Datum,<24_1_m,<24_1_w,25-34_1_m,25-34_1_w,35-44_1_m,35-44_1_w,45-54_1_m,45-54_1_w,55-64_1_m,55-64_1_w,65-74_1_m,65-74_1_w,75-84_1_m,75-84_1_w,>84_1_m,>84_1_w,<24_2_m,<24_2_w,25-34_2_m,25-34_2_w,35-44_2_m,35-44_2_w,45-54_2_m,45-54_2_w,55-64_2_m,55-64_2_w,65-74_2_m,65-74_2_w,75-84_2_m,75-84_2_w,>84_2_m,>84_2_w,bp_1,bp_2,mo_1,mo_2,az_1,az_2,ja
2021-06-09T23:59:59+02:00,4737,4880,10292,9664,12984,13481,17726,18023,19597,18984,13248,14504,8843,11049,2380,4352,1201,1459,1887,2383,2525,3699,4538,6218,11218,11786,9874,10842,7301,9138,2207,4020,128361,60984,18206,8820,35351,17666,2826
2021-06-08T23:59:59+02:00,4722,4874,10282,9656,12973,13475,17717,18015,19591,18982,13248,14501,8843,11049,2380,4352,1148,1454,1870,2370,2500,3686,4516,6201,11209,11783,9873,10838,7301,9138,2207,4019,128349,60872,18203,8820,35351,17664,2757
2021-06-07T23:59:59+02:00,4706,4867,10249,9640,12964,13460,17694,18006,19577,18972,13245,14495,8840,11047,2378,4350,1135,1447,1840,2354,2490,3669,4492,6191,11193,11770,9870,10831,7298,9137,2205,4017,128340,60863,18201,8817,35349,17659,2600
2021-06-06T23:59:59+02:00,4700,4863,10246,9636,12962,13460,17694,18006,19576,18972,13244,14494,8840,11047,2378,4350,1130,1444,1831,2352,2481,3658,4483,6185,11068,11630,9858,10826,7298,9137,2205,4017,128330,60547,18201,8816,35348,17651,2589
2021-06-05T23:59:59+02:00,4283,4454,7735,7621,12888,13412,17664,17979,19531,18921,13122,14353,8774,10964,2376,4341,1041,1363,1663,2253,2318,3578,4241,6039,10136,10726,9525,10437,7212,9007,2198,4001,122412,57296,18201,8816,35347,17168,2458
2021-06-04T23:59:59+02:00,4201,4395,7562,7480,12442,13034,17531,17878,19298,18682,13012,14208,8724,10898,2364,4326,1009,1280,1634,2154,2277,3403,4164,5776,9482,10052,8654,9371,6998,8689,2195,3992,120035,55838,18201,8814,35347,14026,2452
2021-06-03T23:59:59+02:00,3786,3998,7527,7463,12328,12923,17495,17838,19212,18605,13007,14205,8722,10895,2364,4325,972,1205,1591,2028,2197,3197,3716,5186,9140,9633,7806,8397,6651,8208,2194,3988,118805,54220,18200,8813,35343,10731,2345
2021-06-02T23:59:59+02:00,3272,3574,6432,6590,12124,12756,17436,17782,19088,18499,12948,14158,8706,10874,2362,4319,953,1170,1516,2003,2084,3157,3543,5076,7791,8552,7737,8327,6638,8185,2192,3983,115143,51130,18199,8813,35343,10729,2235
2021-06-01T23:59:59+02:00,2939,3219,5939,6160,11883,12527,17402,17754,19030,18458,12841,14050,8700,10870,2361,4316,936,1160,1500,1996,2069,3144,3514,5059,7494,8225,7703,8296,6630,8172,2190,3983,115125,50455,15878,8794,35343,10719,2103
2021-05-31T23:59:59+02:00,2921,3214,5921,6150,11852,12505,17370,17742,18990,18439,12839,14046,8696,10867,2361,4315,918,1153,1481,1986,2038,3122,3481,5047,7453,8206,7701,8291,6626,8169,2190,3982,115115,50446,15873,8790,35343,10711,1897
2021-05-30T23:59:59+02:00,2915,3212,5921,6148,11852,12504,17367,17740,18989,18439,12839,14046,8696,10867,2361,4315,916,1150,1477,1983,2038,3120,3480,5046,7452,8206,7701,8291,6626,8169,2190,3982,115101,50443,15873,8790,35341,10698,1896
2021-05-29T23:59:59+02:00,2894,3194,5740,5976,11805,12468,17360,17736,18980,18438,12839,14044,8694,10867,2361,4315,870,1092,1343,1878,1768,2858,3066,4613,7160,7914,7567,8123,6451,7944,2188,3977,114601,49801,15873,8790,35341,8325,1896
2021-05-28T23:59:59+02:00,2717,3019,5298,5589,11195,11898,17294,17677,18958,18410,12829,14029,8678,10839,2359,4308,845,1067,1282,1825,1678,2779,2922,4496,5559,6197,7437,7968,6415,7898,2186,3967,111991,45520,15873,8790,35341,8319,1892
2021-05-27T23:59:59+02:00,2690,2994,5207,5484,10582,11368,17254,17649,18944,18396,12821,14021,8676,10838,2359,4308,782,970,1172,1745,1469,2631,2516,4171,4692,5276,7228,7694,6337,7800,2171,3949,110610,41746,15871,8785,35339,8301,1771
2021-05-26T23:59:59+02:00,2639,2914,5020,5306,10162,11013,17202,17597,18887,18350,12809,14004,8665,10834,2356,4297,765,922,1119,1711,1377,2551,2310,3988,4569,5151,7054,7472,6273,7713,2162,3939,109199,40354,15868,8784,35339,8289,1649
2021-05-25T23:59:59+02:00,2635,2906,4991,5284,10136,10991,17178,17580,18874,18344,12804,14002,8663,10831,2356,4297,758,908,1066,1688,1329,2508,2232,3926,3846,4377,6939,7328,6247,7681,2161,3939,109196,40348,15865,6833,35339,8280,1472
2021-05-24T23:59:59+02:00,2625,2899,4980,5279,10126,10985,17153,17558,18850,18321,12794,13993,8661,10820,2355,4294,748,903,1054,1681,1318,2501,2207,3904,3822,4353,6928,7319,6245,7670,2160,3936,109194,40343,15864,6833,35339,8277,1296
2021-05-23T23:59:59+02:00,2605,2864,4875,5193,10013,10879,17150,17557,18849,18320,12793,13991,8658,10815,2353,4294,746,901,1053,1681,1318,2501,2207,3904,3822,4352,6928,7319,6245,7670,2160,3936,108710,40339,15864,6833,35339,8275,1296
2021-05-22T23:59:59+02:00,2585,2843,4861,5175,9937,10797,17123,17542,18802,18280,12770,13961,8654,10809,2353,4294,745,899,1052,1677,1315,2498,2204,3899,3805,4334,6085,6419,6193,7605,2154,3932,108287,38412,15864,6833,35339,8275,1296
2021-05-21T23:59:59+02:00,2541,2805,4746,5073,9745,10627,17110,17525,18784,18270,12765,13955,8652,10807,2348,4283,732,863,1014,1614,1262,2356,2110,3707,3392,3851,4413,4412,6155,7540,2150,3921,107551,34438,15864,6833,35337,6937,1284
2021-05-20T23:59:59+02:00,2508,2763,4665,5011,9504,10386,17082,17489,18735,18221,12735,13919,8636,10793,2348,4280,664,725,895,1302,1083,1939,1864,3147,2827,3201,3628,3511,6113,7492,2147,3916,106711,32621,15862,6833,35327,3825,1175
2021-05-19T23:59:59+02:00,2320,2572,4126,4544,8007,9125,16984,17363,18616,18100,12695,13876,8627,10767,2347,4279,647,676,864,1256,1058,1896,1839,3101,2783,3160,3620,3501,6109,7490,2147,3915,102092,32598,15860,6831,35326,3563,1070
2021-05-18T23:59:59+02:00,2262,2516,3821,4247,7274,8474,16930,17319,18532,18020,12665,13839,8576,10696,2341,4271,641,671,859,1255,1048,1886,1809,3085,2775,3143,3617,3497,6105,7486,2147,3915,102074,32595,13426,6826,35323,3558,960
2021-05-17T23:59:59+02:00,2254,2507,3797,4234,7233,8445,16904,17306,18510,17997,12656,13822,8575,10696,2341,4271,633,663,836,1241,1008,1857,1782,3072,2752,3119,3608,3481,6105,7485,2147,3915,102068,32590,13424,6826,35323,3555,733
2021-05-16T23:59:59+02:00,2249,2503,3788,4226,7034,8270,16898,17302,18505,17992,12652,13821,8574,10695,2341,4271,633,663,836,1240,1007,1856,1781,3072,2751,3119,3608,3481,6105,7485,2147,3915,101647,32588,13423,6826,35319,3553,732
2021-05-15T23:59:59+02:00,2215,2462,3751,4190,6931,8133,16637,17065,18459,17953,12635,13805,8566,10691,2341,4269,633,662,836,1240,1007,1856,1779,3071,2751,3119,3607,3481,6104,7485,2147,3915,100629,32584,13423,6826,35319,3551,732
2021-05-14T23:59:59+02:00,2095,2299,3395,3847,5205,6542,14252,15083,18407,17890,12615,13771,8559,10681,2337,4266,633,661,834,1240,1007,1856,1778,3070,2746,3118,3603,3473,6102,7484,2147,3915,91782,32568,13423,6826,35317,3551,722
2021-05-13T23:59:59+02:00,2064,2245,3355,3798,5073,6422,14054,14911,18259,17764,12545,13679,8529,10637,2337,4265,627,658,827,1229,996,1846,1757,3049,2636,3019,2511,2127,5099,6237,2138,3897,90575,29567,13327,4816,35315,3550,720
2021-05-12T23:59:59+02:00,2064,2245,3354,3798,5073,6422,14054,14911,18259,17764,12545,13679,8529,10637,2337,4265,627,658,827,1229,996,1846,1757,3048,2635,3017,2511,2126,5099,6236,2138,3897,90574,29566,13327,4811,35315,3550,720
2021-05-11T23:59:59+02:00,2015,2195,3256,3721,4994,6356,13120,14166,18098,17630,12531,13659,8523,10626,2331,4262,626,655,824,1225,995,1846,1755,3048,2628,3014,2510,2125,5097,6235,2137,3897,90567,29562,10897,4799,35307,3544,712
2021-05-10T23:59:59+02:00,1997,2192,3253,3719,4988,6352,13119,14165,18097,17630,12531,13659,8523,10626,2331,4262,625,654,824,1225,995,1846,1754,3048,2628,3013,2509,2125,5097,6235,2137,3897,90555,29561,10894,4799,35283,3540,712
2021-05-09T23:59:59+02:00,1957,2142,3199,3707,4916,6313,13062,14149,18033,17571,12513,13642,8520,10617,2329,4260,621,651,818,1224,985,1841,1745,3046,2624,3012,2509,2123,5096,6234,2137,3896,90089,29558,10891,4798,35276,3532,674
2021-05-08T23:59:59+02:00,1920,2104,3161,3662,4830,6223,12726,13855,18011,17545,12507,13635,8518,10615,2328,4260,608,650,810,1224,975,1841,1738,3046,2608,3000,2508,2123,5096,6233,2136,3895,89059,29555,10891,4798,35276,3464,674
2021-05-07T23:59:59+02:00,1759,1962,2902,3493,4074,5465,11575,12745,17858,17427,12477,13606,8501,10601,2320,4253,497,475,692,995,822,1510,1590,2614,2450,2697,2505,2120,5094,6230,2133,3892,84309,29550,10890,4798,35264,1413,555
2021-05-06T23:59:59+02:00,1691,1779,2762,3370,3699,5103,9887,11292,17387,17028,12328,13462,8465,10540,2318,4248,370,405,588,897,673,1415,1357,2400,2201,2489,2497,2114,5092,6224,2133,3891,78844,29535,10889,4797,35249,37,377
2021-05-05T23:59:59+02:00,1626,1699,2678,3293,3502,4915,8703,10245,16934,16670,12254,13351,8438,10503,2311,4237,369,405,587,895,670,1411,1311,2351,2193,2482,2494,2113,5092,6218,2133,3889,74980,29529,10885,4796,35242,36,252
2021-05-04T23:59:59+02:00,1613,1697,2675,3287,3500,4915,8701,10244,16933,16670,12254,13351,8438,10503,2311,4237,369,404,587,894,668,1411,1311,2351,2192,2482,2494,2113,5092,6218,2133,3888,74972,29526,10874,4796,35232,34,251
2021-05-03T23:59:59+02:00,1611,1691,2668,3281,3489,4908,8629,10184,16921,16664,12250,13349,8438,10503,2310,4236,366,397,583,890,655,1405,1239,2291,2181,2476,2490,2111,5092,6218,2132,3887,74964,29525,10874,4796,35232,30,62
2021-05-02T23:59:59+02:00,1603,1686,2665,3278,3474,4895,8558,10130,16869,16634,12239,13325,8432,10493,2307,4236,364,396,583,890,655,1404,1239,2291,2180,2476,2490,2110,5091,6217,2132,3887,74659,29521,10874,4795,35232,30,59
2021-05-01T23:59:59+02:00,1598,1679,2656,3268,3465,4874,8495,10066,16726,16520,12216,13304,8422,10488,2307,4236,364,396,583,890,655,1404,1239,2291,2180,2476,2490,2110,5089,6216,2131,3886,74155,29516,10874,4795,35232,30,59
2021-04-30T23:59:59+02:00,1517,1580,2528,3097,3299,4594,6396,8235,15548,15519,12085,13159,8335,10387,2295,4206,364,396,582,889,654,1403,1236,2289,2177,2474,2487,2100,5076,6208,2124,3870,66667,29499,10874,4794,35232,29,7
2021-04-29T23:59:59+02:00,1452,1537,2419,2979,3173,4411,5590,7455,14561,14613,11799,12870,8249,10315,2286,4181,362,395,582,888,654,1402,1234,2289,2176,2472,2484,2096,5076,6205,2123,3868,61781,29479,10874,4791,35228,29,7
2021-04-28T23:59:59+02:00,1384,1516,2353,2944,3106,4327,5253,7142,14171,14310,11697,12733,8211,10263,2282,4176,361,395,578,887,653,1402,1233,2288,2174,2465,2482,2094,5073,6200,2120,3866,61666,29478,8974,4765,35228,28,0
2021-04-27T23:59:59+02:00,1364,1513,2346,2944,3104,4326,5251,7142,14170,14309,11696,12732,8211,10263,2282,4176,361,395,578,887,652,1400,1233,2288,2173,2464,2482,2093,5073,6200,2120,3866,61634,29476,8969,4761,35226,28,0
2021-04-26T23:59:59+02:00,1364,1510,2344,2944,3102,4325,5225,7125,14140,14281,11695,12729,8211,10263,2282,4175,361,395,578,887,652,1400,1233,2288,2172,2463,2482,2093,5073,6200,2120,3866,61626,29476,8965,4760,35124,27,0
2021-04-25T23:59:59+02:00,1362,1510,2339,2944,3097,4318,5214,7118,14005,14129,11685,12724,8211,10263,2282,4175,361,395,578,887,651,1399,1232,2287,2172,2463,2482,2093,5073,6200,2120,3866,61305,29473,8963,4759,35108,27,0
2021-04-24T23:59:59+02:00,1284,1458,2193,2855,2962,4264,4992,6994,13105,13265,11461,12454,8161,10172,2276,4163,361,395,578,887,650,1398,1232,2287,2172,2462,2480,2093,5070,6199,2120,3866,57989,29466,8962,4759,35108,25,0
2021-04-23T23:59:59+02:00,1170,1433,1974,2831,2817,4231,4864,6859,11781,12235,11414,12388,8141,10135,2274,4161,360,395,578,887,649,1398,1231,2287,2170,2462,2480,2092,5069,6195,2120,3864,56520,29460,8962,4757,33226,20,0
2021-04-22T23:59:59+02:00,1157,1425,1947,2817,2752,4205,4415,6531,11422,11914,11344,12317,8114,10088,2272,4159,359,394,578,887,649,1397,1229,2287,2169,2462,2480,2091,5067,6193,2120,3864,54833,29454,8961,4752,33085,20,0
2021-04-21T23:59:59+02:00,1137,1410,1862,2792,2631,4170,4262,6447,9942,10752,11282,12264,8104,10066,2270,4156,359,394,577,887,648,1397,1228,2286,2167,2462,2476,2088,5064,6190,2120,3863,51676,29436,8961,4750,32910,20,0
2021-04-20T23:59:59+02:00,1137,1409,1861,2791,2628,4168,4257,6446,9646,10427,11256,12241,8101,10058,2269,4155,359,394,577,887,648,1397,1228,2285,2166,2461,2475,2088,5063,6189,2120,3863,50983,29433,8958,4747,32909,20,0
2021-04-19T23:59:59+02:00,1135,1407,1860,2788,2628,4166,4255,6445,9646,10426,11256,12240,8101,10058,2269,4155,359,394,577,887,648,1397,1226,2285,2165,2461,2475,2088,5063,6189,2120,3863,50975,29431,8953,4746,32907,20,0
2021-04-18T23:59:59+02:00,1134,1407,1858,2788,2627,4164,4255,6445,9646,10426,11256,12240,8101,10057,2269,4154,359,394,577,887,647,1397,1226,2284,2165,2461,2475,2088,5063,6189,2120,3863,50969,29430,8952,4745,32906,20,0
2021-04-17T23:59:59+02:00,1134,1406,1848,2776,2550,4076,4205,6368,9630,10407,11134,12089,8098,10055,2269,4153,352,385,574,882,640,1388,1201,2269,2118,2435,2430,2032,5019,6126,2115,3857,50340,29059,8952,4745,32906,19,0
2021-04-16T23:59:59+02:00,1101,1367,1729,2689,2331,3926,3962,6185,7887,8571,10973,11891,8052,10000,2267,4141,345,380,556,861,610,1353,1106,2197,1882,2279,2294,1920,4837,5862,2065,3750,45999,29045,8876,3238,32197,14,0
2021-04-15T23:59:59+02:00,1017,1311,1598,2594,2038,3768,3399,5835,6897,7592,10748,11593,7966,9894,2250,4120,345,380,554,860,609,1352,1103,2194,1627,2119,2150,1798,4645,5635,2029,3672,42201,28999,8873,2064,31546,9,0
2021-04-14T23:59:59+02:00,1001,1276,1546,2554,1947,3690,3239,5699,6801,7481,10574,11373,7900,9808,2240,4110,321,369,521,827,537,1291,859,2033,1444,2013,2077,1723,4521,5475,2018,3651,40827,27607,8869,2064,31543,9,0
2021-04-13T23:59:59+02:00,998,1270,1529,2550,1927,3670,3199,5663,6090,6701,10466,11237,7876,9780,2239,4110,321,367,521,827,537,1291,859,2033,1444,2012,2074,1722,4521,5475,2018,3648,40821,27605,6944,2056,31540,9,0
2021-04-12T23:59:59+02:00,998,1269,1528,2548,1927,3670,3198,5662,6089,6701,10465,11237,7876,9780,2239,4110,321,366,521,827,535,1291,857,2032,1443,2012,2074,1722,4521,5474,2018,3648,40817,27599,6942,2054,31538,9,0
2021-04-11T23:59:59+02:00,998,1269,1527,2548,1926,3670,3198,5662,6089,6701,10465,11236,7876,9780,2239,4110,321,366,520,827,535,1291,856,2032,1441,2012,2074,1722,4521,5474,2018,3648,40816,27595,6942,2054,31536,9,0
2021-04-10T23:59:59+02:00,996,1266,1523,2543,1910,3659,3124,5585,5966,6609,10219,11012,7840,9742,2237,4109,321,364,520,827,535,1291,856,2032,1441,2012,2069,1717,4516,5466,2018,3645,40248,27567,6942,2054,31150,9,0
2021-04-09T23:59:59+02:00,949,1225,1431,2489,1800,3607,2993,5523,5795,6488,7880,8244,7783,9650,2228,4095,320,364,515,826,532,1289,852,2031,1440,2008,2048,1692,4494,5450,2017,3642,34776,27459,6941,2054,30463,7,0
2021-04-08T23:59:59+02:00,948,1222,1428,2486,1798,3604,2985,5514,5785,6473,7089,7332,7744,9602,2224,4091,319,364,515,825,532,1288,851,2031,1438,2007,2046,1691,4493,5448,2017,3642,32928,27447,6941,2053,30456,7,0
2021-04-07T23:59:59+02:00,891,1196,1343,2413,1716,3532,2743,5394,4823,5753,6699,6950,7693,9543,2218,4085,319,364,515,824,532,1286,851,2031,1438,2007,2046,1691,4493,5448,2017,3642,32924,27446,6940,2052,27128,6,0
2021-04-06T23:59:59+02:00,854,1188,1325,2376,1695,3492,2710,5346,4696,5618,6392,6655,7673,9521,2215,4079,319,363,515,823,532,1286,851,2031,1438,2007,2046,1690,4493,5448,2017,3642,32920,27444,6940,2051,25975,6,0
2021-04-05T23:59:59+02:00,850,1153,1277,2246,1619,3315,2594,5073,4530,5361,6104,6361,7657,9501,2213,4075,319,363,515,822,532,1286,851,2031,1438,2007,2046,1690,4493,5448,2017,3642,32919,27443,6940,2051,24070,6,0
2021-04-04T23:59:59+02:00,827,1116,1175,2022,1479,3036,2377,4627,4166,4878,5890,6151,7634,9463,2212,4068,319,363,513,821,531,1285,850,2030,1324,1949,1700,1403,4350,5283,1980,3595,32914,26240,6940,2051,21267,5,0
2021-04-03T23:59:59+02:00,827,1116,1175,2022,1478,3036,2376,4627,4166,4878,5890,6151,7634,9463,2212,4068,319,363,513,821,531,1285,850,2030,1324,1949,1700,1403,4350,5283,1980,3595,32912,26240,6940,2051,21267,5,0
2021-04-02T23:59:59+02:00,827,1115,1175,2022,1478,3036,2376,4627,4165,4877,5889,6151,7633,9461,2211,4066,319,363,513,821,531,1285,850,2030,1323,1949,1700,1403,4350,5283,1980,3595,32911,26239,6940,2051,21258,5,0
2021-04-01T23:59:59+02:00,822,1113,1172,2015,1469,3029,2361,4607,4073,4791,4962,4995,7369,9124,2209,4062,318,360,513,819,530,1284,848,2027,1285,1922,1519,1278,4278,5209,1972,3583,30010,25695,6914,2045,21249,5,0
2021-03-31T23:59:59+02:00,821,1112,1171,2013,1466,3025,2355,4605,4055,4775,4788,4777,6607,8197,2199,4041,317,359,511,819,528,1281,842,2019,1152,1832,1132,1004,3862,4728,1903,3463,29893,23766,4893,1982,21221,4,0
2021-03-30T23:59:59+02:00,821,1112,1168,2010,1455,3016,2343,4593,4008,4746,4588,4601,6370,7900,2192,4028,317,358,511,817,528,1281,842,2018,1152,1832,1132,1004,3862,4728,1902,3463,29890,23762,4889,1982,20172,3,0
2021-03-29T23:59:59+02:00,820,1110,1168,2010,1454,3016,2343,4593,4004,4744,4586,4599,6367,7889,2190,4012,317,357,511,817,528,1281,842,2017,1152,1832,1132,1003,3862,4728,1902,3463,29885,23759,4884,1982,20136,3,0
2021-03-28T23:59:59+02:00,820,1110,1168,2006,1453,3015,2342,4590,4004,4744,4585,4598,6364,7886,2190,4011,316,357,510,817,528,1281,841,2017,1152,1832,1132,1002,3862,4728,1902,3463,29883,23756,4880,1981,20123,3,0
2021-03-27T23:59:59+01:00,814,1102,1165,2000,1446,3005,2317,4573,3960,4718,4536,4537,6327,7837,2185,4002,312,352,493,806,516,1268,784,1975,981,1722,882,832,3698,4521,1779,3210,29530,22790,4880,1338,20114,3,0
2021-03-26T23:59:59+01:00,814,1102,1164,1999,1444,3005,2314,4573,3954,4712,4524,4516,6318,7813,2177,3987,311,352,493,805,514,1268,782,1974,971,1715,697,707,2700,3323,1675,3067,29469,20013,4879,1338,20068,3,0
2021-03-25T23:59:59+01:00,813,1101,1164,1998,1443,3002,2310,4568,3949,4708,4515,4506,6303,7785,2158,3945,311,352,493,805,513,1267,781,1974,968,1714,672,698,1385,1713,1537,2878,29453,16720,4874,1338,19941,3,0
2021-03-24T23:59:59+01:00,785,1089,1129,1963,1371,2940,2067,4400,3762,4600,4448,4443,6179,7621,2148,3922,311,352,493,805,510,1267,780,1974,967,1714,672,698,1385,1712,1537,2876,28070,16713,4872,1337,19925,3,0
2021-03-23T23:59:59+01:00,785,1087,1127,1962,1371,2940,2067,4399,3761,4598,4447,4443,6179,7621,2148,3921,311,352,493,805,510,1267,780,1974,967,1714,672,698,1385,1712,1537,2876,28066,16713,4869,1337,19921,3,0
2021-03-22T23:59:59+01:00,784,1085,1125,1959,1369,2940,2065,4399,3760,4598,4447,4442,6179,7620,2148,3921,311,352,493,805,510,1267,779,1974,967,1713,672,698,1385,1712,1537,2876,28063,16711,4868,1337,19910,3,0
2021-03-21T23:59:59+01:00,784,1085,1124,1957,1369,2939,2064,4398,3760,4597,4447,4442,6178,7620,2148,3921,311,352,493,805,510,1267,779,1974,967,1713,672,697,1385,1712,1537,2876,28060,16710,4867,1337,19906,3,0
2021-03-20T23:59:59+01:00,782,1083,1121,1955,1364,2936,2047,4388,3722,4570,4193,4139,5708,7057,2139,3888,306,349,486,800,494,1257,753,1953,924,1678,605,626,1138,1427,1208,2358,27978,15023,4766,1336,18348,3,0
2021-03-19T23:59:59+01:00,774,1077,1101,1933,1332,2901,1953,4317,3489,4412,4061,4034,5535,6813,2098,3810,306,349,486,800,494,1257,753,1952,923,1678,605,626,1138,1427,1207,2357,27976,15019,3324,1336,18340,3,0
2021-03-18T23:59:59+01:00,774,1076,1100,1932,1331,2899,1952,4314,3238,4249,3917,3912,5350,6591,2064,3735,306,348,485,800,494,1255,753,1951,922,1677,591,619,872,1111,1135,2256,27964,14238,2132,1335,18338,2,0
2021-03-17T23:59:59+01:00,774,1076,1099,1931,1331,2899,1952,4314,3238,4249,3917,3911,5349,6591,2064,3735,306,348,485,800,494,1255,753,1951,921,1677,590,619,872,1111,1135,2256,27963,14236,2132,1335,18335,2,0
2021-03-16T23:59:59+01:00,773,1076,1099,1928,1330,2899,1950,4314,3238,4247,3916,3910,5349,6590,2063,3735,302,344,471,793,484,1245,737,1938,907,1667,589,619,870,1110,1134,2255,27956,14128,2129,1335,18332,2,0
2021-03-15T23:59:59+01:00,772,1075,1098,1927,1327,2899,1946,4313,3237,4247,3916,3909,5348,6590,2063,3735,302,344,471,793,484,1245,737,1937,906,1667,589,619,870,1110,1134,2255,27951,14126,2127,1335,18324,2,0
2021-03-14T23:59:59+01:00,771,1072,1095,1925,1324,2895,1945,4312,3232,4246,3916,3909,5348,6590,2063,3735,302,344,471,793,484,1245,737,1937,906,1667,589,619,870,1110,1134,2255,27948,14126,2127,1335,18303,2,0
2021-03-13T23:59:59+01:00,769,1068,1087,1920,1316,2887,1940,4305,3069,4135,3464,3489,5164,6389,2026,3688,302,344,471,793,484,1245,736,1937,905,1667,558,597,554,788,730,1710,26678,12484,2127,1335,17911,2,0
2021-03-12T23:59:59+01:00,734,966,1067,1805,1296,2692,1906,4037,2997,3950,2260,1969,4891,5962,2024,3681,302,344,471,793,484,1245,736,1937,905,1667,558,596,554,788,730,1710,26667,12484,2127,1335,13443,1,0
2021-03-11T23:59:59+01:00,722,912,1060,1703,1286,2525,1897,3818,2945,3830,1568,1309,4535,5552,2015,3671,300,344,471,793,484,1245,736,1935,905,1665,558,595,552,787,647,1565,26112,12482,2114,1100,11122,0,0
2021-03-10T23:59:59+01:00,714,893,1051,1685,1277,2503,1883,3794,2810,3735,1178,1030,4114,5055,1955,3565,300,344,470,792,483,1245,736,1935,904,1665,558,595,550,785,647,1565,24123,12476,2113,1098,11006,0,0
2021-03-09T23:59:59+01:00,712,888,1042,1667,1269,2490,1878,3785,2807,3731,1174,1028,4114,5055,1954,3565,300,344,470,792,483,1245,736,1935,904,1665,558,595,550,785,647,1565,24120,12476,2113,1098,10926,0,0
2021-03-08T23:59:59+01:00,707,854,1030,1646,1257,2455,1867,3753,2789,3717,1173,1026,4114,5055,1954,3565,300,344,470,792,483,1245,736,1935,904,1665,558,595,549,785,647,1565,24116,12475,2112,1098,10734,0,0
2021-03-07T23:59:59+01:00,707,851,1027,1642,1257,2452,1866,3750,2789,3715,1173,1026,4114,5055,1954,3565,300,344,470,792,482,1245,736,1935,904,1665,558,595,549,785,647,1565,24114,12474,2112,1098,10717,0,0
2021-03-06T23:59:59+01:00,662,795,888,1533,1023,2248,1419,3351,2349,3348,953,883,3821,4677,1939,3549,300,344,470,792,481,1245,736,1935,904,1664,558,594,547,780,558,1388,23115,12472,2109,824,8214,0,0
2021-03-05T23:59:59+01:00,659,795,884,1530,1023,2247,1415,3347,2341,3344,761,754,2805,3442,1834,3389,298,342,464,781,477,1239,727,1919,891,1648,553,591,483,716,263,884,20266,12273,2099,3,8205,0,0
2021-03-04T23:59:59+01:00,640,742,847,1401,981,2091,1365,3147,2304,3267,742,745,1481,1830,1697,3202,298,342,463,781,477,1239,727,1919,890,1647,552,591,483,715,263,884,16973,12268,2098,3,7411,0,0
2021-03-03T23:59:59+01:00,631,701,823,1340,962,2028,1352,3101,2294,3229,742,745,1481,1830,1697,3202,298,342,463,781,477,1239,727,1919,890,1647,552,591,483,715,263,884,16972,12268,2098,3,7088,0,0
2021-03-02T23:59:59+01:00,628,699,822,1339,962,2028,1351,3100,2294,3229,742,745,1481,1830,1697,3202,298,342,463,781,477,1239,727,1919,890,1646,552,591,483,715,263,884,16971,12267,2098,3,7080,0,0
2021-03-01T23:59:59+01:00,628,697,821,1339,962,2028,1351,3100,2294,3228,742,744,1481,1829,1697,3202,298,342,463,781,477,1239,727,1918,890,1646,552,591,483,715,263,884,16969,12266,2097,3,7077,0,0
2021-02-28T23:59:59+01:00,627,695,821,1339,961,2028,1350,3100,2293,3227,742,743,1481,1829,1697,3202,298,342,463,781,477,1239,727,1917,890,1646,552,591,483,715,263,884,16966,12265,2097,3,7072,0,0
2021-02-27T23:59:59+01:00,622,690,805,1332,941,2017,1305,3066,2213,3168,623,634,1164,1454,1246,2418,297,342,463,781,475,1239,726,1915,889,1645,551,588,482,712,263,881,15240,12249,1388,0,7070,0,0
2021-02-26T23:59:59+01:00,611,661,775,1270,909,1887,1257,2891,1866,2759,622,634,1164,1454,1245,2417,297,342,463,781,475,1239,726,1915,889,1645,551,588,482,712,263,880,15235,12248,1388,0,5799,0,0
2021-02-25T23:59:59+01:00,568,608,717,1149,797,1685,1080,2557,1352,2223,608,627,888,1129,1174,2313,296,341,463,781,475,1238,726,1915,889,1645,551,588,482,712,263,880,14431,12245,1388,0,3656,0,0
2021-02-24T23:59:59+01:00,567,607,717,1148,796,1685,1080,2556,1352,2222,608,627,888,1129,1174,2313,296,341,463,781,475,1238,726,1915,889,1645,551,588,482,712,263,880,14431,12245,1387,0,3651,0,0
2021-02-23T23:59:59+01:00,563,601,702,1139,786,1675,1063,2543,1338,2212,607,627,886,1128,1173,2312,296,340,463,780,475,1238,726,1914,889,1645,551,588,482,712,263,880,14321,12242,1387,0,3647,0,0
2021-02-22T23:59:59+01:00,563,601,702,1139,784,1675,1063,2542,1337,2211,607,627,886,1128,1173,2312,296,340,463,780,475,1238,726,1914,889,1645,551,588,482,712,263,880,14319,12242,1387,0,3644,0,0
2021-02-21T23:59:59+01:00,563,601,702,1139,783,1675,1062,2542,1337,2211,606,627,886,1128,1173,2312,296,340,463,780,475,1238,726,1914,889,1645,551,588,482,712,263,880,14319,12242,1387,0,3641,0,0
2021-02-20T23:59:59+01:00,545,598,690,1132,762,1673,1050,2537,1311,2191,569,604,564,800,761,1755,294,339,459,778,470,1232,721,1903,881,1644,550,585,478,712,260,876,12642,12182,1386,0,3514,0,0
2021-02-19T23:59:59+01:00,435,502,591,1004,637,1513,907,2361,1042,1951,569,604,564,800,761,1755,291,339,455,776,468,1222,718,1886,873,1627,546,578,474,706,257,867,12641,12083,1386,0,1969,0,0
2021-02-18T23:59:59+01:00,305,348,477,807,489,1255,753,1957,914,1680,569,604,563,800,761,1755,290,338,453,773,466,1218,718,1873,869,1614,539,573,468,700,252,856,12640,12000,1386,0,11,0,0
2021-02-17T23:59:59+01:00,305,348,476,807,489,1255,753,1957,913,1680,568,604,563,800,761,1755,289,337,452,771,464,1215,715,1865,865,1608,534,568,457,678,242,837,12639,11897,1386,0,9,0,0
2021-02-16T23:59:59+01:00,305,348,474,806,488,1255,753,1957,913,1680,568,604,563,800,761,1755,277,332,445,755,454,1178,707,1781,840,1540,514,539,422,629,226,775,12639,11414,1386,0,5,0,0
2021-02-15T23:59:59+01:00,305,348,473,806,487,1254,752,1957,913,1680,568,604,563,800,761,1755,273,328,442,746,448,1151,688,1728,815,1486,493,507,402,584,216,717,12638,11024,1386,0,2,0,0
2021-02-14T23:59:59+01:00,305,348,473,806,486,1254,752,1957,913,1680,568,604,563,800,761,1755,273,328,442,746,448,1149,688,1723,812,1478,482,502,399,581,207,708,12637,10966,1386,0,2,0,0
2021-02-13T23:59:59+01:00,303,348,473,806,486,1254,752,1956,913,1680,568,604,563,800,761,1755,271,325,439,743,443,1137,676,1702,793,1445,465,474,382,554,194,673,12635,10716,1386,0,1,0,0
2021-02-12T23:59:59+01:00,303,347,473,806,486,1254,751,1955,910,1677,568,602,506,751,755,1754,254,314,418,707,420,1043,634,1534,709,1208,376,359,312,443,144,501,12511,9376,1386,0,1,0,0
2021-02-11T23:59:59+01:00,301,347,472,806,486,1254,751,1952,910,1675,567,601,503,748,669,1606,231,296,406,675,400,998,599,1433,664,1106,338,315,275,370,120,424,12499,8650,1148,0,1,0,0
2021-02-10T23:59:59+01:00,301,347,472,805,486,1254,750,1952,909,1675,566,601,503,747,668,1604,228,291,405,670,396,984,596,1407,651,1075,322,292,249,327,103,364,12492,8360,1148,0,0,0,0
2021-02-09T23:59:59+01:00,301,347,472,805,486,1254,749,1952,909,1673,566,601,503,747,668,1604,219,276,392,634,374,917,555,1306,599,955,241,194,174,212,67,224,12489,7339,1148,0,0,0,0
2021-02-08T23:59:59+01:00,301,347,470,805,486,1254,749,1952,909,1673,566,601,503,747,668,1604,216,268,387,619,365,893,534,1250,569,879,212,161,139,163,54,170,12488,6879,1147,0,0,0,0
2021-02-07T23:59:59+01:00,301,347,470,805,486,1254,749,1952,909,1673,566,601,503,747,668,1603,215,268,386,614,365,889,529,1240,563,865,208,152,128,145,48,156,12487,6771,1147,0,0,0,0
2021-02-06T23:59:59+01:00,301,347,470,805,486,1254,749,1952,909,1673,566,601,501,741,578,1426,215,268,386,614,365,889,529,1240,563,865,208,152,128,145,48,156,12487,6771,872,0,0,0,0
2021-02-05T23:59:59+01:00,301,347,467,804,485,1252,746,1950,906,1669,560,598,494,724,267,902,208,256,369,582,351,850,508,1198,546,833,184,137,107,133,44,153,12471,6459,1,0,0,0,0
2021-02-04T23:59:59+01:00,301,346,466,798,482,1251,745,1945,901,1669,559,597,493,723,267,902,188,207,301,449,288,684,422,975,480,714,174,132,97,128,39,142,12444,5420,1,0,0,0,0
2021-02-03T23:59:59+01:00,300,346,466,796,482,1251,744,1944,900,1669,559,597,493,723,267,902,182,192,251,369,244,594,361,874,434,643,167,128,93,126,38,141,12438,4837,1,0,0,0,0
2021-02-02T23:59:59+01:00,300,344,466,794,482,1251,744,1940,900,1667,559,597,493,723,267,902,172,171,192,296,190,512,274,746,360,580,161,125,92,125,38,140,12428,4174,1,0,0,0,0
2021-02-01T23:59:59+01:00,300,344,464,793,481,1249,743,1936,897,1662,559,597,492,723,267,902,165,165,152,258,163,453,225,662,305,518,157,114,85,114,33,133,12408,3702,1,0,0,0,0
2021-01-31T23:59:59+01:00,300,344,464,793,481,1249,743,1936,897,1662,559,597,492,723,267,902,165,165,152,257,163,452,224,662,305,518,157,114,85,114,33,133,12408,3699,1,0,0,0,0
2021-01-30T23:59:59+01:00,300,344,464,793,481,1249,743,1936,892,1662,559,597,490,723,264,902,152,150,133,242,153,422,209,623,287,472,138,103,73,84,28,100,12398,3369,1,0,0,0,0
2021-01-29T23:59:59+01:00,297,344,460,790,479,1239,740,1918,884,1645,555,590,486,718,261,893,99,85,94,157,112,261,162,454,197,343,103,67,56,73,24,90,12298,2377,1,0,0,0,0
2021-01-28T23:59:59+01:00,296,344,460,790,479,1239,740,1918,884,1645,555,590,486,718,261,893,13,12,13,23,21,51,26,98,45,94,40,29,27,55,21,83,12297,651,1,0,0,0,0
2021-01-27T23:59:59+01:00,295,344,460,790,479,1239,740,1918,883,1645,555,590,486,718,261,893,13,12,13,23,21,50,26,97,44,94,40,29,27,55,21,83,12296,648,0,0,0,0,0
2021-01-26T23:59:59+01:00,295,344,460,789,479,1238,740,1918,883,1644,555,590,486,718,261,893,13,12,13,23,21,50,26,97,44,94,40,29,27,55,21,83,12293,648,0,0,0,0,0
2021-01-25T23:59:59+01:00,295,343,459,789,479,1237,740,1916,883,1643,555,590,485,716,261,893,8,4,5,12,10,25,15,39,21,41,19,14,8,18,7,16,12284,262,0,0,0,0,0
2021-01-24T23:59:59+01:00,295,343,459,789,478,1237,740,1915,883,1642,555,590,485,716,261,893,8,4,5,12,10,25,15,39,21,41,19,14,8,18,7,16,12281,262,0,0,0,0,0
2021-01-23T23:59:59+01:00,295,343,459,789,478,1237,740,1915,883,1642,555,590,485,716,261,893,8,4,5,12,10,25,15,39,21,41,19,14,8,18,7,16,12281,262,0,0,0,0,0
2021-01-22T23:59:59+01:00,293,341,459,789,477,1236,740,1914,883,1642,555,590,485,716,242,848,8,4,5,12,10,25,15,39,21,41,19,14,8,18,7,16,12210,262,0,0,0,0,0
2021-01-21T23:59:59+01:00,290,336,457,782,473,1229,738,1894,874,1623,545,582,467,689,230,814,8,4,5,12,10,25,15,39,21,41,19,14,8,18,7,16,12023,262,0,0,0,0,0
2021-01-20T23:59:59+01:00,288,333,454,778,471,1226,735,1886,870,1619,539,577,459,670,222,797,8,4,5,12,10,25,15,39,21,41,19,14,8,18,7,16,11924,262,0,0,0,0,0
2021-01-19T23:59:59+01:00,282,332,452,771,466,1208,731,1850,860,1585,526,559,445,652,213,763,8,4,5,12,10,25,15,39,21,41,19,14,8,18,7,16,11695,262,0,0,0,0,0
2021-01-18T23:59:59+01:00,278,325,449,761,461,1188,713,1811,834,1537,506,527,430,615,202,709,8,3,5,12,10,25,15,39,21,41,19,14,8,18,7,16,11346,261,0,0,0,0,0
2021-01-17T23:59:59+01:00,278,324,449,761,461,1185,710,1805,825,1526,491,514,414,592,187,686,8,3,4,12,10,25,15,39,21,41,19,14,8,18,7,16,11208,260,0,0,0,0,0
2021-01-16T23:59:59+01:00,270,313,441,742,447,1143,682,1713,781,1381,451,433,382,538,168,634,0,0,0,0,0,0,0,0,0,0,0,0,0,0,0,0,10519,0,0,0,0,0,0
2021-01-15T23:59:59+01:00,261,305,432,720,433,1090,661,1606,743,1266,391,380,339,469,153,535,0,0,0,0,0,0,0,0,0,0,0,0,0,0,0,0,9784,0,0,0,0,0,0
2021-01-14T23:59:59+01:00,237,286,414,676,409,1030,616,1477,673,1120,336,313,291,366,115,422,0,0,0,0,0,0,0,0,0,0,0,0,0,0,0,0,8781,0,0,0,0,0,0
2021-01-13T23:59:59+01:00,235,283,413,670,405,1011,610,1449,660,1089,318,289,262,323,98,363,0,0,0,0,0,0,0,0,0,0,0,0,0,0,0,0,8478,0,0,0,0,0,0
2021-01-12T23:59:59+01:00,218,271,395,627,372,912,550,1287,581,903,218,172,154,169,57,180,0,0,0,0,0,0,0,0,0,0,0,0,0,0,0,0,7066,0,0,0,0,0,0
2021-01-11T23:59:59+01:00,214,266,390,612,362,887,529,1238,560,852,198,140,121,124,42,131,0,0,0,0,0,0,0,0,0,0,0,0,0,0,0,0,6666,0,0,0,0,0,0
2021-01-10T23:59:59+01:00,213,259,379,598,358,876,518,1216,549,836,195,140,118,123,40,130,0,0,0,0,0,0,0,0,0,0,0,0,0,0,0,0,6548,0,0,0,0,0,0
2021-01-09T23:59:59+01:00,192,214,332,526,317,753,447,1023,464,703,133,87,69,78,29,96,0,0,0,0,0,0,0,0,0,0,0,0,0,0,0,0,5463,0,0,0,0,0,0
2021-01-08T23:59:59+01:00,112,112,241,358,233,461,321,677,310,444,75,51,45,63,24,85,0,0,0,0,0,0,0,0,0,0,0,0,0,0,0,0,3612,0,0,0,0,0,0
2021-01-07T23:59:59+01:00,19,23,58,98,67,133,102,197,111,152,45,31,28,56,22,85,0,0,0,0,0,0,0,0,0,0,0,0,0,0,0,0,1227,0,0,0,0,0,0
2021-01-06T23:59:59+01:00,10,10,11,22,15,49,28,97,49,98,40,30,28,56,22,85,0,0,0,0,0,0,0,0,0,0,0,0,0,0,0,0,650,0,0,0,0,0,0
2021-01-05T23:59:59+01:00,10,10,11,22,15,49,27,97,48,98,40,30,28,56,22,85,0,0,0,0,0,0,0,0,0,0,0,0,0,0,0,0,648,0,0,0,0,0,0
2021-01-04T23:59:59+01:00,8,4,5,12,10,27,16,41,23,42,19,14,9,18,7,17,0,0,0,0,0,0,0,0,0,0,0,0,0,0,0,0,272,0,0,0,0,0,0
2021-01-03T23:59:59+01:00,8,4,5,12,10,27,16,41,23,42,19,14,9,18,7,17,0,0,0,0,0,0,0,0,0,0,0,0,0,0,0,0,272,0,0,0,0,0,0
2021-01-02T23:59:59+01:00,8,4,5,12,10,27,16,41,23,42,19,14,9,18,7,17,0,0,0,0,0,0,0,0,0,0,0,0,0,0,0,0,272,0,0,0,0,0,0
2021-01-01T23:59:59+01:00,8,4,5,12,10,27,16,41,23,42,19,14,9,18,7,17,0,0,0,0,0,0,0,0,0,0,0,0,0,0,0,0,272,0,0,0,0,0,0
2020-12-31T23:59:59+01:00,8,4,5,12,10,27,16,41,23,42,19,14,9,18,7,17,0,0,0,0,0,0,0,0,0,0,0,0,0,0,0,0,272,0,0,0,0,0,0
2020-12-30T23:59:59+01:00,8,4,5,12,10,27,16,41,23,42,19,14,9,18,7,17,0,0,0,0,0,0,0,0,0,0,0,0,0,0,0,0,272,0,0,0,0,0,0
2020-12-29T23:59:59+01:00,8,4,5,12,10,27,16,41,23,42,19,14,9,18,7,17,0,0,0,0,0,0,0,0,0,0,0,0,0,0,0,0,272,0,0,0,0,0,0
2020-12-28T23:59:59+01:00,8,4,5,12,10,27,16,41,23,42,19,14,9,18,7,17,0,0,0,0,0,0,0,0,0,0,0,0,0,0,0,0,272,0,0,0,0,0,0
2020-12-27T23:59:59+01:00,8,3,4,12,10,27,16,41,23,42,19,14,9,18,7,17,0,0,0,0,0,0,0,0,0,0,0,0,0,0,0,0,270,0,0,0,0,0,0
