Datum,<24_1_m,<24_1_w,25-34_1_m,25-34_1_w,35-44_1_m,35-44_1_w,45-54_1_m,45-54_1_w,55-64_1_m,55-64_1_w,65-74_1_m,65-74_1_w,75-84_1_m,75-84_1_w,>84_1_m,>84_1_w,<24_2_m,<24_2_w,25-34_2_m,25-34_2_w,35-44_2_m,35-44_2_w,45-54_2_m,45-54_2_w,55-64_2_m,55-64_2_w,65-74_2_m,65-74_2_w,75-84_2_m,75-84_2_w,>84_2_m,>84_2_w,bp_1,bp_2,mo_1,mo_2,az_1,az_2,ja
2021-05-20T23:59:59+02:00,2481,2741,4626,4985,9429,10315,17046,17476,18683,18164,12701,13879,8619,10777,2344,4270,661,723,890,1295,1078,1932,1846,3144,2806,3193,3623,3501,6104,7482,2143,3901,106338,32533,15828,6822,35224,3821,1146
2021-05-19T23:59:59+02:00,2303,2563,4111,4534,7988,9091,16953,17351,18567,18048,12661,13836,8610,10752,2343,4269,644,674,860,1250,1053,1890,1822,3098,2762,3153,3615,3491,6101,7480,2143,3901,101889,32514,15827,6822,35223,3560,1041
2021-05-18T23:59:59+02:00,2246,2507,3807,4238,7258,8450,16900,17307,18483,17969,12631,13799,8559,10682,2337,4261,640,669,855,1249,1043,1880,1793,3082,2754,3136,3612,3487,6097,7477,2143,3901,101872,32512,13407,6817,35221,3555,934
2021-05-17T23:59:59+02:00,2239,2498,3783,4225,7217,8421,16874,17294,18461,17946,12622,13782,8558,10682,2337,4261,633,661,832,1235,1003,1851,1766,3069,2731,3112,3603,3471,6097,7476,2143,3901,101866,32507,13405,6817,35221,3552,708
2021-05-16T23:59:59+02:00,2234,2494,3774,4217,7018,8248,16868,17290,18456,17941,12618,13781,8557,10681,2337,4261,633,661,832,1234,1002,1851,1765,3069,2730,3112,3603,3471,6097,7476,2143,3901,101447,32506,13404,6817,35217,3550,707
2021-05-15T23:59:59+02:00,2201,2453,3737,4181,6915,8111,16607,17053,18410,17902,12601,13765,8549,10677,2337,4259,633,660,832,1234,1002,1851,1763,3069,2730,3112,3602,3471,6096,7476,2143,3901,100430,32502,13404,6817,35217,3549,707
2021-05-14T23:59:59+02:00,2081,2290,3383,3838,5190,6520,14223,15071,18358,17839,12581,13731,8542,10667,2333,4256,633,660,830,1234,1002,1851,1762,3068,2725,3111,3598,3463,6094,7475,2143,3901,91587,32487,13404,6817,35215,3549,697
2021-05-13T23:59:59+02:00,2050,2236,3343,3789,5058,6400,14025,14900,18211,17713,12511,13639,8512,10623,2333,4255,627,657,824,1224,991,1841,1741,3047,2615,3012,2508,2120,5091,6228,2134,3883,90382,29492,13308,4807,35213,3549,695
2021-05-12T23:59:59+02:00,2050,2236,3343,3789,5058,6400,14025,14900,18211,17713,12511,13639,8512,10623,2333,4255,627,657,824,1224,991,1841,1741,3046,2614,3010,2508,2119,5091,6227,2134,3883,90382,29491,13308,4802,35213,3549,695
2021-05-11T23:59:59+02:00,2003,2188,3245,3713,4980,6334,13093,14155,18052,17579,12497,13620,8506,10612,2328,4252,626,655,821,1221,990,1841,1740,3046,2609,3007,2507,2118,5089,6226,2134,3883,90376,29487,10881,4790,35207,3543,693
2021-05-10T23:59:59+02:00,1985,2185,3242,3711,4975,6332,13092,14154,18051,17579,12497,13620,8506,10612,2328,4252,625,654,821,1221,990,1841,1739,3046,2609,3006,2506,2118,5089,6226,2134,3883,90366,29486,10879,4790,35183,3539,693
2021-05-09T23:59:59+02:00,1945,2135,3189,3699,4903,6294,13035,14139,17987,17520,12479,13603,8503,10603,2326,4250,621,651,815,1220,980,1837,1731,3044,2605,3005,2506,2116,5088,6225,2134,3882,89903,29485,10876,4789,35176,3531,655
2021-05-08T23:59:59+02:00,1908,2097,3151,3654,4817,6204,12699,13845,17965,17494,12473,13596,8501,10601,2325,4250,608,650,807,1220,970,1837,1724,3044,2589,2993,2505,2116,5088,6224,2133,3881,88873,29482,10876,4789,35176,3463,655
2021-05-07T23:59:59+02:00,1747,1955,2892,3485,4062,5446,11548,12735,17812,17376,12443,13567,8484,10587,2318,4243,497,475,689,991,817,1506,1576,2612,2432,2690,2502,2113,5086,6221,2130,3878,84124,29477,10875,4789,35165,1413,536
2021-05-06T23:59:59+02:00,1685,1773,2752,3362,3687,5084,9862,11282,17341,16977,12294,13424,8448,10526,2316,4238,370,405,585,893,668,1411,1343,2398,2183,2482,2494,2107,5084,6215,2130,3877,78663,29462,10874,4788,35156,37,358
2021-05-05T23:59:59+02:00,1624,1693,2668,3285,3490,4897,8680,10235,16891,16620,12221,13314,8421,10492,2309,4229,369,405,584,891,665,1407,1298,2349,2178,2476,2492,2107,5084,6212,2130,3877,74801,29456,10870,4787,35153,36,245
2021-05-04T23:59:59+02:00,1611,1691,2665,3279,3488,4897,8678,10234,16890,16620,12221,13314,8421,10492,2309,4229,369,404,584,890,663,1407,1298,2349,2177,2476,2492,2107,5084,6212,2130,3877,74793,29454,10859,4787,35143,34,244
2021-05-03T23:59:59+02:00,1609,1685,2658,3273,3477,4890,8606,10174,16878,16614,12217,13312,8421,10492,2308,4228,366,397,580,886,650,1401,1226,2289,2166,2470,2488,2105,5084,6212,2129,3876,74785,29453,10859,4787,35143,30,55
2021-05-02T23:59:59+02:00,1601,1680,2655,3270,3462,4877,8535,10120,16826,16584,12206,13288,8415,10482,2305,4228,364,396,580,886,650,1400,1226,2289,2166,2470,2488,2104,5083,6211,2129,3876,74480,29450,10859,4786,35143,30,52
2021-05-01T23:59:59+02:00,1596,1673,2646,3260,3453,4856,8472,10056,16683,16470,12183,13267,8405,10477,2305,4228,364,396,580,886,650,1400,1226,2289,2166,2470,2488,2104,5081,6210,2128,3875,73976,29445,10859,4786,35143,30,52
2021-04-30T23:59:59+02:00,1515,1574,2519,3089,3287,4577,6373,8227,15505,15470,12052,13124,8318,10376,2294,4201,364,396,579,885,649,1399,1223,2287,2163,2469,2485,2096,5068,6202,2122,3863,66492,29428,10859,4786,35143,29,7
2021-04-29T23:59:59+02:00,1450,1531,2410,2971,3161,4394,5567,7447,14518,14564,11766,12835,8232,10304,2285,4176,362,395,579,884,649,1398,1221,2287,2162,2467,2482,2092,5068,6199,2121,3861,61606,29408,10859,4783,35139,29,7
2021-04-28T23:59:59+02:00,1382,1510,2344,2936,3094,4310,5230,7134,14128,14261,11664,12698,8194,10252,2281,4171,361,395,575,883,649,1398,1220,2286,2160,2461,2480,2090,5065,6194,2118,3859,61491,29408,8959,4758,35139,28,0
2021-04-27T23:59:59+02:00,1362,1507,2337,2936,3092,4309,5228,7134,14127,14260,11663,12697,8194,10252,2281,4171,361,395,575,883,648,1396,1220,2286,2159,2461,2480,2089,5065,6194,2118,3859,61459,29406,8954,4755,35137,28,0
2021-04-26T23:59:59+02:00,1362,1504,2335,2936,3090,4308,5202,7117,14097,14232,11662,12694,8194,10252,2281,4170,361,395,575,883,648,1396,1220,2286,2158,2460,2480,2089,5065,6194,2118,3859,61451,29406,8950,4754,35035,27,0
2021-04-25T23:59:59+02:00,1360,1504,2330,2936,3085,4302,5191,7110,13963,14080,11652,12689,8194,10252,2281,4170,361,395,575,883,648,1396,1219,2285,2158,2460,2480,2089,5065,6194,2118,3859,61131,29405,8949,4753,35019,27,0
2021-04-24T23:59:59+02:00,1283,1452,2184,2847,2950,4248,4970,6986,13064,13217,11428,12419,8144,10161,2275,4158,361,395,575,883,648,1395,1219,2285,2158,2459,2478,2089,5062,6193,2118,3859,57819,29399,8948,4753,35019,25,0
2021-04-23T23:59:59+02:00,1169,1427,1966,2823,2805,4215,4842,6851,11740,12188,11381,12353,8124,10124,2273,4156,360,395,575,883,647,1395,1218,2285,2156,2459,2478,2088,5061,6189,2118,3857,56351,29393,8948,4751,33138,20,0
2021-04-22T23:59:59+02:00,1156,1419,1940,2809,2741,4189,4393,6523,11382,11868,11311,12284,8098,10077,2271,4154,359,394,575,883,647,1394,1216,2285,2155,2459,2478,2087,5059,6187,2118,3857,54671,29387,8947,4746,32997,20,0
2021-04-21T23:59:59+02:00,1136,1404,1855,2784,2620,4154,4240,6439,9903,10707,11249,12231,8088,10055,2269,4151,359,394,574,883,646,1394,1215,2284,2153,2459,2474,2084,5056,6184,2118,3856,51516,29369,8947,4744,32822,20,0
2021-04-20T23:59:59+02:00,1136,1403,1854,2783,2617,4152,4235,6438,9608,10386,11223,12208,8085,10047,2268,4150,359,394,574,883,646,1394,1215,2283,2152,2458,2473,2084,5055,6183,2118,3856,50828,29366,8944,4741,32821,20,0
2021-04-19T23:59:59+02:00,1134,1401,1853,2780,2617,4150,4233,6437,9608,10385,11223,12207,8085,10047,2268,4150,359,394,574,883,646,1394,1214,2283,2151,2458,2473,2084,5055,6183,2118,3856,50820,29365,8939,4740,32819,20,0
2021-04-18T23:59:59+02:00,1133,1401,1851,2780,2616,4149,4233,6437,9608,10385,11223,12207,8085,10046,2268,4149,359,394,574,883,646,1394,1214,2282,2151,2458,2473,2084,5055,6183,2118,3856,50815,29365,8938,4739,32818,20,0
2021-04-17T23:59:59+02:00,1133,1401,1841,2768,2540,4061,4183,6360,9592,10366,11101,12057,8082,10044,2268,4148,352,385,571,878,639,1385,1189,2267,2104,2432,2428,2028,5011,6120,2113,3850,50189,28994,8938,4739,32818,19,0
2021-04-16T23:59:59+02:00,1100,1362,1721,2681,2321,3912,3940,6177,7855,8535,10942,11859,8037,9990,2266,4138,345,380,553,857,609,1350,1094,2195,1868,2276,2292,1916,4829,5858,2063,3745,45861,28981,8863,3235,32112,14,0
2021-04-15T23:59:59+02:00,1016,1307,1592,2586,2028,3754,3383,5828,6870,7568,10721,11564,7953,9884,2249,4117,345,380,551,856,608,1349,1091,2192,1613,2116,2150,1794,4638,5631,2027,3667,42099,28936,8860,2063,31461,9,0
2021-04-14T23:59:59+02:00,1000,1273,1540,2546,1938,3676,3224,5693,6776,7458,10547,11344,7888,9798,2239,4107,321,369,518,823,536,1288,847,2031,1432,2010,2077,1719,4515,5471,2016,3646,40733,27547,8856,2063,31458,9,0
2021-04-13T23:59:59+02:00,997,1267,1523,2542,1919,3657,3184,5657,6070,6682,10440,11210,7864,9771,2238,4107,321,367,518,823,536,1288,847,2031,1432,2009,2074,1718,4515,5471,2016,3643,40729,27545,6942,2055,31457,9,0
2021-04-12T23:59:59+02:00,997,1266,1522,2540,1919,3657,3183,5656,6069,6682,10439,11210,7864,9771,2238,4107,321,366,518,823,534,1288,845,2030,1431,2009,2074,1718,4515,5470,2016,3643,40725,27539,6940,2053,31455,9,0
2021-04-11T23:59:59+02:00,997,1266,1522,2540,1918,3657,3183,5656,6069,6682,10439,11209,7864,9771,2238,4107,321,366,517,823,534,1288,844,2030,1429,2009,2074,1718,4515,5470,2016,3643,40724,27535,6940,2053,31454,9,0
2021-04-10T23:59:59+02:00,995,1263,1518,2535,1902,3646,3109,5579,5946,6591,10195,10986,7828,9733,2236,4106,321,364,517,823,534,1288,844,2030,1429,2009,2069,1713,4511,5462,2016,3640,40159,27508,6940,2053,31069,9,0
2021-04-09T23:59:59+02:00,948,1222,1426,2481,1792,3594,2979,5517,5775,6471,7865,8231,7772,9641,2227,4092,320,364,512,822,531,1286,840,2029,1428,2005,2047,1688,4489,5446,2015,3637,34712,27399,6939,2053,30382,7,0
2021-04-08T23:59:59+02:00,947,1219,1423,2478,1790,3591,2971,5508,5765,6456,7078,7320,7734,9594,2223,4088,319,364,512,821,531,1285,839,2029,1426,2004,2045,1687,4488,5444,2015,3637,32871,27387,6939,2052,30375,7,0
2021-04-07T23:59:59+02:00,889,1193,1338,2405,1708,3519,2730,5388,4803,5736,6688,6938,7683,9535,2217,4082,319,364,512,820,531,1283,839,2029,1426,2004,2045,1687,4488,5444,2015,3637,32867,27386,6938,2051,27047,6,0
2021-04-06T23:59:59+02:00,852,1185,1320,2368,1688,3479,2697,5340,4677,5601,6381,6643,7663,9513,2214,4076,319,363,512,819,531,1283,839,2029,1426,2004,2045,1686,4488,5444,2015,3637,32864,27384,6938,2050,25895,6,0
2021-04-05T23:59:59+02:00,848,1150,1272,2238,1612,3302,2581,5068,4511,5346,6093,6349,7647,9493,2212,4072,319,363,512,818,531,1283,839,2029,1426,2004,2045,1686,4488,5444,2015,3637,32863,27383,6938,2050,23993,6,0
2021-04-04T23:59:59+02:00,825,1113,1170,2014,1473,3025,2364,4622,4148,4863,5879,6139,7624,9455,2211,4065,319,363,510,817,530,1282,838,2028,1312,1946,1699,1399,4345,5279,1978,3590,32860,26180,6938,2050,21192,5,0
2021-04-03T23:59:59+02:00,825,1113,1170,2014,1473,3025,2363,4622,4148,4863,5879,6139,7624,9455,2211,4065,319,363,510,817,530,1282,838,2028,1312,1946,1699,1399,4345,5279,1978,3590,32859,26180,6938,2050,21192,5,0
2021-04-02T23:59:59+02:00,825,1113,1170,2014,1473,3025,2363,4622,4147,4862,5878,6139,7623,9453,2210,4063,319,363,510,817,530,1282,838,2028,1312,1946,1699,1399,4345,5279,1978,3590,32859,26180,6938,2050,21183,5,0
2021-04-01T23:59:59+02:00,820,1111,1167,2007,1464,3018,2348,4602,4055,4776,4951,4983,7359,9116,2208,4059,318,360,510,815,529,1281,836,2025,1274,1919,1518,1274,4273,5205,1970,3578,29958,25636,6912,2044,21174,5,0
2021-03-31T23:59:59+02:00,819,1110,1166,2005,1461,3014,2342,4600,4038,4761,4777,4765,6597,8189,2198,4038,317,359,508,815,527,1278,830,2017,1141,1829,1131,1001,3857,4725,1901,3458,29842,23709,4892,1981,21146,4,0
2021-03-30T23:59:59+02:00,819,1110,1163,2002,1450,3005,2330,4588,3991,4733,4577,4589,6360,7892,2191,4025,317,358,508,813,527,1278,830,2016,1141,1829,1131,1001,3857,4725,1900,3458,29839,23705,4889,1981,20097,3,0
2021-03-29T23:59:59+02:00,818,1108,1163,2002,1449,3005,2330,4588,3987,4731,4575,4587,6357,7881,2189,4009,317,357,508,813,527,1278,830,2015,1141,1829,1131,1000,3857,4725,1900,3458,29834,23702,4884,1981,20061,3,0
2021-03-28T23:59:59+02:00,818,1108,1163,1998,1448,3004,2329,4585,3987,4731,4574,4586,6355,7880,2189,4009,316,357,507,813,527,1278,829,2015,1141,1829,1131,999,3857,4725,1900,3458,29832,23699,4880,1980,20052,3,0
2021-03-27T23:59:59+01:00,812,1100,1160,1992,1442,2994,2304,4568,3943,4705,4525,4525,6318,7831,2184,4000,312,352,490,802,515,1265,772,1973,970,1719,881,829,3693,4518,1777,3205,29480,22733,4880,1337,20043,3,0
2021-03-26T23:59:59+01:00,812,1100,1159,1991,1440,2994,2301,4568,3937,4699,4513,4504,6309,7807,2176,3985,311,352,490,801,513,1265,770,1972,960,1712,696,704,2695,3320,1673,3062,29419,19956,4879,1337,19997,3,0
2021-03-25T23:59:59+01:00,811,1099,1159,1990,1439,2992,2297,4563,3934,4696,4504,4494,6294,7779,2157,3943,311,352,490,801,512,1264,770,1972,957,1711,671,695,1381,1712,1535,2873,29403,16667,4874,1337,19874,3,0
2021-03-24T23:59:59+01:00,783,1087,1123,1955,1367,2930,2054,4395,3747,4588,4437,4432,6170,7615,2147,3920,311,352,490,801,509,1264,769,1972,956,1711,671,695,1381,1711,1535,2871,28020,16660,4872,1336,19858,3,0
2021-03-23T23:59:59+01:00,783,1085,1121,1954,1367,2930,2054,4394,3746,4586,4436,4432,6170,7615,2147,3920,311,352,490,801,509,1264,769,1972,956,1711,671,695,1381,1711,1535,2871,28017,16660,4869,1336,19854,3,0
2021-03-22T23:59:59+01:00,782,1083,1119,1951,1365,2930,2053,4394,3745,4586,4436,4431,6170,7614,2147,3920,311,352,490,801,509,1264,769,1972,956,1710,671,695,1381,1711,1535,2871,28015,16659,4868,1336,19843,3,0
2021-03-21T23:59:59+01:00,782,1083,1118,1949,1365,2929,2052,4393,3745,4585,4436,4431,6170,7614,2147,3920,311,352,490,801,509,1264,769,1972,956,1710,671,694,1381,1711,1535,2871,28013,16658,4867,1336,19839,3,0
2021-03-20T23:59:59+01:00,780,1081,1115,1947,1360,2926,2035,4383,3707,4558,4183,4128,5700,7051,2138,3887,306,349,483,796,493,1254,743,1951,913,1675,604,623,1134,1427,1206,2353,27931,14972,4766,1335,18282,3,0
2021-03-19T23:59:59+01:00,772,1075,1095,1925,1328,2891,1941,4312,3474,4400,4051,4023,5527,6807,2097,3809,306,349,483,796,493,1254,743,1951,912,1675,604,623,1134,1427,1205,2352,27929,14969,3324,1335,18274,3,0
2021-03-18T23:59:59+01:00,772,1074,1094,1924,1327,2889,1940,4309,3223,4237,3908,3901,5342,6585,2063,3734,306,348,482,796,493,1252,743,1950,911,1674,590,616,868,1111,1133,2251,27917,14188,2133,1334,18272,2,0
2021-03-17T23:59:59+01:00,772,1074,1093,1923,1327,2889,1940,4309,3223,4237,3908,3900,5341,6585,2063,3734,306,348,482,796,493,1252,743,1950,911,1674,589,616,868,1111,1133,2251,27916,14187,2133,1334,18269,2,0
2021-03-16T23:59:59+01:00,771,1074,1093,1920,1326,2889,1938,4309,3223,4235,3907,3899,5341,6584,2062,3734,302,344,468,789,483,1242,727,1937,897,1664,588,616,866,1110,1132,2250,27909,14079,2130,1334,18266,2,0
2021-03-15T23:59:59+01:00,770,1073,1092,1919,1323,2889,1934,4308,3222,4235,3907,3898,5340,6584,2062,3734,302,344,468,789,483,1242,727,1936,896,1664,588,616,866,1110,1132,2250,27904,14077,2128,1334,18258,2,0
2021-03-14T23:59:59+01:00,769,1070,1089,1917,1320,2885,1933,4307,3217,4234,3907,3898,5340,6584,2062,3734,302,344,468,789,483,1242,727,1936,896,1664,588,616,866,1110,1132,2250,27901,14077,2128,1334,18237,2,0
2021-03-13T23:59:59+01:00,767,1066,1081,1912,1312,2877,1928,4300,3054,4123,3455,3478,5156,6383,2025,3687,302,344,468,789,483,1242,726,1936,895,1664,557,594,550,788,728,1705,26631,12435,2128,1334,17845,2,0
2021-03-12T23:59:59+01:00,732,965,1062,1797,1292,2683,1894,4032,2983,3938,2256,1965,4883,5956,2023,3680,302,344,468,789,483,1242,726,1936,895,1664,557,593,550,788,728,1705,26621,12435,2128,1334,13392,1,0
2021-03-11T23:59:59+01:00,720,911,1055,1695,1282,2516,1885,3814,2931,3818,1567,1308,4530,5548,2014,3670,300,344,468,789,483,1242,726,1934,895,1662,557,592,548,787,645,1560,26066,12433,2115,1099,11083,0,0
2021-03-10T23:59:59+01:00,713,892,1046,1677,1273,2494,1871,3790,2796,3723,1177,1029,4109,5051,1954,3564,300,344,467,788,482,1242,726,1934,894,1662,557,592,546,785,645,1560,24077,12427,2114,1097,10968,0,0
2021-03-09T23:59:59+01:00,711,887,1037,1659,1265,2481,1866,3781,2793,3719,1173,1027,4109,5051,1953,3564,300,344,467,788,482,1242,726,1934,894,1662,557,592,546,785,645,1560,24074,12427,2114,1097,10888,0,0
2021-03-08T23:59:59+01:00,706,853,1025,1638,1253,2447,1855,3749,2775,3705,1172,1025,4109,5051,1953,3564,300,344,467,788,482,1242,726,1934,894,1662,557,592,546,785,645,1560,24070,12427,2113,1097,10697,0,0
2021-03-07T23:59:59+01:00,706,850,1023,1634,1253,2444,1854,3746,2775,3703,1172,1025,4109,5051,1953,3564,300,344,467,788,482,1242,726,1934,894,1662,557,592,546,785,645,1560,24068,12427,2113,1097,10681,0,0
2021-03-06T23:59:59+01:00,661,794,884,1526,1022,2246,1407,3347,2336,3337,952,882,3817,4676,1938,3548,300,344,467,788,481,1242,726,1934,894,1661,557,591,544,780,556,1383,23069,12425,2110,823,8194,0,0
2021-03-05T23:59:59+01:00,658,794,880,1523,1022,2245,1403,3344,2328,3333,760,753,2801,3441,1833,3388,298,342,461,777,477,1236,717,1918,882,1645,552,588,480,716,262,879,20220,12227,2100,3,8186,0,0
2021-03-04T23:59:59+01:00,639,741,843,1395,980,2089,1353,3144,2291,3256,741,744,1478,1829,1696,3201,298,342,460,777,477,1236,717,1918,881,1644,551,588,480,715,262,879,16928,12222,2099,3,7393,0,0
2021-03-03T23:59:59+01:00,630,700,820,1334,961,2026,1340,3098,2281,3218,741,744,1478,1829,1696,3201,298,342,460,777,477,1236,717,1918,881,1644,551,588,480,715,262,879,16927,12222,2099,3,7071,0,0
2021-03-02T23:59:59+01:00,627,698,819,1333,961,2026,1339,3097,2281,3218,741,744,1478,1829,1696,3201,298,342,460,777,477,1236,717,1918,881,1643,551,588,480,715,262,879,16926,12221,2099,3,7063,0,0
2021-03-01T23:59:59+01:00,627,696,818,1333,961,2026,1339,3097,2281,3217,741,743,1478,1828,1696,3201,298,342,460,777,477,1236,717,1917,881,1643,551,588,480,715,262,879,16924,12220,2098,3,7060,0,0
2021-02-28T23:59:59+01:00,626,694,818,1333,960,2026,1338,3097,2280,3216,741,742,1478,1828,1696,3201,298,342,460,777,477,1236,717,1916,881,1643,551,588,480,715,262,879,16921,12219,2098,3,7055,0,0
2021-02-27T23:59:59+01:00,621,689,802,1326,940,2015,1293,3063,2200,3157,622,633,1161,1454,1245,2417,297,342,460,777,475,1236,716,1914,880,1642,550,585,479,712,262,876,15197,12203,1388,0,7053,0,0
2021-02-26T23:59:59+01:00,611,660,772,1264,908,1885,1245,2889,1853,2748,621,633,1161,1454,1244,2416,297,342,460,777,475,1236,716,1914,880,1642,550,585,479,712,262,875,15193,12202,1388,0,5783,0,0
2021-02-25T23:59:59+01:00,568,607,714,1145,796,1683,1070,2557,1342,2220,607,626,885,1129,1173,2312,296,341,460,777,475,1236,716,1914,880,1642,550,585,479,712,262,875,14390,12200,1388,0,3656,0,0
2021-02-24T23:59:59+01:00,567,606,714,1144,795,1683,1070,2556,1342,2219,607,626,885,1129,1173,2312,296,341,460,777,475,1236,716,1914,880,1642,550,585,479,712,262,875,14390,12200,1387,0,3651,0,0
2021-02-23T23:59:59+01:00,563,600,699,1135,785,1673,1053,2543,1328,2209,606,626,883,1128,1172,2311,296,340,460,776,475,1236,716,1913,880,1642,550,585,479,712,262,875,14280,12197,1387,0,3647,0,0
2021-02-22T23:59:59+01:00,563,600,699,1135,783,1673,1053,2542,1327,2208,606,626,883,1128,1172,2311,296,340,460,776,475,1236,716,1913,880,1642,550,585,479,712,262,875,14278,12197,1387,0,3644,0,0
2021-02-21T23:59:59+01:00,563,600,699,1135,782,1673,1052,2542,1327,2208,605,626,883,1128,1172,2311,296,340,460,776,475,1236,716,1913,880,1642,550,585,479,712,262,875,14278,12197,1387,0,3641,0,0
2021-02-20T23:59:59+01:00,545,597,687,1128,761,1671,1040,2537,1301,2188,568,603,561,800,760,1754,294,339,456,774,470,1230,711,1902,872,1641,549,582,475,712,259,874,12601,12140,1386,0,3514,0,0
2021-02-19T23:59:59+01:00,435,501,588,1000,636,1511,897,2361,1032,1948,568,603,561,800,760,1754,291,339,452,772,468,1220,708,1885,864,1624,545,575,471,706,256,865,12600,12041,1386,0,1969,0,0
2021-02-18T23:59:59+01:00,305,347,474,803,488,1253,743,1957,904,1677,568,603,560,800,760,1754,290,338,450,769,466,1216,708,1872,860,1611,538,570,465,700,251,854,12599,11958,1386,0,11,0,0
2021-02-17T23:59:59+01:00,305,347,473,803,488,1253,743,1957,903,1677,567,603,560,800,760,1754,289,337,449,767,464,1213,705,1864,856,1605,533,565,454,678,241,835,12598,11855,1386,0,9,0,0
2021-02-16T23:59:59+01:00,305,347,471,802,487,1253,743,1957,903,1677,567,603,560,800,760,1754,277,332,442,751,454,1176,697,1780,831,1537,513,536,419,629,225,773,12598,11372,1386,0,5,0,0
2021-02-15T23:59:59+01:00,305,347,470,802,486,1252,742,1957,903,1677,567,603,560,800,760,1754,273,328,439,742,448,1149,678,1727,806,1483,492,504,400,584,215,715,12597,10983,1386,0,2,0,0
2021-02-14T23:59:59+01:00,305,347,470,802,485,1252,742,1957,903,1677,567,603,560,800,760,1754,273,328,439,742,448,1147,678,1722,803,1475,481,499,397,581,206,706,12596,10925,1386,0,2,0,0
2021-02-13T23:59:59+01:00,303,347,470,802,485,1252,742,1956,903,1677,567,603,560,800,760,1754,271,325,436,739,443,1135,666,1701,784,1442,464,471,380,554,193,671,12594,10675,1386,0,1,0,0
2021-02-12T23:59:59+01:00,303,346,470,802,485,1252,741,1955,901,1674,567,601,503,751,754,1753,254,314,415,703,420,1041,624,1533,700,1205,375,356,310,443,143,499,12471,9335,1386,0,1,0,0
2021-02-11T23:59:59+01:00,301,346,469,802,485,1252,741,1952,901,1672,566,600,500,748,668,1605,231,296,403,671,400,996,589,1432,655,1104,337,312,273,370,119,422,12459,8610,1148,0,1,0,0
2021-02-10T23:59:59+01:00,301,346,469,801,485,1252,740,1952,901,1672,565,600,500,747,667,1603,228,291,402,666,396,982,586,1406,642,1073,321,289,247,327,102,362,12453,8320,1148,0,0,0,0
2021-02-09T23:59:59+01:00,301,346,469,801,485,1252,739,1952,901,1670,565,600,500,747,667,1603,219,276,389,630,374,915,545,1305,590,953,241,191,172,212,66,222,12450,7300,1148,0,0,0,0
2021-02-08T23:59:59+01:00,301,346,467,801,485,1252,739,1952,901,1670,565,600,500,747,667,1603,216,268,384,615,365,891,524,1249,560,877,212,158,137,163,53,168,12449,6840,1147,0,0,0,0
2021-02-07T23:59:59+01:00,301,346,467,801,485,1252,739,1952,901,1670,565,600,500,747,667,1602,215,268,383,610,365,887,519,1239,554,863,208,149,126,145,47,154,12448,6732,1147,0,0,0,0
2021-02-06T23:59:59+01:00,301,346,467,801,485,1252,739,1952,901,1670,565,600,498,741,577,1425,215,268,383,610,365,887,519,1239,554,863,208,149,126,145,47,154,12448,6732,872,0,0,0,0
2021-02-05T23:59:59+01:00,301,346,464,800,484,1250,736,1950,898,1666,559,597,491,724,266,901,208,256,366,578,351,848,498,1197,537,831,184,135,105,133,43,152,12432,6422,1,0,0,0,0
2021-02-04T23:59:59+01:00,301,345,463,794,481,1249,735,1945,893,1666,558,596,490,723,266,901,188,207,298,445,288,682,412,974,471,712,174,130,95,128,38,141,12405,5383,1,0,0,0,0
2021-02-03T23:59:59+01:00,300,345,463,792,481,1249,734,1944,892,1666,558,596,490,723,266,901,182,192,248,365,244,592,351,873,425,641,167,126,91,126,37,140,12399,4800,1,0,0,0,0
2021-02-02T23:59:59+01:00,300,343,463,790,481,1249,734,1940,892,1664,558,596,490,723,266,901,172,171,189,293,190,511,265,745,352,580,161,123,90,125,37,140,12389,4144,1,0,0,0,0
2021-02-01T23:59:59+01:00,300,343,461,789,480,1247,733,1936,889,1659,558,596,489,723,266,901,165,165,152,257,163,452,223,661,304,518,157,113,85,114,33,133,12369,3695,1,0,0,0,0
2021-01-31T23:59:59+01:00,300,343,461,789,480,1247,733,1936,889,1659,558,596,489,723,266,901,165,165,152,257,163,451,223,661,304,518,157,113,85,114,33,133,12369,3694,1,0,0,0,0
2021-01-30T23:59:59+01:00,300,343,461,789,480,1247,733,1936,884,1659,558,596,487,723,263,901,152,150,133,242,153,421,208,622,286,472,138,102,73,84,28,100,12359,3364,1,0,0,0,0
2021-01-29T23:59:59+01:00,297,343,457,786,478,1237,730,1918,876,1642,554,589,483,718,260,892,99,85,94,157,112,261,161,453,196,343,103,66,56,73,24,90,12259,2373,1,0,0,0,0
2021-01-28T23:59:59+01:00,296,343,457,786,478,1237,730,1918,876,1642,554,589,483,718,260,892,13,12,13,23,21,51,26,98,44,94,40,28,27,55,21,83,12258,649,1,0,0,0,0
2021-01-27T23:59:59+01:00,295,343,457,786,478,1237,730,1918,875,1642,554,589,483,718,260,892,13,12,13,23,21,50,26,97,43,94,40,28,27,55,21,83,12257,646,0,0,0,0,0
2021-01-26T23:59:59+01:00,295,343,457,785,478,1236,730,1918,875,1641,554,589,483,718,260,892,13,12,13,23,21,50,26,97,43,94,40,28,27,55,21,83,12254,646,0,0,0,0,0
2021-01-25T23:59:59+01:00,295,342,456,785,478,1235,730,1916,875,1640,554,589,482,716,260,892,8,4,5,12,10,25,15,39,21,41,19,14,8,18,7,16,12245,262,0,0,0,0,0
2021-01-24T23:59:59+01:00,295,342,456,785,478,1235,730,1915,875,1639,554,589,482,716,260,892,8,4,5,12,10,25,15,39,21,41,19,14,8,18,7,16,12243,262,0,0,0,0,0
2021-01-23T23:59:59+01:00,295,342,456,785,478,1235,730,1915,875,1639,554,589,482,716,260,892,8,4,5,12,10,25,15,39,21,41,19,14,8,18,7,16,12243,262,0,0,0,0,0
2021-01-22T23:59:59+01:00,293,340,456,785,477,1234,730,1914,875,1639,554,589,482,716,241,847,8,4,5,12,10,25,15,39,21,41,19,14,8,18,7,16,12172,262,0,0,0,0,0
2021-01-21T23:59:59+01:00,290,335,454,778,473,1227,729,1894,866,1621,544,581,465,689,229,813,8,4,5,12,10,25,15,39,21,41,19,14,8,18,7,16,11988,262,0,0,0,0,0
2021-01-20T23:59:59+01:00,288,332,451,774,471,1224,726,1886,862,1617,538,576,457,670,221,796,8,4,5,12,10,25,15,39,21,41,19,14,8,18,7,16,11889,262,0,0,0,0,0
2021-01-19T23:59:59+01:00,282,331,449,767,466,1206,722,1850,852,1583,525,558,443,652,212,762,8,4,5,12,10,25,15,39,21,41,19,14,8,18,7,16,11660,262,0,0,0,0,0
2021-01-18T23:59:59+01:00,278,324,446,757,461,1186,704,1811,826,1535,505,526,428,615,201,708,8,3,5,12,10,25,15,39,21,41,19,14,8,18,7,16,11311,261,0,0,0,0,0
2021-01-17T23:59:59+01:00,278,323,446,757,461,1183,701,1805,817,1524,490,513,412,592,186,685,8,3,4,12,10,25,15,39,21,41,19,14,8,18,7,16,11173,260,0,0,0,0,0
2021-01-16T23:59:59+01:00,270,312,438,738,447,1141,673,1713,773,1379,450,432,380,538,167,633,0,0,0,0,0,0,0,0,0,0,0,0,0,0,0,0,10484,0,0,0,0,0,0
2021-01-15T23:59:59+01:00,261,304,429,716,433,1088,652,1606,735,1264,390,379,337,469,152,534,0,0,0,0,0,0,0,0,0,0,0,0,0,0,0,0,9749,0,0,0,0,0,0
2021-01-14T23:59:59+01:00,237,285,411,672,409,1028,607,1477,665,1118,335,312,289,366,114,421,0,0,0,0,0,0,0,0,0,0,0,0,0,0,0,0,8746,0,0,0,0,0,0
2021-01-13T23:59:59+01:00,235,282,410,666,405,1009,601,1449,652,1087,317,288,260,323,97,362,0,0,0,0,0,0,0,0,0,0,0,0,0,0,0,0,8443,0,0,0,0,0,0
2021-01-12T23:59:59+01:00,218,271,392,623,372,910,541,1287,573,901,218,171,152,169,56,179,0,0,0,0,0,0,0,0,0,0,0,0,0,0,0,0,7033,0,0,0,0,0,0
2021-01-11T23:59:59+01:00,214,266,387,608,362,886,520,1238,553,850,198,139,119,124,41,130,0,0,0,0,0,0,0,0,0,0,0,0,0,0,0,0,6635,0,0,0,0,0,0
2021-01-10T23:59:59+01:00,213,259,376,594,358,875,509,1216,542,834,195,139,116,123,39,129,0,0,0,0,0,0,0,0,0,0,0,0,0,0,0,0,6517,0,0,0,0,0,0
2021-01-09T23:59:59+01:00,192,214,332,522,317,752,444,1023,460,701,133,86,67,78,28,96,0,0,0,0,0,0,0,0,0,0,0,0,0,0,0,0,5445,0,0,0,0,0,0
2021-01-08T23:59:59+01:00,112,112,241,354,233,460,319,677,307,442,75,50,44,63,23,85,0,0,0,0,0,0,0,0,0,0,0,0,0,0,0,0,3597,0,0,0,0,0,0
2021-01-07T23:59:59+01:00,19,23,58,96,67,133,101,197,110,151,45,31,28,56,22,85,0,0,0,0,0,0,0,0,0,0,0,0,0,0,0,0,1222,0,0,0,0,0,0
2021-01-06T23:59:59+01:00,10,10,11,22,15,49,28,97,49,98,40,30,28,56,22,85,0,0,0,0,0,0,0,0,0,0,0,0,0,0,0,0,650,0,0,0,0,0,0
2021-01-05T23:59:59+01:00,10,10,11,22,15,49,27,97,48,98,40,30,28,56,22,85,0,0,0,0,0,0,0,0,0,0,0,0,0,0,0,0,648,0,0,0,0,0,0
2021-01-04T23:59:59+01:00,8,4,5,12,10,27,16,41,23,42,19,14,9,18,7,17,0,0,0,0,0,0,0,0,0,0,0,0,0,0,0,0,272,0,0,0,0,0,0
2021-01-03T23:59:59+01:00,8,4,5,12,10,27,16,41,23,42,19,14,9,18,7,17,0,0,0,0,0,0,0,0,0,0,0,0,0,0,0,0,272,0,0,0,0,0,0
2021-01-02T23:59:59+01:00,8,4,5,12,10,27,16,41,23,42,19,14,9,18,7,17,0,0,0,0,0,0,0,0,0,0,0,0,0,0,0,0,272,0,0,0,0,0,0
2021-01-01T23:59:59+01:00,8,4,5,12,10,27,16,41,23,42,19,14,9,18,7,17,0,0,0,0,0,0,0,0,0,0,0,0,0,0,0,0,272,0,0,0,0,0,0
2020-12-31T23:59:59+01:00,8,4,5,12,10,27,16,41,23,42,19,14,9,18,7,17,0,0,0,0,0,0,0,0,0,0,0,0,0,0,0,0,272,0,0,0,0,0,0
2020-12-30T23:59:59+01:00,8,4,5,12,10,27,16,41,23,42,19,14,9,18,7,17,0,0,0,0,0,0,0,0,0,0,0,0,0,0,0,0,272,0,0,0,0,0,0
2020-12-29T23:59:59+01:00,8,4,5,12,10,27,16,41,23,42,19,14,9,18,7,17,0,0,0,0,0,0,0,0,0,0,0,0,0,0,0,0,272,0,0,0,0,0,0
2020-12-28T23:59:59+01:00,8,4,5,12,10,27,16,41,23,42,19,14,9,18,7,17,0,0,0,0,0,0,0,0,0,0,0,0,0,0,0,0,272,0,0,0,0,0,0
2020-12-27T23:59:59+01:00,8,3,4,12,10,27,16,41,23,42,19,14,9,18,7,17,0,0,0,0,0,0,0,0,0,0,0,0,0,0,0,0,270,0,0,0,0,0,0
