Datum,<15_1_m,<15_1_w,15-24_1_m,15-24_1_w,25-34_1_m,25-34_1_w,35-44_1_m,35-44_1_w,45-54_1_m,45-54_1_w,55-64_1_m,55-64_1_w,65-74_1_m,65-74_1_w,75-84_1_m,75-84_1_w,>84_1_m,>84_1_w,<15_2_m,<15_2_w,15-24_2_m,15-24_2_w,25-34_2_m,25-34_2_w,35-44_2_m,35-44_2_w,45-54_2_m,45-54_2_w,55-64_2_m,55-64_2_w,65-74_2_m,65-74_2_w,75-84_2_m,75-84_2_w,>84_2_m,>84_2_w,bp_1,bp_2,mo_1,mo_2,az_1,az_2,ja,unb_1,unb_2
2021-12-03T23:59:59+01:00,4096,3853,16976,15275,19329,17653,20368,19990,22971,22805,23877,22662,15154,16428,10336,12648,3160,5517,2207,2117,14847,13672,17669,15904,19027,18618,21949,21689,23106,21889,14786,15954,10117,12363,3062,5336,201458,184267,23340,22665,35594,34654,12704,19,22
2021-12-02T23:59:59+01:00,4080,3830,16970,15271,19326,17643,20363,19977,22967,22800,23874,22657,15152,16424,10333,12645,3158,5515,2198,2105,14827,13648,17651,15884,19016,18600,21942,21679,23098,21881,14782,15952,10116,12360,3061,5336,201347,184093,23340,22665,35594,34654,12702,19,22
2021-12-01T23:59:59+01:00,4049,3800,16936,15251,19306,17608,20345,19954,22950,22789,23850,22636,15138,16406,10325,12637,3156,5509,2155,2074,14660,13536,17524,15783,18930,18510,21870,21627,23052,21853,14757,15930,10103,12348,3059,5334,201010,183066,23339,22663,35594,34654,12700,19,22
2021-11-30T23:59:59+01:00,3791,3596,16912,15225,19284,17575,20317,19926,22932,22772,23833,22624,15128,16391,10321,12625,3155,5499,2123,2040,14552,13430,17432,15709,18873,18458,21833,21583,23022,21828,14743,15918,10096,12344,3058,5332,200271,182336,23339,22662,35594,34654,12700,19,22
2021-11-29T23:59:59+01:00,3775,3582,16887,15203,19255,17546,20296,19909,22920,22752,23823,22613,15115,16383,10314,12619,3155,5497,2107,2021,14460,13360,17349,15638,18818,18415,21784,21543,22988,21802,14733,15905,10090,12338,3058,5329,200012,181701,23337,22662,35594,34654,12699,19,22
2021-11-28T23:59:59+01:00,3752,3562,16858,15178,19234,17519,20277,19892,22908,22737,23801,22602,15104,16374,10310,12614,3155,5494,2098,2010,14429,13336,17327,15617,18800,18399,21773,21538,22983,21796,14730,15900,10089,12336,3058,5329,199740,181511,23336,22662,35594,34654,12699,19,22
2021-11-27T23:59:59+01:00,3752,3561,16858,15178,19234,17518,20277,19892,22908,22737,23801,22602,15104,16374,10310,12614,3155,5494,2098,2010,14429,13336,17327,15617,18800,18399,21773,21538,22983,21796,14730,15900,10089,12336,3058,5329,199738,181511,23336,22662,35594,34654,12699,19,22
2021-11-26T23:59:59+01:00,3226,3120,16823,15148,19211,17479,20258,19868,22893,22722,23790,22585,15098,16366,10306,12605,3155,5489,2084,2000,14380,13292,17291,15599,18773,18375,21747,21523,22972,21790,14727,15896,10089,12333,3057,5329,198519,181225,23332,22661,35594,34654,12695,19,22
2021-11-25T23:59:59+01:00,2829,2796,16786,15105,19179,17426,20225,19831,22875,22701,23770,22562,15087,16355,10296,12589,3150,5486,2068,1986,14324,13257,17237,15563,18746,18342,21723,21505,22968,21779,14722,15891,10089,12328,3056,5326,197429,180887,23328,22652,35594,34654,12695,19,22
2021-11-24T23:59:59+01:00,2804,2757,16739,15068,19131,17376,20189,19789,22846,22666,23746,22532,15075,16326,10284,12576,3146,5481,2061,1976,14292,13220,17192,15527,18730,18324,21704,21489,22956,21765,14717,15888,10087,12327,3056,5325,196912,180613,23328,22652,35594,34654,12695,19,22
2021-11-23T23:59:59+01:00,2763,2724,16704,15043,19113,17337,20168,19765,22829,22644,23732,22521,15066,16314,10278,12567,3144,5480,2053,1967,14271,13198,17167,15513,18720,18313,21692,21484,22950,21761,14713,15883,10086,12326,3055,5325,196575,180454,23326,22652,35594,34654,12695,19,22
2021-11-22T23:59:59+01:00,2742,2702,16676,15020,19087,17310,20139,19742,22810,22624,23717,22507,15059,16304,10276,12558,3141,5477,2051,1962,14261,13193,17158,15500,18704,18301,21680,21476,22945,21759,14711,15883,10086,12325,3055,5325,196291,180368,23325,22652,35594,34654,12679,19,22
2021-11-21T23:59:59+01:00,2731,2684,16655,15006,19061,17285,20118,19720,22796,22609,23700,22495,15054,16294,10271,12552,3140,5474,2049,1960,14258,13187,17153,15490,18699,18294,21676,21474,22943,21753,14707,15881,10086,12321,3054,5325,196054,180312,23322,22651,35594,34652,12673,19,22
2021-11-20T23:59:59+01:00,2707,2654,16613,14981,19029,17258,20094,19694,22777,22593,23687,22480,15041,16284,10267,12546,3138,5472,2048,1957,14249,13184,17149,15486,18697,18293,21672,21469,22940,21752,14707,15881,10085,12321,3053,5325,195728,180276,23320,22647,35594,34652,12671,19,22
2021-11-19T23:59:59+01:00,2650,2591,16491,14902,18950,17168,20019,19614,22732,22539,23659,22444,15020,16259,10257,12540,3136,5467,2036,1942,14192,13150,17088,15447,18670,18276,21650,21448,22932,21741,14706,15875,10083,12319,3052,5324,194880,179943,23294,22646,35594,34652,12668,19,22
2021-11-18T23:59:59+01:00,2576,2514,16388,14786,18857,17052,19942,19528,22676,22482,23618,22398,15002,16219,10249,12529,3135,5459,2024,1925,14151,13100,17023,15414,18619,18247,21612,21420,22907,21728,14704,15868,10081,12316,3050,5321,193891,179533,23260,22640,35594,34652,12663,19,22
2021-11-17T23:59:59+01:00,2533,2472,16285,14697,18774,16958,19871,19461,22626,22430,23575,22363,14978,16193,10239,12514,3132,5451,2009,1910,14114,13081,17006,15393,18604,18231,21598,21411,22893,21720,14699,15862,10076,12312,3049,5320,193037,179312,23257,22640,35594,34652,12662,19,22
2021-11-16T23:59:59+01:00,2510,2440,16218,14638,18718,16893,19833,19418,22595,22394,23547,22343,14969,16179,10235,12505,3129,5448,2003,1904,14100,13073,16995,15379,18594,18219,21592,21406,22885,21717,14694,15861,10076,12310,3049,5318,192502,179200,23252,22639,35594,34652,12662,19,22
2021-11-15T23:59:59+01:00,2488,2397,16128,14580,18638,16814,19773,19362,22553,22355,23524,22326,14960,16164,10227,12494,3127,5446,2000,1897,14088,13063,16979,15371,18589,18211,21578,21394,22876,21714,14689,15859,10075,12307,3049,5314,191854,179083,23249,22639,35594,34652,12657,19,22
2021-11-14T23:59:59+01:00,2461,2366,16013,14493,18538,16738,19716,19312,22504,22318,23477,22287,14950,16152,10221,12489,3124,5444,1999,1893,14079,13056,16975,15367,18580,18201,21573,21393,22871,21708,14688,15858,10074,12307,3049,5314,191127,179024,23230,22637,35594,34652,12650,19,22
2021-11-13T23:59:59+01:00,2461,2365,16011,14493,18534,16735,19716,19310,22504,22318,23477,22283,14950,16152,10220,12489,3123,5444,1999,1893,14079,13056,16975,15367,18580,18199,21573,21393,22871,21708,14688,15858,10074,12307,3049,5314,191111,179023,23229,22637,35594,34652,12649,19,22
2021-11-12T23:59:59+01:00,2412,2307,15774,14332,18378,16613,19612,19199,22425,22233,23424,22242,14937,16137,10213,12481,3121,5440,1964,1866,14005,13000,16916,15319,18544,18168,21547,21373,22853,21695,14682,15851,10072,12304,3049,5313,189849,178586,23192,22617,35593,34652,12644,19,22
2021-11-11T23:59:59+01:00,2323,2221,15436,14089,18127,16410,19448,19031,22310,22104,23368,22178,14902,16106,10199,12463,3118,5435,1952,1849,13945,12962,16869,15290,18519,18147,21524,21343,22834,21679,14676,15845,10066,12300,3048,5312,187958,178248,23078,22601,35593,34652,12637,19,22
2021-11-10T23:59:59+01:00,2287,2195,15165,13881,17915,16232,19304,18895,22189,22009,23284,22116,14880,16076,10189,12447,3115,5430,1934,1830,13872,12909,16812,15245,18479,18115,21502,21326,22822,21664,14668,15835,10063,12295,3047,5309,186345,177827,23041,22599,35593,34652,12627,19,22
2021-11-09T23:59:59+01:00,2259,2167,15131,13846,17901,16204,19279,18868,22168,21993,23269,22107,14874,16072,10186,12443,3112,5426,1927,1825,13856,12893,16802,15230,18468,18104,21493,21314,22814,21660,14662,15831,10062,12292,3046,5308,186071,177714,23038,22599,35593,34652,12600,19,22
2021-11-08T23:59:59+01:00,2257,2155,15112,13826,17882,16184,19265,18855,22158,21976,23259,22098,14871,16071,10186,12440,3111,5425,1924,1819,13843,12867,16793,15220,18463,18096,21487,21307,22809,21653,14661,15831,10062,12291,3045,5306,185897,177607,23038,22596,35593,34652,12600,19,22
2021-11-07T23:59:59+01:00,2247,2149,15098,13811,17871,16178,19261,18846,22148,21971,23252,22091,14870,16068,10183,12437,3109,5424,1923,1817,13840,12862,16790,15217,18463,18088,21486,21303,22809,21651,14661,15831,10061,12291,3045,5306,185780,177576,23038,22596,35593,34650,12600,19,22
2021-11-06T23:59:59+01:00,2246,2148,15094,13811,17869,16175,19259,18846,22146,21971,23251,22090,14869,16068,10183,12437,3109,5424,1923,1817,13839,12860,16788,15217,18461,18087,21486,21301,22809,21651,14661,15831,10061,12291,3045,5306,185762,177566,23038,22596,35593,34650,12600,19,22
2021-11-05T23:59:59+01:00,2205,2098,14937,13700,17744,16058,19159,18775,22068,21910,23215,22058,14857,16049,10179,12434,3107,5422,1896,1791,13759,12806,16746,15192,18436,18059,21473,21287,22795,21642,14659,15824,10058,12289,3044,5304,184772,177207,23019,22593,35593,34650,12588,19,22
2021-11-04T23:59:59+01:00,2152,2053,14746,13569,17568,15936,19035,18673,21981,21839,23176,22030,14849,16040,10171,12427,3106,5419,1878,1764,13702,12749,16705,15151,18400,18016,21446,21268,22774,21626,14652,15814,10055,12287,3041,5301,183636,176811,22971,22579,35593,34650,12567,19,22
2021-11-03T23:59:59+01:00,2136,2030,14699,13528,17520,15900,19011,18649,21958,21812,23165,22017,14843,16039,10170,12426,3106,5419,1855,1743,13625,12700,16637,15102,18364,17980,21412,21242,22745,21606,14645,15803,10048,12280,3040,5299,183320,176331,22965,22576,35593,34650,12547,19,22
2021-11-02T23:59:59+01:00,2117,2020,14676,13506,17498,15876,18997,18634,21938,21800,23160,22013,14838,16036,10168,12425,3106,5417,1833,1731,13597,12667,16614,15083,18342,17957,21398,21229,22738,21589,14642,15800,10046,12275,3040,5299,183124,176089,22960,22574,35593,34650,12545,19,22
2021-11-01T23:59:59+01:00,2117,2016,14664,13499,17486,15866,18990,18630,21929,21791,23157,22010,14838,16036,10167,12423,3106,5417,1827,1727,13582,12652,16603,15077,18335,17951,21389,21225,22737,21585,14641,15799,10045,12273,3040,5299,183064,176021,22960,22572,35593,34650,12522,19,22
2021-10-31T23:59:59+01:00,2117,2016,14664,13499,17486,15866,18990,18630,21929,21791,23157,22010,14838,16035,10167,12423,3106,5417,1827,1727,13582,12652,16603,15077,18335,17951,21389,21225,22737,21585,14641,15799,10045,12273,3040,5299,183063,176021,22960,22572,35593,34650,12522,19,22
2021-10-30T23:59:59+02:00,2117,2016,14663,13499,17486,15866,18990,18630,21927,21791,23157,22010,14837,16034,10167,12422,3106,5417,1825,1726,13582,12652,16602,15077,18335,17950,21388,21224,22737,21585,14641,15798,10045,12273,3039,5299,183057,176012,22960,22572,35593,34650,12522,19,22
2021-10-29T23:59:59+02:00,2107,2003,14575,13442,17390,15815,18909,18596,21881,21762,23134,21993,14835,16030,10167,12421,3105,5417,1819,1724,13564,12640,16593,15066,18322,17943,21380,21216,22734,21577,14640,15797,10043,12272,3039,5299,182511,175908,22958,22571,35593,34650,12517,19,22
2021-10-28T23:59:59+02:00,2092,1976,14464,13357,17262,15738,18831,18540,21813,21708,23097,21971,14828,16024,10163,12420,3105,5411,1806,1712,13527,12610,16555,15035,18290,17914,21360,21195,22715,21565,14631,15788,10041,12266,3039,5298,181820,175679,22958,22570,35593,34650,12426,19,22
2021-10-27T23:59:59+02:00,2080,1972,14439,13341,17237,15715,18806,18524,21795,21698,23085,21966,14827,16017,10156,12412,3103,5411,1798,1707,13486,12573,16525,15017,18266,17894,21338,21182,22702,21558,14628,15779,10037,12261,3039,5296,181665,175477,22956,22570,35593,34650,12367,19,22
2021-10-26T23:59:59+02:00,2074,1967,14434,13334,17235,15707,18794,18518,21790,21696,23081,21965,14823,16017,10156,12412,3103,5410,1790,1701,13468,12550,16519,15005,18261,17887,21331,21176,22699,21556,14625,15777,10032,12258,3038,5296,181600,175361,22954,22570,35593,34650,12366,19,22
2021-10-25T23:59:59+02:00,2074,1967,14430,13331,17231,15706,18793,18515,21787,21695,23080,21965,14823,16017,10156,12411,3102,5410,1789,1701,13465,12549,16516,15003,18260,17885,21328,21175,22698,21556,14625,15777,10032,12257,3037,5296,181595,175360,22954,22570,35593,34649,12348,19,22
2021-10-24T23:59:59+02:00,2074,1965,14427,13330,17228,15706,18792,18514,21786,21695,23080,21964,14821,16017,10156,12411,3102,5409,1788,1701,13465,12549,16515,15003,18259,17885,21327,21175,22696,21554,14623,15774,10031,12254,3035,5287,181581,175333,22953,22570,35593,34649,12347,19,22
2021-10-23T23:59:59+02:00,2074,1965,14426,13330,17226,15705,18792,18514,21785,21695,23080,21964,14821,16017,10156,12411,3102,5408,1788,1701,13465,12549,16515,15003,18259,17885,21327,21175,22696,21554,14623,15774,10031,12254,3035,5287,181575,175333,22953,22570,35593,34649,12347,19,22
2021-10-22T23:59:59+02:00,2054,1938,14365,13289,17169,15655,18749,18481,21753,21669,23061,21953,14815,16010,10155,12411,3102,5407,1774,1687,13433,12522,16494,14982,18244,17866,21315,21158,22690,21546,14622,15770,10028,12253,3034,5286,181143,175123,22951,22564,35593,34649,12346,19,22
2021-10-21T23:59:59+02:00,2045,1922,14298,13250,17106,15611,18709,18449,21730,21642,23036,21937,14811,16008,10152,12406,3100,5404,1764,1673,13390,12500,16462,14952,18221,17840,21306,21147,22677,21530,14617,15764,10026,12245,3033,5285,180763,174889,22949,22564,35593,34649,12308,19,22
2021-10-20T23:59:59+02:00,2030,1911,14276,13238,17093,15592,18697,18435,21721,21634,23028,21934,14808,16003,10151,12400,3098,5402,1749,1649,13327,12449,16427,14916,18194,17798,21293,21127,22658,21514,14611,15753,10020,12240,3031,5280,180603,174498,22949,22564,35593,34649,12303,19,22
2021-10-19T23:59:59+02:00,2016,1901,14260,13224,17082,15578,18692,18429,21714,21629,23019,21928,14803,15995,10148,12398,3098,5401,1738,1647,13305,12420,16412,14893,18183,17785,21280,21115,22649,21504,14610,15744,10014,12237,3029,5279,180490,174329,22949,22564,35593,34649,12280,19,22
2021-10-18T23:59:59+02:00,2002,1888,14241,13200,17066,15568,18687,18423,21707,21620,23014,21925,14799,15992,10148,12397,3098,5400,1729,1636,13282,12387,16395,14866,18168,17776,21271,21107,22643,21503,14604,15744,10009,12231,3027,5278,180374,174181,22948,22547,35593,34649,12257,19,22
2021-10-17T23:59:59+02:00,2001,1886,14241,13198,17064,15568,18687,18421,21705,21615,23014,21922,14799,15989,10148,12396,3097,5400,1728,1633,13281,12382,16389,14862,18166,17770,21268,21102,22641,21500,14603,15743,10008,12229,3025,5275,180352,174130,22948,22547,35591,34649,12257,19,22
2021-10-16T23:59:59+02:00,2001,1886,14241,13198,17064,15568,18687,18421,21705,21615,23014,21922,14799,15989,10148,12396,3097,5400,1728,1633,13281,12382,16389,14861,18166,17770,21268,21102,22641,21500,14602,15743,10008,12229,3025,5275,180352,174128,22948,22547,35591,34649,12257,19,22
2021-10-15T23:59:59+02:00,1994,1873,14198,13165,17031,15539,18668,18403,21689,21603,23005,21915,14798,15985,10147,12392,3097,5398,1684,1605,13215,12316,16341,14809,18131,17742,21240,21070,22620,21482,14592,15730,10004,12222,3024,5270,180129,173658,22928,22519,35591,34649,12249,19,22
2021-10-14T23:59:59+02:00,1982,1860,14144,13127,16983,15495,18639,18375,21667,21590,22991,21901,14788,15975,10146,12389,3093,5393,1625,1554,13098,12188,16284,14727,18068,17669,21200,21020,22587,21442,14576,15714,9997,12210,3022,5265,179791,172879,22908,22452,35591,34649,12245,19,21
2021-10-13T23:59:59+02:00,1972,1849,14112,13091,16961,15460,18615,18354,21656,21580,22979,21895,14783,15968,10144,12386,3093,5389,1604,1536,13053,12133,16241,14669,18030,17625,21180,20999,22567,21426,14566,15702,9992,12204,3018,5259,179571,172468,22908,22452,35591,34649,12214,19,21
2021-10-12T23:59:59+02:00,1965,1840,14089,13080,16943,15448,18608,18342,21649,21573,22975,21887,14780,15966,10144,12384,3093,5388,1596,1521,13027,12105,16220,14647,18017,17610,21171,20990,22558,21420,14558,15697,9990,12203,3017,5257,179466,172296,22908,22452,35591,34649,12186,19,21
2021-10-11T23:59:59+02:00,1952,1835,14069,13055,16935,15444,18602,18331,21643,21567,22969,21882,14778,15964,10143,12381,3093,5387,1592,1510,12997,12084,16202,14626,18000,17585,21160,20975,22554,21409,14553,15693,9986,12200,3017,5256,179346,172095,22908,22452,35591,34649,12182,19,21
2021-10-10T23:59:59+02:00,1948,1834,14062,13048,16924,15441,18595,18325,21641,21564,22966,21878,14777,15963,10143,12381,3093,5387,1588,1504,12985,12069,16184,14620,17992,17578,21158,20971,22548,21401,14550,15688,9985,12197,3016,5255,179315,172015,22908,22451,35591,34649,12153,19,21
2021-10-09T23:59:59+02:00,1948,1834,14061,13047,16923,15441,18595,18325,21641,21563,22966,21878,14777,15963,10143,12381,3093,5387,1588,1504,12985,12069,16184,14620,17992,17578,21158,20971,22548,21401,14550,15688,9985,12197,3016,5255,179311,172015,22908,22451,35591,34649,12153,19,21
2021-10-08T23:59:59+02:00,1934,1821,14008,13020,16894,15427,18576,18304,21621,21546,22952,21864,14772,15961,10138,12379,3093,5386,1565,1481,12938,12029,16157,14588,17958,17548,21133,20935,22529,21390,14546,15681,9983,12191,3016,5252,179041,171647,22908,22450,35591,34649,12153,19,21
2021-10-07T23:59:59+02:00,1912,1803,13959,12971,16854,15399,18543,18273,21593,21524,22932,21853,14767,15953,10132,12372,3092,5383,1532,1436,12871,11945,16104,14521,17912,17501,21097,20894,22510,21369,14533,15665,9974,12181,3015,5246,178674,171047,22908,22450,35591,34649,12139,19,21
2021-10-06T23:59:59+02:00,1904,1795,13917,12931,16848,15393,18540,18266,21590,21519,22925,21846,14764,15949,10130,12369,3091,5383,1515,1427,12836,11914,16099,14497,17904,17484,21085,20888,22505,21366,14532,15657,9972,12178,3015,5244,178526,170863,22905,22450,35591,34649,12135,19,21
2021-10-05T23:59:59+02:00,1890,1781,13883,12899,16817,15364,18512,18252,21572,21501,22918,21834,14752,15939,10126,12363,3091,5382,1498,1409,12776,11855,16052,14450,17865,17448,21061,20861,22486,21342,14519,15644,9971,12172,3013,5242,178320,170488,22903,22447,35591,34649,12059,19,21
2021-10-04T23:59:59+02:00,1877,1768,13860,12868,16802,15352,18501,18236,21563,21494,22910,21825,14748,15936,10123,12362,3091,5381,1492,1393,12730,11823,16024,14419,17850,17427,21049,20842,22482,21329,14514,15635,9970,12168,3011,5239,178172,170252,22903,22447,35591,34649,12028,19,21
2021-10-03T23:59:59+02:00,1876,1768,13858,12867,16801,15349,18501,18235,21561,21493,22909,21825,14748,15936,10123,12362,3091,5380,1492,1393,12729,11820,16018,14416,17849,17424,21048,20839,22482,21327,14514,15635,9968,12168,3011,5238,178161,170231,22903,22447,35591,34648,12025,19,20
2021-10-02T23:59:59+02:00,1875,1768,13857,12867,16801,15349,18501,18235,21561,21491,22908,21825,14748,15935,10123,12362,3090,5380,1492,1393,12728,11820,16018,14416,17849,17424,21048,20839,22482,21327,14514,15634,9968,12167,3011,5238,178154,170228,22903,22447,35591,34648,12025,19,20
2021-10-01T23:59:59+02:00,1867,1756,13820,12836,16762,15324,18476,18209,21540,21469,22892,21821,14744,15934,10120,12360,3089,5379,1480,1385,12695,11796,15986,14389,17826,17404,21025,20824,22467,21318,14510,15633,9966,12166,3010,5238,177932,170033,22902,22447,35591,34648,11970,19,20
2021-09-30T23:59:59+02:00,1849,1738,13752,12793,16700,15276,18441,18168,21512,21447,22868,21800,14730,15926,10118,12353,3087,5377,1460,1352,12615,11734,15925,14323,17799,17354,20986,20797,22435,21303,14490,15618,9961,12159,3009,5236,177581,169583,22902,22447,35591,34648,11858,19,20
2021-09-29T23:59:59+02:00,1838,1726,13700,12754,16661,15241,18412,18138,21489,21428,22853,21780,14724,15918,10114,12347,3085,5376,1447,1337,12572,11695,15888,14282,17775,17329,20971,20780,22428,21296,14489,15611,9959,12153,3008,5233,177289,169338,22901,22447,35591,34648,11800,19,20
2021-09-28T23:59:59+02:00,1829,1722,13688,12726,16655,15228,18399,18128,21481,21419,22848,21778,14722,15912,10110,12344,3082,5372,1418,1314,12535,11658,15867,14261,17759,17309,20955,20765,22422,21287,14486,15608,9959,12149,3006,5231,177149,169077,22901,22447,35591,34648,11797,19,20
2021-09-27T23:59:59+02:00,1822,1716,13671,12695,16642,15209,18388,18114,21468,21410,22844,21770,14720,15907,10107,12341,3080,5371,1406,1304,12521,11626,15843,14247,17748,17297,20951,20759,22416,21281,14481,15600,9958,12147,3005,5228,176988,168911,22899,22447,35591,34648,11792,19,20
2021-09-26T23:59:59+02:00,1813,1713,13655,12680,16631,15200,18379,18110,21462,21396,22834,21766,14719,15903,10104,12334,3077,5366,1405,1299,12509,11616,15836,14243,17743,17296,20949,20755,22414,21279,14480,15599,9956,12145,3004,5228,176858,168853,22899,22446,35591,34648,11789,19,20
2021-09-25T23:59:59+02:00,1813,1713,13655,12680,16631,15200,18379,18110,21462,21396,22834,21766,14719,15903,10104,12334,3077,5366,1405,1299,12509,11615,15836,14243,17743,17296,20949,20755,22414,21279,14480,15599,9956,12145,3004,5228,176858,168852,22899,22446,35591,34648,11789,19,20
2021-09-24T23:59:59+02:00,1801,1707,13618,12624,16596,15163,18353,18089,21441,21373,22816,21756,14715,15898,10102,12331,3077,5365,1389,1285,12478,11572,15806,14210,17721,17269,20929,20741,22398,21267,14472,15590,9950,12139,3003,5226,176617,168617,22898,22446,35591,34648,11714,19,20
2021-09-23T23:59:59+02:00,1777,1687,13558,12563,16546,15105,18310,18048,21405,21341,22795,21727,14707,15888,10099,12324,3076,5357,1380,1278,12441,11542,15783,14183,17700,17255,20905,20728,22382,21255,14463,15581,9943,12136,3002,5222,176169,168415,22898,22446,35591,34648,11650,19,20
2021-09-22T23:59:59+02:00,1764,1672,13503,12518,16517,15072,18290,18011,21394,21320,22782,21717,14692,15879,10094,12320,3071,5353,1376,1273,12402,11518,15759,14162,17681,17227,20896,20708,22372,21244,14454,15569,9940,12131,3002,5222,175830,168176,22897,22446,35591,34648,11646,19,20
2021-09-21T23:59:59+02:00,1758,1668,13467,12496,16482,15044,18272,17981,21381,21301,22774,21708,14689,15870,10085,12317,3070,5348,1372,1266,12373,11495,15741,14137,17664,17203,20884,20697,22365,21233,14452,15564,9939,12125,3001,5221,175647,168050,22897,22444,35591,34648,11570,19,20
2021-09-20T23:59:59+02:00,1751,1662,13445,12471,16465,15020,18252,17966,21365,21291,22772,21701,14682,15863,10083,12309,3070,5346,1369,1262,12360,11483,15736,14122,17654,17193,20879,20690,22364,21229,14446,15555,9937,12123,3001,5219,175511,167991,22882,22439,35591,34648,11524,19,20
2021-09-19T23:59:59+02:00,1748,1656,13427,12455,16440,14996,18237,17962,21358,21283,22763,21691,14673,15858,10079,12304,3068,5341,1368,1262,12354,11480,15720,14105,17642,17191,20874,20684,22357,21225,14438,15553,9935,12119,3000,5218,175424,167982,22882,22438,35590,34648,11437,19,20
2021-09-18T23:59:59+02:00,1748,1653,13417,12450,16434,14990,18232,17956,21357,21281,22761,21690,14673,15858,10079,12304,3068,5340,1290,1187,12215,11307,15645,13993,17585,17120,20829,20646,22333,21197,14427,15538,9925,12107,3000,5216,175382,167023,22882,22438,35590,34648,11431,19,20
2021-09-17T23:59:59+02:00,1705,1606,13306,12351,16373,14908,18173,17892,21314,21232,22732,21664,14662,15842,10071,12292,3066,5334,1283,1182,12167,11259,15605,13961,17531,17069,20814,20622,22317,21179,14423,15526,9920,12101,2999,5215,174771,166934,22779,22195,35590,34648,11376,19,20
2021-09-16T23:59:59+02:00,1671,1562,13216,12254,16317,14827,18113,17831,21270,21177,22702,21628,14647,15823,10055,12280,3063,5330,1274,1177,12139,11235,15589,13944,17510,17045,20811,20604,22308,21168,14421,15522,9916,12099,2999,5214,174055,166777,22779,22195,35590,34648,11335,19,20
2021-09-15T23:59:59+02:00,1650,1544,13163,12216,16282,14796,18089,17796,21248,21151,22692,21615,14639,15810,10045,12273,3059,5320,1272,1169,12112,11218,15561,13921,17495,17017,20796,20589,22297,21156,14413,15517,9912,12098,2999,5210,173752,166629,22779,22195,35590,34648,11260,19,20
2021-09-14T23:59:59+02:00,1639,1532,13118,12179,16257,14772,18065,17769,21239,21129,22677,21605,14633,15799,10035,12265,3058,5319,1260,1162,12081,11181,15541,13898,17471,16990,20782,20573,22288,21140,14402,15511,9905,12098,2999,5209,173502,166415,22778,22195,35590,34648,11213,19,20
2021-09-13T23:59:59+02:00,1624,1515,13055,12130,16220,14734,18032,17734,21218,21105,22656,21588,14625,15794,10030,12257,3057,5318,1251,1156,12043,11150,15517,13873,17456,16977,20770,20559,22268,21134,14399,15503,9902,12092,2997,5207,173178,166251,22778,22195,35589,34648,11140,19,20
2021-09-12T23:59:59+02:00,1624,1513,13054,12127,16217,14734,18031,17730,21216,21104,22655,21586,14625,15793,10027,12253,3057,5314,1251,1156,12040,11146,15515,13873,17455,16976,20770,20559,22268,21133,14398,15503,9902,12091,2997,5207,173150,166240,22778,22195,35589,34648,11137,18,20
2021-09-11T23:59:59+02:00,1624,1513,13054,12127,16217,14734,18030,17730,21216,21104,22655,21585,14625,15793,10027,12253,3057,5314,1251,1156,12039,11146,15515,13873,17454,16976,20770,20559,22268,21133,14398,15503,9902,12091,2997,5207,173149,166239,22778,22195,35589,34648,11136,18,20
2021-09-10T23:59:59+02:00,1589,1480,13004,12085,16174,14686,17997,17692,21183,21068,22627,21566,14617,15779,10023,12248,3056,5311,1250,1155,12033,11136,15504,13861,17443,16971,20759,20548,22262,21128,14393,15495,9900,12087,2997,5204,172753,166205,22778,22194,35589,34648,11059,18,20
2021-09-09T23:59:59+02:00,1545,1426,12895,11997,16098,14589,17943,17627,21134,21021,22590,21536,14594,15751,10011,12238,3054,5308,1234,1133,11993,11098,15474,13830,17422,16942,20742,20530,22240,21113,14387,15484,9895,12081,2994,5204,172009,165959,22776,22193,35589,34647,10977,18,20
2021-09-08T23:59:59+02:00,1526,1413,12856,11951,16075,14558,17915,17594,21113,21002,22576,21523,14589,15741,10007,12231,3054,5305,1218,1126,11955,11055,15450,13803,17395,16915,20721,20510,22222,21092,14374,15476,9886,12074,2992,5202,171787,165735,22776,22192,35589,34647,10872,17,20
2021-09-07T23:59:59+02:00,1494,1385,12776,11882,16003,14513,17870,17543,21081,20981,22554,21497,14576,15733,10007,12225,3052,5300,1209,1116,11906,11020,15404,13780,17365,16892,20697,20490,22209,21077,14361,15470,9886,12069,2991,5202,171349,165534,22772,22186,35589,34647,10757,17,20
2021-09-06T23:59:59+02:00,1480,1363,12749,11853,15982,14486,17862,17528,21067,20969,22545,21489,14569,15723,10007,12220,3051,5297,1208,1113,11897,11006,15401,13769,17361,16887,20695,20488,22203,21074,14358,15468,9886,12065,2991,5202,171118,165462,22771,22186,35589,34647,10757,17,20
2021-09-05T23:59:59+02:00,1480,1362,12749,11850,15980,14484,17858,17526,21067,20968,22543,21488,14569,15721,10004,12219,3051,5297,1208,1113,11895,11006,15400,13767,17359,16885,20693,20488,22202,21074,14358,15468,9886,12065,2991,5201,171098,165453,22771,22186,35589,34647,10753,17,20
2021-09-04T23:59:59+02:00,1480,1362,12749,11850,15980,14484,17858,17526,21067,20967,22543,21488,14569,15720,10004,12219,3051,5297,1208,1113,11895,11006,15400,13767,17359,16885,20693,20487,22202,21074,14358,15467,9886,12065,2991,5201,171098,165453,22771,22186,35589,34647,10751,17,20
2021-09-03T23:59:59+02:00,1457,1334,12685,11786,15946,14437,17820,17491,21035,20939,22520,21463,14554,15706,9998,12210,3048,5295,1161,1048,11790,10913,15350,13706,17330,16842,20663,20463,22180,21055,14345,15459,9881,12057,2990,5200,170724,164950,22771,22186,35589,34642,10635,17,20
2021-09-02T23:59:59+02:00,1447,1325,12634,11758,15897,14396,17794,17457,21004,20916,22500,21451,14547,15682,9989,12204,3046,5293,1151,1047,11759,10891,15321,13679,17307,16817,20642,20447,22169,21046,14343,15444,9877,12053,2989,5198,170484,164841,22771,22186,35589,34642,10491,17,20
2021-09-01T23:59:59+02:00,1440,1321,12603,11735,15881,14372,17787,17444,21001,20913,22494,21448,14545,15675,9987,12200,3045,5291,1145,1044,11746,10872,15312,13667,17298,16810,20637,20440,22164,21039,14341,15444,9876,12051,2989,5198,170332,164739,22770,22186,35589,34642,10486,17,20
2021-08-31T23:59:59+02:00,1427,1306,12549,11698,15850,14324,17759,17419,20976,20898,22472,21438,14538,15671,9986,12195,3044,5291,1141,1038,11698,10838,15281,13625,17270,16774,20614,20419,22139,21024,14336,15443,9871,12048,2988,5197,170152,164573,22770,22185,35589,34642,10324,17,20
2021-08-30T23:59:59+02:00,1420,1304,12536,11671,15833,14308,17744,17408,20954,20879,22462,21427,14531,15666,9982,12190,3044,5289,1129,1027,11662,10799,15251,13596,17258,16751,20591,20404,22131,21014,14330,15440,9867,12043,2988,5196,170077,164425,22770,22185,35589,34641,10206,17,20
2021-08-29T23:59:59+02:00,1420,1304,12534,11671,15830,14308,17743,17408,20953,20879,22462,21427,14531,15666,9982,12190,3044,5289,1128,1027,11661,10797,15247,13595,17258,16751,20589,20404,22131,21014,14330,15440,9867,12043,2988,5196,170072,164416,22770,22185,35589,34641,10204,17,20
2021-08-28T23:59:59+02:00,1420,1304,12534,11671,15830,14308,17743,17408,20953,20879,22462,21427,14531,15666,9982,12190,3044,5289,1128,1027,11660,10797,15247,13595,17257,16751,20589,20404,22131,21014,14330,15440,9867,12043,2988,5196,170072,164414,22770,22185,35589,34641,10204,17,20
2021-08-27T23:59:59+02:00,1419,1298,12509,11652,15806,14286,17723,17385,20933,20870,22445,21413,14525,15660,9978,12184,3043,5287,1125,1024,11644,10786,15225,13579,17242,16735,20572,20396,22115,21001,14324,15435,9861,12036,2987,5194,170002,164387,22770,22185,35589,34640,10049,17,20
2021-08-26T23:59:59+02:00,1415,1294,12471,11626,15768,14258,17696,17371,20906,20850,22430,21400,14516,15655,9974,12178,3042,5285,1113,1011,11581,10720,15165,13526,17200,16706,20540,20369,22098,20979,14310,15422,9853,12032,2984,5192,169916,164103,22770,22184,35589,34640,9854,17,20
2021-08-25T23:59:59+02:00,1409,1291,12454,11609,15748,14243,17683,17355,20898,20841,22424,21389,14514,15648,9973,12175,3041,5285,1096,997,11519,10658,15113,13485,17178,16676,20529,20352,22083,20968,14305,15415,9850,12030,2982,5189,169788,163754,22770,22184,35589,34640,9827,17,20
2021-08-24T23:59:59+02:00,1401,1282,12427,11587,15720,14209,17666,17338,20882,20827,22407,21376,14508,15636,9968,12166,3037,5283,1089,991,11487,10635,15079,13447,17152,16660,20508,20329,22058,20958,14297,15403,9844,12022,2981,5187,169685,163613,22770,22184,35589,34640,9670,17,20
2021-08-23T23:59:59+02:00,1399,1278,12398,11570,15689,14183,17633,17320,20852,20817,22391,21362,14491,15623,9965,12162,3036,5282,1075,985,11420,10578,15018,13394,17106,16631,20473,20305,22036,20940,14277,15392,9839,12015,2980,5185,169645,163364,22769,22183,35589,34640,9442,17,20
2021-08-22T23:59:59+02:00,1398,1278,12397,11567,15686,14182,17633,17320,20851,20815,22390,21362,14489,15623,9965,12162,3036,5282,1074,985,11420,10574,15015,13392,17105,16629,20472,20305,22035,20940,14276,15392,9839,12015,2980,5185,169633,163352,22769,22182,35589,34640,9439,17,20
2021-08-21T23:59:59+02:00,1319,1203,12238,11372,15610,14056,17570,17233,20809,20773,22358,21318,14479,15607,9957,12149,3035,5278,1044,959,11324,10483,14951,13338,17068,16586,20441,20280,22012,20910,14264,15380,9832,12004,2978,5181,168564,162764,22769,22175,35589,34640,9436,17,20
2021-08-20T23:59:59+02:00,1313,1203,12215,11345,15595,14041,17547,17214,20802,20763,22349,21311,14476,15599,9957,12146,3035,5278,1036,954,11218,10408,14860,13263,16967,16478,20380,20225,21977,20877,14252,15361,9823,11999,2977,5181,168560,162680,22602,21478,35589,34626,9432,17,20
2021-08-19T23:59:59+02:00,1309,1199,12148,11294,15501,13991,17468,17159,20751,20724,22311,21268,14458,15584,9948,12133,3034,5274,1024,941,11114,10310,14751,13187,16865,16401,20321,20177,21936,20825,14229,15346,9814,11986,2975,5174,168443,162340,22602,21478,35589,34625,8913,17,20
2021-08-18T23:59:59+02:00,1302,1197,12127,11280,15490,13980,17462,17148,20741,20714,22309,21260,14456,15579,9946,12132,3034,5274,1012,935,11073,10270,14720,13162,16835,16372,20306,20164,21925,20821,14222,15339,9813,11985,2975,5174,168325,162072,22602,21478,35589,34625,8908,17,20
2021-08-17T23:59:59+02:00,1293,1191,12094,11255,15461,13954,17441,17123,20722,20703,22300,21245,14448,15574,9938,12129,3033,5273,998,923,10977,10202,14665,13104,16791,16329,20275,20140,21903,20798,14215,15331,9806,11975,2972,5174,168169,161648,22602,21476,35589,34624,8810,17,20
2021-08-16T23:59:59+02:00,1290,1187,12070,11230,15441,13931,17425,17106,20699,20679,22281,21236,14438,15563,9936,12126,3031,5272,978,905,10908,10129,14604,13040,16753,16291,20238,20105,21879,20778,14198,15318,9801,11961,2967,5171,168105,161267,22602,21475,35589,34624,8638,17,20
2021-08-15T23:59:59+02:00,1289,1187,12067,11229,15440,13929,17424,17105,20698,20678,22279,21235,14438,15563,9936,12126,3031,5271,977,905,10906,10119,14593,13035,16749,16289,20235,20104,21879,20778,14198,15318,9801,11961,2967,5171,168089,161229,22602,21474,35589,34624,8638,17,20
2021-08-14T23:59:59+02:00,1289,1187,12067,11228,15439,13929,17424,17105,20698,20678,22279,21235,14438,15563,9936,12126,3031,5271,964,901,10871,10084,14565,13012,16733,16272,20229,20095,21874,20774,14198,15318,9801,11961,2966,5171,168089,161034,22602,21474,35588,34624,8637,17,20
2021-08-13T23:59:59+02:00,1220,1113,11972,11124,15401,13885,17392,17059,20669,20652,22253,21211,14430,15552,9929,12119,3030,5269,942,891,10801,10023,14522,12953,16692,16235,20212,20073,21856,20759,14192,15305,9797,11953,2965,5170,167536,160677,22602,21473,35588,34624,8547,17,20
2021-08-12T23:59:59+02:00,1217,1108,11950,11114,15374,13865,17368,17030,20646,20636,22230,21187,14419,15540,9921,12111,3030,5266,928,878,10728,9953,14465,12888,16640,16190,20183,20050,21824,20729,14179,15290,9787,11941,2963,5166,167453,160304,22602,21472,35588,34624,8362,17,20
2021-08-11T23:59:59+02:00,1204,1101,11926,11090,15360,13854,17352,17017,20637,20625,22223,21176,14411,15535,9912,12106,3029,5264,884,853,10618,9847,14384,12800,16603,16146,20149,20022,21800,20717,14166,15275,9775,11928,2961,5162,167263,159616,22602,21469,35588,34623,8362,17,20
2021-08-10T23:59:59+02:00,1204,1089,11903,11073,15337,13838,17331,17003,20620,20611,22206,21164,14400,15530,9910,12102,3029,5262,872,842,10564,9795,14337,12764,16564,16123,20124,19998,21777,20695,14152,15263,9772,11925,2961,5158,167178,159338,22602,21468,35588,34623,8237,17,20
2021-08-09T23:59:59+02:00,1200,1082,11871,11043,15317,13819,17315,16983,20608,20601,22187,21154,14389,15526,9906,12096,3029,5260,863,828,10512,9736,14293,12729,16530,16092,20106,19982,21759,20687,14139,15255,9764,11918,2961,5153,167057,159065,22602,21468,35588,34622,8132,17,20
2021-08-08T23:59:59+02:00,1196,1081,11867,11038,15314,13817,17311,16980,20605,20596,22185,21153,14389,15524,9905,12095,3029,5260,863,828,10508,9735,14289,12723,16526,16088,20105,19981,21757,20686,14137,15255,9764,11918,2961,5153,167016,159038,22602,21465,35588,34622,8132,17,20
2021-08-07T23:59:59+02:00,1196,1081,11865,11036,15312,13812,17310,16978,20604,20594,22184,21153,14389,15523,9905,12094,3029,5260,863,828,10507,9734,14288,12722,16526,16086,20104,19980,21757,20683,14136,15255,9764,11918,2961,5153,166996,159026,22602,21465,35588,34622,8132,17,20
2021-08-06T23:59:59+02:00,1194,1079,11847,11026,15283,13799,17285,16963,20584,20576,22173,21143,14386,15519,9903,12090,3029,5260,863,828,10488,9723,14254,12709,16501,16070,20084,19965,21746,20674,14132,15251,9762,11914,2961,5153,166982,159014,22602,21464,35588,34621,7959,17,20
2021-08-05T23:59:59+02:00,1185,1070,11806,10994,15249,13776,17257,16929,20554,20556,22142,21124,14373,15500,9898,12082,3025,5259,863,828,10461,9710,14225,12688,16481,16050,20053,19950,21721,20659,14121,15240,9757,11909,2958,5152,166839,158984,22602,21461,35588,34620,7741,17,20
2021-08-04T23:59:59+02:00,1172,1061,11777,10962,15236,13759,17242,16916,20543,20544,22132,21111,14366,15495,9894,12080,3024,5258,862,828,10451,9694,14212,12678,16466,16043,20043,19942,21715,20657,14118,15239,9756,11909,2957,5151,166635,158908,22600,21432,35587,34620,7741,17,20
2021-08-03T23:59:59+02:00,1166,1056,11734,10928,15197,13731,17217,16884,20521,20524,22111,21089,14354,15477,9890,12077,3023,5257,861,823,10413,9674,14179,12661,16446,16023,20024,19930,21697,20644,14111,15221,9752,11907,2957,5151,166499,158864,22600,21430,35586,34618,7542,17,20
2021-08-02T23:59:59+02:00,1163,1054,11715,10911,15175,13709,17202,16865,20503,20514,22102,21078,14343,15466,9884,12075,3023,5255,861,822,10394,9659,14159,12639,16430,16004,20004,19921,21689,20632,14102,15209,9746,11905,2957,5149,166448,158822,22600,21429,35586,34617,7394,17,20
2021-08-01T23:59:59+02:00,1163,1054,11714,10907,15175,13709,17201,16864,20503,20513,22100,21078,14343,15465,9884,12075,3023,5254,861,822,10392,9658,14153,12638,16427,16004,20003,19920,21688,20631,14102,15209,9746,11905,2957,5149,166437,158808,22599,21427,35586,34616,7394,17,20
2021-07-31T23:59:59+02:00,1163,1054,11714,10907,15175,13709,17201,16864,20502,20513,22100,21078,14343,15465,9884,12075,3023,5254,861,822,10392,9657,14149,12634,16427,16004,20002,19918,21688,20631,14102,15209,9746,11905,2957,5149,166436,158797,22599,21426,35586,34616,7394,17,20
2021-07-30T23:59:59+02:00,1163,1054,11680,10893,15141,13686,17166,16836,20475,20494,22062,21059,14326,15457,9878,12067,3022,5253,861,820,10359,9645,14115,12610,16392,15976,19975,19899,21650,20611,14084,15201,9740,11897,2956,5148,166432,158793,22599,21426,35586,34614,7086,17,20
2021-07-29T23:59:59+02:00,1151,1046,11648,10864,15118,13664,17156,16823,20467,20483,22053,21053,14323,15456,9875,12065,3019,5252,860,818,10354,9637,14096,12602,16379,15967,19972,19897,21645,20610,14082,15198,9740,11897,2956,5148,166241,158721,22599,21424,35586,34612,7081,17,20
2021-07-28T23:59:59+02:00,1136,1040,11613,10819,15089,13634,17137,16804,20459,20470,22042,21045,14319,15454,9872,12063,3018,5251,859,817,10342,9627,14075,12586,16366,15957,19964,19893,21642,20608,14080,15195,9740,11896,2956,5148,166014,158640,22598,21423,35586,34610,7058,17,20
2021-07-27T23:59:59+02:00,1133,1039,11589,10804,15066,13616,17118,16794,20445,20451,22024,21025,14310,15441,9865,12059,3017,5249,858,817,10316,9617,14049,12561,16348,15946,19950,19874,21625,20587,14072,15183,9733,11892,2955,5147,165986,158611,22598,21423,35586,34610,6866,17,20
2021-07-26T23:59:59+02:00,1127,1027,11534,10743,15021,13578,17091,16772,20410,20420,21995,21009,14293,15432,9858,12051,3017,5248,858,815,10278,9591,14015,12531,16322,15930,19912,19839,21574,20558,14054,15173,9725,11883,2955,5146,165815,158548,22597,21422,35586,34550,6619,17,20
2021-07-25T23:59:59+02:00,1126,1026,11532,10739,15017,13577,17090,16771,20409,20420,21995,21009,14292,15432,9858,12051,3017,5248,858,815,10275,9578,14009,12524,16318,15928,19910,19839,21573,20558,14054,15173,9725,11883,2955,5145,165801,158512,22594,21419,35586,34550,6619,17,20
2021-07-24T23:59:59+02:00,1126,1026,11529,10737,15015,13575,17090,16770,20407,20418,21995,21008,14292,15432,9858,12051,3017,5248,858,815,10156,9468,13842,12380,15893,15563,19761,19716,21555,20532,14040,15158,9718,11875,2955,5144,165794,158488,22588,19754,35586,34550,6617,17,20
2021-07-23T23:59:59+02:00,1102,1013,11416,10663,14931,13515,17037,16716,20365,20365,21956,20971,14276,15412,9847,12043,3015,5247,785,745,8417,8104,12436,11273,15401,15123,19471,19391,21340,20339,13963,15075,9660,11825,2950,5140,165377,150845,22588,19753,35586,34493,6327,17,20
2021-07-22T23:59:59+02:00,1080,1006,11348,10595,14873,13467,16999,16690,20345,20334,21939,20946,14251,15397,9830,12033,3013,5244,706,671,7890,7630,11813,10774,14677,14519,19275,19219,21182,20163,13884,14989,9628,11776,2942,5128,165021,146433,22588,19751,35586,34480,6182,17,20
2021-07-21T23:59:59+02:00,1067,997,11304,10545,14835,13434,16967,16661,20327,20315,21921,20935,14240,15392,9828,12025,3011,5242,706,670,7885,7622,11800,10764,14670,14517,19268,19218,21127,20126,13881,14987,9628,11775,2941,5126,164682,146394,22588,19742,35586,34378,6177,17,20
2021-07-20T23:59:59+02:00,1054,982,11253,10505,14804,13407,16934,16644,20302,20294,21894,20917,14229,15379,9826,12019,3010,5241,706,670,7874,7616,11785,10755,14663,14510,19258,19214,21118,20122,13880,14985,9628,11775,2941,5126,164373,146360,22588,19742,35586,34370,6134,17,20
2021-07-19T23:59:59+02:00,1041,966,11203,10455,14775,13374,16912,16624,20283,20274,21881,20909,14223,15375,9822,12010,3008,5237,706,670,7869,7613,11778,10752,14659,14509,19255,19214,21104,20106,13878,14983,9627,11773,2941,5126,164053,146332,22588,19740,35586,34339,6132,17,20
2021-07-18T23:59:59+02:00,1041,966,11202,10455,14774,13372,16910,16622,20283,20272,21881,20909,14222,15375,9822,12010,3008,5237,706,670,7866,7609,11769,10745,14655,14506,19253,19213,21093,20101,13878,14983,9627,11773,2941,5126,164042,146303,22588,19739,35586,34320,6132,17,20
2021-07-17T23:59:59+02:00,1039,966,11156,10428,14715,13328,16872,16593,20247,20258,21855,20886,14211,15362,9819,12007,3008,5236,706,670,7790,7550,11625,10615,14462,14339,18825,18894,20892,19926,13850,14942,9612,11750,2938,5120,164013,146295,22581,18077,35585,34320,5794,17,20
2021-07-16T23:59:59+02:00,1018,949,10964,10289,14611,13231,16771,16515,20170,20193,21802,20838,14184,15337,9804,12000,3004,5231,691,649,7519,7351,10701,9985,13995,14029,18599,18698,20029,19267,13684,14728,9503,11618,2922,5096,163689,142866,22044,18067,35585,32532,5579,17,20
2021-07-15T23:59:59+02:00,994,933,10907,10226,14574,13199,16745,16494,20155,20176,21792,20829,14179,15333,9799,11996,3004,5227,686,642,7093,6984,8476,8247,13533,13636,18538,18639,19887,19130,13552,14588,9450,11556,2921,5086,163350,136498,22043,18062,35585,32494,5570,17,20
2021-07-14T23:59:59+02:00,968,915,10830,10140,14508,13138,16705,16449,20118,20141,21766,20807,14165,15320,9786,11981,3000,5225,643,602,6549,6530,7387,7379,12963,13187,18440,18546,19780,19041,13522,14551,9433,11539,2919,5083,162854,132119,22043,18058,35585,32431,5466,17,20
2021-07-13T23:59:59+02:00,949,894,10749,10068,14462,13094,16677,16417,20094,20120,21755,20794,14158,15309,9783,11974,2998,5223,643,602,6299,6254,6925,6991,12647,12920,18423,18524,19735,19004,13407,14442,9430,11535,2919,5080,162416,132072,22040,15799,35585,32426,5463,17,20
2021-07-12T23:59:59+02:00,929,882,10694,10018,14415,13049,16634,16387,20078,20108,21748,20788,14156,15303,9779,11970,2998,5220,634,596,6160,6160,6768,6870,12352,12674,17725,17958,19637,18924,13373,14415,9412,11513,2919,5076,162116,129527,22039,15795,35585,32422,5402,17,20
2021-07-11T23:59:59+02:00,929,882,10693,10017,14413,13048,16633,16387,20076,20108,21748,20788,14155,15303,9779,11970,2998,5220,634,596,6156,6156,6764,6868,12351,12674,17725,17958,19636,18923,13372,14415,9412,11512,2918,5074,162111,129516,22039,15795,35585,32415,5398,17,20
2021-07-10T23:59:59+02:00,926,877,10686,10005,14406,13041,16626,16387,20074,20101,21743,20783,14155,15302,9779,11970,2998,5220,634,595,6149,6148,6754,6863,12348,12670,17724,17953,19631,18920,13371,14414,9412,11512,2918,5074,162047,129465,22038,15795,35585,32415,5395,17,20
2021-07-09T23:59:59+02:00,912,861,10635,9962,14372,13013,16590,16358,20039,20079,21715,20761,14136,15287,9764,11962,2997,5217,24,17,5339,5414,6621,6763,12188,12567,17491,17848,19424,18788,13307,14341,9385,11493,2915,5071,161862,126559,22037,15795,35585,31461,5161,17,20
2021-07-08T23:59:59+02:00,910,861,10575,9918,14286,12957,16525,16308,19987,20032,21687,20737,14121,15270,9758,11949,2996,5211,16,11,5210,5306,6405,6585,11746,12225,16980,17475,19164,18600,13244,14257,9359,11457,2909,5059,161840,124631,22036,15792,35585,30954,4612,17,19
2021-07-07T23:59:59+02:00,909,861,10572,9911,14282,12952,16524,16306,19986,20029,21686,20736,14121,15270,9758,11949,2996,5211,13,10,5069,5124,5932,6178,10542,11243,16925,17410,19109,18555,13226,14234,9350,11454,2905,5049,161822,120964,22033,15790,35585,30951,4604,17,19
2021-07-06T23:59:59+02:00,909,861,10569,9910,14276,12948,16522,16306,19986,20029,21686,20735,14121,15268,9758,11949,2996,5211,13,10,5050,5117,5925,6172,10542,11242,16923,17410,19106,18555,13226,14231,9350,11454,2905,5049,161813,120939,22027,15787,35585,30935,4600,17,19
2021-07-05T23:59:59+02:00,909,861,10563,9905,14258,12945,16513,16305,19985,20029,21685,20735,14121,15268,9758,11949,2996,5211,13,10,5041,5114,5905,6169,10533,11239,16920,17410,19105,18554,13226,14231,9350,11454,2904,5049,161804,120931,22027,15784,35585,30928,4565,17,19
2021-07-04T23:59:59+02:00,909,861,10553,9895,14257,12940,16512,16304,19984,20028,21684,20734,14121,15268,9758,11948,2995,5210,13,10,5008,5076,5819,6091,10407,11125,16913,17407,19104,18549,13221,14229,9348,11449,2901,5047,161794,120455,22026,15783,35585,30919,4541,17,19
2021-07-03T23:59:59+02:00,828,792,8639,8368,12786,11781,16037,15845,19700,19728,21516,20568,14048,15193,9704,11902,2989,5206,7,8,4898,4950,5547,5835,10169,10910,16767,17268,18913,18397,13195,14195,9338,11439,2899,5045,153477,118900,22026,15783,35585,30551,4527,17,19
2021-07-02T23:59:59+02:00,828,790,8638,8362,12780,11777,16034,15844,19698,19728,21516,20568,14047,15192,9704,11901,2988,5205,6,7,4044,4100,4906,5185,9185,9915,16396,16791,18431,17857,12845,13873,9278,11363,2897,5036,153460,114375,22024,15783,35584,27421,4517,17,19
2021-07-01T23:59:59+02:00,808,771,8430,8196,12698,11699,16000,15812,19686,19714,21504,20551,14043,15187,9699,11893,2986,5199,1,1,2229,2429,4474,4810,8688,9481,15765,16248,17878,17415,12787,13807,9248,11307,2882,5006,152764,106791,22024,15780,35584,27378,4489,17,18
2021-06-30T23:59:59+02:00,753,721,8183,8012,12521,11550,15886,15716,19620,19646,21464,20504,14024,15161,9686,11880,2985,5194,0,1,2174,2393,4384,4694,8582,9382,15567,16109,17143,16914,12134,13161,9189,11238,2875,5000,151410,106727,22022,15779,35583,23940,4476,17,18
2021-06-29T23:59:59+02:00,753,721,8175,8005,12517,11542,15882,15716,19618,19646,21464,20504,14024,15161,9686,11880,2985,5194,0,1,2151,2380,4360,4653,8558,9335,15531,16050,17067,16828,11779,12823,9161,11204,2872,4992,151394,106707,22019,15776,35582,22781,4463,17,18
2021-06-28T23:59:59+02:00,753,721,8171,8001,12509,11535,15877,15715,19618,19646,21464,20504,14023,15160,9686,11880,2985,5194,0,1,2143,2354,4312,4538,8483,9173,15410,15770,16900,16557,11471,12519,9138,11177,2871,4988,151374,106694,22018,15776,35582,20864,4453,17,18
2021-06-27T23:59:59+02:00,753,721,8168,7995,12504,11531,15874,15714,19615,19646,21464,20504,14023,15160,9686,11879,2985,5194,0,1,2133,2350,4302,4535,8301,9018,15389,15754,16896,16552,11465,12518,9137,11175,2871,4988,151363,106294,22016,15773,35581,20859,4441,17,18
2021-06-26T23:59:59+02:00,745,717,7957,7785,12026,11122,14751,14721,19365,19447,21360,20385,13980,15109,9673,11850,2982,5191,0,1,2093,2309,4246,4481,8202,8909,15127,15495,16834,16505,11447,12498,9125,11170,2871,4986,148874,105229,20256,15752,35580,20859,4441,17,18
2021-06-25T23:59:59+02:00,726,699,7930,7761,12012,11110,14751,14714,19358,19442,21356,20384,13980,15109,9672,11848,2982,5191,0,0,1964,2133,3954,4176,6677,7477,12464,13296,16758,16416,11419,12469,9114,11147,2865,4972,148733,96345,20256,15671,35580,20827,4441,17,17
2021-06-24T23:59:59+02:00,714,682,7448,7346,10929,10201,14221,14277,19287,19380,21308,20341,13958,15080,9659,11835,2981,5188,0,0,1899,2065,3593,3835,5908,6804,12216,13085,16512,16206,11315,12342,9024,11020,2854,4938,144559,95106,20252,13285,35579,20778,4430,17,17
2021-06-23T23:59:59+02:00,714,682,7446,7340,10923,10197,14220,14276,19286,19379,21308,20340,13958,15080,9659,11835,2981,5188,0,0,1755,1903,3104,3436,4559,5631,11913,12818,16390,16087,11269,12302,9011,10993,2853,4931,144541,90474,20249,13281,35578,20754,4429,17,17
2021-06-22T23:59:59+02:00,714,682,7398,7310,10851,10149,14194,14250,19269,19364,21297,20333,13951,15070,9656,11832,2981,5188,0,0,1706,1872,3023,3382,4518,5597,11884,12779,16322,16036,11061,12112,8759,10692,2844,4900,144524,90453,20249,13275,35576,19617,4125,17,17
2021-06-21T23:59:59+02:00,712,682,7267,7242,10721,10050,13914,13996,18514,18746,21207,20256,13916,15038,9637,11807,2981,5185,0,0,1662,1846,2980,3346,4487,5566,11836,12745,16305,16019,11052,12100,8752,10684,2843,4899,142129,90322,20246,13272,35576,19606,3905,17,17
2021-06-20T23:59:59+02:00,712,682,7267,7236,10715,10047,13913,13996,18514,18746,21207,20256,13916,15038,9637,11807,2981,5185,0,0,1634,1817,2930,3329,4422,5527,11773,12712,16242,15959,11034,12084,8749,10675,2839,4896,142114,89838,20245,13266,35576,19596,3905,17,17
2021-06-19T23:59:59+02:00,712,681,7233,7199,10609,9958,13732,13838,18097,18410,21019,20082,13898,15011,9625,11787,2978,5179,0,0,1603,1783,2890,3284,4344,5457,11436,12422,16204,15920,11025,12074,8747,10670,2837,4894,142071,88835,18481,13238,35576,19595,3905,17,17
2021-06-18T23:59:59+02:00,15,14,6425,6465,10601,9956,13731,13836,18095,18407,21019,20082,13898,15010,9625,11786,2977,5177,0,0,1474,1672,2651,3127,3713,4825,10291,11277,15990,15762,10983,12034,8724,10649,2823,4865,139153,84170,18480,13236,35575,19541,3896,17,17
2021-06-17T23:59:59+02:00,13,13,6355,6398,10483,9850,13406,13533,17707,18084,20907,19983,13879,14973,9613,11772,2969,5171,0,0,1393,1554,2496,2976,3356,4486,8676,9915,15475,15332,10807,11854,8668,10571,2806,4837,137260,78685,18479,13229,35574,19490,3781,17,17
2021-06-16T23:59:59+02:00,13,12,6348,6392,10471,9846,13402,13531,17704,18083,20906,19982,13879,14973,9612,11771,2969,5171,0,0,1340,1509,2393,2898,3171,4307,7587,8974,14976,14946,10725,11743,8632,10524,2795,4821,137224,74858,18476,13225,35574,19464,3777,16,17
2021-06-15T23:59:59+02:00,13,12,6316,6374,10428,9816,13373,13515,17684,18063,20892,19968,13870,14965,9609,11765,2966,5168,0,0,1259,1451,2265,2793,3053,4222,6663,8236,14775,14779,10700,11714,8619,10502,2786,4814,137208,74845,18475,10801,35573,19442,3526,16,17
2021-06-14T23:59:59+02:00,13,12,6298,6355,10392,9790,13351,13495,17667,18045,20873,19957,13859,14956,9606,11763,2966,5163,0,0,1233,1435,2229,2766,3031,4201,6647,8216,14754,14769,10687,11705,8616,10501,2785,4809,137188,74835,18474,10801,35573,19421,3310,16,17
2021-06-13T23:59:59+02:00,13,12,6297,6354,10389,9787,13350,13491,17667,18045,20873,19957,13858,14956,9606,11763,2966,5163,0,0,1229,1430,2225,2756,3021,4191,6629,8199,14653,14704,10674,11682,8610,10489,2782,4809,137176,74541,18474,10801,35573,19416,3308,16,17
2021-06-12T23:59:59+02:00,10,10,5516,5598,10344,9748,13316,13466,17639,18024,20846,19926,13776,14884,9606,11760,2965,5163,0,0,1221,1412,2212,2741,3001,4165,6555,8115,14481,14566,10444,11396,8129,9951,2780,4808,135226,74036,18474,10801,35573,17815,3308,16,17
2021-06-11T23:59:59+02:00,9,10,5512,5591,10334,9741,13300,13454,17632,18019,20841,19924,13776,14883,9606,11758,2965,5163,0,0,1148,1330,2093,2582,2829,3910,5046,6775,12758,13184,10304,11250,8042,9845,2773,4792,135150,66733,18474,10800,35573,17806,3305,16,17
2021-06-10T23:59:59+02:00,3,4,4521,4653,10166,9614,13185,13368,17376,17783,20601,19741,13766,14872,9600,11748,2962,5160,0,0,1093,1268,1979,2473,2667,3733,4439,6135,11586,12194,10003,10925,7957,9760,2761,4767,131837,61897,18470,10799,35573,17799,3228,15,17
2021-06-09T23:59:59+02:00,3,4,3938,4069,9963,9465,13094,13296,17062,17516,20373,19556,13750,14858,9595,11742,2961,5155,0,0,1022,1224,1879,2402,2572,3620,4111,5831,11161,11868,9872,10766,7910,9694,2750,4758,129489,61813,18455,8951,35573,17791,2868,15,17
2021-06-08T23:59:59+02:00,3,4,3926,4063,9947,9453,13082,13289,17055,17507,20365,19554,13748,14855,9594,11739,2960,5153,0,0,975,1216,1856,2383,2543,3606,4085,5811,11148,11865,9868,10760,7909,9692,2749,4756,129469,61687,18452,8943,35572,17786,2789,15,17
2021-06-07T23:59:59+02:00,3,4,3912,4054,9914,9441,13072,13270,17032,17494,20348,19543,13744,14851,9591,11735,2958,5151,0,0,964,1208,1820,2370,2533,3585,4061,5797,11129,11851,9865,10754,7906,9689,2747,4754,129453,61673,18450,8939,35570,17775,2629,15,17
2021-06-06T23:59:59+02:00,3,4,3908,4050,9907,9436,13070,13270,17029,17493,20347,19541,13742,14850,9591,11735,2958,5151,0,0,960,1205,1808,2368,2527,3576,4047,5789,11001,11707,9854,10747,7905,9689,2747,4754,129436,61346,18449,8938,35568,17766,2617,15,17
2021-06-05T23:59:59+02:00,2,1,3616,3752,7418,7432,12829,13085,17000,17463,20303,19500,13627,14707,9516,11644,2954,5139,0,0,886,1134,1646,2270,2362,3495,3820,5647,10100,10866,9465,10292,7792,9533,2739,4734,123470,58072,18449,8938,35568,17268,2486,15,17
2021-06-04T23:59:59+02:00,2,1,3550,3697,7266,7316,12359,12689,16862,17350,20068,19263,13507,14562,9458,11565,2940,5122,0,0,861,1069,1616,2165,2323,3329,3744,5388,9459,10186,8620,9270,7516,9128,2735,4723,121068,56594,18449,8936,35567,14106,2479,14,17
2021-06-03T23:59:59+02:00,2,1,3141,3314,7238,7299,12230,12571,16830,17307,19979,19194,13495,14545,9456,11562,2939,5121,0,0,834,1001,1568,2042,2242,3128,3555,5005,8882,9572,7860,8398,7042,8512,2732,4715,119836,54963,18444,8934,35562,10806,2368,14,17
2021-06-02T23:59:59+02:00,0,1,2759,3001,6082,6359,11924,12335,16769,17256,19855,19087,13432,14489,9434,11541,2937,5113,0,0,819,966,1502,2018,2128,3090,3383,4902,7514,8486,7780,8318,7026,8485,2728,4710,116098,51846,18443,8934,35562,10802,2257,14,16
2021-06-01T23:59:59+02:00,0,1,2475,2700,5598,5925,11595,12053,16743,17233,19804,19050,13308,14367,9427,11537,2936,5110,0,0,802,959,1486,2007,2107,3077,3355,4882,7214,8162,7741,8284,7016,8470,2727,4710,116074,51158,16093,8914,35562,10792,2119,14,16
2021-05-31T23:59:59+02:00,0,1,2460,2695,5580,5916,11566,12031,16707,17221,19763,19028,13305,14363,9424,11535,2936,5108,0,0,786,951,1468,1996,2075,3057,3319,4868,7173,8140,7737,8279,7013,8468,2727,4708,116060,51143,16089,8908,35561,10783,1915,14,16
2021-05-30T23:59:59+02:00,0,1,2456,2693,5577,5913,11566,12030,16704,17220,19761,19027,13305,14363,9424,11535,2936,5108,0,0,785,947,1462,1992,2073,3054,3317,4866,7172,8140,7737,8279,7013,8467,2727,4708,116044,51134,16089,8907,35558,10768,1914,14,16
2021-05-29T23:59:59+02:00,0,1,2442,2679,5413,5759,11499,11975,16696,17214,19754,19026,13304,14360,9422,11535,2936,5108,0,0,749,897,1350,1897,1794,2802,2909,4444,6887,7868,7553,8055,6836,8239,2724,4702,115548,50485,16089,8907,35558,8384,1914,14,16
2021-05-28T23:59:59+02:00,0,1,2310,2554,4994,5366,10804,11356,16631,17152,19728,18998,13293,14344,9402,11506,2934,5099,0,0,728,874,1290,1844,1705,2732,2775,4339,5301,6172,7387,7858,6794,8183,2721,4692,112902,46189,16089,8906,35558,8375,1909,14,16
2021-05-27T23:59:59+02:00,0,1,2290,2534,4943,5299,10137,10787,16591,17120,19713,18987,13283,14334,9400,11504,2934,5099,0,0,675,781,1184,1770,1493,2591,2403,4032,4421,5261,7150,7547,6702,8066,2704,4673,111512,42398,16086,8900,35556,8351,1788,14,16
2021-05-26T23:59:59+02:00,0,1,2252,2473,4769,5123,9701,10427,16539,17067,19645,18933,13269,14315,9389,11502,2930,5086,0,0,659,737,1134,1736,1405,2511,2193,3860,4291,5123,6986,7332,6622,7967,2692,4659,110105,40991,16081,8899,35556,8337,1665,14,15
2021-05-25T23:59:59+02:00,0,1,2249,2464,4739,5106,9675,10400,16514,17049,19631,18925,13264,14313,9386,11499,2930,5086,0,0,652,724,1089,1718,1350,2464,2123,3801,3748,4545,6685,6988,6588,7930,2691,4657,110096,40979,16079,6945,35555,8327,1487,14,15
2021-05-24T23:59:59+02:00,0,1,2241,2457,4727,5100,9666,10394,16487,17028,19604,18900,13253,14301,9383,11489,2929,5083,0,0,643,719,1077,1711,1340,2457,2098,3781,3722,4519,6672,6977,6585,7920,2690,4654,110085,40971,16076,6945,35555,8322,1313,14,14
2021-05-23T23:59:59+02:00,0,1,2225,2429,4638,5026,9533,10272,16483,17027,19603,18898,13251,14298,9380,11485,2927,5082,0,0,642,716,1075,1710,1339,2457,2098,3781,3722,4516,6671,6977,6585,7920,2690,4654,109602,40963,16075,6944,35554,8319,1313,14,14
2021-05-22T23:59:59+02:00,0,1,2205,2410,4629,5009,9453,10191,16460,17013,19551,18855,13223,14268,9377,11479,2927,5081,0,0,641,714,1074,1707,1337,2454,2095,3776,3706,4502,5837,6077,6513,7839,2682,4649,109176,39013,16075,6944,35554,8319,1313,14,14
2021-05-21T23:59:59+02:00,0,1,2171,2377,4519,4922,9254,10014,16431,16980,19536,18848,13213,14259,9375,11477,2922,5070,0,0,630,687,1037,1639,1287,2331,2008,3596,3360,4067,4072,3968,6469,7773,2677,4634,108431,35001,16075,6944,35549,6976,1300,14,14
2021-05-20T23:59:59+02:00,0,1,2142,2336,4436,4862,9032,9782,16381,16928,19483,18797,13184,14225,9357,11460,2921,5065,0,0,576,583,912,1328,1114,1925,1785,3059,2800,3384,3232,3011,6422,7722,2673,4629,107577,33161,16071,6942,35540,3848,1190,14,14
2021-05-19T23:59:59+02:00,0,1,1982,2169,3933,4442,7652,8590,16107,16681,19360,18673,13136,14178,9347,11434,2919,5062,0,0,561,548,876,1271,1083,1875,1759,3004,2750,3339,3224,2999,6418,7719,2673,4628,102961,33132,16067,6939,35538,3556,1086,14,14
2021-05-18T23:59:59+02:00,0,1,1936,2119,3626,4151,6987,7990,15957,16565,19276,18590,13101,14143,9290,11360,2913,5048,0,0,554,544,869,1268,1074,1865,1729,2988,2740,3320,3219,2994,6414,7715,2673,4628,102936,33125,13595,6933,35532,3546,976,14,14
2021-05-17T23:59:59+02:00,0,1,1928,2111,3607,4137,6941,7966,15929,16547,19255,18571,13091,14121,9288,11359,2913,5048,0,0,546,537,849,1252,1031,1841,1701,2970,2717,3299,3207,2975,6414,7714,2673,4628,102928,33119,13592,6932,35530,3540,749,14,14
2021-05-16T23:59:59+02:00,0,1,1923,2108,3599,4131,6754,7802,15906,16528,19249,18566,13085,14120,9287,11358,2913,5048,0,0,546,537,848,1248,1030,1840,1701,2969,2715,3299,3207,2975,6414,7714,2673,4628,102502,33116,13588,6931,35526,3535,748,14,14
2021-05-15T23:59:59+02:00,0,1,1895,2072,3559,4094,6667,7699,15636,16260,19193,18524,13065,14102,9278,11353,2913,5046,0,0,546,537,848,1247,1030,1840,1699,2968,2715,3299,3206,2975,6413,7714,2673,4628,101481,33112,13588,6931,35526,3533,748,14,14
2021-05-14T23:59:59+02:00,0,1,1788,1930,3310,3847,5078,6220,12980,14058,19129,18438,13040,14072,9271,11340,2910,5040,0,0,546,536,844,1247,1030,1840,1698,2967,2709,3297,3201,2969,6410,7711,2673,4627,92590,33093,13588,6929,35524,3533,736,14,14
2021-05-13T23:59:59+02:00,0,1,1762,1882,3271,3798,4966,6119,12773,13873,18968,18309,12964,13977,9238,11289,2910,5039,0,0,540,533,836,1238,1020,1827,1679,2948,2602,3204,2537,2161,4955,5912,2664,4608,91372,30077,13497,4909,35522,3531,734,14,13
2021-05-12T23:59:59+02:00,0,1,1762,1882,3269,3797,4966,6119,12773,13873,18967,18309,12963,13975,9238,11289,2910,5039,0,0,540,533,836,1238,1019,1827,1679,2946,2599,3202,2536,2160,4955,5910,2664,4608,91367,30070,13497,4904,35521,3531,734,13,13
2021-05-11T23:59:59+02:00,0,1,1718,1839,3179,3718,4873,6053,11838,13139,18773,18150,12949,13954,9231,11275,2904,5035,0,0,539,531,832,1233,1018,1823,1677,2945,2589,3197,2534,2158,4953,5909,2663,4608,91354,30053,11024,4892,35512,3525,726,13,13
2021-05-10T23:59:59+02:00,0,1,1701,1836,3172,3713,4865,6048,11837,13138,18772,18150,12949,13954,9231,11275,2904,5035,0,0,538,529,832,1233,1017,1823,1675,2945,2589,3197,2533,2157,4953,5909,2663,4608,91339,30051,11016,4891,35487,3520,726,13,13
2021-05-09T23:59:59+02:00,0,1,1665,1790,3117,3696,4795,6013,11769,13117,18708,18090,12929,13935,9228,11265,2902,5033,0,0,535,525,820,1231,1009,1816,1662,2942,2585,3196,2532,2154,4952,5908,2663,4607,90862,30040,11012,4889,35480,3509,686,13,13
2021-05-08T23:59:59+02:00,0,1,1632,1756,3080,3650,4720,5941,11431,12815,18675,18055,12922,13927,9227,11263,2900,5033,0,0,524,524,813,1230,998,1816,1654,2941,2569,3184,2531,2154,4952,5907,2662,4606,89838,30034,11012,4889,35480,3443,686,12,13
2021-05-07T23:59:59+02:00,0,1,1491,1633,2829,3479,4047,5278,10220,11621,18473,17904,12883,13892,9207,11246,2892,5026,0,0,436,374,689,1003,853,1499,1508,2525,2399,2826,2522,2144,4948,5903,2659,4603,85064,30025,11011,4889,35468,1397,567,12,13
2021-05-06T23:59:59+02:00,0,1,1428,1464,2695,3346,3719,4965,8504,10137,17954,17481,12715,13724,9160,11174,2889,5018,0,0,322,318,581,904,717,1409,1261,2311,2185,2630,2470,2111,4946,5896,2659,4602,79513,30000,11010,4888,35451,33,388,12,13
2021-05-05T23:59:59+02:00,0,1,1372,1388,2606,3273,3542,4790,7350,9119,17447,17084,12628,13611,9128,11129,2880,5003,0,0,322,318,579,903,716,1407,1214,2258,2173,2622,2466,2109,4945,5892,2659,4598,75631,29988,11004,4887,35442,31,262,12,13
2021-05-04T23:59:59+02:00,0,1,1359,1386,2598,3266,3539,4789,7348,9118,17446,17083,12628,13611,9128,11129,2880,5003,0,0,321,316,578,902,714,1407,1214,2258,2173,2622,2464,2107,4945,5892,2659,4597,75619,29980,10992,4886,35428,29,261,12,13
2021-05-03T23:59:59+02:00,0,1,1357,1380,2589,3259,3536,4783,7270,9058,17432,17075,12624,13609,9128,11129,2879,5002,0,0,318,310,574,897,711,1402,1136,2198,2158,2614,2460,2105,4945,5892,2658,4596,75609,29977,10992,4886,35427,27,71,12,13
2021-05-02T23:59:59+02:00,0,1,1349,1376,2586,3253,3523,4773,7249,9038,17325,17006,12611,13584,9122,11118,2876,5002,0,0,316,309,573,896,710,1401,1136,2197,2155,2614,2460,2105,4944,5890,2658,4596,75296,29968,10990,4885,35426,26,68,12,13
2021-05-01T23:59:59+02:00,0,1,1345,1370,2577,3243,3513,4755,7190,8977,17182,16888,12586,13560,9110,11112,2876,5002,0,0,316,309,573,896,710,1401,1136,2197,2155,2614,2460,2105,4942,5889,2657,4594,74792,29962,10989,4885,35426,26,68,12,13
2021-04-30T23:59:59+02:00,0,1,1277,1292,2456,3076,3344,4481,5631,7572,15424,15452,12443,13400,9014,10995,2861,4969,0,0,316,309,572,895,709,1401,1133,2195,2152,2611,2459,2095,4928,5880,2649,4576,67249,29945,10989,4884,35426,26,12,12,13
2021-04-29T23:59:59+02:00,0,1,1223,1252,2355,2963,3210,4309,5022,6921,14243,14427,12131,13071,8923,10913,2847,4941,0,0,313,307,572,894,709,1399,1132,2195,2150,2609,2457,2091,4927,5876,2648,4574,62319,29923,10988,4881,35422,25,11,12,13
2021-04-28T23:59:59+02:00,0,1,1162,1235,2293,2923,3144,4228,4711,6631,13827,14110,12011,12925,8881,10854,2839,4935,0,0,312,307,569,891,705,1398,1130,2192,2148,2602,2454,2088,4925,5871,2645,4571,62192,29917,9081,4852,35421,24,4,12,11
2021-04-27T23:59:59+02:00,0,1,1142,1232,2287,2920,3139,4226,4708,6629,13826,14109,12010,12924,8881,10854,2839,4935,0,0,312,307,569,891,704,1396,1130,2192,2147,2602,2454,2086,4925,5871,2645,4571,62154,29915,9073,4848,35419,24,4,12,11
2021-04-26T23:59:59+02:00,0,1,1142,1229,2285,2919,3135,4225,4694,6615,13784,14076,12006,12921,8881,10853,2839,4934,0,0,312,307,569,890,703,1396,1130,2192,2145,2601,2454,2086,4924,5870,2645,4571,62138,29911,9069,4846,35317,24,3,12,11
2021-04-25T23:59:59+02:00,0,1,1141,1229,2278,2919,3132,4218,4681,6607,13646,13922,11996,12915,8880,10852,2839,4934,0,0,312,307,568,890,702,1395,1128,2190,2145,2601,2454,2086,4924,5870,2645,4571,61810,29907,9066,4843,35299,24,3,12,11
2021-04-24T23:59:59+02:00,0,1,1079,1184,2142,2834,2992,4161,4470,6489,12776,13118,11718,12585,8814,10748,2832,4921,0,0,312,307,568,890,701,1394,1128,2190,2145,2601,2453,2086,4920,5869,2645,4571,58487,29900,9065,4843,35297,23,3,12,11
2021-04-23T23:59:59+02:00,0,1,981,1163,1926,2806,2832,4127,4355,6375,11431,12058,11663,12522,8791,10701,2830,4918,0,0,311,307,568,890,700,1394,1127,2190,2142,2601,2452,2086,4919,5863,2645,4569,56998,29894,9064,4839,33404,18,2,12,11
2021-04-22T23:59:59+02:00,0,1,971,1155,1900,2792,2766,4100,4179,6256,10812,11546,11574,12434,8760,10654,2827,4913,0,0,310,306,568,890,700,1393,1124,2190,2141,2601,2452,2084,4916,5861,2645,4569,55301,29885,9063,4834,33262,18,2,12,11
2021-04-21T23:59:59+02:00,0,1,956,1140,1823,2767,2646,4065,4033,6179,9312,10384,11497,12366,8748,10631,2823,4910,0,0,309,305,567,890,699,1392,1122,2190,2141,2600,2448,2079,4913,5859,2644,4567,52120,29863,9061,4831,33086,18,2,12,11
2021-04-20T23:59:59+02:00,0,1,956,1139,1821,2765,2642,4060,4029,6178,9014,10061,11470,12341,8744,10621,2822,4909,0,0,309,305,567,890,699,1391,1122,2189,2140,2599,2448,2078,4911,5857,2643,4567,51417,29856,9057,4828,33085,18,2,12,11
2021-04-19T23:59:59+02:00,0,1,954,1136,1821,2762,2641,4059,4026,6175,9012,10060,11470,12341,8744,10620,2821,4909,0,0,309,305,565,889,699,1391,1121,2189,2138,2599,2448,2078,4911,5857,2643,4567,51406,29851,9052,4828,33080,17,2,12,11
2021-04-18T23:59:59+02:00,0,1,954,1134,1817,2761,2639,4057,4025,6175,9012,10060,11470,12341,8744,10618,2821,4908,0,0,309,305,565,888,697,1391,1121,2188,2138,2599,2448,2078,4911,5856,2643,4567,51395,29847,9050,4827,33078,17,2,12,11
2021-04-17T23:59:59+02:00,0,1,954,1133,1814,2755,2563,3966,3967,6093,8995,10042,11347,12189,8741,10616,2821,4907,0,0,304,299,561,881,689,1381,1103,2175,2091,2573,2402,2025,4861,5787,2637,4560,50762,29473,9050,4827,33078,16,2,12,11
2021-04-16T23:59:59+02:00,0,1,925,1099,1704,2672,2362,3832,3716,5918,7267,8229,11147,11943,8686,10553,2818,4893,0,0,297,295,546,862,656,1346,1021,2119,1865,2412,2252,1912,4674,5518,2575,4438,46410,29458,8975,3306,32366,11,2,12,11
2021-04-15T23:59:59+02:00,0,1,856,1049,1575,2584,2081,3679,3184,5589,6257,7264,10888,11604,8585,10430,2799,4870,0,0,296,295,545,860,654,1345,1020,2116,1630,2271,2099,1780,4487,5305,2521,4335,42605,29410,8971,2129,31707,7,2,10,11
2021-04-14T23:59:59+02:00,0,1,841,1020,1529,2548,1993,3595,3012,5453,6163,7150,10725,11396,8503,10330,2787,4856,0,0,276,286,511,833,582,1285,812,1973,1412,2147,2032,1705,4357,5141,2507,4307,41221,28017,8966,2129,31703,7,2,10,11
2021-04-13T23:59:59+02:00,0,1,836,1014,1516,2545,1968,3574,2981,5418,5638,6572,10425,11056,8472,10296,2786,4855,0,0,276,284,511,832,582,1285,812,1973,1410,2146,2029,1704,4357,5140,2507,4304,41204,28012,7040,2120,31697,7,2,10,11
2021-04-12T23:59:59+02:00,0,1,836,1012,1515,2542,1968,3574,2980,5417,5637,6571,10424,11055,8471,10296,2786,4855,0,0,276,283,511,832,580,1285,809,1972,1409,2146,2029,1704,4357,5139,2507,4304,41196,28005,7037,2118,31695,7,2,10,11
2021-04-11T23:59:59+02:00,0,1,836,1012,1512,2541,1966,3571,2978,5417,5636,6571,10422,11052,8471,10296,2786,4855,0,0,276,282,510,831,578,1285,808,1972,1407,2146,2029,1704,4357,5139,2507,4304,41186,27999,7035,2117,31691,7,1,10,11
2021-04-10T23:59:59+02:00,0,1,834,1009,1509,2537,1949,3559,2909,5352,5510,6473,10191,10833,8418,10246,2782,4854,0,0,276,281,510,830,577,1285,807,1972,1407,2146,2025,1700,4352,5130,2506,4301,40612,27969,7035,2117,31308,7,1,10,11
2021-04-09T23:59:59+02:00,0,1,796,976,1411,2482,1844,3501,2779,5299,5370,6408,7807,8004,8351,10152,2772,4836,0,0,276,281,508,829,575,1283,804,1972,1405,2142,2005,1678,4330,5111,2503,4296,35128,27862,7033,2117,30617,7,1,10,11
2021-04-08T23:59:59+02:00,0,1,795,973,1405,2479,1842,3498,2767,5290,5359,6394,7013,7086,8308,10101,2769,4833,0,0,273,280,508,828,575,1282,803,1972,1403,2141,2003,1678,4329,5108,2503,4296,33260,27847,7033,2116,30609,7,1,10,11
2021-04-07T23:59:59+02:00,0,1,746,953,1330,2411,1758,3429,2575,5183,4616,5910,6344,6443,8249,10040,2762,4827,0,0,273,280,508,828,575,1279,803,1972,1403,2141,2003,1678,4328,5108,2503,4295,33252,27845,7031,2115,27283,6,1,10,10
2021-04-06T23:59:59+02:00,0,1,714,946,1311,2375,1734,3388,2545,5137,4541,5832,5981,6087,8228,10016,2757,4821,0,0,273,279,508,827,575,1279,802,1971,1403,2141,2002,1677,4328,5108,2503,4295,33244,27842,7030,2113,26129,6,1,10,9
2021-04-05T23:59:59+02:00,0,1,711,918,1270,2252,1662,3223,2424,4867,4381,5560,5672,5778,8211,9990,2755,4817,0,0,273,279,508,826,575,1279,802,1971,1403,2141,2002,1677,4328,5108,2503,4295,33239,27841,7029,2113,24213,6,1,10,9
2021-04-04T23:59:59+02:00,0,1,692,893,1177,2037,1529,2959,2210,4432,4031,5061,5426,5552,8178,9936,2754,4809,0,0,273,279,507,825,573,1278,801,1970,1329,2104,1639,1403,4169,4927,2458,4229,33235,26636,7029,2113,21402,5,1,10,9
2021-04-03T23:59:59+02:00,0,1,692,893,1176,2036,1528,2959,2209,4432,4031,5061,5426,5551,8178,9936,2754,4809,0,0,273,279,507,825,573,1278,801,1970,1329,2104,1639,1403,4169,4927,2458,4229,33231,26636,7029,2113,21401,5,1,10,9
2021-04-02T23:59:59+02:00,0,1,692,892,1176,2036,1527,2959,2209,4432,4030,5060,5425,5550,8177,9934,2753,4807,0,0,273,279,507,825,572,1278,801,1970,1328,2104,1639,1403,4169,4927,2458,4229,33229,26635,7029,2113,21392,5,0,10,9
2021-04-01T23:59:59+02:00,0,1,687,890,1172,2030,1519,2950,2195,4414,3939,4974,4931,4946,7472,9037,2751,4802,0,0,273,277,506,823,572,1277,798,1969,1290,2076,1489,1306,4069,4825,2447,4216,30317,26093,7001,2108,21382,5,0,10,7
2021-03-31T23:59:59+02:00,0,1,687,889,1170,2029,1515,2944,2191,4413,3921,4963,4755,4726,6702,8104,2738,4781,0,0,272,276,505,822,568,1273,793,1963,1186,1999,1091,1040,3655,4361,2338,4041,30197,24126,4970,2046,21352,4,0,10,7
2021-03-30T23:59:59+02:00,0,1,687,889,1167,2026,1502,2935,2182,4404,3876,4936,4555,4546,6452,7807,2730,4765,0,0,272,275,505,819,567,1273,793,1962,1186,1999,1091,1040,3655,4361,2337,4040,30191,24119,4965,2046,20294,3,0,10,7
2021-03-29T23:59:59+02:00,0,1,687,887,1166,2026,1500,2935,2182,4404,3871,4934,4551,4543,6449,7798,2728,4746,0,0,272,274,505,818,567,1273,792,1961,1186,1999,1091,1039,3655,4361,2337,4039,30179,24114,4960,2045,20259,3,0,10,7
2021-03-28T23:59:59+02:00,0,1,686,887,1166,2022,1497,2933,2181,4401,3870,4934,4550,4543,6446,7794,2728,4744,0,0,271,274,503,818,567,1273,791,1961,1186,1999,1091,1038,3655,4361,2337,4039,30176,24110,4955,2044,20242,3,0,10,7
2021-03-27T23:59:59+01:00,0,1,682,882,1162,2014,1489,2923,2162,4386,3828,4908,4500,4485,6400,7736,2721,4731,0,0,267,269,489,808,556,1261,744,1925,1025,1906,829,849,3515,4206,2176,3723,29825,23138,4955,1400,20220,3,0,10,7
2021-03-26T23:59:59+01:00,0,1,682,882,1161,2012,1484,2922,2159,4385,3822,4905,4489,4463,6393,7721,2712,4717,0,0,266,269,489,806,554,1261,742,1925,1018,1898,691,754,2532,3043,2004,3509,29780,20351,4952,1400,20170,3,0,8,7
2021-03-25T23:59:59+01:00,0,1,681,881,1160,2011,1483,2919,2154,4379,3818,4901,4480,4452,6380,7692,2688,4663,0,0,266,269,489,806,553,1257,738,1924,1016,1896,669,747,1350,1596,1721,3144,29772,17032,4947,1400,20016,3,0,8,6
2021-03-24T23:59:59+01:00,0,1,657,871,1123,1979,1412,2856,1947,4234,3595,4774,4419,4392,6245,7526,2674,4631,0,0,266,269,489,805,550,1257,736,1924,1015,1896,669,747,1350,1596,1720,3142,28395,17023,4945,1399,19988,3,0,8,6
2021-03-23T23:59:59+01:00,0,1,657,869,1121,1977,1412,2856,1947,4234,3593,4771,4419,4391,6244,7526,2674,4630,0,0,266,269,489,805,549,1256,736,1924,1015,1896,669,746,1350,1596,1720,3142,28389,17021,4942,1399,19983,3,0,8,5
2021-03-22T23:59:59+01:00,0,1,657,867,1119,1973,1409,2856,1945,4234,3592,4771,4419,4390,6244,7525,2674,4630,0,0,266,269,489,804,549,1255,735,1924,1015,1895,669,745,1350,1596,1720,3142,28384,17017,4942,1399,19972,2,0,8,5
2021-03-21T23:59:59+01:00,0,1,657,866,1117,1971,1409,2854,1944,4233,3591,4770,4419,4390,6243,7525,2674,4630,0,0,266,269,489,804,549,1255,735,1923,1015,1895,669,744,1350,1596,1720,3142,28380,17015,4940,1399,19966,2,0,8,5
2021-03-20T23:59:59+01:00,0,1,655,865,1115,1969,1404,2851,1927,4226,3560,4751,4200,4113,5726,6916,2664,4594,0,0,261,267,484,799,532,1245,714,1907,979,1867,603,666,1119,1339,1365,2596,28297,15338,4838,1398,18394,2,0,8,5
2021-03-19T23:59:59+01:00,0,1,647,859,1101,1949,1370,2816,1847,4171,3338,4589,4051,4003,5550,6673,2611,4504,0,0,261,267,484,799,532,1245,714,1905,978,1867,603,666,1119,1338,1364,2595,28294,15333,3392,1397,18387,2,0,7,5
2021-03-18T23:59:59+01:00,0,1,646,857,1100,1948,1369,2814,1847,4167,3109,4445,3897,3873,5371,6471,2558,4403,0,0,261,266,484,799,532,1243,714,1904,977,1866,601,663,880,1080,1252,2427,28285,14547,2201,1396,18383,1,0,7,5
2021-03-17T23:59:59+01:00,0,1,646,857,1099,1948,1368,2813,1847,4167,3109,4445,3897,3871,5370,6471,2558,4403,0,0,261,265,484,799,532,1243,714,1904,976,1866,599,662,880,1079,1252,2427,28283,14544,2201,1395,18379,1,0,7,3
2021-03-16T23:59:59+01:00,0,1,646,857,1099,1944,1366,2813,1843,4167,3108,4443,3896,3870,5370,6470,2558,4402,0,0,259,261,470,794,523,1231,698,1890,960,1856,597,660,878,1078,1251,2426,28273,14433,2197,1395,18376,1,0,7,3
2021-03-15T23:59:59+01:00,0,1,645,856,1097,1943,1363,2813,1839,4166,3107,4443,3896,3869,5369,6469,2558,4402,0,0,259,261,470,794,523,1229,697,1890,959,1853,597,660,878,1078,1251,2426,28266,14426,2195,1395,18368,1,0,7,3
2021-03-14T23:59:59+01:00,0,1,644,853,1093,1939,1360,2810,1837,4164,3102,4441,3896,3869,5369,6469,2558,4402,0,0,259,261,470,794,523,1229,697,1890,959,1850,597,660,877,1078,1251,2426,28260,14422,2194,1395,18346,1,0,7,3
2021-03-13T23:59:59+01:00,0,1,642,848,1085,1933,1350,2803,1831,4156,2987,4363,3420,3466,5161,6234,2512,4338,0,0,259,261,470,794,523,1229,696,1890,957,1849,573,644,573,778,819,1844,26988,12760,2194,1395,17941,1,0,7,3
2021-03-12T23:59:59+01:00,0,1,615,762,1061,1820,1329,2614,1799,3890,2944,4196,2275,2021,4799,5686,2509,4329,0,0,259,261,469,794,523,1229,695,1890,956,1849,573,643,572,778,819,1843,26976,12755,2194,1395,13473,0,0,7,3
2021-03-11T23:59:59+01:00,0,1,606,717,1054,1717,1320,2457,1787,3678,2897,4057,1711,1489,4311,5145,2499,4319,0,0,256,260,469,794,523,1228,694,1889,956,1845,573,642,571,777,735,1697,26421,12750,2181,1157,11156,0,0,7,2
2021-03-10T23:59:59+01:00,0,1,600,707,1043,1692,1310,2436,1774,3652,2789,3974,1318,1221,3899,4674,2404,4161,0,0,256,260,468,792,522,1228,694,1888,954,1845,573,641,569,776,735,1697,24429,12743,2180,1154,11039,0,0,7,1
2021-03-09T23:59:59+01:00,0,1,599,704,1035,1675,1299,2421,1771,3640,2782,3969,1313,1220,3898,4673,2403,4160,0,0,256,260,468,792,522,1228,694,1888,954,1845,573,641,569,774,735,1697,24425,12742,2178,1154,10954,0,0,6,0
2021-03-08T23:59:59+01:00,0,1,594,675,1024,1648,1282,2388,1763,3607,2761,3954,1312,1217,3898,4673,2403,4159,0,0,256,260,468,792,521,1227,693,1886,954,1845,573,640,567,774,735,1697,24419,12736,2177,1152,10757,0,0,6,0
2021-03-07T23:59:59+01:00,0,1,594,672,1019,1644,1282,2385,1762,3604,2761,3952,1312,1217,3898,4673,2403,4159,0,0,256,260,468,792,519,1226,693,1886,954,1845,573,640,567,774,734,1697,24417,12732,2177,1152,10738,0,0,6,0
2021-03-06T23:59:59+01:00,0,1,559,624,899,1543,1038,2196,1340,3223,2341,3615,1031,999,3597,4295,2383,4141,0,0,256,260,468,792,517,1226,693,1886,954,1844,573,639,565,770,645,1515,23416,12728,2174,875,8229,0,0,6,0
2021-03-05T23:59:59+01:00,0,1,557,624,894,1540,1038,2194,1337,3220,2334,3610,887,902,2596,3093,2209,3909,0,0,255,260,463,780,514,1221,685,1869,940,1829,568,635,505,710,332,997,20556,12526,2163,37,8220,0,0,6,0
2021-03-04T23:59:59+01:00,0,1,540,580,858,1411,999,2041,1286,3017,2291,3509,873,893,1413,1653,1917,3541,0,0,255,260,461,780,514,1221,684,1869,940,1829,567,634,505,709,332,997,17244,12520,2163,37,7410,0,0,6,0
2021-03-03T23:59:59+01:00,0,1,534,548,835,1346,977,1979,1270,2974,2281,3465,873,892,1413,1653,1916,3541,0,0,255,260,460,779,514,1219,683,1868,939,1828,567,634,505,709,332,997,17240,12512,2163,37,7089,0,0,6,0
2021-03-02T23:59:59+01:00,0,1,533,546,833,1344,975,1978,1269,2973,2281,3465,873,891,1413,1653,1916,3541,0,0,255,260,459,778,513,1218,682,1867,938,1827,566,634,505,709,332,997,17238,12505,2163,35,7079,0,0,5,0
2021-03-01T23:59:59+01:00,0,1,533,544,831,1342,975,1976,1269,2973,2280,3464,873,890,1413,1652,1916,3541,0,0,255,260,459,777,511,1217,680,1865,938,1827,566,634,505,709,332,997,17234,12497,2161,35,7073,0,0,5,0
2021-02-28T23:59:59+01:00,0,1,532,542,829,1341,974,1976,1269,2972,2278,3463,873,888,1413,1652,1916,3541,0,0,255,260,459,777,511,1217,679,1864,938,1826,566,634,505,709,332,997,17230,12495,2161,34,7064,0,0,5,0
2021-02-27T23:59:59+01:00,0,1,527,540,818,1332,953,1965,1231,2945,2203,3414,755,771,1143,1362,1404,2663,0,0,254,260,458,777,510,1217,677,1862,937,1824,565,631,504,707,330,993,15512,12474,1448,32,7062,0,0,5,0
2021-02-26T23:59:59+01:00,0,1,518,519,790,1265,924,1852,1192,2787,1882,2993,714,743,1143,1362,1403,2662,0,0,254,260,458,777,510,1217,677,1862,937,1824,565,631,504,707,330,992,15507,12473,1448,32,5790,0,0,5,0
2021-02-25T23:59:59+01:00,0,1,484,478,728,1148,817,1659,1036,2485,1383,2442,662,698,894,1095,1292,2489,0,0,253,259,457,777,508,1215,676,1855,935,1820,565,630,503,707,330,992,14692,12465,1448,17,3647,0,0,4,0
2021-02-24T23:59:59+01:00,0,1,483,477,728,1146,816,1659,1036,2484,1383,2441,662,698,894,1095,1292,2489,0,0,253,258,456,776,507,1211,673,1854,934,1818,564,630,503,707,330,992,14691,12465,1447,1,3642,0,0,4,0
2021-02-23T23:59:59+01:00,0,1,481,473,712,1137,807,1648,1019,2469,1366,2430,660,696,892,1094,1291,2488,0,0,253,257,456,775,507,1211,673,1853,934,1816,564,630,503,707,330,992,14580,12460,1446,1,3634,0,0,4,0
2021-02-22T23:59:59+01:00,0,1,481,473,710,1137,805,1648,1019,2469,1365,2429,660,694,892,1093,1291,2488,0,0,253,257,456,775,507,1211,673,1852,934,1815,564,630,503,707,330,992,14577,12458,1446,1,3628,0,0,4,0
2021-02-21T23:59:59+01:00,0,1,481,473,709,1137,804,1648,1018,2469,1365,2428,659,694,891,1093,1291,2488,0,0,253,257,455,775,507,1210,673,1852,934,1814,564,630,503,707,330,992,14575,12456,1446,0,3624,0,0,4,0
2021-02-20T23:59:59+01:00,0,1,466,471,697,1131,784,1643,1005,2467,1338,2407,632,675,582,789,850,1897,0,0,252,257,450,773,502,1204,668,1841,928,1811,561,627,498,706,326,987,12887,12391,1445,0,3499,0,0,4,0
2021-02-19T23:59:59+01:00,0,1,374,386,592,1006,667,1489,865,2296,1099,2169,585,651,581,789,850,1897,0,0,249,257,446,771,500,1194,665,1825,921,1791,557,621,492,699,323,977,12884,12288,1445,0,1964,0,0,4,0
2021-02-18T23:59:59+01:00,0,1,263,263,477,806,528,1244,704,1900,964,1858,582,645,580,789,850,1896,0,0,248,254,443,768,498,1190,664,1810,917,1779,550,616,485,692,317,966,12881,12197,1445,0,20,0,0,4,0
2021-02-17T23:59:59+01:00,0,1,263,263,475,806,528,1241,703,1900,963,1858,580,644,580,788,850,1896,0,0,246,254,442,764,496,1188,661,1802,913,1772,545,611,475,670,306,946,12879,12091,1445,0,13,0,0,2,0
2021-02-16T23:59:59+01:00,0,1,263,263,473,805,527,1241,703,1900,963,1858,580,644,580,787,850,1896,0,0,236,250,436,747,484,1156,654,1724,888,1692,526,582,441,624,286,875,12878,11601,1445,0,9,0,0,2,0
2021-02-15T23:59:59+01:00,0,1,263,263,472,804,527,1241,701,1900,963,1857,580,644,580,787,850,1896,0,0,232,246,432,739,477,1128,637,1671,860,1638,505,548,423,580,270,810,12876,11196,1445,0,6,0,0,2,0
2021-02-14T23:59:59+01:00,0,1,263,263,472,804,526,1241,701,1900,963,1857,580,644,580,787,850,1896,0,0,232,246,432,737,476,1128,637,1665,858,1629,494,543,419,577,260,801,12875,11134,1445,0,6,0,0,2,0
2021-02-13T23:59:59+01:00,0,1,262,263,472,803,526,1241,700,1898,963,1857,580,644,580,787,850,1896,0,0,230,244,431,733,469,1116,628,1645,838,1596,474,515,402,551,246,763,12873,10881,1445,0,3,0,0,2,0
2021-02-12T23:59:59+01:00,0,1,262,263,472,802,526,1241,700,1897,958,1854,580,642,530,741,836,1892,0,0,215,236,410,699,448,1028,593,1483,752,1356,390,392,327,436,186,575,12747,9526,1445,0,3,0,0,2,0
2021-02-11T23:59:59+01:00,0,1,259,263,469,802,526,1241,698,1895,958,1851,579,641,527,738,748,1743,0,0,194,224,397,668,427,981,559,1387,706,1245,356,343,286,368,156,484,12733,8781,1202,0,2,0,0,2,0
2021-02-10T23:59:59+01:00,0,1,258,263,469,801,526,1241,697,1895,957,1851,578,640,527,737,747,1741,0,0,192,220,396,659,422,965,555,1368,694,1208,339,320,263,327,133,418,12725,8479,1202,0,1,0,0,1,0
2021-02-09T23:59:59+01:00,0,1,258,263,469,801,526,1240,696,1895,957,1849,578,640,527,737,747,1741,0,0,184,207,383,622,403,899,513,1274,641,1078,264,226,184,213,89,254,12721,7434,1202,0,1,0,0,1,0
2021-02-08T23:59:59+01:00,0,1,258,263,467,801,526,1238,695,1895,957,1848,578,640,527,736,747,1741,0,0,184,201,378,608,390,872,488,1224,614,1007,233,184,148,160,71,194,12716,6956,1201,0,1,0,0,0,0
2021-02-07T23:59:59+01:00,0,1,257,263,467,801,526,1238,695,1895,957,1845,578,640,527,736,747,1740,0,0,183,201,376,603,386,867,482,1209,607,991,227,177,138,142,64,177,12712,6830,1201,0,0,0,0,0,0
2021-02-06T23:59:59+01:00,0,1,257,263,467,801,526,1238,695,1895,957,1845,578,640,525,731,657,1561,0,0,183,201,376,603,386,867,482,1209,607,991,227,177,138,141,64,177,12712,6829,925,0,0,0,0,0,0
2021-02-05T23:59:59+01:00,0,1,257,263,465,800,525,1236,692,1893,954,1842,573,636,517,716,340,1029,0,0,177,192,359,572,373,826,464,1169,588,958,208,161,118,129,59,174,12698,6527,41,0,0,0,0,0,0
2021-02-04T23:59:59+01:00,0,1,257,262,464,795,522,1235,691,1888,949,1841,572,636,516,715,340,1029,0,0,162,159,289,434,307,668,384,943,513,818,196,155,109,123,52,162,12672,5474,41,0,0,0,0,0,0
2021-02-03T23:59:59+01:00,0,1,256,262,464,793,522,1234,690,1886,949,1841,572,636,516,715,340,1029,0,0,158,151,244,353,259,581,324,842,461,730,188,150,104,121,51,161,12665,4878,41,0,0,0,0,0,0
2021-02-02T23:59:59+01:00,0,1,256,261,464,790,521,1234,690,1884,949,1839,572,636,516,715,340,1029,0,0,151,137,187,291,201,493,248,728,379,646,178,146,101,120,50,160,12657,4216,40,0,0,0,0,0,0
2021-02-01T23:59:59+01:00,0,1,256,261,462,789,519,1232,689,1880,946,1834,572,636,515,715,340,1029,0,0,145,131,150,254,168,435,203,649,322,570,173,135,92,109,44,153,12636,3733,40,0,0,0,0,0,0
2021-01-31T23:59:59+01:00,0,1,256,261,462,789,519,1231,689,1878,946,1834,572,636,515,715,340,1029,0,0,145,131,150,253,168,434,202,649,322,570,173,135,92,109,44,153,12633,3730,40,0,0,0,0,0,0
2021-01-30T23:59:59+01:00,0,1,256,261,462,789,519,1231,689,1878,942,1834,571,636,513,715,337,1029,0,0,133,120,135,236,157,405,191,608,303,523,150,124,80,80,35,113,12623,3393,40,0,0,0,0,0,0
2021-01-29T23:59:59+01:00,0,1,253,260,458,786,517,1221,686,1861,935,1814,567,630,507,709,332,1019,0,0,89,66,94,155,115,248,148,440,214,380,112,83,61,69,30,102,12517,2406,39,0,0,0,0,0,0
2021-01-28T23:59:59+01:00,0,0,253,260,456,786,514,1219,686,1856,933,1810,567,629,506,709,332,1019,0,0,10,7,13,24,24,48,24,94,50,108,37,33,34,50,24,94,12512,674,23,0,0,0,0,0,0
2021-01-27T23:59:59+01:00,0,0,251,259,455,783,514,1215,682,1853,930,1807,566,629,506,709,332,1019,0,0,10,7,13,24,23,48,24,92,49,108,37,33,34,50,24,94,12504,670,6,0,0,0,0,0,0
2021-01-26T23:59:59+01:00,0,0,251,259,454,780,514,1212,681,1848,930,1806,566,629,506,709,332,1019,0,0,10,7,13,24,23,48,24,92,49,108,37,33,34,50,24,94,12492,670,4,0,0,0,0,0,0
2021-01-25T23:59:59+01:00,0,0,251,259,452,780,512,1210,679,1844,929,1804,566,629,506,707,331,1019,0,0,6,1,5,14,11,23,15,39,23,48,18,16,11,16,7,22,12476,275,2,0,0,0,0,0,0
2021-01-24T23:59:59+01:00,0,0,251,258,452,780,510,1209,679,1843,929,1803,566,629,506,707,331,1019,0,0,6,1,5,14,11,23,15,39,23,48,18,16,11,16,7,22,12471,275,1,0,0,0,0,0,0
2021-01-23T23:59:59+01:00,0,0,251,258,452,780,510,1208,679,1843,929,1803,566,629,506,707,331,1019,0,0,6,1,5,14,11,23,15,39,23,48,18,16,11,16,7,22,12470,275,1,0,0,0,0,0,0
2021-01-22T23:59:59+01:00,0,0,250,256,451,779,509,1207,679,1842,929,1802,566,629,506,707,312,974,0,0,6,1,5,14,11,23,15,39,23,48,18,16,11,16,7,22,12397,275,1,0,0,0,0,0,0
2021-01-21T23:59:59+01:00,0,0,248,252,448,770,506,1199,676,1819,920,1783,557,620,487,682,297,936,0,0,6,1,5,14,11,22,15,39,23,48,18,16,11,16,7,22,12199,274,1,0,0,0,0,0,0
2021-01-20T23:59:59+01:00,0,0,247,250,443,765,502,1193,672,1811,915,1776,551,615,479,663,289,917,0,0,6,1,5,14,11,22,15,39,23,48,18,16,11,16,7,22,12087,274,1,0,0,0,0,0,0
2021-01-19T23:59:59+01:00,0,0,242,250,440,756,496,1175,669,1778,904,1734,538,598,466,644,276,877,0,0,6,1,5,14,11,22,15,39,23,48,18,16,11,16,7,22,11842,274,1,0,0,0,0,0,0
2021-01-18T23:59:59+01:00,0,0,238,246,435,743,489,1153,651,1741,876,1686,519,565,449,605,259,818,0,0,6,1,5,13,11,21,15,39,23,47,18,16,11,16,7,22,11472,271,1,0,0,0,0,0,0
2021-01-17T23:59:59+01:00,0,0,238,245,434,740,486,1151,647,1732,870,1675,504,556,435,585,245,794,0,0,6,1,4,12,11,21,15,39,23,47,18,15,11,16,7,22,11337,268,0,0,0,0,0,0,0
2021-01-16T23:59:59+01:00,0,0,230,237,429,720,473,1116,622,1645,824,1526,461,471,402,530,222,734,0,0,0,0,0,0,0,0,0,0,0,0,0,0,0,0,0,0,10642,0,0,0,0,0,0,0,0
2021-01-15T23:59:59+01:00,0,0,223,231,421,700,458,1063,602,1545,785,1411,412,413,350,459,201,621,0,0,0,0,0,0,0,0,0,0,0,0,0,0,0,0,0,0,9895,0,0,0,0,0,0,0,0
2021-01-14T23:59:59+01:00,0,0,202,218,401,657,434,1000,561,1427,717,1256,356,337,299,363,155,488,0,0,0,0,0,0,0,0,0,0,0,0,0,0,0,0,0,0,8871,0,0,0,0,0,0,0,0
2021-01-13T23:59:59+01:00,0,0,201,216,400,648,428,981,556,1406,703,1221,337,313,273,322,131,422,0,0,0,0,0,0,0,0,0,0,0,0,0,0,0,0,0,0,8558,0,0,0,0,0,0,0,0
2021-01-12T23:59:59+01:00,0,0,185,204,383,607,397,887,494,1251,623,1031,238,194,163,165,77,207,0,0,0,0,0,0,0,0,0,0,0,0,0,0,0,0,0,0,7106,0,0,0,0,0,0,0,0
2021-01-11T23:59:59+01:00,0,0,181,198,379,595,377,859,474,1203,603,975,218,164,130,118,55,150,0,0,0,0,0,0,0,0,0,0,0,0,0,0,0,0,0,0,6679,0,0,0,0,0,0,0,0
2021-01-10T23:59:59+01:00,0,0,180,194,367,579,373,846,465,1183,589,956,214,164,126,118,53,148,0,0,0,0,0,0,0,0,0,0,0,0,0,0,0,0,0,0,6555,0,0,0,0,0,0,0,0
2021-01-09T23:59:59+01:00,0,0,161,161,322,499,332,729,405,1002,497,806,151,109,78,74,37,109,0,0,0,0,0,0,0,0,0,0,0,0,0,0,0,0,0,0,5472,0,0,0,0,0,0,0,0
2021-01-08T23:59:59+01:00,0,0,95,74,228,348,244,437,292,670,340,511,82,68,54,59,28,97,0,0,0,0,0,0,0,0,0,0,0,0,0,0,0,0,0,0,3627,0,0,0,0,0,0,0,0
2021-01-07T23:59:59+01:00,0,0,12,10,54,97,72,126,93,194,122,181,44,36,37,51,25,97,0,0,0,0,0,0,0,0,0,0,0,0,0,0,0,0,0,0,1251,0,0,0,0,0,0,0,0
2021-01-06T23:59:59+01:00,0,0,8,4,9,24,17,49,24,90,53,109,38,33,36,51,25,97,0,0,0,0,0,0,0,0,0,0,0,0,0,0,0,0,0,0,667,0,0,0,0,0,0,0,0
2021-01-05T23:59:59+01:00,0,0,8,4,9,24,17,48,23,90,51,109,38,33,35,51,25,97,0,0,0,0,0,0,0,0,0,0,0,0,0,0,0,0,0,0,662,0,0,0,0,0,0,0,0
2021-01-04T23:59:59+01:00,0,0,6,1,5,14,11,25,15,41,23,50,19,16,12,16,7,23,0,0,0,0,0,0,0,0,0,0,0,0,0,0,0,0,0,0,284,0,0,0,0,0,0,0,0
2021-01-03T23:59:59+01:00,0,0,6,1,5,14,11,25,15,41,23,50,19,16,12,16,7,23,0,0,0,0,0,0,0,0,0,0,0,0,0,0,0,0,0,0,284,0,0,0,0,0,0,0,0
2021-01-02T23:59:59+01:00,0,0,6,1,5,14,11,25,15,41,23,50,19,16,12,16,7,23,0,0,0,0,0,0,0,0,0,0,0,0,0,0,0,0,0,0,284,0,0,0,0,0,0,0,0
2021-01-01T23:59:59+01:00,0,0,6,1,5,14,11,24,15,41,23,50,19,16,12,16,7,23,0,0,0,0,0,0,0,0,0,0,0,0,0,0,0,0,0,0,283,0,0,0,0,0,0,0,0
2020-12-31T23:59:59+01:00,0,0,6,1,5,14,11,24,15,41,23,50,19,16,12,16,7,23,0,0,0,0,0,0,0,0,0,0,0,0,0,0,0,0,0,0,283,0,0,0,0,0,0,0,0
2020-12-30T23:59:59+01:00,0,0,6,1,5,14,11,24,15,41,23,50,19,16,12,16,7,23,0,0,0,0,0,0,0,0,0,0,0,0,0,0,0,0,0,0,283,0,0,0,0,0,0,0,0
2020-12-29T23:59:59+01:00,0,0,6,1,5,14,11,23,15,41,23,50,19,16,12,16,7,23,0,0,0,0,0,0,0,0,0,0,0,0,0,0,0,0,0,0,282,0,0,0,0,0,0,0,0
2020-12-28T23:59:59+01:00,0,0,6,1,5,13,11,23,15,41,23,49,19,16,12,16,7,23,0,0,0,0,0,0,0,0,0,0,0,0,0,0,0,0,0,0,280,0,0,0,0,0,0,0,0
2020-12-27T23:59:59+01:00,0,0,6,1,4,12,11,23,15,41,23,49,19,15,12,16,7,23,0,0,0,0,0,0,0,0,0,0,0,0,0,0,0,0,0,0,277,0,0,0,0,0,0,0,0
