Datum,<15_m,<15_w,15-24_1_m,15-24_1_w,25-34_1_m,25-34_1_w,35-44_1_m,35-44_1_w,45-54_1_m,45-54_1_w,55-64_1_m,55-64_1_w,65-74_1_m,65-74_1_w,75-84_1_m,75-84_1_w,>84_1_m,>84_1_w,<24_2_m,<24_2_w,25-34_2_m,25-34_2_w,35-44_2_m,35-44_2_w,45-54_2_m,45-54_2_w,55-64_2_m,55-64_2_w,65-74_2_m,65-74_2_w,75-84_2_m,75-84_2_w,>84_2_m,>84_2_w,bp_1,bp_2,mo_1,mo_2,az_1,az_2,ja,unb_1,unb_2
2021-08-03T23:59:59+02:00,1158,1055,11853,11084,15027,13597,17036,16792,20373,20429,21993,21009,14255,15397,9820,12030,2912,5117,10528,9822,14023,12546,16286,15940,19881,19827,21583,20557,14032,15148,9688,11851,2867,5042,165565,158004,22388,21258,35529,34588,7452,3,3
2021-08-02T23:59:59+02:00,1155,1053,11836,11066,15007,13579,17021,16772,20358,20419,21986,20999,14244,15386,9814,12028,2912,5115,10508,9808,14004,12528,16272,15922,19865,19820,21577,20546,14022,15136,9682,11849,2867,5040,165518,157968,22388,21258,35529,34588,7312,3,3
2021-08-01T23:59:59+02:00,1155,1053,11834,11062,15007,13579,17020,16771,20358,20418,21984,20999,14244,15385,9814,12028,2912,5114,10506,9807,14002,12527,16270,15922,19865,19819,21577,20546,14022,15136,9682,11849,2867,5040,165507,157961,22387,21257,35529,34588,7311,3,3
2021-07-31T23:59:59+02:00,1155,1053,11834,11062,15007,13579,17020,16771,20358,20418,21984,20999,14244,15385,9814,12028,2912,5114,10506,9806,13999,12525,16269,15922,19865,19818,21576,20546,14022,15136,9682,11849,2867,5040,165507,157953,22387,21256,35529,34588,7311,3,3
2021-07-30T23:59:59+02:00,1154,1053,11800,11051,14973,13556,16985,16743,20331,20399,21947,20980,14227,15377,9808,12020,2911,5113,10473,9795,13965,12502,16235,15895,19838,19799,21539,20526,14005,15128,9676,11841,2866,5039,165502,157950,22387,21256,35529,34587,7007,3,3
2021-07-29T23:59:59+02:00,1146,1045,11769,11022,14950,13532,16975,16730,20323,20388,21938,20974,14224,15376,9805,12018,2908,5112,10468,9786,13947,12498,16224,15890,19836,19797,21535,20525,14003,15126,9676,11841,2866,5039,165314,157889,22387,21254,35529,34587,7002,3,3
2021-07-28T23:59:59+02:00,1131,1039,11734,10976,14924,13503,16958,16712,20315,20375,21929,20967,14220,15374,9803,12016,2907,5111,10457,9777,13930,12483,16216,15881,19830,19793,21532,20523,14002,15124,9676,11840,2866,5039,165096,157824,22386,21253,35529,34585,6980,3,3
2021-07-27T23:59:59+02:00,1128,1038,11714,10959,14900,13484,16939,16703,20302,20358,21912,20948,14212,15361,9796,12012,2906,5109,10436,9764,13903,12459,16199,15873,19816,19776,21516,20503,13993,15112,9669,11836,2865,5038,165071,157800,22386,21253,35529,34585,6792,3,3
2021-07-26T23:59:59+02:00,1122,1026,11658,10901,14856,13447,16914,16681,20269,20327,21883,20932,14195,15353,9789,12004,2906,5108,10401,9739,13872,12431,16174,15857,19780,19742,21467,20474,13976,15102,9661,11828,2865,5037,164902,157747,22385,21252,35529,34525,6552,3,3
2021-07-25T23:59:59+02:00,1121,1026,11656,10898,14851,13446,16913,16680,20268,20327,21883,20932,14195,15353,9789,12004,2906,5108,10400,9728,13869,12428,16172,15856,19779,19742,21467,20474,13976,15102,9661,11828,2865,5036,164889,157727,22383,21249,35529,34525,6552,3,3
2021-07-24T23:59:59+02:00,1121,1026,11652,10896,14850,13445,16913,16679,20266,20326,21883,20931,14194,15353,9789,12004,2906,5108,10278,9615,13701,12286,15751,15491,19630,19620,21449,20448,13962,15087,9654,11820,2865,5035,164883,157705,22377,19582,35529,34525,6550,3,3
2021-07-23T23:59:59+02:00,1097,1013,11539,10826,14771,13390,16860,16625,20225,20274,21845,20893,14178,15333,9779,11996,2904,5107,8523,8234,12322,11182,15264,15061,19342,19298,21237,20255,13884,15003,9597,11771,2860,5031,164475,150068,22377,19582,35529,34469,6271,3,3
2021-07-22T23:59:59+02:00,1075,1006,11471,10755,14715,13342,16824,16599,20207,20245,21831,20869,14163,15320,9768,11989,2902,5105,7997,7754,11711,10682,14558,14461,19148,19131,21081,20080,13816,14920,9572,11725,2851,5020,164122,145685,22376,19582,35529,34458,6156,3,3
2021-07-21T23:59:59+02:00,1063,997,11426,10706,14680,13311,16795,16571,20191,20228,21815,20858,14151,15315,9766,11981,2900,5103,7994,7747,11699,10674,14553,14459,19140,19130,21027,20043,13813,14918,9572,11724,2850,5018,163797,145652,22376,19575,35529,34356,6152,3,3
2021-07-20T23:59:59+02:00,1050,982,11374,10665,14650,13283,16762,16553,20168,20207,21791,20841,14141,15303,9764,11975,2899,5102,7983,7741,11685,10668,14546,14452,19132,19126,21020,20040,13812,14916,9572,11724,2850,5018,163489,145623,22376,19575,35529,34348,6113,3,3
2021-07-19T23:59:59+02:00,1037,966,11325,10616,14623,13249,16742,16534,20149,20188,21778,20833,14135,15299,9760,11966,2897,5098,7978,7738,11679,10664,14542,14451,19130,19126,21006,20025,13810,14915,9571,11722,2850,5018,163176,145598,22376,19573,35529,34317,6111,3,3
2021-07-18T23:59:59+02:00,1037,966,11323,10616,14623,13247,16741,16534,20149,20187,21778,20833,14134,15299,9760,11966,2897,5098,7975,7736,11670,10659,14538,14448,19129,19126,20995,20020,13810,14915,9571,11722,2850,5018,163170,145574,22375,19572,35529,34299,6111,3,3
2021-07-17T23:59:59+02:00,1035,966,11278,10589,14566,13203,16705,16504,20114,20173,21752,20809,14123,15286,9757,11963,2897,5097,7900,7678,11527,10532,14345,14281,18707,18807,20797,19845,13782,14874,9556,11699,2846,5012,163144,145570,22366,17918,35529,34299,5775,3,3
2021-07-16T23:59:59+02:00,1015,950,11087,10449,14468,13104,16607,16429,20040,20108,21700,20761,14096,15261,9740,11956,2893,5092,7625,7476,10601,9900,13881,13972,18481,18615,19938,19189,13616,14662,9447,11567,2830,4988,162829,142142,21837,17908,35529,32518,5558,3,3
2021-07-15T23:59:59+02:00,991,934,11030,10387,14432,13072,16583,16408,20026,20091,21690,20752,14092,15257,9736,11952,2893,5088,7194,7108,8399,8185,13423,13582,18419,18558,19798,19054,13483,14520,9395,11505,2829,4978,162495,135818,21836,17905,35529,32482,5551,3,3
2021-07-14T23:59:59+02:00,965,916,10954,10300,14363,13012,16545,16364,19991,20056,21665,20731,14080,15245,9724,11938,2889,5086,6645,6659,7317,7330,12851,13133,18321,18464,19691,18966,13453,14483,9378,11489,2827,4975,162006,131456,21836,17901,35529,32418,5450,3,3
2021-07-13T23:59:59+02:00,947,895,10873,10227,14318,12969,16518,16335,19968,20035,21654,20718,14073,15235,9721,11931,2887,5084,6393,6371,6868,6949,12546,12865,18306,18444,19646,18930,13340,14374,9375,11485,2827,4972,161577,131425,21833,15649,35529,32414,5446,3,3
2021-07-12T23:59:59+02:00,927,883,10820,10178,14273,12924,16476,16306,19952,20022,21648,20712,14070,15230,9717,11927,2887,5082,6251,6275,6706,6829,12254,12624,17618,17880,19549,18851,13306,14349,9358,11463,2827,4969,161281,128893,21833,15645,35529,32411,5388,3,3
2021-07-11T23:59:59+02:00,927,883,10819,10176,14271,12923,16475,16306,19952,20022,21648,20712,14070,15230,9717,11927,2887,5082,6245,6271,6704,6826,12253,12624,17618,17880,19548,18851,13306,14349,9358,11462,2826,4967,161279,128883,21833,15645,35529,32405,5383,3,3
2021-07-10T23:59:59+02:00,924,878,10812,10164,14264,12918,16467,16306,19950,20016,21643,20707,14070,15229,9717,11927,2887,5082,6236,6263,6695,6821,12250,12620,17617,17876,19543,18848,13305,14349,9358,11462,2826,4967,161216,128833,21833,15645,35529,32405,5380,3,3
2021-07-09T23:59:59+02:00,910,862,10762,10120,14231,12890,16433,16277,19916,19993,21615,20685,14051,15214,9702,11919,2886,5079,5428,5527,6564,6721,12092,12516,17387,17771,19338,18714,13242,14276,9332,11443,2823,4964,161032,125927,21833,15645,35529,31456,5148,3,3
2021-07-08T23:59:59+02:00,908,862,10701,10075,14145,12836,16370,16226,19864,19947,21586,20661,14037,15197,9696,11906,2885,5073,5295,5413,6346,6546,11655,12172,16877,17401,19078,18529,13178,14192,9306,11407,2817,4952,161015,123999,21832,15642,35528,30950,4597,3,3
2021-07-07T23:59:59+02:00,907,862,10699,10069,14141,12833,16369,16226,19864,19944,21586,20661,14037,15197,9696,11906,2885,5073,5151,5229,5878,6134,10456,11187,16824,17335,19024,18484,13161,14170,9297,11404,2813,4942,161005,120330,21828,15641,35528,30947,4591,3,3
2021-07-06T23:59:59+02:00,907,862,10697,10068,14138,12831,16367,16226,19864,19944,21586,20660,14037,15196,9696,11906,2885,5073,5132,5223,5871,6129,10455,11185,16822,17335,19022,18484,13161,14168,9297,11404,2813,4942,161000,120308,21826,15638,35528,30931,4586,3,3
2021-07-05T23:59:59+02:00,907,862,10691,10064,14121,12828,16357,16224,19863,19944,21584,20660,14037,15196,9696,11906,2885,5073,5123,5222,5852,6126,10444,11183,16819,17335,19020,18483,13161,14168,9297,11404,2813,4942,160993,120304,21826,15636,35528,30924,4548,3,3
2021-07-04T23:59:59+02:00,907,862,10681,10054,14119,12824,16356,16224,19862,19944,21583,20659,14037,15196,9696,11905,2884,5072,5090,5179,5766,6049,10317,11069,16812,17332,19019,18480,13157,14166,9295,11399,2810,4940,160986,119827,21826,15635,35528,30916,4522,3,3
2021-07-03T23:59:59+02:00,826,793,8747,8499,12671,11673,15887,15770,19581,19645,21415,20494,13963,15120,9642,11859,2878,5068,4981,5047,5492,5794,10080,10854,16668,17192,18828,18328,13132,14132,9285,11389,2808,4938,152666,118271,21826,15635,35528,30546,4508,3,3
2021-07-02T23:59:59+02:00,826,791,8746,8494,12667,11670,15885,15769,19579,19645,21413,20494,13962,15120,9641,11858,2877,5067,4120,4179,4848,5145,9113,9861,16298,16715,18347,17790,12782,13811,9226,11314,2806,4930,152651,113742,21826,15635,35525,27419,4499,3,3
2021-07-01T23:59:59+02:00,806,771,8537,8325,12586,11591,15852,15740,19568,19631,21403,20476,13958,15117,9636,11850,2874,5061,2283,2458,4417,4771,8623,9435,15669,16172,17796,17353,12725,13745,9196,11258,2792,4900,151957,106110,21826,15633,35525,27379,4471,3,2
2021-06-30T23:59:59+02:00,751,721,8294,8138,12416,11444,15737,15644,19501,19563,21363,20429,13939,15091,9623,11837,2873,5056,2224,2419,4327,4652,8518,9335,15471,16034,17064,16853,12073,13102,9137,11189,2785,4894,150613,106049,21823,15632,35524,23938,4457,3,2
2021-06-29T23:59:59+02:00,751,721,8290,8129,12414,11440,15734,15644,19499,19563,21363,20429,13939,15091,9623,11837,2873,5056,2202,2407,4304,4613,8495,9290,15435,15975,16988,16768,11718,12764,9109,11155,2782,4886,150604,106035,21820,15630,35523,22779,4446,3,2
2021-06-28T23:59:59+02:00,751,721,8287,8125,12406,11435,15732,15644,19498,19563,21363,20429,13938,15091,9623,11837,2873,5056,2194,2378,4256,4495,8420,9130,15314,15697,16820,16496,11411,12462,9086,11128,2781,4882,150587,106025,21820,15630,35523,20855,4439,3,2
2021-06-27T23:59:59+02:00,751,721,8284,8119,12402,11432,15730,15644,19497,19563,21363,20429,13938,15091,9623,11836,2873,5056,2184,2374,4247,4493,8238,8977,15294,15681,16818,16491,11407,12461,9085,11126,2781,4882,150578,105628,21818,15629,35523,20851,4430,3,2
2021-06-26T23:59:59+02:00,743,717,8070,7904,11930,11025,14626,14656,19246,19366,21260,20307,13895,15040,9610,11807,2870,5053,2144,2331,4193,4438,8140,8867,15032,15423,16756,16444,11390,12442,9073,11121,2781,4880,148112,104566,20058,15607,35522,20851,4430,3,2
2021-06-25T23:59:59+02:00,724,699,8043,7881,11915,11015,14626,14650,19239,19361,21256,20306,13895,15040,9609,11805,2870,5053,2014,2153,3905,4133,6615,7433,12378,13234,16681,16356,11363,12412,9062,11097,2776,4865,147974,95702,20058,15525,35522,20818,4430,3,2
2021-06-24T23:59:59+02:00,712,682,7557,7470,10840,10122,14093,14215,19168,19302,21208,20263,13873,15012,9596,11792,2869,5050,1945,2085,3545,3794,5852,6765,12136,13027,16435,16149,11259,12285,8972,10970,2765,4831,143827,94470,20054,13154,35521,20770,4419,3,2
2021-06-23T23:59:59+02:00,712,682,7555,7465,10834,10121,14092,14214,19168,19301,21208,20262,13873,15012,9596,11792,2869,5050,1801,1916,3059,3391,4497,5590,11832,12758,16314,16031,11213,12246,8959,10943,2764,4824,143813,89822,20052,13154,35520,20742,4418,3,2
2021-06-22T23:59:59+02:00,712,682,7506,7436,10761,10071,14069,14188,19152,19286,21197,20254,13866,15003,9593,11789,2869,5050,1751,1885,2977,3337,4459,5557,11804,12719,16246,15980,11004,12055,8707,10642,2754,4793,143798,89803,20052,13150,35520,19604,4111,3,2
2021-06-21T23:59:59+02:00,710,682,7375,7367,10632,9975,13789,13940,18407,18670,21107,20177,13831,14971,9574,11764,2869,5047,1706,1860,2934,3299,4430,5527,11758,12684,16229,15964,10995,12045,8700,10634,2753,4792,141424,89678,20050,13149,35520,19591,3890,3,2
2021-06-20T23:59:59+02:00,710,682,7375,7363,10628,9972,13789,13940,18407,18670,21107,20177,13831,14971,9574,11764,2869,5047,1678,1831,2888,3283,4365,5488,11696,12651,16167,15905,10976,12029,8697,10625,2749,4788,141414,89199,20049,13145,35520,19580,3890,3,2
2021-06-19T23:59:59+02:00,710,681,7338,7326,10522,9881,13607,13782,17993,18334,20922,20004,13813,14944,9562,11744,2866,5041,1647,1796,2847,3234,4285,5414,11360,12361,16129,15867,10967,12017,8695,10620,2747,4786,141369,88185,18288,13116,35520,19579,3890,3,2
2021-06-18T23:59:59+02:00,15,12,6533,6593,10516,9880,13606,13780,17991,18332,20922,20004,13813,14943,9562,11743,2865,5039,1515,1684,2611,3078,3654,4782,10218,11218,15918,15711,10925,11977,8672,10598,2733,4758,138457,83529,18287,13114,35520,19525,3882,3,2
2021-06-17T23:59:59+02:00,13,11,6462,6524,10400,9776,13281,13475,17604,18012,20809,19907,13794,14905,9550,11729,2857,5033,1434,1566,2458,2929,3301,4445,8618,9855,15404,15278,10750,11797,8616,10520,2716,4730,136565,78063,18287,13110,35519,19474,3768,3,2
2021-06-16T23:59:59+02:00,13,11,6455,6518,10389,9773,13279,13473,17603,18011,20808,19907,13794,14905,9549,11728,2857,5033,1384,1518,2356,2855,3117,4266,7533,8914,14906,14890,10667,11686,8580,10472,2705,4714,136535,74239,18285,13108,35519,19450,3764,3,2
2021-06-15T23:59:59+02:00,13,11,6424,6500,10349,9745,13249,13458,17583,17989,20794,19894,13785,14897,9546,11722,2854,5030,1304,1459,2229,2753,3001,4181,6617,8182,14704,14723,10643,11657,8568,10450,2696,4707,136523,74228,18284,10700,35519,19430,3514,3,2
2021-06-14T23:59:59+02:00,13,11,6405,6483,10315,9720,13229,13438,17568,17971,20775,19884,13775,14888,9543,11720,2854,5026,1278,1444,2192,2726,2979,4160,6601,8162,14683,14713,10632,11648,8565,10449,2696,4703,136510,74218,18284,10700,35519,19409,3302,3,2
2021-06-13T23:59:59+02:00,13,11,6404,6483,10311,9718,13228,13436,17568,17971,20775,19884,13774,14888,9543,11720,2854,5026,1274,1438,2189,2717,2969,4150,6584,8145,14582,14648,10619,11625,8559,10437,2693,4703,136501,73926,18284,10700,35519,19404,3300,3,2
2021-06-12T23:59:59+02:00,10,9,5614,5711,10264,9682,13195,13412,17541,17950,20749,19853,13692,14816,9543,11717,2853,5026,1265,1419,2178,2700,2948,4123,6510,8063,14409,14511,10391,11341,8078,9899,2691,4702,134531,73423,18284,10700,35519,17804,3300,3,1
2021-06-11T23:59:59+02:00,9,9,5610,5704,10254,9675,13181,13400,17534,17946,20745,19851,13692,14815,9543,11715,2853,5026,1190,1335,2058,2540,2776,3868,5012,6731,12700,13131,10251,11193,7991,9793,2684,4686,134458,66146,18284,10699,35519,17795,3298,3,1
2021-06-10T23:59:59+02:00,3,3,4609,4749,10087,9547,13070,13318,17278,17710,20506,19670,13683,14804,9537,11705,2850,5023,1133,1274,1944,2434,2616,3691,4406,6094,11535,12143,9951,10869,7907,9708,2672,4661,131127,61327,18283,10699,35519,17790,3221,2,1
2021-06-09T23:59:59+02:00,3,3,4016,4140,9881,9399,12983,13245,16969,17445,20278,19488,13668,14791,9532,11699,2849,5018,1059,1230,1843,2365,2524,3578,4080,5787,11110,11818,9823,10710,7861,9642,2661,4652,128758,61253,18268,8845,35519,17784,2860,2,1
2021-06-08T23:59:59+02:00,3,3,4004,4133,9869,9390,12971,13238,16962,17436,20270,19486,13666,14788,9531,11696,2848,5016,1013,1222,1821,2350,2497,3564,4055,5767,11099,11815,9820,10705,7860,9640,2660,4649,128744,61136,18265,8840,35518,17779,2781,2,1
2021-06-07T23:59:59+02:00,3,3,3990,4125,9836,9377,12961,13220,16939,17425,20254,19475,13663,14784,9528,11692,2846,5014,1002,1215,1788,2339,2488,3545,4031,5754,11081,11801,9817,10700,7857,9637,2658,4647,128732,61127,18263,8837,35517,17774,2621,2,1
2021-06-06T23:59:59+02:00,3,3,3985,4121,9831,9373,12960,13220,16938,17424,20253,19475,13662,14783,9528,11692,2846,5014,999,1212,1777,2337,2482,3536,4018,5747,10954,11656,9806,10693,7856,9637,2658,4647,128720,60802,18263,8836,35516,17766,2610,2,1
2021-06-05T23:59:59+02:00,2,0,3691,3820,7340,7369,12722,13035,16909,17395,20209,19435,13546,14638,9453,11601,2842,5002,922,1140,1612,2236,2317,3457,3792,5607,10058,10815,9423,10238,7745,9482,2650,4627,122749,57527,18263,8836,35516,17278,2479,2,1
2021-06-04T23:59:59+02:00,2,0,3624,3765,7188,7253,12253,12640,16769,17283,19976,19200,13427,14492,9396,11522,2828,4985,894,1074,1581,2131,2278,3290,3716,5349,9418,10138,8578,9219,7469,9077,2646,4616,120350,56055,18263,8834,35516,14112,2472,2,1
2021-06-03T23:59:59+02:00,2,0,3211,3371,7161,7237,12126,12522,16737,17242,19889,19134,13415,14475,9394,11519,2827,4984,865,1007,1535,2007,2199,3090,3526,4967,8841,9518,7817,8347,6997,8461,2643,4608,119108,54424,18261,8833,35512,10807,2363,2,1
2021-06-02T23:59:59+02:00,0,0,2823,3053,6022,6319,11822,12288,16678,17191,19766,19029,13354,14421,9372,11498,2825,4976,849,973,1471,1984,2086,3052,3355,4865,7480,8436,7737,8268,6981,8433,2640,4603,115410,51321,18260,8833,35512,10805,2253,2,1
2021-06-01T23:59:59+02:00,0,0,2536,2741,5547,5894,11504,12005,16654,17168,19715,18992,13231,14298,9365,11494,2824,4973,832,966,1456,1975,2068,3039,3329,4845,7183,8111,7700,8234,6971,8419,2638,4603,115391,50643,15918,8813,35512,10794,2118,2,1
2021-05-31T23:59:59+02:00,0,0,2521,2738,5528,5885,11476,11984,16620,17157,19675,18970,13228,14294,9361,11492,2824,4971,816,959,1437,1965,2035,3019,3293,4831,7142,8090,7697,8229,6967,8417,2638,4601,115384,50631,15914,8807,35512,10785,1912,2,1
2021-05-30T23:59:59+02:00,0,0,2517,2736,5526,5881,11476,11983,16617,17156,19673,18969,13228,14294,9361,11492,2824,4971,815,955,1432,1962,2035,3017,3291,4829,7141,8090,7697,8229,6967,8417,2638,4601,115368,50625,15914,8807,35509,10772,1911,2,1
2021-05-29T23:59:59+02:00,0,0,2501,2722,5360,5727,11409,11924,16609,17150,19665,18968,13227,14292,9359,11492,2824,4971,778,906,1321,1867,1758,2764,2886,4406,6856,7818,7513,8004,6791,8189,2635,4595,114864,49979,15914,8807,35509,8389,1911,2,1
2021-05-28T23:59:59+02:00,0,0,2367,2592,4935,5336,10732,11309,16542,17088,19639,18940,13218,14278,9340,11463,2822,4962,757,883,1262,1813,1668,2692,2753,4301,5275,6125,7350,7808,6749,8133,2632,4585,112231,45690,15914,8807,35509,8381,1907,2,1
2021-05-27T23:59:59+02:00,0,0,2347,2571,4885,5270,10069,10739,16502,17056,19625,18928,13208,14268,9338,11461,2822,4962,703,788,1157,1741,1457,2550,2380,3994,4395,5215,7113,7500,6658,8016,2615,4566,110847,41901,15911,8802,35507,8360,1784,2,1
2021-05-26T23:59:59+02:00,0,0,2309,2509,4712,5090,9634,10372,16450,17002,19557,18874,13194,14249,9328,11459,2818,4949,688,746,1110,1709,1368,2470,2171,3823,4266,5077,6949,7287,6578,7917,2603,4552,109426,40502,15909,8801,35507,8348,1662,2,1
2021-05-25T23:59:59+02:00,0,0,2306,2502,4682,5073,9609,10346,16425,16984,19544,18867,13189,14247,9325,11456,2818,4949,681,732,1063,1691,1316,2425,2101,3763,3727,4500,6647,6944,6544,7880,2602,4550,109422,40494,15907,6847,35506,8339,1485,2,1
2021-05-24T23:59:59+02:00,0,0,2297,2494,4670,5068,9601,10341,16399,16964,19518,18843,13179,14236,9322,11446,2817,4945,672,727,1051,1684,1306,2418,2076,3743,3701,4475,6636,6933,6541,7870,2601,4546,109416,40487,15907,6847,35506,8336,1309,2,1
2021-05-23T23:59:59+02:00,0,0,2281,2462,4582,4994,9467,10219,16396,16963,19518,18842,13177,14234,9319,11442,2815,4944,671,724,1049,1684,1305,2418,2076,3743,3701,4474,6635,6933,6541,7870,2601,4546,108932,40481,15907,6846,35505,8334,1309,2,1
2021-05-22T23:59:59+02:00,0,0,2261,2443,4573,4977,9387,10137,16373,16949,19466,18798,13149,14204,9316,11436,2815,4943,670,722,1048,1681,1302,2415,2073,3738,3685,4461,5804,6034,6469,7789,2593,4541,108504,38535,15907,6846,35505,8334,1309,2,1
2021-05-21T23:59:59+02:00,0,0,2226,2410,4465,4891,9191,9962,16345,16916,19451,18791,13139,14195,9314,11434,2810,4932,658,695,1011,1615,1252,2292,1987,3558,3341,4026,4042,3927,6426,7723,2588,4526,107765,34530,15907,6846,35502,6994,1296,2,1
2021-05-20T23:59:59+02:00,0,0,2197,2370,4382,4830,8970,9733,16295,16863,19398,18739,13108,14160,9297,11417,2809,4928,603,588,886,1302,1080,1887,1764,3022,2781,3345,3206,2974,6381,7673,2584,4521,106910,32700,15904,6845,35493,3864,1187,2,1
2021-05-19T23:59:59+02:00,0,0,2036,2194,3884,4406,7587,8540,16021,16615,19275,18614,13060,14112,9287,11391,2807,4925,588,551,848,1248,1051,1836,1738,2969,2731,3301,3198,2961,6377,7670,2584,4520,102276,32676,15902,6843,35492,3569,1082,2,1
2021-05-18T23:59:59+02:00,0,0,1988,2141,3578,4118,6929,7944,15874,16500,19191,18531,13027,14079,9231,11317,2801,4911,582,547,842,1246,1043,1828,1708,2953,2722,3283,3193,2956,6373,7666,2584,4520,102256,32672,13442,6838,35488,3563,972,2,1
2021-05-17T23:59:59+02:00,0,0,1980,2133,3558,4104,6885,7920,15846,16482,19169,18512,13017,14056,9230,11316,2801,4911,574,540,823,1231,1001,1804,1680,2935,2698,3262,3182,2935,6373,7665,2584,4520,102249,32667,13439,6838,35488,3559,742,2,1
2021-05-16T23:59:59+02:00,0,0,1975,2130,3551,4100,6699,7756,15823,16463,19165,18507,13012,14055,9229,11315,2801,4911,574,540,823,1230,1000,1803,1680,2935,2696,3262,3182,2935,6373,7665,2584,4520,101827,32665,13438,6838,35484,3557,741,2,1
2021-05-15T23:59:59+02:00,0,0,1947,2094,3513,4062,6613,7652,15554,16195,19109,18465,12993,14036,9220,11310,2801,4909,574,540,823,1229,1000,1803,1678,2934,2696,3262,3181,2935,6372,7665,2584,4520,100808,32661,13438,6838,35484,3555,741,2,1
2021-05-14T23:59:59+02:00,0,0,1838,1949,3267,3811,5020,6174,12905,14003,19045,18379,12969,14006,9214,11297,2798,4903,574,539,820,1229,1000,1803,1677,2933,2690,3260,3176,2929,6369,7663,2584,4519,91927,32643,13438,6837,35482,3555,729,2,1
2021-05-13T23:59:59+02:00,0,0,1812,1901,3226,3760,4908,6073,12700,13819,18885,18252,12893,13911,9178,11244,2798,4902,568,536,813,1220,990,1791,1658,2914,2583,3167,2515,2123,4917,5862,2575,4500,90712,29630,13341,4820,35480,3554,727,2,1
2021-05-12T23:59:59+02:00,0,0,1812,1901,3225,3760,4908,6073,12700,13819,18884,18252,12893,13911,9178,11244,2798,4902,568,536,813,1220,990,1791,1658,2913,2580,3165,2515,2123,4917,5860,2575,4500,90711,29627,13341,4815,35479,3554,727,2,1
2021-05-11T23:59:59+02:00,0,0,1768,1856,3133,3685,4820,6007,11773,13090,18690,18093,12879,13890,9171,11230,2792,4898,567,534,810,1215,989,1790,1657,2913,2571,3161,2514,2122,4915,5859,2574,4500,90700,29620,10883,4803,35471,3548,719,2,1
2021-05-10T23:59:59+02:00,0,0,1752,1853,3127,3682,4814,6003,11772,13089,18689,18093,12879,13890,9171,11230,2792,4898,566,532,810,1215,988,1790,1656,2913,2571,3161,2513,2121,4915,5859,2574,4500,90687,29619,10880,4802,35446,3543,719,2,1
2021-05-09T23:59:59+02:00,0,0,1716,1806,3075,3667,4744,5968,11705,13068,18626,18034,12859,13871,9168,11221,2790,4896,564,529,802,1214,980,1784,1643,2910,2567,3160,2513,2119,4914,5858,2574,4499,90218,29615,10877,4801,35439,3535,678,2,1
2021-05-08T23:59:59+02:00,0,0,1683,1772,3039,3617,4667,5895,11368,12766,18593,18000,12852,13863,9167,11219,2788,4896,552,528,795,1214,969,1784,1635,2910,2551,3149,2512,2119,4914,5857,2573,4498,89189,29611,10877,4801,35439,3469,678,2,1
2021-05-07T23:59:59+02:00,0,0,1539,1649,2791,3445,3993,5231,10160,11576,18393,17849,12813,13828,9147,11202,2780,4889,455,379,672,984,823,1465,1490,2495,2382,2792,2503,2110,4910,5853,2570,4495,84422,29606,10876,4801,35427,1412,558,2,1
2021-05-06T23:59:59+02:00,0,0,1476,1480,2657,3314,3666,4922,8460,10094,17878,17424,12645,13660,9100,11130,2777,4881,333,320,568,882,687,1376,1242,2281,2168,2597,2451,2078,4908,5846,2570,4494,78896,29585,10875,4800,35410,34,381,2,1
2021-05-05T23:59:59+02:00,0,0,1422,1404,2570,3242,3490,4747,7311,9077,17371,17024,12557,13547,9068,11084,2768,4866,333,320,566,881,686,1374,1196,2229,2157,2589,2447,2076,4908,5842,2570,4490,75019,29575,10871,4799,35400,33,256,2,1
2021-05-04T23:59:59+02:00,0,0,1411,1402,2563,3235,3488,4747,7309,9076,17370,17024,12557,13547,9068,11084,2768,4866,333,319,566,880,684,1374,1196,2229,2157,2589,2446,2076,4908,5842,2570,4489,75011,29572,10860,4799,35387,31,255,2,1
2021-05-03T23:59:59+02:00,0,0,1409,1396,2555,3230,3485,4741,7230,9016,17356,17016,12553,13545,9068,11084,2767,4865,330,313,562,876,679,1369,1117,2169,2143,2581,2442,2074,4908,5842,2569,4488,75002,29570,10860,4799,35387,27,65,2,1
2021-05-02T23:59:59+02:00,0,0,1401,1392,2552,3224,3472,4732,7210,8996,17250,16948,12540,13520,9062,11073,2764,4865,328,312,562,875,679,1369,1117,2168,2141,2581,2442,2074,4907,5840,2569,4488,74692,29564,10859,4798,35386,27,62,2,1
2021-05-01T23:59:59+02:00,0,0,1397,1386,2543,3214,3463,4714,7151,8935,17106,16831,12515,13497,9050,11067,2764,4865,328,312,562,875,679,1369,1117,2168,2141,2581,2442,2074,4905,5840,2568,4486,74189,29559,10859,4798,35386,27,62,2,1
2021-04-30T23:59:59+02:00,0,0,1327,1306,2422,3044,3294,4440,5602,7536,15362,15399,12372,13337,8955,10950,2749,4832,328,312,561,874,678,1369,1114,2166,2138,2579,2441,2065,4892,5831,2560,4468,66671,29542,10859,4797,35386,27,9,2,1
2021-04-29T23:59:59+02:00,0,0,1273,1268,2319,2934,3161,4270,4994,6887,14187,14376,12062,13009,8864,10868,2735,4804,326,311,561,873,678,1368,1113,2166,2136,2577,2439,2061,4891,5828,2559,4466,61758,29522,10859,4794,35383,27,9,2,1
2021-04-28T23:59:59+02:00,0,0,1210,1251,2257,2897,3096,4189,4685,6595,13772,14060,11947,12862,8823,10809,2727,4798,325,311,558,871,675,1368,1111,2165,2135,2570,2436,2059,4888,5824,2556,4463,61641,29518,8950,4768,35383,26,2,2,1
2021-04-27T23:59:59+02:00,0,0,1190,1249,2252,2896,3092,4188,4683,6595,13771,14059,11946,12861,8823,10809,2727,4798,325,311,558,871,674,1366,1111,2165,2134,2570,2436,2057,4888,5824,2556,4463,61609,29516,8945,4764,35381,26,2,2,1
2021-04-26T23:59:59+02:00,0,0,1190,1247,2250,2895,3090,4188,4669,6581,13731,14028,11943,12858,8823,10808,2727,4797,325,311,558,871,674,1366,1111,2165,2131,2569,2436,2057,4888,5824,2556,4463,61601,29514,8941,4763,35279,25,2,2,1
2021-04-25T23:59:59+02:00,0,0,1189,1247,2244,2895,3087,4181,4656,6574,13593,13874,11933,12852,8822,10807,2727,4797,325,311,557,871,673,1365,1109,2163,2131,2569,2436,2057,4888,5824,2556,4463,61275,29510,8938,4760,35261,25,2,2,1
2021-04-24T23:59:59+02:00,0,0,1123,1201,2106,2806,2948,4125,4445,6459,12731,13071,11656,12523,8756,10703,2720,4784,325,311,557,871,672,1364,1109,2163,2131,2568,2435,2057,4884,5823,2556,4463,57955,29503,8937,4760,35261,23,2,2,1
2021-04-23T23:59:59+02:00,0,0,1024,1181,1891,2779,2788,4092,4331,6348,11390,12016,11601,12461,8732,10656,2718,4781,324,311,557,871,671,1364,1108,2163,2129,2568,2434,2057,4883,5817,2556,4462,56479,29497,8937,4758,33370,18,1,2,1
2021-04-22T23:59:59+02:00,0,0,1014,1172,1864,2766,2726,4067,4154,6229,10772,11499,11513,12375,8702,10609,2715,4776,323,310,557,871,671,1363,1106,2163,2128,2568,2434,2055,4881,5815,2556,4462,54784,29490,8936,4753,33230,18,1,2,1
2021-04-21T23:59:59+02:00,0,0,999,1158,1789,2742,2606,4032,4008,6155,9280,10339,11438,12308,8690,10585,2712,4773,322,310,556,871,670,1363,1105,2163,2128,2568,2430,2051,4878,5813,2555,4460,51621,29473,8935,4750,33055,18,1,2,1
2021-04-20T23:59:59+02:00,0,0,999,1157,1788,2741,2603,4029,4004,6154,8984,10016,11411,12284,8686,10576,2712,4772,322,310,556,871,670,1363,1105,2162,2127,2567,2430,2050,4876,5812,2555,4460,50927,29469,8932,4747,33054,18,1,2,1
2021-04-19T23:59:59+02:00,0,0,997,1155,1788,2738,2602,4028,4002,6152,8984,10015,11411,12284,8686,10575,2712,4772,321,310,556,870,670,1363,1103,2162,2126,2567,2430,2050,4876,5812,2555,4460,50919,29465,8927,4746,33052,18,1,2,1
2021-04-18T23:59:59+02:00,0,0,997,1154,1786,2738,2600,4026,4002,6152,8984,10015,11411,12284,8686,10574,2712,4771,321,310,556,870,669,1363,1103,2161,2126,2567,2430,2050,4876,5812,2555,4460,50912,29464,8926,4745,33051,18,1,2,1
2021-04-17T23:59:59+02:00,0,0,997,1153,1783,2732,2523,3936,3946,6070,8967,9997,11288,12132,8683,10572,2712,4770,316,304,552,863,661,1353,1085,2148,2079,2541,2385,1998,4827,5743,2549,4454,50281,29094,8926,4745,33051,17,1,2,1
2021-04-16T23:59:59+02:00,0,0,968,1119,1672,2649,2321,3799,3697,5896,7245,8184,11091,11888,8629,10509,2709,4757,309,299,537,844,629,1316,1003,2091,1855,2381,2236,1889,4640,5474,2490,4338,45936,29080,8851,3237,32343,12,1,2,1
2021-04-15T23:59:59+02:00,0,0,898,1067,1544,2561,2041,3647,3165,5567,6235,7219,10834,11552,8529,10386,2690,4734,309,299,536,843,627,1315,1002,2088,1619,2240,2083,1758,4454,5263,2436,4235,42134,29035,8848,2062,31684,8,1,2,1
2021-04-14T23:59:59+02:00,0,0,883,1038,1499,2525,1953,3566,2995,5432,6141,7108,10670,11345,8447,10286,2678,4720,289,289,502,816,556,1256,795,1945,1399,2116,2016,1683,4323,5099,2422,4207,40758,27641,8844,2062,31681,8,1,2,1
2021-04-13T23:59:59+02:00,0,0,878,1032,1487,2522,1930,3547,2963,5398,5620,6532,10370,11006,8416,10252,2677,4719,289,287,502,815,556,1256,795,1945,1399,2115,2013,1682,4323,5099,2422,4204,40751,27639,6918,2053,31677,8,1,2,1
2021-04-12T23:59:59+02:00,0,0,878,1030,1486,2519,1930,3547,2962,5397,5619,6532,10369,11006,8416,10252,2677,4719,289,286,502,815,554,1256,793,1944,1398,2115,2013,1682,4323,5098,2422,4204,40746,27633,6915,2051,31675,8,1,2,1
2021-04-11T23:59:59+02:00,0,0,878,1030,1485,2519,1928,3546,2961,5397,5619,6532,10368,11005,8416,10252,2677,4719,289,286,501,815,552,1256,792,1944,1396,2115,2013,1682,4323,5098,2422,4204,40743,27628,6914,2051,31673,8,0,2,1
2021-04-10T23:59:59+02:00,0,0,876,1027,1482,2515,1911,3534,2892,5331,5491,6434,10138,10788,8363,10202,2673,4718,289,285,501,814,552,1256,791,1944,1396,2115,2009,1678,4318,5089,2421,4201,40173,27599,6914,2051,31286,8,0,2,1
2021-04-09T23:59:59+02:00,0,0,838,994,1385,2459,1807,3475,2763,5277,5352,6369,7760,7960,8299,10108,2663,4700,288,285,498,813,550,1254,788,1944,1394,2111,1989,1656,4296,5071,2418,4196,34698,27491,6913,2051,30596,8,0,2,1
2021-04-08T23:59:59+02:00,0,0,837,992,1381,2456,1805,3472,2752,5268,5341,6356,6972,7045,8257,10058,2660,4696,287,284,498,812,550,1253,787,1944,1392,2110,1987,1656,4295,5068,2418,4196,32845,27478,6913,2050,30588,8,0,2,1
2021-04-07T23:59:59+02:00,0,0,785,969,1306,2384,1718,3404,2559,5161,4600,5873,6305,6404,8199,9997,2654,4690,287,284,498,812,550,1250,787,1944,1392,2110,1987,1656,4294,5068,2418,4196,32841,27477,6912,2049,27253,7,0,2,0
2021-04-06T23:59:59+02:00,0,0,752,962,1287,2349,1694,3363,2529,5115,4526,5797,5943,6047,8178,9973,2649,4684,287,283,498,811,550,1250,787,1944,1391,2110,1987,1655,4294,5068,2418,4196,32837,27475,6912,2047,26097,7,0,2,0
2021-04-05T23:59:59+02:00,0,0,748,931,1246,2225,1622,3198,2410,4845,4366,5525,5635,5741,8161,9947,2647,4680,287,283,498,810,550,1250,787,1944,1391,2110,1987,1655,4294,5068,2418,4196,32836,27474,6912,2047,24177,7,0,2,0
2021-04-04T23:59:59+02:00,0,0,727,906,1155,2009,1488,2932,2196,4411,4016,5026,5390,5517,8129,9893,2646,4672,287,283,497,809,548,1249,786,1943,1317,2073,1623,1381,4136,4887,2374,4131,32832,26271,6912,2047,21367,6,0,2,0
2021-04-03T23:59:59+02:00,0,0,727,906,1154,2008,1487,2932,2195,4411,4016,5026,5390,5516,8129,9893,2646,4672,287,283,497,809,548,1249,786,1943,1317,2073,1623,1381,4136,4887,2374,4131,32828,26271,6912,2047,21366,6,0,2,0
2021-04-02T23:59:59+02:00,0,0,727,905,1154,2008,1487,2932,2195,4411,4015,5025,5390,5515,8128,9892,2645,4670,287,283,497,809,548,1249,786,1943,1316,2073,1623,1381,4136,4887,2374,4131,32826,26270,6912,2047,21359,6,0,2,0
2021-04-01T23:59:59+02:00,0,0,722,903,1151,2002,1479,2924,2181,4393,3924,4940,4897,4915,7423,8998,2643,4665,287,281,496,806,548,1248,783,1941,1278,2045,1474,1286,4037,4786,2363,4118,29922,25730,6886,2041,21350,6,0,2,0
2021-03-31T23:59:59+02:00,0,0,722,902,1149,2001,1475,2919,2177,4392,3906,4929,4724,4698,6656,8064,2633,4643,286,280,496,806,544,1245,778,1934,1173,1968,1079,1021,3628,4323,2256,3944,29804,23778,4861,1978,21323,5,0,2,0
2021-03-30T23:59:59+02:00,0,0,722,902,1148,1998,1463,2910,2168,4383,3861,4902,4525,4517,6406,7767,2624,4627,286,279,496,804,544,1245,778,1933,1173,1968,1079,1021,3628,4323,2255,3944,29799,23774,4856,1978,20266,4,0,2,0
2021-03-29T23:59:59+02:00,0,0,720,900,1148,1998,1461,2910,2168,4383,3857,4900,4522,4515,6403,7758,2622,4609,286,278,496,804,544,1245,777,1932,1173,1968,1079,1020,3628,4323,2255,3944,29790,23770,4851,1978,20231,4,0,2,0
2021-03-28T23:59:59+02:00,0,0,720,900,1148,1995,1459,2908,2167,4380,3856,4900,4521,4515,6400,7754,2622,4608,285,278,494,804,544,1245,776,1932,1173,1968,1079,1019,3628,4323,2255,3944,29788,23766,4846,1977,20217,4,0,2,0
2021-03-27T23:59:59+01:00,0,0,716,895,1144,1987,1451,2898,2148,4364,3814,4874,4472,4458,6355,7695,2615,4595,281,273,480,794,533,1233,728,1896,1012,1876,818,829,3489,4171,2094,3632,29438,22800,4846,1335,20195,4,0,2,0
2021-03-26T23:59:59+01:00,0,0,716,895,1143,1986,1448,2897,2145,4364,3809,4871,4460,4436,6345,7668,2608,4581,280,273,480,792,531,1233,726,1896,1005,1868,681,734,2511,3016,1924,3419,29378,20030,4844,1335,20148,4,0,2,0
2021-03-25T23:59:59+01:00,0,0,715,894,1143,1986,1447,2894,2141,4358,3804,4867,4451,4425,6331,7636,2587,4527,280,273,480,792,530,1230,725,1895,1003,1867,660,727,1328,1567,1643,3056,29365,16717,4839,1335,20000,4,0,2,0
2021-03-24T23:59:59+01:00,0,0,692,883,1105,1956,1376,2834,1935,4210,3580,4741,4391,4365,6196,7468,2573,4495,280,273,480,792,527,1230,724,1895,1002,1867,660,727,1328,1566,1643,3054,27988,16710,4836,1334,19974,4,0,2,0
2021-03-23T23:59:59+01:00,0,0,692,881,1103,1955,1376,2834,1935,4210,3579,4738,4391,4365,6195,7468,2573,4494,280,273,480,792,527,1230,724,1895,1002,1867,660,727,1328,1566,1643,3054,27984,16710,4833,1334,19970,4,0,2,0
2021-03-22T23:59:59+01:00,0,0,692,879,1101,1951,1373,2834,1933,4210,3578,4738,4391,4364,6195,7467,2573,4494,280,273,480,792,527,1229,723,1895,1002,1866,660,726,1328,1566,1643,3054,27980,16707,4832,1334,19959,3,0,2,0
2021-03-21T23:59:59+01:00,0,0,692,879,1099,1948,1373,2832,1932,4209,3577,4737,4391,4364,6194,7467,2573,4494,280,273,480,792,527,1229,723,1895,1002,1866,660,725,1328,1566,1643,3054,27977,16706,4831,1334,19952,3,0,1,0
2021-03-20T23:59:59+01:00,0,0,690,877,1097,1946,1367,2829,1915,4202,3546,4718,4173,4089,5677,6860,2563,4461,275,271,475,786,510,1219,701,1878,964,1837,590,647,1096,1307,1293,2507,27896,15019,4733,1334,18380,3,0,1,0
2021-03-19T23:59:59+01:00,0,0,682,871,1082,1926,1333,2792,1835,4146,3326,4557,4025,3983,5501,6618,2514,4376,275,271,475,786,510,1219,701,1877,963,1837,590,647,1096,1306,1292,2506,27894,15014,3300,1334,18373,3,0,0,0
2021-03-18T23:59:59+01:00,0,0,682,870,1081,1925,1332,2790,1835,4143,3096,4414,3872,3854,5323,6416,2462,4274,275,270,474,786,510,1217,701,1876,962,1836,588,644,857,1049,1182,2339,27883,14231,2115,1333,18371,2,0,0,0
2021-03-17T23:59:59+01:00,0,0,682,870,1080,1925,1332,2789,1835,4143,3096,4414,3872,3852,5322,6416,2462,4274,275,270,474,786,510,1217,701,1876,961,1836,587,644,857,1049,1182,2339,27881,14229,2115,1333,18368,2,0,0,0
2021-03-16T23:59:59+01:00,0,0,681,870,1080,1921,1331,2789,1833,4143,3096,4412,3871,3851,5322,6416,2461,4273,273,266,460,781,501,1205,685,1862,945,1826,585,643,855,1048,1181,2338,27874,14119,2111,1333,18365,2,0,0,0
2021-03-15T23:59:59+01:00,0,0,681,869,1078,1920,1328,2789,1829,4142,3095,4412,3871,3850,5321,6416,2461,4273,273,266,460,781,501,1205,685,1862,944,1825,585,643,855,1048,1181,2338,27869,14117,2109,1333,18357,2,0,0,0
2021-03-14T23:59:59+01:00,0,0,680,867,1075,1917,1325,2786,1827,4140,3090,4411,3871,3850,5321,6416,2461,4273,273,266,460,781,501,1205,685,1862,944,1824,585,643,854,1048,1181,2338,27865,14115,2109,1333,18336,2,0,0,0
2021-03-13T23:59:59+01:00,0,0,678,862,1067,1911,1316,2779,1822,4132,2976,4333,3402,3447,5117,6183,2416,4210,273,266,460,781,501,1205,684,1862,942,1823,561,627,551,753,762,1764,26600,12480,2109,1333,17942,2,0,0,0
2021-03-12T23:59:59+01:00,0,0,648,775,1044,1798,1295,2588,1790,3866,2932,4165,2261,2004,4756,5637,2413,4201,273,266,460,781,501,1205,683,1862,941,1823,561,626,551,753,762,1763,26588,12477,2109,1333,13476,1,0,0,0
2021-03-11T23:59:59+01:00,0,0,638,730,1036,1696,1287,2429,1778,3652,2886,4026,1697,1475,4270,5095,2403,4192,271,266,460,781,501,1205,683,1861,941,1819,561,626,549,752,682,1618,26038,12475,2097,1101,11155,0,0,0,0
2021-03-10T23:59:59+01:00,0,0,633,718,1026,1674,1278,2408,1765,3626,2777,3943,1307,1207,3862,4626,2309,4035,271,266,459,779,500,1205,683,1861,939,1819,561,626,547,751,682,1618,24059,12469,2096,1098,11039,0,0,0,0
2021-03-09T23:59:59+01:00,0,0,632,713,1018,1657,1267,2393,1762,3615,2770,3938,1303,1206,3862,4625,2308,4035,271,266,459,779,500,1205,683,1861,939,1819,561,626,547,751,682,1618,24056,12469,2095,1098,10953,0,0,0,0
2021-03-08T23:59:59+01:00,0,0,628,684,1007,1632,1252,2360,1754,3582,2749,3923,1302,1204,3862,4625,2308,4035,271,266,459,779,500,1205,683,1861,939,1819,561,626,546,751,682,1618,24052,12468,2094,1098,10761,0,0,0,0
2021-03-07T23:59:59+01:00,0,0,628,681,1003,1628,1252,2357,1753,3579,2749,3921,1302,1204,3862,4625,2308,4035,271,266,459,779,499,1205,683,1861,939,1819,561,626,546,751,682,1618,24049,12467,2094,1098,10744,0,0,0,0
2021-03-06T23:59:59+01:00,0,0,592,634,884,1527,1011,2167,1333,3197,2328,3585,1021,985,3562,4248,2288,4018,271,266,459,779,497,1205,683,1861,939,1818,561,625,544,747,593,1444,23051,12464,2091,828,8238,0,0,0,0
2021-03-05T23:59:59+01:00,0,0,589,634,879,1524,1011,2166,1330,3194,2321,3580,877,888,2568,3056,2117,3786,269,266,454,767,493,1200,675,1844,925,1803,557,621,486,686,288,933,20211,12261,2080,6,8229,0,0,0,0
2021-03-04T23:59:59+01:00,0,0,571,591,842,1394,973,2012,1280,2990,2277,3481,862,879,1387,1621,1830,3422,269,266,453,767,493,1200,675,1844,925,1803,556,620,486,685,288,933,16917,12257,2079,6,7416,0,0,0,0
2021-03-03T23:59:59+01:00,0,0,565,558,819,1329,952,1950,1265,2946,2267,3437,862,878,1387,1621,1830,3422,269,266,453,767,493,1200,675,1843,925,1803,556,620,486,685,288,933,16916,12256,2079,6,7093,0,0,0,0
2021-03-02T23:59:59+01:00,0,0,564,556,816,1328,952,1950,1264,2945,2267,3437,862,878,1387,1621,1830,3422,269,266,452,767,493,1200,675,1843,925,1802,556,620,486,685,288,933,16915,12254,2079,6,7085,0,0,0,0
2021-03-01T23:59:59+01:00,0,0,564,554,815,1328,952,1949,1264,2945,2266,3436,862,877,1387,1620,1830,3422,269,266,452,767,493,1200,674,1842,925,1802,556,620,486,685,288,933,16912,12252,2078,6,7081,0,0,0,0
2021-02-28T23:59:59+01:00,0,0,563,552,815,1328,951,1949,1264,2945,2264,3435,862,875,1387,1620,1830,3422,269,266,452,767,493,1200,674,1841,925,1802,556,620,486,685,288,933,16909,12251,2078,6,7075,0,0,0,0
2021-02-27T23:59:59+01:00,0,0,558,550,804,1318,930,1938,1224,2917,2187,3385,741,759,1118,1330,1323,2549,268,266,452,767,492,1200,672,1840,924,1800,555,617,485,683,288,929,15188,12235,1370,3,7073,0,0,0,0
2021-02-26T23:59:59+01:00,0,0,548,529,775,1254,901,1825,1185,2759,1867,2964,700,731,1118,1330,1322,2548,268,266,452,767,492,1200,672,1840,924,1800,555,617,485,683,288,928,15183,12234,1370,3,5803,0,0,0,0
2021-02-25T23:59:59+01:00,0,0,514,487,713,1136,794,1632,1031,2458,1368,2416,649,686,870,1066,1213,2378,267,265,451,767,492,1199,671,1838,924,1799,555,617,485,683,288,928,14380,12229,1370,0,3661,0,0,0,0
2021-02-24T23:59:59+01:00,0,0,513,486,713,1135,793,1632,1031,2457,1368,2415,649,686,870,1066,1213,2378,267,265,451,767,492,1199,671,1838,924,1799,555,617,485,683,288,928,14380,12229,1369,0,3656,0,0,0,0
2021-02-23T23:59:59+01:00,0,0,511,482,698,1127,784,1621,1014,2443,1352,2405,647,685,868,1065,1212,2377,267,264,451,766,492,1199,671,1837,924,1798,555,617,485,683,288,928,14270,12225,1369,0,3652,0,0,0,0
2021-02-22T23:59:59+01:00,0,0,511,482,698,1127,782,1621,1014,2443,1351,2404,647,683,868,1065,1212,2377,267,264,451,766,492,1199,671,1837,924,1797,555,617,485,683,288,928,14268,12224,1369,0,3648,0,0,0,0
2021-02-21T23:59:59+01:00,0,0,511,482,698,1127,781,1621,1013,2443,1351,2403,646,683,867,1065,1212,2377,267,264,451,766,492,1199,671,1837,924,1797,555,617,485,683,288,928,14266,12224,1369,0,3645,0,0,0,0
2021-02-20T23:59:59+01:00,0,0,495,480,686,1121,761,1616,1000,2441,1324,2383,619,664,558,764,785,1793,266,263,446,764,487,1193,666,1826,918,1794,552,614,480,683,284,923,12602,12159,1368,0,3520,0,0,0,0
2021-02-19T23:59:59+01:00,0,0,397,394,582,995,643,1462,859,2270,1085,2146,572,640,558,764,785,1793,263,263,442,762,485,1184,663,1810,911,1774,548,608,475,676,281,915,12601,12060,1368,0,1976,0,0,0,0
2021-02-18T23:59:59+01:00,0,0,274,269,468,792,504,1215,698,1874,949,1835,569,634,557,764,785,1793,262,261,440,759,483,1180,662,1796,907,1763,542,603,468,669,276,904,12599,11975,1368,0,13,0,0,0,0
2021-02-17T23:59:59+01:00,0,0,274,269,467,792,504,1215,697,1874,948,1835,568,634,557,763,785,1793,261,261,439,756,481,1178,659,1788,904,1756,537,598,459,647,265,885,12597,11874,1368,0,10,0,0,0,0
2021-02-16T23:59:59+01:00,0,0,274,269,465,791,503,1215,697,1874,948,1835,568,634,557,763,785,1793,250,257,433,740,469,1146,652,1713,879,1677,518,569,427,604,248,820,12597,11402,1368,0,6,0,0,0,0
2021-02-15T23:59:59+01:00,0,0,274,269,464,791,503,1214,695,1874,948,1835,568,634,557,763,785,1793,246,253,430,732,463,1121,636,1662,854,1623,497,535,409,560,236,757,12596,11014,1368,0,3,0,0,0,0
2021-02-14T23:59:59+01:00,0,0,274,269,464,791,502,1214,695,1874,948,1835,568,634,557,763,785,1793,246,253,430,732,463,1121,636,1656,852,1614,487,530,405,557,228,749,12595,10959,1368,0,3,0,0,0,0
2021-02-13T23:59:59+01:00,0,0,272,269,464,791,502,1214,694,1873,948,1835,568,634,557,763,785,1793,244,251,430,728,456,1109,627,1635,832,1581,468,505,391,532,215,713,12593,10717,1368,0,1,0,0,0,0
2021-02-12T23:59:59+01:00,0,0,272,269,464,790,502,1214,694,1872,944,1832,568,632,508,717,771,1789,227,243,410,694,435,1021,592,1473,745,1341,385,386,316,420,159,536,12469,9383,1368,0,1,0,0,0,0
2021-02-11T23:59:59+01:00,0,0,270,269,463,790,502,1214,694,1870,944,1829,567,631,505,714,688,1641,205,230,398,663,415,974,558,1379,699,1231,351,338,277,357,132,450,12457,8657,1133,0,1,0,0,0,0
2021-02-10T23:59:59+01:00,0,0,270,269,463,789,502,1214,693,1870,943,1829,566,631,505,713,687,1639,202,226,397,657,411,960,555,1359,687,1196,335,315,255,317,115,388,12450,8375,1133,0,0,0,0,0,0
2021-02-09T23:59:59+01:00,0,0,270,269,463,789,502,1214,692,1870,943,1827,566,631,505,713,687,1639,193,213,386,621,392,893,512,1266,634,1066,261,224,180,206,74,240,12447,7361,1133,0,0,0,0,0,0
2021-02-08T23:59:59+01:00,0,0,270,269,461,789,502,1214,692,1870,943,1827,566,631,505,713,687,1639,190,207,382,607,383,868,489,1216,607,996,230,183,145,156,60,185,12446,6904,1132,0,0,0,0,0,0
2021-02-07T23:59:59+01:00,0,0,270,269,461,789,502,1214,692,1870,943,1826,566,631,505,713,687,1638,189,207,380,603,381,863,484,1206,603,982,224,176,135,138,54,169,12444,6794,1132,0,0,0,0,0,0
2021-02-06T23:59:59+01:00,0,0,270,269,461,789,502,1214,692,1870,943,1826,566,631,503,708,597,1465,189,207,380,603,381,863,484,1206,603,982,224,176,135,138,54,169,12444,6794,862,0,0,0,0,0,0
2021-02-05T23:59:59+01:00,0,0,270,269,459,788,500,1212,689,1869,940,1823,562,627,496,693,291,946,183,198,363,572,368,823,464,1165,585,951,203,159,111,125,49,166,12429,6485,5,0,0,0,0,0,0
2021-02-04T23:59:59+01:00,0,0,270,268,458,782,497,1211,688,1864,935,1822,561,627,495,692,291,946,168,162,294,436,302,667,384,941,511,812,192,154,103,119,42,154,12402,5441,5,0,0,0,0,0,0
2021-02-03T23:59:59+01:00,0,0,269,268,458,780,497,1210,687,1863,935,1822,561,627,495,692,291,946,163,155,249,354,253,580,324,841,460,725,185,149,99,117,41,153,12396,4848,5,0,0,0,0,0,0
2021-02-02T23:59:59+01:00,0,0,269,267,458,777,497,1210,687,1860,935,1820,561,627,495,692,291,946,156,140,190,290,195,492,247,727,378,641,175,145,97,116,41,152,12387,4182,5,0,0,0,0,0,0
2021-02-01T23:59:59+01:00,0,0,269,267,456,776,496,1209,686,1856,932,1815,561,627,494,692,291,946,149,134,152,254,167,433,202,649,321,567,169,134,89,106,36,145,12368,3707,5,0,0,0,0,0,0
2021-01-31T23:59:59+01:00,0,0,269,267,456,776,496,1209,686,1856,932,1815,561,627,494,692,291,946,149,134,152,253,167,432,201,649,321,567,169,134,89,106,36,145,12368,3704,5,0,0,0,0,0,0
2021-01-30T23:59:59+01:00,0,0,269,267,456,776,496,1209,686,1856,928,1815,560,627,492,692,288,946,136,122,135,235,156,404,190,608,303,520,147,123,77,79,29,110,12358,3374,5,0,0,0,0,0,0
2021-01-29T23:59:59+01:00,0,0,266,266,452,773,494,1200,683,1839,921,1795,556,621,487,686,285,938,88,68,93,154,115,246,147,440,213,377,109,82,58,68,24,99,12257,2381,5,0,0,0,0,0,0
2021-01-28T23:59:59+01:00,0,0,266,266,451,773,493,1200,683,1838,921,1793,556,621,487,686,285,938,10,7,13,23,24,46,23,94,50,105,34,32,31,49,18,91,12254,650,3,0,0,0,0,0,0
2021-01-27T23:59:59+01:00,0,0,265,266,451,773,493,1200,683,1837,919,1793,556,621,487,686,285,938,10,7,13,23,23,46,23,92,49,105,34,32,31,49,18,91,12252,646,1,0,0,0,0,0,0
2021-01-26T23:59:59+01:00,0,0,265,266,450,772,493,1199,683,1837,919,1792,556,621,487,686,285,938,10,7,13,23,23,46,23,92,49,105,34,32,31,49,18,91,12248,646,1,0,0,0,0,0,0
2021-01-25T23:59:59+01:00,0,0,265,265,448,772,493,1198,683,1835,919,1792,556,621,486,684,285,938,6,1,5,13,11,21,14,39,23,46,17,16,10,15,6,19,12240,262,0,0,0,0,0,0,0
2021-01-24T23:59:59+01:00,0,0,265,264,448,772,492,1198,683,1834,919,1791,556,621,486,684,285,938,6,1,5,13,11,21,14,39,23,46,17,16,10,15,6,19,12236,262,0,0,0,0,0,0,0
2021-01-23T23:59:59+01:00,0,0,265,264,448,772,492,1197,683,1834,919,1791,556,621,486,684,285,938,6,1,5,13,11,21,14,39,23,46,17,16,10,15,6,19,12235,262,0,0,0,0,0,0,0
2021-01-22T23:59:59+01:00,0,0,263,262,448,772,491,1196,683,1833,919,1791,556,621,486,684,267,894,6,1,5,13,11,21,14,39,23,46,17,16,10,15,6,19,12166,262,0,0,0,0,0,0,0
2021-01-21T23:59:59+01:00,0,0,260,258,446,763,488,1188,680,1812,910,1774,548,613,467,659,256,858,6,1,5,13,11,21,14,39,23,46,17,16,10,15,6,19,11980,262,0,0,0,0,0,0,0
2021-01-20T23:59:59+01:00,0,0,259,256,442,758,486,1186,677,1804,907,1769,542,608,460,640,248,841,6,1,5,13,11,21,14,39,23,46,17,16,10,15,6,19,11883,262,0,0,0,0,0,0,0
2021-01-19T23:59:59+01:00,0,0,254,256,440,750,480,1171,674,1773,896,1727,530,591,449,624,236,806,6,1,5,13,11,21,14,39,23,46,17,16,10,15,6,19,11657,262,0,0,0,0,0,0,0
2021-01-18T23:59:59+01:00,0,0,250,252,437,739,475,1150,656,1736,870,1679,511,558,434,586,224,749,6,1,5,12,11,21,14,39,23,46,17,16,10,15,6,19,11306,261,0,0,0,0,0,0,0
2021-01-17T23:59:59+01:00,0,0,250,251,436,739,475,1149,653,1729,864,1667,495,547,419,564,209,724,6,1,4,12,11,21,14,39,23,46,17,15,10,15,6,19,11171,259,0,0,0,0,0,0,0
2021-01-16T23:59:59+01:00,0,0,242,243,432,719,462,1114,628,1641,817,1518,453,465,390,511,188,669,0,0,0,0,0,0,0,0,0,0,0,0,0,0,0,0,10492,0,0,0,0,0,0,0,0
2021-01-15T23:59:59+01:00,0,0,233,236,424,699,448,1063,608,1541,778,1404,404,408,339,443,170,563,0,0,0,0,0,0,0,0,0,0,0,0,0,0,0,0,9761,0,0,0,0,0,0,0,0
2021-01-14T23:59:59+01:00,0,0,210,223,405,657,426,1001,565,1424,711,1251,349,334,290,350,129,446,0,0,0,0,0,0,0,0,0,0,0,0,0,0,0,0,8771,0,0,0,0,0,0,0,0
2021-01-13T23:59:59+01:00,0,0,208,221,404,650,421,982,560,1402,697,1216,331,310,265,310,112,385,0,0,0,0,0,0,0,0,0,0,0,0,0,0,0,0,8474,0,0,0,0,0,0,0,0
2021-01-12T23:59:59+01:00,0,0,191,210,389,609,390,887,498,1248,618,1027,236,194,160,161,62,193,0,0,0,0,0,0,0,0,0,0,0,0,0,0,0,0,7073,0,0,0,0,0,0,0,0
2021-01-11T23:59:59+01:00,0,0,187,204,385,597,377,860,478,1201,598,973,216,165,128,117,45,145,0,0,0,0,0,0,0,0,0,0,0,0,0,0,0,0,6676,0,0,0,0,0,0,0,0
2021-01-10T23:59:59+01:00,0,0,186,200,373,583,373,847,469,1181,586,954,212,165,125,117,43,143,0,0,0,0,0,0,0,0,0,0,0,0,0,0,0,0,6557,0,0,0,0,0,0,0,0
2021-01-09T23:59:59+01:00,0,0,166,168,327,503,332,729,408,1000,498,805,148,108,73,73,29,105,0,0,0,0,0,0,0,0,0,0,0,0,0,0,0,0,5472,0,0,0,0,0,0,0,0
2021-01-08T23:59:59+01:00,0,0,98,78,231,352,245,435,294,668,340,511,80,67,49,58,22,93,0,0,0,0,0,0,0,0,0,0,0,0,0,0,0,0,3621,0,0,0,0,0,0,0,0
2021-01-07T23:59:59+01:00,0,0,12,11,54,97,72,124,94,194,122,180,41,35,33,50,19,93,0,0,0,0,0,0,0,0,0,0,0,0,0,0,0,0,1231,0,0,0,0,0,0,0,0
2021-01-06T23:59:59+01:00,0,0,8,4,9,23,17,46,23,91,53,109,35,32,32,50,19,93,0,0,0,0,0,0,0,0,0,0,0,0,0,0,0,0,644,0,0,0,0,0,0,0,0
2021-01-05T23:59:59+01:00,0,0,8,4,9,23,17,46,22,91,51,109,35,32,32,50,19,93,0,0,0,0,0,0,0,0,0,0,0,0,0,0,0,0,641,0,0,0,0,0,0,0,0
2021-01-04T23:59:59+01:00,0,0,6,1,5,13,11,23,14,41,23,48,18,16,11,15,6,20,0,0,0,0,0,0,0,0,0,0,0,0,0,0,0,0,271,0,0,0,0,0,0,0,0
2021-01-03T23:59:59+01:00,0,0,6,1,5,13,11,23,14,41,23,48,18,16,11,15,6,20,0,0,0,0,0,0,0,0,0,0,0,0,0,0,0,0,271,0,0,0,0,0,0,0,0
2021-01-02T23:59:59+01:00,0,0,6,1,5,13,11,23,14,41,23,48,18,16,11,15,6,20,0,0,0,0,0,0,0,0,0,0,0,0,0,0,0,0,271,0,0,0,0,0,0,0,0
2021-01-01T23:59:59+01:00,0,0,6,1,5,13,11,23,14,41,23,48,18,16,11,15,6,20,0,0,0,0,0,0,0,0,0,0,0,0,0,0,0,0,271,0,0,0,0,0,0,0,0
2020-12-31T23:59:59+01:00,0,0,6,1,5,13,11,23,14,41,23,48,18,16,11,15,6,20,0,0,0,0,0,0,0,0,0,0,0,0,0,0,0,0,271,0,0,0,0,0,0,0,0
2020-12-30T23:59:59+01:00,0,0,6,1,5,13,11,23,14,41,23,48,18,16,11,15,6,20,0,0,0,0,0,0,0,0,0,0,0,0,0,0,0,0,271,0,0,0,0,0,0,0,0
2020-12-29T23:59:59+01:00,0,0,6,1,5,13,11,23,14,41,23,48,18,16,11,15,6,20,0,0,0,0,0,0,0,0,0,0,0,0,0,0,0,0,271,0,0,0,0,0,0,0,0
2020-12-28T23:59:59+01:00,0,0,6,1,5,13,11,23,14,41,23,48,18,16,11,15,6,20,0,0,0,0,0,0,0,0,0,0,0,0,0,0,0,0,271,0,0,0,0,0,0,0,0
2020-12-27T23:59:59+01:00,0,0,6,1,4,12,11,23,14,41,23,48,18,15,11,15,6,20,0,0,0,0,0,0,0,0,0,0,0,0,0,0,0,0,268,0,0,0,0,0,0,0,0
