Datum,<15_m,<15_w,15-24_1_m,15-24_1_w,25-34_1_m,25-34_1_w,35-44_1_m,35-44_1_w,45-54_1_m,45-54_1_w,55-64_1_m,55-64_1_w,65-74_1_m,65-74_1_w,75-84_1_m,75-84_1_w,>84_1_m,>84_1_w,<24_2_m,<24_2_w,25-34_2_m,25-34_2_w,35-44_2_m,35-44_2_w,45-54_2_m,45-54_2_w,55-64_2_m,55-64_2_w,65-74_2_m,65-74_2_w,75-84_2_m,75-84_2_w,>84_2_m,>84_2_w,bp_1,bp_2,mo_1,mo_2,az_1,az_2,ja,unb_1,unb_2
2021-09-07T23:59:59+02:00,1481,1383,12874,12038,15826,14372,17693,17442,20966,20895,22439,21413,14483,15658,9933,12176,2943,5160,12027,11178,15240,13658,17209,16805,20588,20400,22110,21002,14286,15410,9823,12016,2904,5094,170409,164769,22585,22033,35550,34640,10628,3,3
2021-09-06T23:59:59+02:00,1469,1361,12845,12011,15806,14347,17687,17428,20954,20886,22432,21406,14476,15649,9933,12171,2942,5158,12020,11166,15237,13649,17204,16801,20586,20398,22105,21001,14283,15409,9823,12013,2904,5094,170198,164707,22583,22033,35550,34640,10627,3,3
2021-09-05T23:59:59+02:00,1469,1360,12845,12009,15805,14347,17685,17428,20954,20886,22431,21406,14476,15649,9933,12171,2942,5158,12020,11166,15237,13648,17204,16801,20585,20398,22104,21001,14283,15409,9823,12013,2904,5094,170192,164705,22583,22033,35550,34640,10626,3,3
2021-09-04T23:59:59+02:00,1469,1360,12845,12009,15805,14347,17685,17428,20954,20885,22431,21406,14476,15648,9933,12171,2942,5158,12020,11166,15237,13648,17204,16801,20585,20397,22104,21001,14283,15408,9823,12013,2904,5094,170192,164705,22583,22033,35550,34640,10624,3,3
2021-09-03T23:59:59+02:00,1447,1332,12785,11945,15774,14303,17648,17397,20921,20859,22410,21382,14461,15634,9928,12162,2939,5156,11919,11076,15190,13587,17175,16760,20557,20374,22083,20982,14270,15400,9818,12005,2903,5093,169839,164218,22583,22033,35550,34635,10508,3,3
2021-09-02T23:59:59+02:00,1437,1323,12744,11919,15736,14266,17624,17367,20896,20838,22394,21372,14453,15611,9920,12157,2937,5154,11891,11054,15169,13562,17155,16738,20540,20361,22072,20973,14267,15385,9814,12002,2902,5091,169630,164118,22583,22033,35550,34635,10382,3,3
2021-09-01T23:59:59+02:00,1430,1319,12717,11897,15722,14241,17616,17354,20892,20835,22389,21369,14451,15604,9918,12153,2936,5152,11879,11036,15163,13553,17146,16731,20535,20356,22068,20966,14265,15385,9813,12000,2902,5091,169483,164030,22583,22032,35550,34635,10376,3,3
2021-08-31T23:59:59+02:00,1417,1304,12668,11861,15694,14197,17595,17329,20867,20820,22367,21359,14444,15600,9917,12148,2935,5152,11833,11002,15136,13516,17119,16696,20512,20337,22043,20952,14260,15384,9808,11997,2901,5090,169317,163874,22583,22031,35550,34634,10221,3,3
2021-08-30T23:59:59+02:00,1411,1304,12657,11835,15678,14181,17582,17322,20848,20803,22359,21348,14437,15596,9914,12144,2935,5150,11796,10961,15105,13489,17107,16677,20490,20322,22035,20943,14254,15381,9804,11992,2901,5089,169265,163729,22583,22031,35550,34634,10103,3,3
2021-08-29T23:59:59+02:00,1411,1304,12655,11835,15674,14181,17582,17322,20848,20803,22359,21348,14437,15596,9914,12144,2935,5150,11795,10959,15101,13488,17107,16677,20488,20322,22035,20943,14254,15381,9804,11992,2901,5089,169261,163720,22583,22031,35550,34634,10101,3,3
2021-08-28T23:59:59+02:00,1411,1304,12655,11835,15674,14181,17582,17322,20848,20803,22359,21348,14437,15596,9914,12144,2935,5150,11794,10959,15101,13488,17107,16677,20488,20322,22035,20943,14254,15381,9804,11992,2901,5089,169261,163719,22583,22031,35550,34634,10101,3,3
2021-08-27T23:59:59+02:00,1410,1298,12630,11816,15650,14159,17564,17299,20828,20794,22344,21334,14431,15590,9910,12138,2934,5148,11778,10948,15079,13473,17094,16661,20471,20314,22021,20930,14248,15376,9798,11985,2900,5087,169192,163694,22583,22031,35550,34633,9949,3,3
2021-08-26T23:59:59+02:00,1406,1294,12598,11791,15623,14131,17539,17286,20802,20775,22330,21321,14422,15585,9905,12132,2933,5146,11721,10882,15028,13420,17055,16634,20440,20289,22005,20908,14234,15363,9791,11981,2897,5085,169108,163415,22583,22030,35550,34632,9775,3,3
2021-08-25T23:59:59+02:00,1401,1292,12581,11774,15606,14119,17526,17270,20794,20765,22325,21312,14419,15578,9904,12129,2932,5146,11659,10819,14976,13380,17034,16604,20429,20273,21990,20897,14229,15356,9788,11979,2895,5082,168988,163066,22583,22030,35550,34632,9749,3,3
2021-08-24T23:59:59+02:00,1394,1283,12554,11752,15580,14086,17508,17253,20778,20751,22309,21299,14413,15566,9899,12120,2928,5144,11627,10796,14943,13342,17007,16588,20408,20251,21965,20887,14221,15344,9782,11971,2894,5080,168891,162928,22583,22030,35550,34632,9590,3,3
2021-08-23T23:59:59+02:00,1392,1279,12529,11735,15551,14061,17475,17235,20750,20741,22293,21286,14397,15553,9896,12116,2927,5143,11559,10741,14883,13291,16961,16559,20373,20227,21943,20869,14201,15333,9777,11964,2893,5078,168857,162680,22583,22029,35550,34632,9366,3,3
2021-08-22T23:59:59+02:00,1391,1279,12529,11733,15549,14060,17475,17235,20749,20739,22291,21286,14396,15553,9896,12116,2927,5143,11557,10737,14881,13289,16960,16558,20372,20227,21943,20869,14201,15333,9777,11964,2893,5078,168847,162669,22583,22028,35550,34632,9364,3,3
2021-08-21T23:59:59+02:00,1312,1205,12373,11540,15473,13938,17413,17152,20708,20697,22258,21243,14386,15537,9888,12103,2926,5139,11459,10646,14821,13236,16925,16517,20341,20202,21921,20839,14189,15321,9770,11953,2891,5074,167794,162091,22583,22020,35550,34632,9361,3,3
2021-08-20T23:59:59+02:00,1306,1204,12351,11511,15458,13924,17392,17134,20701,20688,22251,21236,14383,15529,9888,12100,2926,5139,11353,10568,14734,13163,16827,16413,20281,20147,21887,20806,14177,15302,9763,11948,2890,5074,167789,162010,22421,21333,35550,34618,9358,3,3
2021-08-19T23:59:59+02:00,1302,1201,12287,11460,15362,13875,17318,17082,20649,20649,22215,21193,14366,15514,9879,12087,2925,5135,11250,10469,14625,13091,16730,16338,20221,20099,21848,20754,14155,15287,9754,11935,2888,5067,167678,161675,22421,21333,35550,34617,8847,3,3
2021-08-18T23:59:59+02:00,1296,1199,12266,11446,15350,13866,17313,17073,20639,20639,22213,21185,14364,15510,9877,12086,2925,5135,11209,10430,14598,13069,16700,16311,20206,20088,21838,20749,14148,15281,9753,11934,2888,5067,167567,161421,22421,21333,35550,34617,8841,3,3
2021-08-17T23:59:59+02:00,1288,1193,12232,11423,15321,13840,17293,17049,20622,20629,22205,21171,14357,15506,9869,12083,2924,5134,11112,10362,14547,13012,16657,16269,20175,20065,21817,20725,14141,15273,9745,11924,2885,5067,167420,161002,22421,21330,35550,34617,8745,3,3
2021-08-16T23:59:59+02:00,1285,1188,12207,11399,15303,13818,17276,17033,20599,20604,22185,21162,14347,15495,9867,12080,2922,5133,11041,10292,14485,12950,16617,16231,20139,20029,21792,20705,14124,15260,9740,11910,2880,5064,167360,160624,22421,21329,35550,34617,8569,3,3
2021-08-15T23:59:59+02:00,1284,1188,12204,11398,15301,13816,17275,17031,20597,20603,22183,21160,14347,15495,9867,12080,2922,5132,11039,10283,14473,12946,16614,16230,20136,20029,21792,20705,14123,15260,9740,11910,2880,5064,167341,160590,22421,21328,35550,34617,8568,3,3
2021-08-14T23:59:59+02:00,1284,1188,12204,11398,15301,13816,17275,17031,20597,20603,22183,21160,14347,15495,9867,12080,2922,5132,11005,10248,14447,12923,16598,16213,20130,20020,21787,20701,14123,15260,9740,11910,2879,5064,167341,160397,22421,21328,35550,34617,8568,3,3
2021-08-13T23:59:59+02:00,1216,1114,12112,11293,15265,13772,17243,16986,20568,20578,22160,21136,14339,15484,9860,12073,2921,5130,10933,10187,14405,12864,16557,16177,20113,19999,21768,20686,14117,15247,9736,11902,2878,5063,166797,160039,22421,21327,35550,34617,8479,3,3
2021-08-12T23:59:59+02:00,1213,1109,12090,11282,15237,13753,17218,16956,20545,20563,22137,21112,14328,15472,9852,12065,2921,5127,10858,10118,14348,12802,16505,16131,20084,19978,21737,20656,14105,15232,9726,11890,2876,5059,166715,159673,22420,21326,35550,34617,8292,3,3
2021-08-11T23:59:59+02:00,1201,1102,12066,11257,15222,13743,17203,16945,20537,20553,22131,21103,14320,15467,9844,12060,2920,5125,10750,10011,14267,12716,16471,16088,20051,19949,21714,20644,14092,15217,9716,11878,2874,5055,166535,158997,22419,21322,35550,34616,8292,3,3
2021-08-10T23:59:59+02:00,1201,1090,12039,11240,15197,13730,17184,16931,20520,20539,22115,21091,14309,15462,9842,12056,2920,5123,10696,9959,14219,12686,16435,16065,20026,19926,21691,20622,14079,15205,9713,11875,2874,5051,166454,158733,22419,21322,35550,34616,8163,3,3
2021-08-09T23:59:59+02:00,1197,1083,12009,11210,15179,13712,17170,16911,20508,20530,22096,21081,14298,15458,9838,12050,2920,5121,10643,9900,14177,12651,16404,16034,20009,19910,21673,20614,14066,15197,9705,11868,2874,5046,166338,158461,22419,21322,35550,34616,8061,3,3
2021-08-08T23:59:59+02:00,1194,1082,12005,11205,15176,13711,17166,16909,20505,20527,22094,21080,14298,15456,9837,12049,2920,5121,10639,9900,14174,12646,16401,16031,20008,19909,21672,20614,14064,15197,9705,11868,2874,5046,166302,158439,22419,21321,35550,34616,8061,3,3
2021-08-07T23:59:59+02:00,1194,1082,12003,11203,15174,13707,17165,16907,20504,20525,22093,21080,14298,15455,9837,12048,2920,5121,10638,9898,14173,12645,16401,16031,20007,19908,21672,20611,14063,15197,9705,11868,2874,5046,166283,158428,22419,21321,35550,34616,8061,3,3
2021-08-06T23:59:59+02:00,1192,1080,11985,11192,15146,13694,17141,16892,20484,20507,22082,21071,14295,15451,9835,12044,2920,5121,10620,9886,14140,12632,16377,16016,19987,19893,21661,20602,14060,15193,9703,11864,2874,5046,166270,158418,22419,21320,35550,34615,7890,3,3
2021-08-05T23:59:59+02:00,1183,1071,11942,11160,15112,13670,17114,16858,20454,20488,22051,21053,14282,15434,9830,12036,2916,5120,10593,9872,14111,12612,16358,15996,19958,19878,21637,20588,14049,15182,9698,11859,2872,5045,166127,158390,22419,21318,35550,34614,7675,3,3
2021-08-04T23:59:59+02:00,1170,1062,11913,11130,15100,13654,17100,16845,20443,20476,22041,21040,14275,15429,9826,12034,2915,5119,10584,9855,14097,12603,16345,15989,19948,19869,21631,20586,14047,15181,9697,11859,2871,5044,165928,158317,22417,21288,35549,34614,7675,3,3
2021-08-03T23:59:59+02:00,1164,1056,11870,11096,15065,13629,17075,16815,20422,20457,22021,21018,14262,15411,9822,12031,2914,5118,10547,9834,14066,12586,16325,15969,19931,19857,21614,20573,14039,15163,9693,11857,2871,5044,165798,158274,22417,21286,35549,34612,7479,3,3
2021-08-02T23:59:59+02:00,1161,1054,11853,11078,15045,13610,17060,16795,20406,20447,22013,21008,14251,15400,9816,12029,2914,5116,10527,9819,14047,12565,16311,15951,19914,19850,21607,20562,14029,15151,9687,11855,2871,5042,165751,158235,22417,21286,35549,34612,7336,3,3
2021-08-01T23:59:59+02:00,1161,1054,11851,11074,15045,13610,17059,16794,20406,20446,22011,21008,14251,15399,9816,12029,2914,5115,10525,9818,14043,12564,16309,15951,19914,19849,21606,20562,14029,15151,9687,11855,2871,5042,165740,158226,22416,21285,35549,34611,7335,3,3
2021-07-31T23:59:59+02:00,1161,1054,11851,11074,15045,13610,17059,16794,20406,20446,22011,21008,14251,15399,9816,12029,2914,5115,10525,9817,14039,12561,16308,15951,19914,19847,21605,20562,14029,15151,9687,11855,2871,5042,165740,158215,22416,21284,35549,34611,7335,3,3
2021-07-30T23:59:59+02:00,1160,1054,11817,11060,15011,13587,17023,16766,20379,20427,21974,20989,14234,15391,9810,12021,2913,5114,10492,9805,14005,12538,16273,15924,19887,19828,21568,20542,14012,15143,9681,11847,2870,5041,165733,158212,22416,21284,35549,34610,7029,3,3
2021-07-29T23:59:59+02:00,1148,1046,11786,11031,14987,13564,17013,16753,20371,20416,21965,20983,14231,15390,9807,12019,2910,5113,10487,9796,13986,12531,16262,15916,19885,19826,21564,20541,14010,15141,9681,11847,2870,5041,165542,158145,22416,21282,35549,34610,7023,3,3
2021-07-28T23:59:59+02:00,1133,1040,11751,10985,14961,13536,16996,16735,20363,20403,21956,20975,14227,15388,9805,12017,2909,5112,10476,9786,13969,12516,16253,15907,19878,19822,21561,20539,14009,15139,9681,11846,2870,5041,165324,158077,22415,21281,35549,34608,7001,3,3
2021-07-27T23:59:59+02:00,1130,1039,11731,10969,14937,13517,16977,16726,20350,20385,21939,20956,14219,15375,9798,12013,2908,5110,10455,9774,13942,12492,16236,15899,19864,19804,21545,20519,14000,15127,9674,11842,2869,5040,165299,158053,22415,21281,35549,34608,6813,3,3
2021-07-26T23:59:59+02:00,1124,1027,11675,10910,14893,13480,16952,16704,20315,20354,21910,20940,14202,15367,9791,12005,2908,5109,10416,9748,13909,12463,16211,15883,19826,19768,21495,20490,13983,15117,9666,11833,2869,5039,165133,157992,22414,21280,35549,34548,6567,3,3
2021-07-25T23:59:59+02:00,1123,1027,11673,10907,14888,13479,16950,16703,20314,20354,21910,20940,14202,15367,9791,12005,2908,5109,10414,9736,13903,12459,16209,15881,19824,19768,21495,20490,13983,15117,9666,11833,2869,5038,165119,157964,22412,21277,35549,34548,6567,3,3
2021-07-24T23:59:59+02:00,1123,1027,11669,10905,14887,13478,16950,16702,20312,20352,21910,20939,14201,15367,9791,12005,2908,5109,10292,9623,13735,12317,15787,15515,19675,19646,21477,20464,13969,15102,9659,11825,2869,5037,165112,157942,22406,19608,35549,34548,6565,3,3
2021-07-23T23:59:59+02:00,1099,1014,11556,10834,14807,13422,16897,16648,20271,20299,21872,20901,14185,15347,9781,11997,2906,5108,8537,8240,12348,11210,15299,15083,19386,19323,21263,20271,13891,15018,9602,11776,2864,5033,164702,150288,22406,19608,35549,34491,6284,3,3
2021-07-22T23:59:59+02:00,1077,1007,11488,10763,14752,13373,16860,16622,20253,20270,21858,20877,14170,15334,9770,11990,2904,5106,8009,7760,11734,10709,14588,14482,19189,19155,21107,20096,13822,14934,9577,11730,2855,5022,164347,145886,22405,19608,35549,34479,6170,3,3
2021-07-21T23:59:59+02:00,1065,998,11443,10714,14716,13342,16831,16594,20235,20253,21840,20866,14158,15329,9768,11982,2902,5104,8005,7753,11722,10701,14582,14480,19181,19154,21052,20059,13819,14932,9577,11729,2854,5020,164018,145851,22405,19601,35549,34377,6165,3,3
2021-07-20T23:59:59+02:00,1052,983,11391,10673,14685,13313,16798,16576,20212,20232,21816,20848,14148,15317,9766,11976,2901,5103,7994,7747,11707,10693,14575,14473,19172,19150,21045,20055,13818,14930,9577,11729,2854,5020,163709,145819,22405,19601,35549,34369,6124,3,3
2021-07-19T23:59:59+02:00,1039,967,11342,10623,14658,13279,16778,16557,20193,20212,21803,20840,14142,15313,9762,11967,2899,5099,7989,7744,11701,10689,14571,14472,19170,19150,21031,20039,13816,14929,9576,11727,2854,5020,163394,145793,22405,19599,35549,34338,6122,3,3
2021-07-18T23:59:59+02:00,1039,967,11340,10623,14658,13277,16777,16557,20193,20211,21803,20840,14141,15313,9762,11967,2899,5099,7986,7740,11692,10683,14566,14469,19169,19150,21020,20034,13816,14929,9576,11727,2854,5020,163388,145765,22404,19598,35549,34320,6122,3,3
2021-07-17T23:59:59+02:00,1037,967,11295,10595,14601,13233,16741,16527,20158,20197,21777,20816,14130,15300,9759,11964,2899,5098,7911,7681,11548,10554,14373,14302,18746,18831,20822,19859,13788,14888,9561,11704,2850,5014,163362,145759,22395,17942,35549,34320,5785,3,3
2021-07-16T23:59:59+02:00,1016,950,11103,10455,14501,13133,16643,16452,20082,20132,21725,20768,14103,15275,9742,11957,2895,5093,7636,7479,10621,9919,13909,13993,18520,18639,19961,19203,13622,14676,9452,11572,2834,4990,163041,142327,21864,17932,35549,32537,5568,3,3
2021-07-15T23:59:59+02:00,992,934,11046,10393,14464,13102,16618,16431,20068,20115,21715,20759,14099,15271,9738,11953,2895,5089,7205,7111,8417,8196,13448,13601,18458,18582,19820,19067,13489,14533,9399,11510,2833,4980,162706,135987,21863,17928,35549,32499,5561,3,3
2021-07-14T23:59:59+02:00,966,916,10970,10306,14395,13042,16580,16387,20032,20079,21690,20738,14087,15259,9726,11938,2891,5087,6656,6662,7332,7339,12876,13150,18359,18488,19712,18979,13459,14496,9382,11493,2831,4977,162216,131617,21863,17924,35549,32435,5458,3,3
2021-07-13T23:59:59+02:00,948,895,10889,10233,14350,12999,16553,16357,20009,20058,21679,20725,14080,15248,9723,11931,2889,5085,6403,6374,6881,6958,12568,12882,18343,18467,19667,18942,13346,14387,9379,11489,2831,4974,161785,131581,21860,15668,35549,32431,5454,3,3
2021-07-12T23:59:59+02:00,928,883,10835,10184,14304,12954,16511,16328,19993,20045,21673,20719,14077,15243,9719,11927,2889,5083,6262,6278,6721,6836,12275,12639,17649,17903,19570,18863,13312,14362,9362,11467,2831,4971,161487,129041,21860,15664,35549,32428,5396,3,3
2021-07-11T23:59:59+02:00,928,883,10834,10182,14302,12953,16510,16328,19993,20045,21673,20719,14077,15243,9719,11927,2889,5083,6256,6274,6719,6833,12274,12639,17649,17903,19569,18862,13312,14362,9362,11466,2830,4969,161485,129031,21860,15664,35549,32421,5391,3,3
2021-07-10T23:59:59+02:00,925,878,10827,10170,14294,12948,16502,16328,19991,20038,21668,20714,14077,15242,9719,11927,2889,5083,6247,6266,6709,6828,12271,12635,17648,17899,19564,18859,13311,14362,9362,11466,2830,4969,161420,128980,21860,15664,35549,32421,5388,3,3
2021-07-09T23:59:59+02:00,911,862,10777,10126,14261,12920,16468,16299,19957,20015,21640,20692,14058,15227,9704,11919,2888,5080,5438,5530,6578,6728,12113,12531,17418,17794,19359,18726,13248,14289,9336,11447,2827,4966,161236,126073,21860,15664,35549,31473,5156,3,3
2021-07-08T23:59:59+02:00,909,862,10716,10081,14174,12866,16405,16248,19905,19969,21611,20668,14045,15210,9698,11906,2887,5074,5305,5416,6359,6553,11674,12187,16906,17423,19098,18540,13185,14205,9310,11411,2821,4954,161219,124138,21859,15661,35548,30967,4605,3,3
2021-07-07T23:59:59+02:00,908,862,10714,10075,14170,12863,16403,16248,19905,19966,21611,20668,14045,15210,9698,11906,2887,5074,5161,5232,5889,6141,10474,11201,16853,17357,19044,18495,13168,14183,9301,11408,2817,4944,161208,120465,21855,15660,35548,30964,4599,3,3
2021-07-06T23:59:59+02:00,908,862,10712,10074,14167,12861,16401,16248,19905,19966,21611,20667,14045,15209,9698,11906,2887,5074,5142,5226,5882,6136,10473,11199,16851,17357,19042,18495,13168,14181,9301,11408,2817,4944,161203,120443,21853,15657,35548,30948,4594,3,3
2021-07-05T23:59:59+02:00,908,862,10706,10069,14150,12858,16390,16246,19904,19966,21609,20667,14045,15209,9698,11906,2887,5074,5133,5225,5863,6133,10462,11197,16848,17357,19040,18494,13168,14181,9301,11408,2817,4944,161194,120439,21853,15655,35548,30941,4556,3,3
2021-07-04T23:59:59+02:00,908,862,10696,10059,14148,12854,16389,16246,19903,19966,21608,20666,14045,15209,9698,11905,2886,5073,5100,5182,5777,6056,10335,11082,16841,17354,19039,18491,13164,14179,9299,11403,2814,4942,161187,119961,21853,15654,35548,30933,4530,3,3
2021-07-03T23:59:59+02:00,827,793,8762,8503,12694,11699,15920,15792,19620,19667,21439,20501,13971,15133,9644,11859,2880,5069,4991,5050,5502,5801,10098,10867,16697,17213,18848,18339,13139,14145,9289,11393,2812,4940,152853,118403,21853,15654,35548,30563,4516,3,3
2021-07-02T23:59:59+02:00,827,791,8761,8497,12690,11695,15918,15791,19618,19667,21438,20501,13970,15133,9644,11858,2879,5068,4128,4182,4857,5152,9126,9873,16327,16736,18366,17801,12789,13823,9229,11318,2810,4932,152836,113865,21853,15654,35547,27433,4507,3,3
2021-07-01T23:59:59+02:00,807,771,8552,8328,12609,11616,15885,15761,19606,19653,21428,20484,13966,15130,9639,11850,2876,5062,2290,2461,4425,4778,8636,9446,15698,16193,17813,17364,12732,13757,9199,11262,2796,4902,152141,106228,21853,15652,35547,27393,4479,3,2
2021-06-30T23:59:59+02:00,752,721,8308,8141,12437,11468,15770,15665,19539,19585,21388,20438,13947,15104,9626,11837,2875,5057,2231,2422,4334,4659,8531,9346,15500,16054,17079,16863,12079,13113,9140,11193,2789,4896,150793,106166,21850,15651,35547,23946,4465,3,2
2021-06-29T23:59:59+02:00,752,721,8303,8132,12435,11464,15767,15665,19537,19585,21388,20438,13947,15104,9626,11837,2875,5057,2208,2410,4311,4620,8508,9301,15464,15995,17003,16778,11724,12775,9112,11159,2786,4888,150784,106152,21847,15649,35546,22787,4453,3,2
2021-06-28T23:59:59+02:00,752,721,8300,8128,12427,11459,15765,15665,19536,19585,21388,20438,13946,15104,9626,11837,2875,5057,2200,2381,4263,4502,8433,9141,15343,15717,16835,16506,11417,12471,9089,11132,2785,4884,150767,106142,21847,15649,35546,20861,4446,3,2
2021-06-27T23:59:59+02:00,752,721,8297,8122,12423,11456,15763,15665,19534,19585,21388,20438,13946,15104,9626,11836,2875,5057,2190,2377,4254,4500,8250,8987,15322,15701,16833,16501,11413,12470,9088,11130,2785,4884,150758,105743,21845,15648,35546,20857,4436,3,2
2021-06-26T23:59:59+02:00,744,717,8083,7907,11949,11048,14653,14675,19282,19387,21285,20316,13903,15053,9613,11807,2872,5054,2150,2334,4200,4445,8152,8877,15060,15441,16771,16454,11396,12451,9076,11125,2785,4882,148281,104679,20083,15626,35545,20857,4436,3,2
2021-06-25T23:59:59+02:00,725,699,8056,7883,11934,11038,14653,14669,19275,19382,21280,20315,13903,15053,9612,11805,2872,5054,2019,2156,3912,4139,6625,7442,12402,13249,16696,16366,11369,12421,9065,11102,2780,4867,148141,95803,20083,15544,35545,20825,4436,3,2
2021-06-24T23:59:59+02:00,713,682,7570,7471,10856,10142,14119,14233,19204,19323,21232,20272,13881,15024,9599,11792,2871,5051,1950,2088,3551,3799,5861,6773,12158,13039,16450,16159,11265,12294,8975,10975,2769,4833,143984,94568,20079,13167,35544,20777,4425,3,2
2021-06-23T23:59:59+02:00,713,682,7568,7466,10850,10139,14118,14232,19204,19321,21232,20271,13881,15024,9599,11792,2871,5051,1805,1920,3065,3396,4505,5598,11854,12770,16329,16041,11219,12255,8962,10948,2768,4826,143968,89919,20076,13167,35543,20749,4424,3,2
2021-06-22T23:59:59+02:00,713,682,7519,7437,10777,10089,14095,14206,19188,19306,21221,20263,13874,15014,9596,11789,2871,5051,1755,1889,2983,3342,4467,5565,11825,12731,16261,15990,11010,12064,8710,10647,2758,4795,143953,89900,20076,13163,35542,19610,4117,3,2
2021-06-21T23:59:59+02:00,711,682,7388,7368,10647,9992,13815,13957,18437,18690,21131,20186,13839,14982,9577,11764,2871,5048,1710,1864,2940,3304,4438,5535,11779,12696,16244,15974,11001,12053,8703,10639,2757,4794,141570,89774,20074,13162,35542,19597,3896,3,2
2021-06-20T23:59:59+02:00,711,682,7388,7364,10643,9989,13815,13957,18437,18690,21131,20186,13839,14982,9577,11764,2871,5048,1682,1835,2894,3288,4373,5496,11717,12663,16182,15915,10982,12037,8700,10630,2753,4790,141560,89295,20073,13158,35542,19586,3896,3,2
2021-06-19T23:59:59+02:00,711,681,7351,7327,10536,9898,13633,13799,18023,18354,20946,20013,13821,14955,9565,11744,2868,5042,1651,1800,2853,3239,4293,5422,11381,12373,16144,15877,10973,12025,8698,10625,2751,4788,141514,88281,18312,13129,35542,19585,3896,3,2
2021-06-18T23:59:59+02:00,15,12,6544,6594,10530,9897,13632,13797,18021,18352,20946,20013,13821,14954,9565,11743,2867,5040,1519,1688,2617,3083,3662,4790,10238,11228,15933,15721,10931,11985,8675,10603,2737,4760,138599,83622,18311,13127,35542,19531,3888,3,2
2021-06-17T23:59:59+02:00,13,11,6473,6525,10414,9793,13306,13492,17633,18031,20833,19915,13802,14916,9553,11729,2859,5034,1438,1570,2464,2934,3309,4452,8635,9865,15418,15288,10755,11805,8619,10525,2720,4732,136703,78150,18311,13123,35541,19480,3774,3,2
2021-06-16T23:59:59+02:00,13,11,6466,6519,10403,9790,13304,13490,17631,18030,20832,19915,13802,14916,9552,11728,2859,5034,1388,1522,2362,2860,3125,4273,7547,8924,14919,14900,10672,11694,8583,10477,2709,4716,136672,74322,18309,13121,35541,19456,3770,3,2
2021-06-15T23:59:59+02:00,13,11,6434,6500,10363,9762,13274,13475,17611,18008,20818,19901,13793,14908,9549,11722,2856,5031,1308,1463,2235,2758,3009,4188,6628,8192,14717,14733,10648,11665,8571,10455,2700,4709,136658,74311,18308,10710,35540,19436,3520,3,2
2021-06-14T23:59:59+02:00,13,11,6415,6483,10329,9736,13253,13455,17596,17990,20799,19890,13783,14899,9546,11720,2856,5027,1282,1448,2198,2731,2986,4167,6612,8172,14696,14723,10637,11656,8568,10454,2700,4705,136643,74301,18308,10710,35540,19415,3307,3,2
2021-06-13T23:59:59+02:00,13,11,6414,6483,10324,9734,13252,13452,17596,17990,20799,19890,13782,14899,9546,11720,2856,5027,1278,1442,2195,2722,2976,4157,6595,8155,14595,14658,10624,11633,8562,10442,2697,4705,136632,74009,18308,10710,35540,19410,3305,3,2
2021-06-12T23:59:59+02:00,10,9,5622,5711,10276,9698,13218,13428,17569,17969,20773,19859,13700,14826,9546,11717,2855,5027,1270,1423,2183,2705,2955,4130,6521,8072,14422,14521,10396,11349,8081,9904,2695,4704,134657,73505,18308,10710,35540,17810,3305,3,1
2021-06-11T23:59:59+02:00,9,9,5618,5704,10266,9691,13204,13416,17561,17965,20769,19857,13700,14825,9546,11715,2855,5027,1195,1339,2063,2545,2783,3875,5020,6738,12710,13141,10256,11201,7994,9798,2688,4688,134584,66221,18308,10709,35540,17801,3302,3,1
2021-06-10T23:59:59+02:00,3,3,4616,4749,10099,9563,13093,13334,17305,17729,20528,19676,13691,14814,9540,11705,2852,5024,1137,1278,1949,2439,2623,3698,4413,6101,11543,12152,9955,10877,7910,9713,2676,4663,131250,61396,18307,10709,35540,17796,3225,2,1
2021-06-09T23:59:59+02:00,3,3,4023,4140,9892,9415,13005,13261,16994,17463,20300,19494,13676,14801,9535,11699,2851,5019,1063,1234,1848,2370,2531,3585,4087,5794,11118,11825,9826,10717,7864,9647,2665,4654,128876,61319,18292,8854,35540,17790,2864,2,1
2021-06-08T23:59:59+02:00,3,3,4011,4133,9880,9406,12993,13254,16987,17454,20292,19492,13674,14798,9534,11696,2850,5017,1017,1226,1826,2355,2504,3571,4062,5774,11107,11822,9823,10712,7863,9645,2664,4651,128862,61202,18289,8849,35539,17785,2785,2,1
2021-06-07T23:59:59+02:00,3,3,3997,4125,9847,9393,12983,13236,16964,17443,20276,19481,13671,14794,9531,11692,2848,5015,1006,1219,1793,2343,2495,3552,4038,5760,11089,11808,9820,10706,7860,9642,2662,4649,128850,61192,18287,8846,35538,17778,2625,2,1
2021-06-06T23:59:59+02:00,3,3,3992,4121,9842,9389,12982,13236,16963,17442,20275,19481,13670,14793,9531,11692,2848,5015,1003,1216,1782,2341,2489,3543,4025,5753,10962,11663,9809,10699,7859,9642,2662,4649,128838,60867,18287,8845,35537,17770,2614,2,1
2021-06-05T23:59:59+02:00,2,0,3699,3820,7349,7380,12744,13051,16934,17413,20230,19441,13554,14648,9456,11601,2844,5003,925,1144,1617,2240,2323,3464,3799,5613,10066,10822,9425,10244,7748,9487,2654,4629,122860,57589,18287,8845,35537,17282,2483,2,1
2021-06-04T23:59:59+02:00,2,0,3632,3765,7197,7264,12274,12656,16794,17301,19997,19206,13435,14502,9399,11522,2830,4986,897,1078,1586,2135,2284,3296,3723,5355,9426,10145,8580,9225,7472,9082,2650,4618,120460,56116,18287,8843,35537,14116,2476,2,1
2021-06-03T23:59:59+02:00,2,0,3219,3371,7170,7248,12146,12538,16762,17259,19910,19140,13423,14485,9397,11519,2829,4985,868,1010,1540,2011,2205,3096,3533,4973,8849,9525,7819,8353,7000,8466,2647,4610,119216,54485,18285,8841,35533,10811,2367,2,1
2021-06-02T23:59:59+02:00,0,0,2831,3053,6030,6327,11842,12303,16703,17208,19788,19035,13362,14431,9375,11498,2827,4977,852,976,1476,1988,2092,3058,3362,4871,7486,8443,7739,8274,6984,8438,2644,4605,115514,51380,18284,8841,35533,10809,2257,2,1
2021-06-01T23:59:59+02:00,0,0,2543,2741,5554,5901,11521,12020,16679,17185,19737,18998,13239,14308,9368,11494,2826,4974,835,969,1461,1979,2073,3045,3336,4851,7188,8118,7702,8240,6974,8424,2642,4605,115495,50700,15936,8821,35533,10798,2122,2,1
2021-05-31T23:59:59+02:00,0,0,2528,2738,5535,5892,11493,11999,16645,17174,19697,18976,13236,14304,9364,11492,2826,4972,819,962,1442,1969,2040,3025,3300,4837,7147,8097,7699,8235,6970,8422,2642,4603,115488,50688,15932,8815,35533,10789,1916,2,1
2021-05-30T23:59:59+02:00,0,0,2524,2736,5533,5888,11493,11998,16642,17173,19695,18975,13236,14304,9364,11492,2826,4972,818,958,1437,1966,2040,3023,3298,4835,7146,8097,7699,8235,6970,8422,2642,4603,115472,50682,15932,8815,35530,10776,1915,2,1
2021-05-29T23:59:59+02:00,0,0,2508,2722,5367,5734,11426,11939,16634,17167,19687,18974,13235,14302,9362,11492,2826,4972,781,909,1326,1871,1762,2769,2892,4412,6860,7825,7515,8010,6794,8194,2639,4597,114968,50034,15932,8815,35530,8391,1915,2,1
2021-05-28T23:59:59+02:00,0,0,2373,2592,4942,5343,10746,11321,16567,17105,19661,18946,13226,14288,9343,11463,2824,4963,759,886,1267,1817,1672,2697,2759,4307,5278,6131,7352,7814,6752,8138,2636,4587,112329,45743,15932,8815,35530,8383,1910,2,1
2021-05-27T23:59:59+02:00,0,0,2353,2571,4892,5277,10082,10750,16527,17073,19647,18935,13216,14278,9341,11461,2824,4963,705,791,1160,1745,1461,2555,2386,4000,4397,5219,7115,7506,6661,8021,2619,4568,110944,41950,15929,8809,35528,8362,1787,2,1
2021-05-26T23:59:59+02:00,0,0,2315,2509,4719,5097,9647,10383,16475,17019,19579,18881,13202,14259,9331,11459,2820,4950,690,749,1113,1713,1372,2475,2177,3829,4268,5081,6951,7293,6581,7922,2607,4554,109523,40551,15927,8808,35528,8350,1665,2,1
2021-05-25T23:59:59+02:00,0,0,2312,2502,4689,5080,9622,10357,16450,17001,19566,18874,13197,14257,9328,11456,2820,4950,683,735,1066,1695,1320,2430,2107,3769,3728,4504,6649,6950,6547,7885,2606,4552,109519,40543,15925,6853,35527,8341,1488,2,1
2021-05-24T23:59:59+02:00,0,0,2303,2494,4677,5075,9613,10352,16424,16981,19540,18850,13187,14246,9325,11446,2819,4946,674,730,1054,1688,1310,2423,2082,3749,3702,4479,6638,6939,6544,7875,2605,4548,109512,40536,15925,6853,35527,8338,1312,2,1
2021-05-23T23:59:59+02:00,0,0,2287,2462,4589,5001,9479,10230,16421,16980,19540,18849,13185,14244,9322,11442,2817,4945,673,727,1052,1688,1309,2423,2082,3749,3702,4478,6637,6939,6544,7875,2605,4548,109028,40530,15925,6852,35526,8336,1312,2,1
2021-05-22T23:59:59+02:00,0,0,2267,2443,4580,4984,9399,10148,16398,16966,19488,18805,13157,14214,9319,11436,2817,4944,672,725,1051,1685,1306,2420,2079,3744,3686,4465,5806,6040,6472,7794,2597,4543,108600,38584,15925,6852,35526,8336,1312,2,1
2021-05-21T23:59:59+02:00,0,0,2232,2410,4472,4897,9203,9973,16370,16933,19473,18798,13147,14205,9317,11434,2812,4933,660,698,1014,1619,1256,2297,1992,3564,3342,4030,4043,3933,6429,7728,2592,4528,107860,34577,15925,6852,35523,6996,1299,2,1
2021-05-20T23:59:59+02:00,0,0,2203,2370,4389,4836,8982,9743,16320,16880,19420,18746,13116,14170,9300,11417,2811,4929,605,591,889,1306,1084,1892,1770,3028,2782,3348,3207,2979,6384,7678,2588,4523,107004,32747,15922,6851,35514,3865,1190,2,1
2021-05-19T23:59:59+02:00,0,0,2041,2195,3891,4412,7597,8550,16046,16632,19297,18621,13068,14122,9290,11391,2809,4926,590,554,851,1252,1055,1841,1744,2974,2732,3304,3199,2966,6380,7675,2588,4522,102368,32723,15920,6849,35513,3569,1085,2,1
2021-05-18T23:59:59+02:00,0,0,1993,2142,3584,4123,6938,7954,15898,16515,19213,18538,13035,14089,9234,11317,2803,4912,583,550,845,1250,1047,1833,1714,2958,2723,3286,3194,2961,6376,7671,2588,4522,102348,32718,13454,6844,35509,3563,975,2,1
2021-05-17T23:59:59+02:00,0,0,1985,2134,3564,4109,6893,7930,15870,16497,19191,18519,13025,14065,9232,11316,2803,4912,575,543,826,1235,1003,1809,1686,2940,2699,3265,3183,2940,6376,7670,2588,4522,102341,32712,13451,6844,35507,3559,744,2,1
2021-05-16T23:59:59+02:00,0,0,1980,2131,3557,4105,6707,7765,15847,16478,19187,18514,13020,14064,9231,11315,2803,4912,575,543,826,1233,1002,1808,1686,2940,2697,3265,3183,2940,6376,7670,2588,4522,101918,32709,13450,6844,35503,3557,743,2,1
2021-05-15T23:59:59+02:00,0,0,1952,2095,3519,4067,6621,7661,15578,16210,19131,18472,13001,14045,9222,11310,2803,4910,575,543,826,1232,1002,1808,1684,2939,2697,3265,3182,2940,6375,7670,2588,4522,100899,32705,13450,6844,35503,3555,743,2,1
2021-05-14T23:59:59+02:00,0,0,1843,1950,3273,3816,5027,6182,12925,14014,19067,18386,12977,14015,9216,11297,2800,4904,575,542,823,1232,1002,1808,1683,2938,2691,3263,3177,2934,6372,7668,2588,4521,92008,32687,13450,6843,35501,3555,731,2,1
2021-05-13T23:59:59+02:00,0,0,1816,1903,3232,3765,4915,6080,12719,13830,18907,18259,12900,13920,9181,11245,2800,4903,569,539,816,1223,992,1795,1664,2919,2584,3170,2516,2128,4919,5866,2579,4502,90790,29673,13355,4824,35499,3554,729,2,1
2021-05-12T23:59:59+02:00,0,0,1816,1903,3231,3765,4915,6080,12719,13830,18906,18259,12899,13919,9181,11245,2800,4903,569,539,816,1223,992,1795,1664,2918,2581,3168,2516,2128,4919,5864,2579,4502,90787,29670,13355,4819,35498,3554,729,2,1
2021-05-11T23:59:59+02:00,0,0,1772,1858,3139,3690,4827,6014,11789,13101,18712,18100,12885,13898,9174,11231,2794,4899,568,537,813,1218,991,1794,1663,2917,2571,3164,2515,2127,4917,5863,2578,4502,90776,29661,10894,4807,35490,3548,721,2,1
2021-05-10T23:59:59+02:00,0,0,1756,1855,3133,3687,4821,6010,11788,13100,18711,18100,12885,13898,9174,11231,2794,4899,567,535,813,1218,990,1794,1662,2917,2571,3164,2514,2126,4917,5863,2578,4502,90763,29660,10891,4806,35465,3543,721,2,1
2021-05-09T23:59:59+02:00,0,0,1720,1808,3081,3672,4750,5975,11721,13079,18648,18041,12865,13879,9171,11222,2792,4897,565,532,805,1217,982,1788,1649,2914,2567,3163,2514,2124,4916,5862,2578,4501,90293,29656,10888,4805,35458,3535,680,2,1
2021-05-08T23:59:59+02:00,0,0,1687,1774,3045,3622,4673,5902,11384,12777,18615,18007,12858,13871,9170,11220,2790,4897,553,531,798,1217,971,1788,1641,2914,2551,3152,2513,2124,4916,5861,2577,4500,89264,29652,10888,4805,35458,3469,680,2,1
2021-05-07T23:59:59+02:00,0,0,1543,1651,2797,3450,3999,5238,10175,11585,18415,17856,12819,13836,9150,11203,2782,4890,456,382,675,987,825,1469,1496,2499,2382,2795,2504,2115,4912,5857,2574,4497,84494,29647,10887,4805,35446,1412,560,2,1
2021-05-06T23:59:59+02:00,0,0,1480,1482,2663,3319,3672,4928,8472,10103,17899,17431,12651,13668,9103,11131,2779,4882,334,323,571,885,689,1380,1247,2285,2168,2600,2452,2083,4910,5850,2574,4496,78963,29625,10886,4804,35429,34,383,2,1
2021-05-05T23:59:59+02:00,0,0,1425,1405,2576,3247,3496,4753,7320,9086,17392,17031,12563,13555,9071,11085,2770,4867,334,323,569,884,688,1378,1201,2233,2157,2592,2448,2081,4910,5846,2574,4492,75082,29615,10881,4803,35419,33,258,2,1
2021-05-04T23:59:59+02:00,0,0,1414,1403,2569,3240,3494,4753,7318,9085,17391,17031,12563,13555,9071,11085,2770,4867,334,322,569,883,686,1378,1201,2233,2157,2592,2447,2080,4910,5846,2574,4491,75074,29611,10870,4803,35406,31,257,2,1
2021-05-03T23:59:59+02:00,0,0,1412,1397,2561,3235,3491,4747,7239,9025,17377,17023,12559,13553,9071,11085,2769,4866,331,316,565,879,681,1373,1122,2173,2143,2584,2443,2078,4910,5846,2573,4490,75065,29609,10870,4803,35406,27,67,2,1
2021-05-02T23:59:59+02:00,0,0,1404,1393,2558,3229,3478,4738,7219,9005,17271,16955,12546,13528,9065,11074,2766,4866,329,315,565,878,681,1373,1122,2172,2141,2584,2443,2078,4909,5844,2573,4490,74755,29603,10869,4802,35405,27,64,2,1
2021-05-01T23:59:59+02:00,0,0,1400,1387,2548,3219,3469,4720,7160,8944,17127,16838,12521,13505,9053,11068,2766,4866,329,315,565,878,681,1373,1122,2172,2141,2584,2443,2078,4907,5844,2572,4488,74251,29598,10869,4802,35405,27,64,2,1
2021-04-30T23:59:59+02:00,0,0,1330,1307,2427,3049,3300,4445,5609,7543,15380,15406,12378,13344,8958,10951,2751,4833,329,315,564,877,680,1373,1119,2170,2138,2582,2442,2068,4894,5835,2564,4470,66725,29581,10869,4801,35405,27,10,2,1
2021-04-29T23:59:59+02:00,0,0,1275,1269,2324,2939,3167,4275,5000,6894,14203,14382,12067,13016,8867,10869,2737,4805,327,313,564,876,680,1372,1118,2170,2136,2580,2440,2064,4893,5832,2563,4468,61806,29560,10869,4798,35402,27,10,2,1
2021-04-28T23:59:59+02:00,0,0,1212,1252,2262,2901,3102,4194,4691,6602,13788,14065,11952,12869,8826,10810,2729,4799,326,313,561,874,677,1372,1116,2168,2135,2573,2437,2061,4890,5828,2560,4465,61688,29555,8959,4771,35402,26,3,2,1
2021-04-27T23:59:59+02:00,0,0,1192,1250,2257,2900,3098,4193,4689,6602,13787,14064,11951,12868,8826,10810,2729,4799,326,313,561,874,676,1370,1116,2168,2134,2573,2437,2059,4890,5828,2560,4465,61656,29553,8954,4767,35400,26,3,2,1
2021-04-26T23:59:59+02:00,0,0,1192,1248,2255,2899,3095,4193,4675,6588,13747,14032,11948,12865,8826,10809,2729,4798,326,313,561,874,676,1370,1116,2168,2132,2572,2437,2059,4890,5828,2560,4465,61646,29551,8950,4766,35298,26,3,2,1
2021-04-25T23:59:59+02:00,0,0,1191,1248,2249,2899,3092,4186,4662,6581,13609,13878,11938,12859,8825,10808,2729,4798,326,313,560,874,675,1369,1114,2166,2132,2572,2437,2059,4890,5828,2560,4465,61320,29547,8947,4763,35280,26,3,2,1
2021-04-24T23:59:59+02:00,0,0,1125,1202,2111,2810,2952,4130,4451,6466,12746,13075,11660,12530,8759,10704,2722,4785,326,313,560,874,674,1368,1114,2166,2132,2571,2436,2059,4886,5827,2560,4465,57997,29540,8946,4763,35280,24,3,2,1
2021-04-23T23:59:59+02:00,0,0,1026,1182,1896,2783,2792,4097,4337,6355,11402,12020,11605,12468,8735,10657,2720,4782,325,313,560,874,673,1368,1113,2166,2130,2571,2435,2059,4885,5821,2560,4464,56520,29534,8946,4761,33387,19,2,2,1
2021-04-22T23:59:59+02:00,0,0,1016,1173,1869,2770,2730,4072,4160,6236,10783,11503,11517,12382,8705,10610,2717,4777,324,312,560,874,673,1367,1111,2166,2129,2571,2435,2057,4883,5819,2560,4464,54824,29527,8945,4756,33247,19,2,2,1
2021-04-21T23:59:59+02:00,0,0,1001,1159,1794,2746,2610,4037,4014,6162,9289,10343,11442,12315,8693,10586,2714,4774,323,312,559,874,672,1367,1110,2166,2129,2571,2431,2053,4880,5817,2559,4462,51659,29510,8944,4753,33072,19,2,2,1
2021-04-20T23:59:59+02:00,0,0,1001,1158,1793,2745,2607,4034,4010,6161,8992,10020,11415,12291,8689,10577,2714,4773,323,312,559,874,672,1367,1110,2165,2128,2570,2431,2052,4878,5816,2559,4462,50964,29506,8941,4750,33071,19,2,2,1
2021-04-19T23:59:59+02:00,0,0,999,1156,1793,2742,2606,4033,4008,6159,8992,10019,11415,12291,8689,10576,2714,4773,322,312,558,873,672,1367,1108,2165,2127,2570,2431,2052,4878,5816,2559,4462,50956,29502,8936,4749,33069,18,2,2,1
2021-04-18T23:59:59+02:00,0,0,999,1155,1791,2742,2604,4031,4008,6159,8992,10019,11415,12291,8689,10575,2714,4772,322,312,558,873,671,1367,1108,2164,2127,2570,2431,2052,4878,5816,2559,4462,50949,29501,8935,4748,33068,18,2,2,1
2021-04-17T23:59:59+02:00,0,0,999,1154,1788,2736,2527,3940,3951,6077,8975,10001,11292,12139,8686,10573,2714,4771,317,306,554,866,663,1357,1090,2151,2080,2544,2386,2000,4829,5747,2553,4456,50316,29131,8935,4748,33068,17,2,2,1
2021-04-16T23:59:59+02:00,0,0,970,1120,1677,2653,2325,3803,3701,5903,7252,8187,11095,11895,8632,10510,2711,4758,310,301,539,847,631,1320,1008,2094,1855,2384,2236,1891,4642,5478,2494,4340,45969,29117,8860,3238,32359,12,2,2,1
2021-04-15T23:59:59+02:00,0,0,900,1068,1547,2565,2044,3651,3169,5574,6241,7221,10838,11559,8532,10387,2692,4735,310,301,538,846,629,1319,1007,2091,1619,2243,2083,1760,4456,5267,2440,4237,42162,29072,8857,2063,31700,8,2,2,1
2021-04-14T23:59:59+02:00,0,0,885,1039,1502,2529,1956,3570,2999,5439,6147,7110,10674,11352,8450,10287,2680,4721,290,291,504,819,558,1260,800,1948,1399,2119,2016,1685,4325,5103,2426,4209,40786,27678,8853,2063,31697,8,2,2,1
2021-04-13T23:59:59+02:00,0,0,880,1033,1490,2526,1933,3551,2967,5404,5624,6534,10374,11013,8419,10253,2679,4720,290,289,504,818,558,1260,800,1948,1399,2118,2013,1684,4325,5103,2426,4206,40777,27676,6926,2054,31693,8,2,2,1
2021-04-12T23:59:59+02:00,0,0,880,1031,1489,2523,1933,3551,2966,5403,5623,6534,10373,11013,8419,10253,2679,4720,290,288,504,818,556,1260,798,1947,1398,2118,2013,1684,4325,5102,2426,4206,40772,27670,6923,2052,31691,8,2,2,1
2021-04-11T23:59:59+02:00,0,0,880,1031,1488,2523,1931,3550,2965,5403,5623,6534,10372,11012,8419,10253,2679,4720,290,288,503,818,554,1260,797,1947,1396,2118,2013,1684,4325,5102,2426,4206,40769,27665,6922,2052,31689,8,1,2,1
2021-04-10T23:59:59+02:00,0,0,878,1028,1485,2519,1914,3538,2896,5337,5495,6436,10142,10795,8366,10203,2675,4719,290,287,503,817,554,1260,796,1947,1396,2118,2009,1680,4320,5093,2425,4203,40199,27636,6922,2052,31302,8,1,2,1
2021-04-09T23:59:59+02:00,0,0,840,995,1388,2463,1810,3479,2767,5283,5355,6371,7763,7967,8302,10109,2665,4701,289,287,500,816,552,1258,793,1947,1394,2114,1989,1658,4298,5075,2422,4198,34723,27528,6921,2052,30611,8,1,2,1
2021-04-08T23:59:59+02:00,0,0,839,993,1384,2460,1808,3476,2755,5274,5344,6358,6975,7052,8260,10059,2662,4697,287,286,500,815,552,1257,792,1947,1392,2113,1987,1658,4297,5072,2422,4198,32869,27514,6921,2051,30603,8,1,2,1
2021-04-07T23:59:59+02:00,0,0,787,970,1309,2388,1721,3408,2562,5166,4601,5874,6307,6410,8202,9998,2656,4691,287,286,500,815,552,1254,792,1947,1392,2113,1987,1658,4296,5072,2422,4198,32864,27513,6920,2050,27263,7,1,2,0
2021-04-06T23:59:59+02:00,0,0,753,963,1290,2353,1697,3367,2532,5120,4527,5798,5945,6053,8181,9974,2651,4685,287,285,500,814,552,1254,791,1947,1391,2113,1987,1657,4296,5072,2422,4198,32859,27510,6920,2048,26107,7,1,2,0
2021-04-05T23:59:59+02:00,0,0,749,932,1249,2228,1625,3202,2413,4850,4367,5526,5637,5745,8164,9948,2649,4681,287,285,500,813,552,1254,791,1947,1391,2113,1987,1657,4296,5072,2422,4198,32857,27509,6920,2048,24185,7,1,2,0
2021-04-04T23:59:59+02:00,0,0,728,907,1157,2012,1491,2936,2199,4415,4017,5027,5392,5521,8131,9894,2648,4673,287,285,499,812,550,1253,790,1946,1317,2076,1623,1383,4138,4891,2378,4133,32853,26306,6920,2048,21372,6,1,2,0
2021-04-03T23:59:59+02:00,0,0,728,907,1156,2011,1490,2936,2198,4415,4017,5027,5392,5520,8131,9894,2648,4673,287,285,499,812,550,1253,790,1946,1317,2076,1623,1383,4138,4891,2378,4133,32849,26306,6920,2048,21371,6,1,2,0
2021-04-02T23:59:59+02:00,0,0,728,906,1156,2011,1489,2936,2198,4415,4016,5026,5392,5519,8130,9893,2647,4671,287,285,499,812,549,1253,790,1946,1316,2076,1623,1383,4138,4891,2378,4133,32847,26305,6920,2048,21364,6,0,2,0
2021-04-01T23:59:59+02:00,0,0,723,904,1153,2005,1481,2927,2184,4397,3925,4941,4898,4918,7425,8999,2645,4666,287,283,498,809,549,1252,787,1944,1278,2048,1474,1288,4039,4790,2367,4120,29940,25765,6894,2042,21355,6,0,2,0
2021-03-31T23:59:59+02:00,0,0,723,903,1151,2004,1477,2922,2180,4396,3907,4930,4725,4700,6657,8064,2635,4644,286,282,498,809,545,1249,782,1937,1173,1971,1079,1023,3630,4327,2260,3946,29822,23813,4866,1979,21328,5,0,2,0
2021-03-30T23:59:59+02:00,0,0,723,903,1150,2001,1465,2913,2171,4387,3862,4903,4526,4519,6407,7767,2626,4628,286,281,498,807,545,1249,782,1936,1173,1971,1079,1023,3630,4327,2259,3946,29817,23809,4861,1979,20271,4,0,2,0
2021-03-29T23:59:59+02:00,0,0,721,901,1150,2001,1463,2913,2171,4387,3858,4901,4523,4517,6404,7758,2624,4610,286,280,498,807,545,1249,781,1935,1173,1971,1079,1022,3630,4327,2259,3946,29808,23805,4856,1979,20236,4,0,2,0
2021-03-28T23:59:59+02:00,0,0,721,901,1150,1998,1461,2911,2170,4384,3857,4901,4522,4517,6401,7754,2624,4609,285,280,496,807,545,1249,780,1935,1173,1971,1079,1021,3630,4327,2259,3946,29806,23801,4851,1978,20222,4,0,2,0
2021-03-27T23:59:59+01:00,0,0,717,896,1146,1990,1453,2901,2151,4368,3815,4875,4473,4460,6356,7696,2617,4596,281,275,482,797,534,1237,732,1899,1012,1879,818,831,3491,4173,2097,3634,29457,22832,4851,1336,20200,4,0,2,0
2021-03-26T23:59:59+01:00,0,0,717,896,1145,1989,1450,2900,2148,4367,3810,4872,4461,4438,6346,7671,2610,4582,280,275,482,795,532,1237,730,1899,1005,1871,681,736,2513,3016,1927,3421,29399,20060,4849,1336,20152,4,0,2,0
2021-03-25T23:59:59+01:00,0,0,716,895,1145,1989,1449,2897,2144,4361,3805,4868,4452,4427,6333,7639,2589,4528,280,275,482,795,531,1234,729,1898,1003,1870,660,729,1329,1567,1646,3057,29387,16745,4844,1336,20004,4,0,2,0
2021-03-24T23:59:59+01:00,0,0,693,884,1107,1959,1378,2837,1938,4213,3581,4742,4392,4367,6198,7471,2575,4496,280,275,482,794,528,1234,727,1898,1002,1870,660,729,1329,1566,1646,3055,28010,16736,4841,1335,19978,4,0,2,0
2021-03-23T23:59:59+01:00,0,0,693,882,1105,1958,1378,2837,1938,4213,3580,4739,4392,4366,6197,7471,2575,4495,280,275,482,794,528,1233,727,1898,1002,1870,660,729,1329,1566,1646,3055,28005,16735,4838,1335,19974,4,0,2,0
2021-03-22T23:59:59+01:00,0,0,693,880,1103,1954,1375,2837,1936,4213,3579,4739,4392,4365,6197,7470,2575,4495,280,275,482,794,528,1232,726,1898,1002,1869,660,728,1329,1566,1646,3055,28001,16732,4837,1335,19963,3,0,2,0
2021-03-21T23:59:59+01:00,0,0,693,880,1101,1951,1375,2835,1935,4212,3578,4738,4392,4365,6196,7470,2575,4495,280,275,482,794,528,1232,726,1898,1002,1869,660,727,1329,1566,1646,3055,27998,16731,4836,1335,19956,3,0,1,0
2021-03-20T23:59:59+01:00,0,0,691,878,1099,1949,1369,2832,1918,4205,3547,4719,4174,4090,5679,6863,2565,4462,275,273,477,788,511,1222,704,1881,964,1840,590,649,1097,1307,1296,2508,27917,15044,4738,1335,18384,3,0,1,0
2021-03-19T23:59:59+01:00,0,0,683,872,1084,1929,1335,2795,1838,4149,3326,4558,4025,3984,5503,6621,2516,4377,275,273,477,788,511,1222,704,1880,963,1840,590,649,1097,1306,1295,2507,27915,15039,3303,1335,18377,3,0,0,0
2021-03-18T23:59:59+01:00,0,0,682,871,1083,1928,1334,2793,1838,4146,3096,4415,3872,3855,5325,6419,2464,4276,275,272,476,788,511,1220,704,1879,962,1839,588,646,858,1049,1185,2339,27904,14255,2118,1334,18375,2,0,0,0
2021-03-17T23:59:59+01:00,0,0,682,871,1082,1928,1334,2792,1838,4146,3096,4415,3872,3853,5324,6419,2464,4276,275,271,476,788,511,1220,704,1879,961,1839,587,646,858,1049,1185,2339,27902,14253,2118,1333,18372,2,0,0,0
2021-03-16T23:59:59+01:00,0,0,681,871,1082,1924,1333,2792,1835,4146,3096,4413,3871,3852,5324,6419,2463,4275,273,267,462,783,502,1208,688,1865,945,1829,585,645,856,1048,1184,2338,27894,14143,2114,1333,18369,2,0,0,0
2021-03-15T23:59:59+01:00,0,0,681,870,1080,1923,1330,2792,1831,4145,3095,4413,3871,3851,5323,6419,2463,4275,273,267,462,783,502,1208,687,1865,944,1828,585,645,856,1048,1184,2338,27889,14140,2112,1333,18361,2,0,0,0
2021-03-14T23:59:59+01:00,0,0,680,868,1077,1920,1327,2789,1829,4143,3090,4412,3871,3851,5323,6419,2463,4275,273,267,462,783,502,1208,687,1865,944,1827,585,645,855,1048,1184,2338,27885,14138,2112,1333,18340,2,0,0,0
2021-03-13T23:59:59+01:00,0,0,678,863,1069,1914,1318,2782,1824,4135,2976,4334,3402,3448,5119,6186,2418,4212,273,267,462,783,502,1208,686,1865,942,1826,561,629,552,753,764,1764,26620,12502,2112,1333,17946,2,0,0,0
2021-03-12T23:59:59+01:00,0,0,648,776,1046,1801,1297,2591,1792,3869,2932,4166,2261,2005,4758,5640,2415,4203,273,267,462,783,502,1208,685,1865,941,1826,561,628,552,753,764,1763,26608,12499,2112,1333,13480,1,0,0,0
2021-03-11T23:59:59+01:00,0,0,638,731,1038,1699,1289,2432,1780,3655,2886,4027,1697,1476,4272,5098,2405,4194,271,266,462,783,502,1208,685,1864,941,1822,561,628,550,752,684,1618,26058,12496,2100,1101,11159,0,0,0,0
2021-03-10T23:59:59+01:00,0,0,633,719,1028,1677,1280,2411,1767,3629,2777,3944,1307,1208,3864,4629,2311,4037,271,266,461,781,501,1208,685,1864,939,1822,561,628,548,751,684,1618,24079,12490,2099,1098,11043,0,0,0,0
2021-03-09T23:59:59+01:00,0,0,632,714,1020,1660,1269,2396,1764,3618,2770,3939,1303,1207,3864,4628,2310,4037,271,266,461,781,501,1208,685,1864,939,1822,561,628,548,751,684,1618,24076,12490,2098,1098,10957,0,0,0,0
2021-03-08T23:59:59+01:00,0,0,628,685,1009,1635,1254,2363,1756,3585,2749,3924,1302,1205,3864,4628,2310,4037,271,266,461,781,501,1208,685,1864,939,1822,561,627,546,751,684,1618,24072,12487,2097,1098,10765,0,0,0,0
2021-03-07T23:59:59+01:00,0,0,628,682,1005,1631,1254,2360,1755,3582,2749,3922,1302,1205,3864,4628,2310,4037,271,266,461,781,500,1208,685,1864,939,1822,561,627,546,751,684,1618,24069,12486,2097,1098,10748,0,0,0,0
2021-03-06T23:59:59+01:00,0,0,592,635,886,1530,1012,2170,1335,3200,2328,3586,1021,986,3564,4251,2290,4020,271,266,461,781,498,1208,685,1864,939,1821,561,626,544,747,595,1444,23071,12483,2094,828,8241,0,0,0,0
2021-03-05T23:59:59+01:00,0,0,589,635,881,1527,1012,2169,1332,3197,2321,3581,877,889,2570,3056,2119,3788,269,266,456,769,494,1203,677,1847,925,1806,557,622,486,686,289,933,20228,12280,2083,5,8232,0,0,0,0
2021-03-04T23:59:59+01:00,0,0,571,591,844,1397,974,2015,1282,2993,2277,3481,862,880,1388,1621,1832,3423,269,266,455,769,494,1203,677,1847,925,1806,556,621,486,685,289,933,16932,12276,2082,5,7417,0,0,0,0
2021-03-03T23:59:59+01:00,0,0,565,558,821,1332,953,1953,1266,2949,2267,3437,862,879,1388,1621,1832,3423,269,266,455,769,494,1203,677,1846,925,1806,556,621,486,685,289,933,16930,12275,2082,5,7094,0,0,0,0
2021-03-02T23:59:59+01:00,0,0,564,556,818,1331,953,1953,1265,2948,2267,3437,862,879,1388,1621,1832,3423,269,266,454,769,494,1203,677,1846,925,1805,556,621,486,685,289,933,16929,12273,2082,5,7086,0,0,0,0
2021-03-01T23:59:59+01:00,0,0,564,554,817,1331,953,1952,1265,2948,2266,3436,862,878,1388,1620,1832,3423,269,266,454,769,494,1203,676,1845,925,1805,556,621,486,685,289,933,16926,12271,2081,5,7082,0,0,0,0
2021-02-28T23:59:59+01:00,0,0,563,552,817,1331,952,1952,1265,2948,2264,3435,862,876,1388,1620,1832,3423,269,266,454,769,494,1203,676,1844,925,1805,556,621,486,685,289,933,16923,12270,2081,5,7076,0,0,0,0
2021-02-27T23:59:59+01:00,0,0,558,550,806,1321,931,1941,1225,2920,2187,3385,741,760,1119,1330,1325,2550,268,266,454,769,493,1203,674,1843,924,1803,555,618,485,683,289,929,15202,12252,1373,4,7074,0,0,0,0
2021-02-26T23:59:59+01:00,0,0,548,529,777,1257,902,1828,1186,2762,1867,2964,700,732,1119,1330,1324,2549,268,266,454,769,493,1203,674,1843,924,1803,555,618,485,683,289,928,15197,12251,1373,4,5804,0,0,0,0
2021-02-25T23:59:59+01:00,0,0,514,487,715,1139,795,1635,1032,2461,1368,2416,649,687,871,1066,1215,2378,267,265,453,769,493,1202,673,1841,924,1802,555,618,485,683,289,928,14393,12246,1373,1,3662,0,0,0,0
2021-02-24T23:59:59+01:00,0,0,513,486,715,1137,794,1635,1032,2460,1368,2415,649,687,871,1066,1215,2378,267,265,453,769,493,1201,673,1841,924,1802,555,618,485,683,289,928,14392,12246,1372,0,3657,0,0,0,0
2021-02-23T23:59:59+01:00,0,0,511,482,700,1129,785,1624,1015,2446,1352,2405,647,686,869,1065,1214,2377,267,264,453,768,493,1201,673,1840,924,1801,555,618,485,683,289,928,14282,12242,1372,0,3653,0,0,0,0
2021-02-22T23:59:59+01:00,0,0,511,482,699,1129,783,1624,1015,2446,1351,2404,647,684,869,1065,1214,2377,267,264,453,768,493,1201,673,1840,924,1800,555,618,485,683,289,928,14280,12241,1372,0,3648,0,0,0,0
2021-02-21T23:59:59+01:00,0,0,511,482,699,1129,782,1624,1014,2446,1351,2403,646,684,868,1065,1214,2377,267,264,453,768,493,1201,673,1840,924,1800,555,618,485,683,289,928,14278,12241,1372,0,3645,0,0,0,0
2021-02-20T23:59:59+01:00,0,0,495,480,687,1123,762,1619,1001,2444,1324,2383,619,665,559,764,786,1793,266,263,448,766,488,1195,668,1829,918,1797,552,615,480,683,285,923,12613,12176,1371,0,3520,0,0,0,0
2021-02-19T23:59:59+01:00,0,0,397,394,583,997,644,1465,860,2273,1085,2146,572,641,559,764,786,1793,263,263,444,764,486,1186,665,1813,911,1777,548,609,475,676,282,915,12612,12077,1371,0,1976,0,0,0,0
2021-02-18T23:59:59+01:00,0,0,274,269,469,794,505,1218,699,1877,949,1835,569,635,558,764,786,1793,262,261,442,761,484,1182,664,1799,907,1766,542,604,468,669,277,904,12610,11992,1371,0,13,0,0,0,0
2021-02-17T23:59:59+01:00,0,0,274,269,468,794,505,1218,698,1877,948,1835,568,635,558,763,786,1793,261,261,441,758,482,1180,661,1791,904,1759,537,599,459,647,266,885,12608,11891,1371,0,10,0,0,0,0
2021-02-16T23:59:59+01:00,0,0,274,269,466,793,504,1218,698,1877,948,1835,568,635,558,763,786,1793,250,257,435,742,470,1148,654,1715,879,1680,518,570,427,604,249,820,12608,11418,1371,0,6,0,0,0,0
2021-02-15T23:59:59+01:00,0,0,274,269,465,793,504,1218,696,1877,948,1835,568,635,558,763,786,1793,246,253,432,734,464,1122,638,1664,854,1626,497,536,409,560,237,757,12608,11029,1371,0,3,0,0,0,0
2021-02-14T23:59:59+01:00,0,0,274,269,465,793,503,1218,696,1877,948,1835,568,635,558,763,786,1793,246,253,432,733,464,1122,638,1658,852,1617,487,531,405,557,229,749,12607,10973,1371,0,3,0,0,0,0
2021-02-13T23:59:59+01:00,0,0,272,269,465,793,503,1218,695,1876,948,1835,568,635,558,763,786,1793,244,251,432,729,457,1110,629,1637,832,1584,468,506,391,532,216,713,12605,10731,1371,0,1,0,0,0,0
2021-02-12T23:59:59+01:00,0,0,272,269,465,792,503,1218,695,1875,944,1832,568,633,509,717,772,1789,227,243,412,695,436,1022,594,1475,745,1343,385,386,316,420,160,536,12481,9395,1371,0,1,0,0,0,0
2021-02-11T23:59:59+01:00,0,0,270,269,464,792,503,1218,695,1873,944,1829,567,632,506,714,689,1641,205,230,400,664,416,975,560,1381,699,1232,351,338,277,357,133,450,12469,8668,1136,0,1,0,0,0,0
2021-02-10T23:59:59+01:00,0,0,270,269,464,791,503,1218,694,1873,943,1829,566,632,506,713,688,1639,202,226,399,658,412,961,557,1361,687,1197,335,315,255,317,116,388,12462,8386,1136,0,0,0,0,0,0
2021-02-09T23:59:59+01:00,0,0,270,269,464,791,503,1218,693,1873,943,1827,566,632,506,713,688,1639,193,213,387,622,393,894,514,1268,634,1067,261,224,180,206,75,240,12459,7371,1136,0,0,0,0,0,0
2021-02-08T23:59:59+01:00,0,0,270,269,462,791,503,1218,692,1873,943,1827,566,632,506,713,688,1639,190,207,383,608,383,869,489,1218,607,997,230,183,145,156,61,185,12457,6911,1135,0,0,0,0,0,0
2021-02-07T23:59:59+01:00,0,0,270,269,462,791,503,1218,692,1873,943,1826,566,632,506,713,688,1638,189,207,381,604,381,864,484,1208,603,983,224,176,135,138,55,169,12455,6801,1135,0,0,0,0,0,0
2021-02-06T23:59:59+01:00,0,0,270,269,462,791,503,1218,692,1873,943,1826,566,632,504,708,598,1465,189,207,381,604,381,864,484,1208,603,983,224,176,135,138,55,169,12455,6801,865,0,0,0,0,0,0
2021-02-05T23:59:59+01:00,0,0,270,269,460,790,501,1216,689,1872,940,1823,562,628,497,693,291,946,183,198,364,573,368,824,464,1167,585,952,203,159,111,125,50,166,12440,6492,7,0,0,0,0,0,0
2021-02-04T23:59:59+01:00,0,0,270,268,459,784,498,1215,688,1867,935,1822,561,628,496,692,291,946,168,162,295,437,302,668,384,943,511,813,192,154,103,119,43,154,12413,5448,7,0,0,0,0,0,0
2021-02-03T23:59:59+01:00,0,0,269,268,459,782,498,1214,687,1866,935,1822,561,628,496,692,291,946,163,155,249,355,253,581,324,842,460,726,185,149,99,117,42,153,12407,4853,7,0,0,0,0,0,0
2021-02-02T23:59:59+01:00,0,0,269,267,459,779,498,1214,687,1863,935,1820,561,628,496,692,291,946,156,140,190,291,195,493,247,728,378,642,175,145,97,116,42,152,12398,4187,7,0,0,0,0,0,0
2021-02-01T23:59:59+01:00,0,0,269,267,457,778,497,1213,686,1859,932,1815,561,628,495,692,291,946,149,134,152,254,167,434,202,650,321,568,169,134,89,106,37,145,12379,3711,7,0,0,0,0,0,0
2021-01-31T23:59:59+01:00,0,0,269,267,457,778,497,1213,686,1859,932,1815,561,628,495,692,291,946,149,134,152,253,167,433,201,650,321,568,169,134,89,106,37,145,12379,3708,7,0,0,0,0,0,0
2021-01-30T23:59:59+01:00,0,0,269,267,457,778,497,1213,686,1859,928,1815,560,628,493,692,288,946,136,122,135,235,156,404,190,609,303,521,147,123,77,79,30,110,12369,3377,7,0,0,0,0,0,0
2021-01-29T23:59:59+01:00,0,0,266,266,453,775,495,1203,683,1842,921,1795,556,622,488,686,285,938,88,68,93,154,115,246,147,441,213,378,109,82,58,68,25,99,12268,2384,6,0,0,0,0,0,0
2021-01-28T23:59:59+01:00,0,0,266,266,452,775,494,1203,683,1841,921,1793,556,622,488,686,285,938,10,7,13,23,24,46,23,94,50,106,34,32,31,49,19,91,12265,652,4,0,0,0,0,0,0
2021-01-27T23:59:59+01:00,0,0,265,266,452,775,494,1202,683,1840,919,1793,556,622,488,686,285,938,10,7,13,23,23,46,23,92,49,106,34,32,31,49,19,91,12263,648,1,0,0,0,0,0,0
2021-01-26T23:59:59+01:00,0,0,265,266,451,774,494,1201,683,1840,919,1792,556,622,488,686,285,938,10,7,13,23,23,46,23,92,49,106,34,32,31,49,19,91,12259,648,1,0,0,0,0,0,0
2021-01-25T23:59:59+01:00,0,0,265,266,449,774,494,1200,683,1838,919,1792,556,622,487,684,285,938,6,1,5,13,11,21,14,39,23,46,17,16,10,15,6,19,12252,262,0,0,0,0,0,0,0
2021-01-24T23:59:59+01:00,0,0,265,265,449,774,493,1200,683,1837,919,1791,556,622,487,684,285,938,6,1,5,13,11,21,14,39,23,46,17,16,10,15,6,19,12248,262,0,0,0,0,0,0,0
2021-01-23T23:59:59+01:00,0,0,265,265,449,774,493,1199,683,1837,919,1791,556,622,487,684,285,938,6,1,5,13,11,21,14,39,23,46,17,16,10,15,6,19,12247,262,0,0,0,0,0,0,0
2021-01-22T23:59:59+01:00,0,0,263,263,449,774,492,1198,683,1836,919,1791,556,622,487,684,267,894,6,1,5,13,11,21,14,39,23,46,17,16,10,15,6,19,12178,262,0,0,0,0,0,0,0
2021-01-21T23:59:59+01:00,0,0,260,259,447,765,489,1190,680,1814,910,1774,548,613,467,659,256,858,6,1,5,13,11,21,14,39,23,46,17,16,10,15,6,19,11989,262,0,0,0,0,0,0,0
2021-01-20T23:59:59+01:00,0,0,259,257,443,760,487,1187,677,1806,907,1769,542,608,460,640,248,841,6,1,5,13,11,21,14,39,23,46,17,16,10,15,6,19,11891,262,0,0,0,0,0,0,0
2021-01-19T23:59:59+01:00,0,0,254,257,441,752,481,1172,674,1775,896,1727,530,591,449,624,236,806,6,1,5,13,11,21,14,39,23,46,17,16,10,15,6,19,11665,262,0,0,0,0,0,0,0
2021-01-18T23:59:59+01:00,0,0,250,253,438,741,476,1151,656,1738,870,1679,511,558,434,586,224,749,6,1,5,12,11,21,14,39,23,46,17,16,10,15,6,19,11314,261,0,0,0,0,0,0,0
2021-01-17T23:59:59+01:00,0,0,250,252,437,740,476,1150,653,1731,864,1667,495,547,419,564,209,724,6,1,4,12,11,21,14,39,23,46,17,15,10,15,6,19,11178,259,0,0,0,0,0,0,0
2021-01-16T23:59:59+01:00,0,0,242,244,433,720,463,1115,628,1643,817,1518,453,465,390,511,188,669,0,0,0,0,0,0,0,0,0,0,0,0,0,0,0,0,10499,0,0,0,0,0,0,0,0
2021-01-15T23:59:59+01:00,0,0,233,237,425,700,449,1064,608,1543,778,1404,404,408,339,443,170,563,0,0,0,0,0,0,0,0,0,0,0,0,0,0,0,0,9768,0,0,0,0,0,0,0,0
2021-01-14T23:59:59+01:00,0,0,210,224,406,658,427,1002,565,1426,711,1251,349,334,290,350,129,446,0,0,0,0,0,0,0,0,0,0,0,0,0,0,0,0,8778,0,0,0,0,0,0,0,0
2021-01-13T23:59:59+01:00,0,0,208,222,405,651,422,983,560,1404,697,1216,331,310,265,310,112,385,0,0,0,0,0,0,0,0,0,0,0,0,0,0,0,0,8481,0,0,0,0,0,0,0,0
2021-01-12T23:59:59+01:00,0,0,191,211,389,610,391,888,498,1250,618,1027,236,194,160,161,62,193,0,0,0,0,0,0,0,0,0,0,0,0,0,0,0,0,7079,0,0,0,0,0,0,0,0
2021-01-11T23:59:59+01:00,0,0,187,205,385,598,377,861,478,1203,598,973,216,165,128,117,45,145,0,0,0,0,0,0,0,0,0,0,0,0,0,0,0,0,6681,0,0,0,0,0,0,0,0
2021-01-10T23:59:59+01:00,0,0,186,201,373,584,373,848,469,1183,586,954,212,165,125,117,43,143,0,0,0,0,0,0,0,0,0,0,0,0,0,0,0,0,6562,0,0,0,0,0,0,0,0
2021-01-09T23:59:59+01:00,0,0,166,168,327,504,332,730,408,1002,498,805,148,108,73,73,29,105,0,0,0,0,0,0,0,0,0,0,0,0,0,0,0,0,5476,0,0,0,0,0,0,0,0
2021-01-08T23:59:59+01:00,0,0,98,78,231,352,245,436,294,670,340,511,80,67,49,58,22,93,0,0,0,0,0,0,0,0,0,0,0,0,0,0,0,0,3624,0,0,0,0,0,0,0,0
2021-01-07T23:59:59+01:00,0,0,12,11,54,97,72,124,94,195,122,180,41,35,33,50,19,93,0,0,0,0,0,0,0,0,0,0,0,0,0,0,0,0,1232,0,0,0,0,0,0,0,0
2021-01-06T23:59:59+01:00,0,0,8,4,9,23,17,46,23,91,53,109,35,32,32,50,19,93,0,0,0,0,0,0,0,0,0,0,0,0,0,0,0,0,644,0,0,0,0,0,0,0,0
2021-01-05T23:59:59+01:00,0,0,8,4,9,23,17,46,22,91,51,109,35,32,32,50,19,93,0,0,0,0,0,0,0,0,0,0,0,0,0,0,0,0,641,0,0,0,0,0,0,0,0
2021-01-04T23:59:59+01:00,0,0,6,1,5,13,11,23,14,41,23,48,18,16,11,15,6,20,0,0,0,0,0,0,0,0,0,0,0,0,0,0,0,0,271,0,0,0,0,0,0,0,0
2021-01-03T23:59:59+01:00,0,0,6,1,5,13,11,23,14,41,23,48,18,16,11,15,6,20,0,0,0,0,0,0,0,0,0,0,0,0,0,0,0,0,271,0,0,0,0,0,0,0,0
2021-01-02T23:59:59+01:00,0,0,6,1,5,13,11,23,14,41,23,48,18,16,11,15,6,20,0,0,0,0,0,0,0,0,0,0,0,0,0,0,0,0,271,0,0,0,0,0,0,0,0
2021-01-01T23:59:59+01:00,0,0,6,1,5,13,11,23,14,41,23,48,18,16,11,15,6,20,0,0,0,0,0,0,0,0,0,0,0,0,0,0,0,0,271,0,0,0,0,0,0,0,0
2020-12-31T23:59:59+01:00,0,0,6,1,5,13,11,23,14,41,23,48,18,16,11,15,6,20,0,0,0,0,0,0,0,0,0,0,0,0,0,0,0,0,271,0,0,0,0,0,0,0,0
2020-12-30T23:59:59+01:00,0,0,6,1,5,13,11,23,14,41,23,48,18,16,11,15,6,20,0,0,0,0,0,0,0,0,0,0,0,0,0,0,0,0,271,0,0,0,0,0,0,0,0
2020-12-29T23:59:59+01:00,0,0,6,1,5,13,11,23,14,41,23,48,18,16,11,15,6,20,0,0,0,0,0,0,0,0,0,0,0,0,0,0,0,0,271,0,0,0,0,0,0,0,0
2020-12-28T23:59:59+01:00,0,0,6,1,5,13,11,23,14,41,23,48,18,16,11,15,6,20,0,0,0,0,0,0,0,0,0,0,0,0,0,0,0,0,271,0,0,0,0,0,0,0,0
2020-12-27T23:59:59+01:00,0,0,6,1,4,12,11,23,14,41,23,48,18,15,11,15,6,20,0,0,0,0,0,0,0,0,0,0,0,0,0,0,0,0,268,0,0,0,0,0,0,0,0
