Datum,<15_m,<15_w,15-24_1_m,15-24_1_w,25-34_1_m,25-34_1_w,35-44_1_m,35-44_1_w,45-54_1_m,45-54_1_w,55-64_1_m,55-64_1_w,65-74_1_m,65-74_1_w,75-84_1_m,75-84_1_w,>84_1_m,>84_1_w,<24_2_m,<24_2_w,25-34_2_m,25-34_2_w,35-44_2_m,35-44_2_w,45-54_2_m,45-54_2_w,55-64_2_m,55-64_2_w,65-74_2_m,65-74_2_w,75-84_2_m,75-84_2_w,>84_2_m,>84_2_w,bp_1,bp_2,mo_1,mo_2,az_1,az_2,ja,unb_1,unb_2
2021-10-13T23:59:59+02:00,1946,1825,14138,13111,16905,15400,18495,18276,21597,21516,22897,21836,14744,15932,10148,12394,3094,5386,13092,12163,16179,14618,17918,17561,21114,20923,22500,21366,14527,15667,9993,12201,3019,5259,179022,171985,22846,22394,35614,34670,12170,2,2
2021-10-12T23:59:59+02:00,1940,1819,14115,13100,16887,15390,18490,18265,21590,21509,22893,21829,14741,15930,10148,12393,3094,5385,13066,12138,16160,14598,17907,17546,21105,20915,22491,21360,14519,15663,9991,12200,3018,5257,178926,171822,22846,22394,35614,34670,12144,2,2
2021-10-11T23:59:59+02:00,1927,1814,14096,13075,16878,15387,18484,18254,21585,21504,22889,21826,14739,15928,10147,12390,3094,5384,13039,12116,16142,14577,17891,17523,21094,20901,22487,21350,14515,15660,9986,12197,3018,5254,178809,171623,22846,22394,35614,34670,12144,2,2
2021-10-10T23:59:59+02:00,1923,1813,14089,13068,16868,15384,18478,18249,21584,21500,22888,21823,14738,15927,10147,12390,3094,5384,13027,12102,16125,14571,17884,17517,21093,20897,22483,21343,14513,15655,9985,12194,3017,5253,178778,171545,22846,22393,35613,34670,12122,2,2
2021-10-09T23:59:59+02:00,1923,1813,14088,13067,16867,15384,18478,18249,21584,21499,22888,21823,14738,15927,10147,12390,3094,5384,13027,12102,16125,14571,17884,17517,21093,20897,22483,21343,14513,15655,9985,12194,3017,5253,178774,171545,22846,22393,35613,34670,12122,2,2
2021-10-08T23:59:59+02:00,1910,1800,14036,13039,16836,15370,18459,18229,21563,21482,22874,21809,14734,15925,10142,12388,3094,5383,12979,12064,16099,14540,17854,17489,21071,20864,22467,21333,14509,15648,9983,12188,3017,5250,178504,171199,22846,22391,35613,34670,12122,2,2
2021-10-07T23:59:59+02:00,1889,1782,13990,12999,16800,15343,18433,18201,21538,21463,22855,21797,14729,15917,10134,12380,3093,5380,12917,11986,16050,14475,17815,17444,21040,20829,22448,21315,14496,15632,9974,12178,3016,5244,178157,170634,22846,22391,35613,34670,12119,2,2
2021-10-06T23:59:59+02:00,1881,1774,13948,12959,16795,15338,18430,18194,21535,21458,22849,21791,14726,15912,10132,12377,3092,5380,12882,11959,16045,14452,17807,17427,21029,20823,22443,21312,14495,15624,9972,12175,3016,5242,178012,170457,22843,22391,35613,34670,12115,2,2
2021-10-05T23:59:59+02:00,1868,1761,13916,12928,16763,15309,18403,18181,21515,21441,22842,21779,14714,15902,10128,12372,3091,5379,12821,11899,15995,14405,17768,17392,21005,20797,22423,21288,14483,15612,9971,12169,3014,5240,177812,170082,22841,22388,35613,34670,12038,2,2
2021-10-04T23:59:59+02:00,1855,1749,13895,12900,16747,15298,18392,18166,21506,21433,22834,21770,14709,15899,10125,12371,3091,5378,12777,11869,15966,14375,17755,17372,20993,20779,22419,21275,14478,15603,9970,12165,3012,5237,177668,169853,22841,22388,35613,34670,12008,2,2
2021-10-03T23:59:59+02:00,1854,1749,13893,12899,16746,15295,18392,18165,21504,21432,22833,21770,14709,15899,10125,12371,3091,5378,12776,11866,15961,14372,17754,17370,20992,20776,22419,21273,14478,15603,9968,12165,3012,5237,177657,169833,22841,22388,35613,34669,12006,2,2
2021-10-02T23:59:59+02:00,1854,1749,13892,12899,16746,15295,18392,18165,21504,21430,22832,21770,14709,15898,10125,12371,3090,5378,12776,11866,15961,14372,17754,17370,20992,20776,22419,21273,14478,15602,9968,12164,3012,5237,177651,169831,22841,22388,35613,34669,12006,2,2
2021-10-01T23:59:59+02:00,1845,1736,13858,12869,16708,15271,18368,18141,21482,21410,22817,21767,14704,15897,10121,12369,3090,5377,12743,11842,15930,14347,17733,17350,20970,20761,22404,21266,14474,15601,9966,12162,3011,5237,177437,169644,22840,22388,35613,34669,11952,2,2
2021-09-30T23:59:59+02:00,1827,1720,13789,12827,16646,15224,18334,18102,21455,21390,22794,21746,14689,15888,10117,12359,3088,5375,12665,11781,15869,14284,17706,17302,20931,20734,22372,21251,14454,15586,9960,12155,3010,5235,177091,169204,22840,22388,35613,34669,11838,2,2
2021-09-29T23:59:59+02:00,1817,1708,13735,12789,16607,15190,18305,18072,21431,21372,22780,21727,14683,15881,10113,12353,3086,5374,12623,11746,15835,14245,17682,17277,20915,20717,22365,21245,14453,15580,9958,12149,3009,5232,176803,168971,22840,22388,35613,34669,11779,2,2
2021-09-28T23:59:59+02:00,1808,1704,13723,12762,16602,15178,18293,18062,21422,21363,22775,21724,14681,15875,10109,12350,3084,5370,12587,11709,15815,14224,17667,17259,20901,20703,22359,21237,14451,15577,9958,12145,3008,5230,176665,168719,22840,22388,35613,34669,11778,2,2
2021-09-27T23:59:59+02:00,1800,1698,13706,12732,16588,15158,18282,18048,21408,21354,22771,21718,14679,15870,10106,12347,3082,5369,12575,11673,15791,14210,17656,17247,20897,20697,22353,21231,14446,15569,9957,12143,3007,5227,176501,168551,22840,22388,35613,34669,11773,2,2
2021-09-26T23:59:59+02:00,1791,1695,13690,12717,16578,15149,18274,18043,21402,21340,22761,21714,14678,15866,10103,12341,3079,5364,12563,11663,15784,14205,17652,17246,20895,20692,22351,21229,14445,15568,9955,12141,3006,5227,176372,168491,22840,22387,35613,34669,11771,2,2
2021-09-25T23:59:59+02:00,1791,1695,13690,12717,16578,15149,18274,18043,21402,21340,22761,21714,14678,15866,10103,12341,3079,5364,12563,11662,15784,14205,17652,17246,20895,20692,22351,21229,14445,15568,9955,12141,3006,5227,176372,168490,22840,22387,35613,34669,11771,2,2
2021-09-24T23:59:59+02:00,1781,1690,13653,12662,16543,15112,18249,18022,21380,21317,22743,21704,14674,15861,10101,12338,3079,5364,12533,11620,15755,14172,17631,17219,20875,20678,22335,21217,14437,15560,9949,12135,3005,5225,176137,168261,22839,22387,35613,34669,11695,2,2
2021-09-23T23:59:59+02:00,1757,1671,13595,12600,16492,15056,18211,17983,21342,21286,22723,21675,14666,15851,10098,12333,3078,5359,12497,11593,15732,14146,17611,17205,20852,20667,22320,21205,14428,15551,9943,12133,3004,5221,175705,168073,22839,22387,35613,34669,11630,2,2
2021-09-22T23:59:59+02:00,1744,1657,13541,12553,16464,15023,18192,17948,21332,21265,22711,21666,14654,15843,10094,12329,3074,5356,12460,11568,15707,14127,17593,17178,20843,20645,22310,21195,14419,15539,9940,12128,3004,5221,175382,167839,22838,22387,35613,34669,11624,2,2
2021-09-21T23:59:59+02:00,1738,1653,13505,12530,16431,14995,18174,17918,21319,21246,22703,21657,14651,15836,10087,12327,3073,5353,12431,11546,15690,14101,17577,17154,20831,20634,22305,21185,14417,15534,9939,12123,3003,5220,175206,167718,22838,22385,35613,34669,11549,2,2
2021-09-20T23:59:59+02:00,1731,1647,13485,12503,16414,14971,18153,17903,21304,21238,22701,21650,14645,15829,10084,12319,3073,5351,12420,11536,15685,14086,17569,17144,20826,20628,22305,21179,14412,15525,9937,12121,3003,5218,175070,167663,22823,22380,35612,34669,11506,2,2
2021-09-19T23:59:59+02:00,1728,1641,13467,12487,16389,14948,18138,17899,21297,21231,22692,21640,14636,15824,10081,12314,3071,5346,12414,11532,15669,14069,17557,17142,20822,20623,22298,21175,14404,15523,9935,12117,3002,5217,174985,167654,22823,22379,35611,34669,11420,2,2
2021-09-18T23:59:59+02:00,1728,1638,13457,12482,16384,14942,18133,17894,21296,21229,22690,21639,14636,15824,10081,12314,3071,5345,12274,11359,15593,13957,17500,17072,20777,20585,22274,21147,14393,15508,9925,12105,3002,5215,174945,166695,22823,22379,35611,34669,11414,2,2
2021-09-17T23:59:59+02:00,1685,1591,13346,12383,16325,14859,18075,17831,21253,21181,22661,21613,14625,15808,10073,12302,3069,5339,12226,11311,15554,13925,17446,17021,20763,20562,22258,21129,14389,15497,9920,12099,3001,5214,174336,166608,22720,22136,35611,34669,11361,2,2
2021-09-16T23:59:59+02:00,1651,1547,13257,12288,16271,14778,18016,17769,21212,21125,22631,21578,14610,15789,10057,12290,3066,5335,12198,11287,15539,13908,17425,16997,20758,20544,22250,21118,14387,15493,9917,12097,3001,5213,173629,166452,22719,22136,35611,34669,11320,2,2
2021-09-15T23:59:59+02:00,1630,1529,13207,12250,16236,14748,17994,17736,21190,21099,22621,21565,14602,15776,10047,12283,3062,5325,12171,11270,15511,13885,17411,16969,20743,20529,22239,21107,14379,15488,9913,12096,3001,5209,173334,166306,22719,22136,35611,34669,11245,2,2
2021-09-14T23:59:59+02:00,1618,1517,13161,12213,16212,14724,17970,17711,21182,21077,22606,21555,14597,15766,10037,12274,3061,5324,12142,11233,15491,13862,17388,16942,20729,20512,22230,21091,14368,15482,9906,12095,3001,5208,173087,166094,22718,22136,35611,34669,11198,2,2
2021-09-13T23:59:59+02:00,1603,1500,13099,12165,16174,14687,17937,17675,21163,21052,22586,21538,14589,15761,10032,12266,3059,5323,12105,11202,15468,13838,17373,16929,20717,20498,22210,21085,14365,15474,9903,12088,2999,5206,172765,165933,22718,22136,35610,34669,11125,2,2
2021-09-12T23:59:59+02:00,1603,1498,13098,12164,16171,14687,17936,17672,21161,21051,22585,21536,14589,15759,10029,12262,3059,5319,12102,11198,15466,13838,17372,16928,20717,20498,22210,21084,14364,15474,9903,12087,2999,5206,172738,165922,22718,22136,35610,34669,11122,2,2
2021-09-11T23:59:59+02:00,1603,1498,13098,12164,16171,14687,17935,17672,21161,21051,22585,21536,14589,15759,10029,12262,3059,5319,12102,11198,15466,13838,17371,16928,20717,20498,22210,21084,14364,15474,9903,12087,2999,5206,172738,165922,22718,22136,35610,34669,11121,2,2
2021-09-10T23:59:59+02:00,1575,1474,13053,12126,16132,14642,17905,17636,21130,21016,22558,21519,14581,15746,10025,12257,3058,5317,12096,11188,15455,13826,17362,16923,20706,20487,22204,21079,14359,15466,9901,12083,2999,5203,172386,165889,22718,22135,35610,34669,11045,2,2
2021-09-09T23:59:59+02:00,1540,1425,12951,12043,16061,14551,17856,17574,21083,20972,22524,21490,14558,15720,10015,12249,3056,5314,12056,11151,15426,13796,17341,16894,20689,20469,22182,21064,14353,15456,9896,12077,2997,5203,171701,165649,22717,22133,35610,34668,10963,2,2
2021-09-08T23:59:59+02:00,1521,1412,12911,11998,16038,14520,17829,17541,21062,20953,22510,21479,14553,15710,10011,12242,3056,5311,12018,11107,15402,13769,17316,16867,20668,20449,22163,21044,14341,15448,9887,12070,2995,5201,171481,165427,22717,22132,35610,34668,10858,2,2
2021-09-07T23:59:59+02:00,1489,1384,12831,11927,15962,14474,17784,17492,21032,20932,22488,21452,14541,15702,10011,12236,3054,5306,11969,11072,15355,13745,17287,16845,20645,20429,22150,21029,14328,15443,9887,12065,2994,5201,171042,165230,22713,22126,35610,34668,10741,2,2
2021-09-06T23:59:59+02:00,1475,1362,12804,11899,15941,14447,17776,17478,21018,20920,22479,21444,14534,15692,10011,12231,3053,5303,11961,11057,15352,13734,17283,16841,20643,20427,22144,21026,14325,15441,9887,12061,2994,5201,170813,165159,22712,22126,35610,34668,10741,2,2
2021-09-05T23:59:59+02:00,1475,1361,12804,11896,15940,14445,17772,17476,21018,20919,22477,21443,14534,15690,10008,12230,3053,5303,11959,11057,15351,13732,17281,16839,20641,20427,22143,21026,14325,15441,9887,12061,2994,5200,170794,165150,22712,22126,35610,34668,10737,2,2
2021-09-04T23:59:59+02:00,1475,1361,12804,11896,15940,14445,17772,17476,21018,20918,22477,21443,14534,15689,10008,12230,3053,5303,11959,11057,15351,13732,17281,16839,20641,20426,22143,21026,14325,15440,9887,12061,2994,5200,170794,165150,22712,22126,35610,34668,10735,2,2
2021-09-03T23:59:59+02:00,1452,1333,12742,11831,15906,14397,17735,17441,20986,20890,22454,21418,14519,15675,10002,12221,3050,5301,11857,10964,15302,13669,17252,16796,20612,20402,22121,21007,14312,15431,9882,12053,2993,5199,170422,164650,22712,22126,35610,34663,10618,2,2
2021-09-02T23:59:59+02:00,1442,1324,12691,11805,15859,14356,17709,17410,20957,20867,22434,21406,14511,15652,9993,12215,3048,5299,11826,10941,15274,13642,17229,16773,20592,20386,22110,20998,14309,15416,9878,12049,2992,5197,170189,164541,22712,22126,35610,34663,10476,2,2
2021-09-01T23:59:59+02:00,1435,1320,12661,11784,15844,14331,17701,17397,20954,20864,22429,21403,14509,15645,9991,12211,3047,5297,11815,10923,15267,13630,17220,16766,20588,20380,22106,20991,14307,15416,9877,12047,2992,5197,170039,164448,22712,22126,35610,34663,10471,2,2
2021-08-31T23:59:59+02:00,1422,1305,12607,11748,15814,14284,17677,17372,20929,20849,22407,21393,14502,15641,9990,12206,3046,5297,11767,10889,15237,13591,17193,16729,20565,20361,22081,20976,14302,15415,9872,12044,2991,5196,169865,164286,22712,22125,35610,34663,10311,2,2
2021-08-30T23:59:59+02:00,1415,1303,12594,11723,15796,14268,17663,17361,20907,20831,22398,21382,14495,15636,9986,12201,3046,5295,11731,10850,15206,13563,17181,16706,20542,20346,22073,20967,14296,15412,9868,12039,2991,5195,169796,164140,22712,22125,35610,34663,10191,2,2
2021-08-29T23:59:59+02:00,1415,1303,12592,11723,15793,14268,17662,17361,20907,20831,22398,21382,14495,15636,9986,12201,3046,5295,11730,10848,15202,13562,17181,16706,20540,20346,22073,20967,14296,15412,9868,12039,2991,5195,169792,164131,22712,22125,35610,34663,10189,2,2
2021-08-28T23:59:59+02:00,1415,1303,12592,11723,15793,14268,17662,17361,20907,20831,22398,21382,14495,15636,9986,12201,3046,5295,11729,10848,15202,13562,17180,16706,20540,20346,22073,20967,14296,15412,9868,12039,2991,5195,169792,164129,22712,22125,35610,34663,10189,2,2
2021-08-27T23:59:59+02:00,1414,1297,12567,11704,15768,14246,17642,17338,20887,20822,22382,21368,14489,15630,9982,12195,3045,5293,11713,10837,15181,13546,17165,16690,20523,20338,22058,20954,14290,15407,9862,12032,2990,5193,169721,164103,22712,22125,35610,34662,10035,2,2
2021-08-26T23:59:59+02:00,1410,1293,12531,11677,15734,14216,17616,17324,20860,20803,22368,21355,14480,15625,9978,12189,3044,5291,11652,10771,15123,13492,17125,16661,20491,20312,22041,20932,14276,15394,9854,12028,2987,5191,169637,163822,22712,22124,35610,34661,9844,2,2
2021-08-25T23:59:59+02:00,1405,1290,12515,11660,15716,14202,17603,17308,20852,20793,22363,21345,14478,15618,9977,12186,3043,5291,11590,10709,15072,13450,17104,16630,20480,20295,22026,20921,14271,15387,9851,12026,2985,5188,169513,163471,22712,22124,35610,34661,9819,2,2
2021-08-24T23:59:59+02:00,1397,1281,12487,11638,15689,14167,17586,17291,20836,20779,22347,21332,14472,15606,9972,12177,3039,5289,11557,10686,15038,13410,17078,16614,20459,20272,22001,20911,14263,15375,9845,12018,2984,5186,169412,163330,22712,22124,35610,34661,9659,2,2
2021-08-23T23:59:59+02:00,1395,1277,12459,11621,15658,14141,17553,17273,20806,20769,22331,21319,14456,15593,9969,12173,3038,5288,11490,10629,14977,13357,17032,16585,20423,20248,21979,20893,14243,15364,9840,12011,2983,5184,169375,163080,22711,22123,35610,34661,9431,2,2
2021-08-22T23:59:59+02:00,1394,1277,12458,11619,15656,14140,17553,17273,20805,20767,22330,21319,14455,15593,9969,12173,3038,5288,11490,10625,14975,13355,17031,16583,20422,20248,21979,20893,14242,15364,9840,12011,2983,5184,169365,163069,22711,22122,35610,34661,9429,2,2
2021-08-21T23:59:59+02:00,1315,1202,12298,11426,15577,14015,17490,17188,20763,20725,22297,21275,14445,15577,9961,12160,3037,5284,11392,10535,14911,13302,16994,16541,20391,20223,21957,20863,14230,15352,9833,12000,2981,5180,168296,162483,22711,22115,35610,34661,9426,2,2
2021-08-20T23:59:59+02:00,1309,1202,12275,11399,15561,14000,17468,17169,20756,20715,22288,21268,14442,15569,9961,12157,3037,5284,11284,10458,14819,13228,16893,16435,20330,20168,21922,20830,14218,15333,9825,11995,2980,5180,168293,162399,22543,21417,35610,34647,9422,2,2
2021-08-19T23:59:59+02:00,1305,1198,12210,11348,15464,13950,17391,17115,20704,20676,22251,21224,14424,15554,9952,12144,3036,5280,11181,10361,14709,13154,16793,16359,20270,20120,21882,20777,14195,15318,9816,11982,2978,5173,168177,162064,22543,21417,35610,34646,8903,2,2
2021-08-18T23:59:59+02:00,1298,1196,12190,11333,15453,13940,17385,17105,20694,20665,22249,21216,14422,15549,9950,12143,3036,5280,11140,10322,14680,13130,16762,16331,20255,20108,21872,20773,14188,15311,9815,11981,2978,5173,168061,161803,22543,21417,35610,34646,8897,2,2
2021-08-17T23:59:59+02:00,1290,1190,12157,11308,15423,13914,17364,17080,20675,20653,22240,21201,14415,15545,9942,12140,3035,5279,11044,10254,14627,13072,16718,16288,20223,20084,21850,20749,14181,15303,9808,11970,2975,5173,167906,161378,22543,21415,35610,34645,8799,2,2
2021-08-16T23:59:59+02:00,1287,1186,12132,11284,15404,13892,17347,17064,20650,20629,22221,21192,14405,15534,9940,12137,3033,5278,10974,10182,14566,13008,16678,16250,20186,20050,21826,20729,14164,15290,9803,11956,2970,5170,167845,160999,22543,21414,35610,34645,8624,2,2
2021-08-15T23:59:59+02:00,1286,1186,12129,11283,15402,13890,17346,17063,20649,20628,22219,21191,14405,15534,9940,12137,3033,5277,10972,10173,14555,13003,16675,16248,20183,20049,21826,20729,14164,15290,9803,11956,2970,5170,167829,160964,22543,21413,35610,34645,8623,2,2
2021-08-14T23:59:59+02:00,1286,1186,12129,11283,15402,13890,17346,17063,20649,20628,22219,21191,14405,15534,9940,12137,3033,5277,10937,10138,14529,12979,16659,16231,20177,20040,21821,20725,14164,15290,9803,11956,2969,5170,167829,160769,22543,21413,35610,34645,8623,2,2
2021-08-13T23:59:59+02:00,1218,1112,12035,11178,15363,13846,17314,17017,20620,20602,22193,21167,14397,15523,9933,12130,3032,5275,10865,10077,14485,12920,16618,16194,20160,20018,21803,20710,14158,15277,9799,11948,2968,5169,167277,160410,22543,21412,35610,34645,8532,2,2
2021-08-12T23:59:59+02:00,1215,1107,12013,11168,15335,13826,17290,16988,20597,20586,22170,21143,14386,15511,9925,12122,3032,5272,10790,10007,14428,12858,16566,16149,20131,19996,21771,20680,14146,15262,9789,11936,2966,5165,167194,160040,22542,21411,35610,34645,8347,2,2
2021-08-11T23:59:59+02:00,1203,1100,11990,11144,15321,13816,17274,16975,20588,20576,22164,21133,14378,15506,9916,12117,3031,5270,10681,9902,14347,12769,16530,16105,20097,19967,21747,20668,14133,15247,9777,11924,2964,5161,167010,159354,22542,21408,35610,34644,8347,2,2
2021-08-10T23:59:59+02:00,1203,1088,11966,11127,15297,13802,17254,16961,20571,20562,22147,21121,14367,15501,9914,12113,3031,5268,10627,9850,14299,12734,16493,16082,20071,19944,21723,20646,14120,15235,9774,11921,2964,5157,166926,159077,22542,21408,35610,34644,8222,2,2
2021-08-09T23:59:59+02:00,1199,1081,11935,11096,15277,13783,17238,16941,20559,20552,22129,21111,14356,15497,9910,12107,3031,5266,10575,9791,14256,12699,16459,16051,20054,19928,21705,20638,14107,15227,9766,11914,2964,5152,166806,158805,22542,21408,35610,34644,8117,2,2
2021-08-08T23:59:59+02:00,1196,1080,11931,11090,15274,13782,17234,16939,20556,20548,22127,21110,14356,15495,9909,12106,3031,5266,10571,9790,14253,12694,16455,16048,20053,19927,21703,20638,14105,15227,9765,11913,2964,5152,166768,158779,22542,21406,35610,34644,8117,2,2
2021-08-07T23:59:59+02:00,1196,1080,11929,11088,15272,13778,17233,16937,20555,20546,22126,21110,14356,15494,9909,12105,3031,5266,10570,9789,14252,12693,16455,16046,20052,19926,21703,20635,14104,15227,9765,11913,2964,5152,166749,158767,22542,21406,35610,34644,8117,2,2
2021-08-06T23:59:59+02:00,1194,1078,11911,11078,15243,13765,17208,16922,20535,20528,22115,21101,14353,15490,9907,12101,3031,5266,10552,9778,14218,12681,16430,16030,20032,19911,21692,20626,14101,15223,9763,11909,2964,5152,166736,158757,22542,21405,35610,34643,7945,2,2
2021-08-05T23:59:59+02:00,1185,1069,11869,11046,15209,13741,17182,16888,20505,20508,22084,21082,14340,15472,9902,12093,3027,5265,10525,9765,14188,12661,16412,16010,20002,19896,21667,20611,14090,15212,9758,11904,2961,5151,166593,158728,22542,21403,35610,34642,7728,2,2
2021-08-04T23:59:59+02:00,1172,1060,11840,11014,15196,13724,17168,16875,20494,20496,22073,21069,14333,15467,9898,12091,3026,5264,10515,9748,14174,12652,16397,16003,19991,19888,21661,20609,14088,15211,9757,11904,2960,5150,166389,158652,22540,21373,35609,34642,7728,2,2
2021-08-03T23:59:59+02:00,1166,1055,11797,10980,15159,13699,17143,16843,20473,20476,22053,21047,14320,15449,9894,12088,3025,5263,10477,9728,14142,12635,16377,15983,19974,19876,21644,20596,14080,15193,9753,11902,2960,5150,166256,158609,22540,21371,35609,34640,7531,2,2
2021-08-02T23:59:59+02:00,1163,1053,11778,10963,15139,13677,17127,16824,20456,20466,22045,21037,14309,15438,9888,12086,3025,5261,10457,9713,14123,12612,16361,15964,19956,19869,21637,20585,14071,15181,9747,11900,2960,5148,166206,158569,22540,21370,35609,34639,7386,2,2
2021-08-01T23:59:59+02:00,1163,1053,11777,10959,15139,13677,17126,16823,20456,20465,22043,21037,14309,15437,9888,12086,3025,5260,10455,9712,14117,12611,16358,15964,19956,19868,21636,20584,14071,15181,9747,11900,2960,5148,166195,158556,22539,21368,35609,34638,7386,2,2
2021-07-31T23:59:59+02:00,1163,1053,11777,10959,15139,13677,17126,16823,20456,20465,22043,21037,14309,15437,9888,12086,3025,5260,10455,9711,14113,12608,16358,15964,19956,19866,21636,20584,14071,15181,9747,11900,2960,5148,166195,158547,22539,21367,35609,34638,7386,2,2
2021-07-30T23:59:59+02:00,1163,1053,11744,10945,15105,13654,17091,16795,20429,20446,22006,21018,14292,15429,9882,12078,3024,5259,10422,9699,14079,12584,16323,15936,19929,19847,21599,20564,14053,15173,9741,11892,2959,5147,166192,158543,22539,21367,35609,34636,7079,2,2
2021-07-29T23:59:59+02:00,1151,1045,11712,10916,15081,13631,17081,16782,20421,20435,21997,21012,14289,15428,9879,12076,3021,5258,10417,9690,14059,12576,16312,15928,19926,19845,21594,20563,14051,15170,9741,11892,2959,5147,166000,158471,22539,21365,35609,34636,7073,2,2
2021-07-28T23:59:59+02:00,1136,1039,11677,10871,15053,13601,17062,16763,20413,20422,21988,21005,14285,15426,9876,12074,3020,5257,10406,9680,14040,12560,16301,15918,19918,19841,21591,20561,14050,15168,9741,11891,2959,5147,165777,158397,22538,21364,35609,34634,7050,2,2
2021-07-27T23:59:59+02:00,1133,1038,11654,10856,15029,13582,17043,16754,20400,20403,21970,20986,14277,15412,9869,12070,3019,5255,10381,9670,14013,12535,16283,15909,19904,19822,21574,20540,14042,15156,9734,11887,2958,5146,165751,158370,22538,21364,35609,34634,6858,2,2
2021-07-26T23:59:59+02:00,1127,1026,11599,10795,14985,13545,17017,16732,20365,20372,21941,20970,14260,15403,9862,12062,3019,5254,10342,9644,13979,12505,16258,15892,19866,19787,21524,20511,14025,15146,9726,11878,2958,5145,165582,158307,22537,21363,35609,34574,6612,2,2
2021-07-25T23:59:59+02:00,1126,1025,11597,10791,14981,13544,17016,16731,20364,20372,21941,20970,14259,15403,9862,12062,3019,5254,10339,9632,13973,12498,16254,15890,19864,19787,21524,20511,14025,15146,9726,11878,2958,5144,165568,158273,22534,21360,35609,34574,6612,2,2
2021-07-24T23:59:59+02:00,1126,1025,11594,10789,14979,13543,17016,16730,20362,20370,21941,20969,14259,15403,9862,12062,3019,5254,10219,9522,13804,12356,15832,15525,19715,19664,21506,20485,14011,15131,9719,11870,2958,5143,165561,158251,22529,19695,35609,34574,6610,2,2
2021-07-23T23:59:59+02:00,1102,1012,11480,10718,14896,13484,16963,16675,20320,20317,21903,20931,14243,15383,9852,12054,3017,5253,8471,8148,12408,11246,15341,15087,19422,19340,21291,20293,13933,15047,9662,11820,2953,5139,165144,150592,22529,19695,35609,34517,6324,2,2
2021-07-22T23:59:59+02:00,1080,1005,11413,10651,14841,13436,16925,16649,20300,20286,21886,20906,14218,15368,9835,12044,3015,5250,7945,7674,11791,10747,14625,14484,19227,19167,21133,20117,13854,14961,9630,11771,2944,5127,164791,146194,22529,19693,35609,34504,6180,2,2
2021-07-21T23:59:59+02:00,1067,996,11368,10601,14803,13403,16894,16620,20282,20269,21868,20895,14207,15363,9833,12036,3013,5248,7941,7666,11779,10737,14619,14482,19220,19166,21078,20080,13851,14959,9630,11770,2943,5125,164454,146157,22529,19686,35609,34402,6175,2,2
2021-07-20T23:59:59+02:00,1054,981,11317,10562,14773,13375,16862,16602,20257,20248,21844,20877,14196,15350,9831,12030,3012,5247,7930,7660,11765,10729,14613,14475,19210,19162,21071,20076,13850,14957,9630,11770,2943,5125,164146,146125,22529,19686,35609,34394,6135,2,2
2021-07-19T23:59:59+02:00,1041,965,11267,10512,14744,13341,16841,16583,20238,20228,21831,20869,14190,15346,9827,12021,3010,5243,7925,7657,11759,10725,14608,14474,19207,19162,21057,20060,13848,14956,9629,11768,2943,5125,163828,146098,22529,19684,35609,34363,6132,2,2
2021-07-18T23:59:59+02:00,1041,965,11266,10512,14744,13339,16839,16581,20238,20227,21831,20869,14189,15346,9827,12021,3010,5243,7922,7653,11750,10718,14604,14471,19206,19161,21046,20055,13848,14956,9629,11768,2943,5125,163819,146070,22529,19683,35609,34344,6132,2,2
2021-07-17T23:59:59+02:00,1039,965,11220,10484,14685,13295,16801,16551,20202,20213,21805,20846,14178,15333,9824,12018,3010,5242,7847,7594,11607,10588,14410,14304,18779,18841,20847,19881,13820,14915,9614,11745,2940,5119,163790,146062,22520,18025,35608,34344,5794,2,2
2021-07-16T23:59:59+02:00,1018,948,11024,10345,14581,13198,16700,16475,20125,20148,21753,20798,14151,15308,9808,12011,3006,5237,7573,7394,10679,9958,13946,13993,18552,18646,19985,19222,13654,14702,9505,11613,2924,5095,163466,142630,21982,18015,35608,32556,5578,2,2
2021-07-15T23:59:59+02:00,994,932,10967,10282,14543,13167,16674,16454,20110,20131,21743,20789,14147,15304,9803,12007,3006,5233,7143,7024,8452,8223,13486,13600,18491,18590,19844,19085,13521,14560,9452,11550,2923,5085,163127,136256,21981,18011,35608,32518,5570,2,2
2021-07-14T23:59:59+02:00,968,914,10891,10196,14476,13105,16635,16410,20073,20095,21717,20767,14135,15292,9790,11992,3002,5231,6597,6575,7364,7361,12914,13150,18393,18496,19736,18996,13491,14523,9435,11533,2921,5082,162634,131883,21981,18007,35608,32454,5466,2,2
2021-07-13T23:59:59+02:00,949,893,10810,10123,14430,13061,16608,16379,20049,20073,21706,20754,14128,15281,9787,11985,3000,5229,6346,6297,6902,6974,12600,12882,18376,18474,19691,18959,13378,14414,9432,11529,2921,5079,162197,131838,21978,15747,35608,32450,5462,2,2
2021-07-12T23:59:59+02:00,929,881,10757,10073,14383,13016,16566,16349,20033,20061,21699,20748,14126,15276,9783,11981,3000,5226,6207,6202,6743,6853,12304,12638,17680,17907,19593,18879,13344,14389,9415,11507,2921,5075,161899,129294,21978,15743,35608,32446,5402,2,2
2021-07-11T23:59:59+02:00,929,881,10756,10071,14381,13015,16565,16349,20032,20061,21699,20748,14126,15276,9783,11981,3000,5226,6203,6198,6740,6850,12303,12638,17680,17907,19592,18878,13344,14389,9415,11506,2920,5073,161896,129285,21978,15743,35608,32439,5397,2,2
2021-07-10T23:59:59+02:00,926,876,10749,10058,14374,13008,16558,16349,20030,20054,21693,20743,14126,15275,9783,11981,3000,5226,6196,6190,6730,6845,12300,12634,17679,17902,19587,18875,13343,14389,9415,11506,2920,5073,161829,129235,21978,15743,35608,32439,5394,2,2
2021-07-09T23:59:59+02:00,912,860,10699,10015,14340,12980,16522,16319,19995,20031,21665,20721,14107,15260,9768,11973,2999,5223,5387,5457,6598,6745,12140,12529,17447,17796,19381,18742,13280,14316,9388,11487,2917,5070,161645,126330,21977,15743,35608,31487,5159,2,2
2021-07-08T23:59:59+02:00,910,860,10640,9972,14253,12926,16458,16269,19944,19984,21637,20696,14094,15243,9762,11960,2998,5217,5256,5347,6383,6569,11701,12187,16937,17424,19121,18555,13217,14232,9362,11451,2911,5058,161628,124404,21976,15740,35607,30980,4612,2,2
2021-07-07T23:59:59+02:00,909,860,10637,9965,14249,12922,16455,16267,19944,19981,21637,20696,14094,15243,9762,11960,2998,5217,5115,5164,5909,6157,10497,11204,16883,17358,19067,18510,13200,14210,9353,11448,2907,5048,161612,120732,21973,15738,35607,30977,4604,2,2
2021-07-06T23:59:59+02:00,909,860,10635,9964,14245,12919,16453,16267,19944,19981,21637,20695,14094,15242,9762,11960,2998,5217,5096,5158,5902,6149,10497,11204,16881,17358,19065,18510,13200,14208,9353,11448,2907,5048,161607,120710,21969,15735,35607,30961,4599,2,2
2021-07-05T23:59:59+02:00,909,860,10629,9959,14227,12917,16443,16265,19943,19981,21635,20695,14094,15242,9762,11960,2998,5217,5087,5155,5883,6147,10487,11201,16878,17358,19063,18509,13200,14208,9353,11448,2906,5048,161597,120703,21969,15732,35607,30954,4563,2,2
2021-07-04T23:59:59+02:00,909,860,10619,9950,14226,12913,16442,16265,19942,19980,21634,20694,14094,15242,9762,11959,2997,5216,5054,5114,5797,6069,10360,11087,16871,17355,19062,18505,13196,14206,9351,11443,2903,5046,161590,120225,21968,15731,35607,30945,4539,2,2
2021-07-03T23:59:59+02:00,828,791,8694,8410,12763,11752,15971,15807,19656,19680,21465,20529,14020,15166,9708,11913,2991,5212,4945,4985,5524,5813,10122,10871,16727,17213,18872,18354,13171,14172,9341,11433,2901,5044,153255,118667,21968,15731,35607,30577,4526,2,2
2021-07-02T23:59:59+02:00,828,789,8692,8404,12756,11748,15968,15806,19654,19680,21465,20529,14019,15165,9708,11912,2990,5211,4088,4133,4883,5163,9142,9878,16356,16737,18389,17815,12822,13850,9281,11357,2899,5036,153235,114145,21966,15731,35606,27447,4517,2,2
2021-07-01T23:59:59+02:00,808,770,8485,8238,12674,11671,15934,15774,19642,19666,21454,20512,14015,15161,9703,11904,2987,5205,2266,2441,4450,4788,8647,9445,15728,16195,17837,17377,12764,13784,9251,11301,2884,5006,152542,106542,21966,15729,35606,27405,4489,2,1
2021-06-30T23:59:59+02:00,753,720,8239,8053,12500,11519,15819,15679,19576,19599,21415,20465,13996,15135,9690,11891,2986,5200,2208,2405,4359,4671,8541,9346,15530,16056,17101,16875,12111,13138,9192,11232,2877,5000,151191,106479,21964,15728,35605,23960,4475,2,1
2021-06-29T23:59:59+02:00,753,720,8231,8046,12496,11511,15815,15679,19574,19599,21415,20465,13996,15135,9690,11891,2986,5200,2185,2393,4336,4630,8517,9300,15494,15997,17025,16790,11757,12800,9164,11198,2874,4992,151175,106463,21961,15725,35604,22802,4462,2,1
2021-06-28T23:59:59+02:00,753,720,8227,8042,12487,11504,15810,15678,19574,19599,21415,20465,13995,15135,9690,11891,2986,5200,2177,2367,4288,4515,8442,9139,15373,15719,16858,16519,11449,12496,9141,11171,2873,4988,151155,106453,21960,15725,35604,20885,4452,2,1
2021-06-27T23:59:59+02:00,753,720,8224,8036,12483,11500,15807,15677,19572,19599,21415,20465,13995,15135,9690,11890,2986,5200,2167,2363,4279,4513,8260,8983,15352,15703,16856,16514,11444,12495,9140,11169,2873,4988,151144,106053,21958,15724,35604,20881,4441,2,1
2021-06-26T23:59:59+02:00,745,716,8012,7826,12006,11094,14692,14685,19322,19399,21312,20345,13952,15084,9677,11861,2983,5197,2127,2321,4223,4458,8162,8874,15091,15444,16794,16467,11427,12476,9128,11164,2873,4986,148663,104990,20201,15703,35603,20881,4441,2,1
2021-06-25T23:59:59+02:00,726,698,7985,7802,11991,11083,14692,14678,19315,19394,21308,20344,13952,15084,9676,11859,2983,5197,1996,2143,3933,4152,6637,7439,12430,13248,16718,16379,11399,12447,9117,11140,2867,4971,148522,96105,20201,15622,35603,20847,4441,2,1
2021-06-24T23:59:59+02:00,714,681,7500,7390,10909,10179,14159,14242,19245,19334,21260,20301,13930,15055,9663,11846,2982,5194,1928,2075,3572,3812,5871,6766,12182,13037,16472,16171,11295,12320,9027,11013,2856,4937,144355,94867,20197,13238,35602,20798,4430,2,1
2021-06-23T23:59:59+02:00,714,681,7498,7385,10903,10175,14158,14241,19245,19333,21260,20300,13930,15055,9663,11846,2982,5194,1784,1910,3087,3413,4520,5595,11879,12770,16351,16054,11249,12280,9014,10986,2855,4930,144339,90236,20194,13237,35601,20774,4429,2,1
2021-06-22T23:59:59+02:00,714,681,7449,7356,10830,10126,14133,14215,19228,19318,21249,20293,13924,15045,9660,11843,2982,5194,1734,1879,3005,3359,4481,5562,11850,12731,16283,16003,11041,12089,8762,10685,2845,4899,144325,90217,20194,13231,35599,19637,4122,2,1
2021-06-21T23:59:59+02:00,712,681,7318,7288,10700,10027,13851,13964,18475,18700,21159,20216,13889,15013,9641,11818,2982,5191,1689,1854,2962,3322,4451,5532,11803,12697,16266,15986,11032,12078,8755,10677,2844,4898,141933,90091,20191,13228,35599,19624,3902,2,1
2021-06-20T23:59:59+02:00,712,681,7318,7283,10695,10024,13850,13964,18475,18700,21159,20216,13889,15013,9641,11818,2982,5191,1661,1825,2914,3306,4386,5493,11741,12664,16204,15926,11013,12062,8752,10668,2840,4895,141920,89610,20190,13223,35599,19614,3902,2,1
2021-06-19T23:59:59+02:00,712,680,7284,7246,10589,9935,13668,13806,18059,18363,20973,20043,13871,14986,9629,11798,2979,5185,1630,1790,2875,3258,4306,5422,11405,12374,16166,15888,11004,12051,8750,10663,2838,4893,141877,88603,18428,13194,35599,19613,3902,2,1
2021-06-18T23:59:59+02:00,15,13,6477,6513,10581,9934,13667,13804,18057,18360,20973,20043,13871,14985,9629,11797,2978,5183,1499,1679,2636,3102,3675,4791,10261,11228,15954,15732,10962,12011,8727,10642,2824,4864,138961,83942,18427,13192,35599,19559,3893,2,1
2021-06-17T23:59:59+02:00,13,12,6406,6445,10463,9829,13342,13501,17669,18037,20861,19945,13852,14947,9617,11783,2970,5177,1418,1561,2481,2953,3319,4453,8651,9866,15439,15299,10786,11831,8671,10564,2807,4836,137067,78461,18426,13187,35598,19508,3778,2,1
2021-06-16T23:59:59+02:00,13,12,6399,6438,10452,9825,13340,13499,17666,18036,20860,19944,13852,14947,9616,11782,2970,5177,1365,1515,2378,2875,3135,4274,7560,8925,14939,14912,10704,11720,8635,10517,2796,4820,137033,74630,18423,13183,35598,19482,3774,2,1
2021-06-15T23:59:59+02:00,13,12,6367,6419,10411,9794,13310,13483,17646,18015,20847,19930,13843,14939,9613,11776,2967,5174,1283,1457,2250,2772,3018,4188,6636,8190,14739,14745,10680,11691,8622,10495,2787,4813,137018,74619,18421,10761,35596,19462,3523,2,1
2021-06-14T23:59:59+02:00,13,12,6348,6400,10376,9768,13289,13463,17629,17997,20828,19919,13832,14930,9610,11774,2967,5170,1257,1441,2214,2745,2996,4167,6620,8170,14718,14735,10668,11682,8619,10494,2786,4809,136999,74610,18420,10761,35596,19441,3308,2,1
2021-06-13T23:59:59+02:00,13,12,6347,6400,10373,9766,13289,13459,17629,17997,20828,19919,13831,14930,9610,11774,2967,5170,1253,1435,2210,2736,2986,4157,6603,8153,14618,14670,10655,11659,8613,10482,2783,4809,136990,74318,18420,10761,35596,19436,3306,2,1
2021-06-12T23:59:59+02:00,10,10,5564,5641,10328,9727,13255,13434,17601,17975,20802,19888,13749,14857,9610,11771,2966,5170,1245,1417,2197,2719,2966,4131,6529,8069,14446,14533,10426,11374,8131,9944,2781,4808,135034,73813,18420,10761,35596,17835,3306,2,1
2021-06-11T23:59:59+02:00,9,10,5560,5634,10318,9720,13240,13422,17593,17970,20798,19886,13749,14856,9610,11769,2966,5170,1170,1333,2078,2560,2795,3876,5021,6735,12726,13152,10286,11227,8045,9839,2774,4792,134959,66519,18420,10760,35596,17826,3303,2,1
2021-06-10T23:59:59+02:00,3,4,4566,4690,10150,9593,13126,13337,17338,17735,20557,19704,13739,14845,9604,11759,2963,5167,1114,1272,1963,2454,2632,3699,4413,6096,11560,12162,9985,10902,7960,9754,2762,4767,131641,61687,18416,10760,35596,17821,3226,1,1
2021-06-09T23:59:59+02:00,3,4,3981,4097,9947,9445,13037,13265,17027,17468,20331,19522,13724,14832,9599,11753,2962,5162,1041,1228,1863,2384,2538,3586,4086,5792,11137,11837,9857,10744,7914,9688,2751,4758,129292,61608,18403,8914,35596,17814,2867,1,1
2021-06-08T23:59:59+02:00,3,4,3969,4090,9934,9434,13025,13258,17020,17459,20323,19520,13722,14829,9598,11750,2961,5160,995,1219,1840,2369,2511,3572,4060,5772,11126,11834,9854,10739,7913,9686,2750,4756,129275,61491,18400,8907,35595,17809,2788,1,1
2021-06-07T23:59:59+02:00,3,4,3955,4081,9901,9422,13015,13240,16997,17447,20307,19509,13718,14825,9595,11746,2959,5158,984,1211,1805,2356,2501,3553,4036,5758,11108,11820,9851,10733,7910,9683,2748,4754,129262,61480,18398,8904,35593,17798,2628,1,1
2021-06-06T23:59:59+02:00,3,4,3951,4077,9895,9417,13013,13240,16994,17446,20306,19508,13717,14824,9595,11746,2959,5158,981,1208,1793,2354,2495,3544,4022,5751,10980,11676,9840,10726,7909,9683,2748,4754,129248,61155,18397,8903,35591,17789,2616,1,1
2021-06-05T23:59:59+02:00,2,1,3656,3778,7395,7413,12774,13054,16965,17417,20262,19467,13601,14680,9520,11654,2955,5146,904,1136,1631,2253,2329,3463,3795,5610,10078,10836,9454,10270,7796,9527,2740,4734,123266,57876,18397,8903,35591,17291,2485,1,1
2021-06-04T23:59:59+02:00,2,1,3590,3722,7243,7298,12304,12657,16826,17305,20027,19231,13482,14535,9462,11575,2941,5129,878,1071,1601,2148,2290,3296,3719,5352,9437,10156,8607,9248,7520,9123,2736,4723,120863,56399,18397,8901,35591,14126,2478,1,1
2021-06-03T23:59:59+02:00,2,1,3180,3334,7216,7283,12177,12539,16794,17263,19939,19165,13470,14518,9460,11572,2940,5128,850,1002,1555,2024,2209,3096,3530,4971,8860,9538,7845,8376,7046,8507,2733,4715,119631,54768,18394,8899,35587,10821,2368,1,1
2021-06-02T23:59:59+02:00,0,1,2794,3018,6061,6346,11871,12303,16734,17212,19817,19059,13408,14463,9438,11551,2938,5120,835,967,1489,2000,2095,3058,3359,4869,7494,8455,7765,8297,7030,8479,2730,4710,115895,51657,18393,8899,35587,10817,2258,1,1
2021-06-01T23:59:59+02:00,0,1,2509,2716,5575,5914,11546,12019,16710,17189,19766,19022,13285,14340,9431,11547,2937,5117,818,960,1473,1990,2074,3045,3333,4850,7195,8131,7726,8263,7020,8465,2729,4710,115873,50973,16041,8879,35587,10807,2122,1,1
2021-05-31T23:59:59+02:00,0,1,2494,2712,5555,5906,11518,11997,16674,17177,19725,19000,13282,14336,9427,11545,2937,5115,802,953,1455,1980,2043,3025,3297,4836,7154,8109,7722,8258,7016,8463,2729,4708,115860,50960,16037,8873,35586,10799,1917,1,1
2021-05-30T23:59:59+02:00,0,1,2491,2710,5552,5902,11517,11996,16671,17176,19723,18999,13282,14336,9427,11545,2937,5115,801,949,1449,1977,2040,3023,3295,4834,7153,8109,7722,8258,7016,8462,2729,4708,115844,50952,16037,8873,35583,10784,1915,1,1
2021-05-29T23:59:59+02:00,0,1,2477,2696,5387,5748,11450,11938,16663,17170,19715,18998,13281,14334,9425,11545,2937,5115,764,899,1336,1882,1761,2769,2889,4410,6869,7837,7538,8033,6840,8234,2726,4702,115344,50305,16037,8873,35583,8395,1915,1,1
2021-05-28T23:59:59+02:00,0,1,2344,2569,4967,5355,10760,11319,16597,17108,19689,18969,13272,14320,9406,11516,2935,5106,743,876,1276,1827,1672,2698,2756,4305,5285,6141,7373,7837,6798,8178,2723,4692,112702,46011,16037,8873,35583,8385,1910,1,1
2021-05-27T23:59:59+02:00,0,1,2324,2548,4917,5288,10093,10749,16556,17076,19674,18958,13262,14310,9404,11514,2935,5106,690,784,1170,1753,1461,2557,2382,3999,4403,5229,7136,7528,6706,8061,2706,4673,111312,42220,16034,8867,35581,8363,1787,1,1
2021-05-26T23:59:59+02:00,0,1,2286,2486,4745,5109,9658,10387,16504,17022,19606,18904,13248,14291,9393,11512,2931,5093,674,740,1120,1720,1372,2477,2173,3827,4274,5092,6973,7314,6626,7962,2694,4659,109898,40817,16031,8866,35581,8348,1665,1,1
2021-05-25T23:59:59+02:00,0,1,2283,2478,4715,5092,9633,10361,16479,17004,19592,18897,13243,14289,9390,11509,2931,5093,667,727,1075,1702,1320,2432,2103,3767,3733,4513,6671,6971,6592,7925,2693,4657,109892,40809,16029,6911,35580,8339,1488,1,1
2021-05-24T23:59:59+02:00,0,1,2275,2471,4703,5086,9624,10355,16452,16984,19566,18872,13233,14278,9387,11499,2930,5089,658,722,1063,1695,1310,2425,2078,3747,3707,4488,6659,6960,6589,7915,2692,4653,109885,40801,16026,6911,35580,8335,1313,1,1
2021-05-23T23:59:59+02:00,0,1,2259,2440,4614,5012,9490,10233,16449,16983,19566,18871,13231,14276,9384,11495,2928,5088,657,719,1061,1694,1309,2425,2078,3747,3707,4486,6658,6960,6589,7915,2692,4653,109401,40794,16026,6910,35579,8332,1313,1,1
2021-05-22T23:59:59+02:00,0,1,2239,2421,4605,4995,9410,10152,16426,16969,19514,18828,13203,14246,9381,11489,2928,5087,656,717,1060,1691,1307,2422,2075,3742,3691,4472,5825,6061,6517,7834,2684,4648,108975,38846,16026,6910,35579,8332,1313,1,1
2021-05-21T23:59:59+02:00,0,1,2205,2388,4496,4908,9211,9975,16398,16936,19499,18821,13193,14237,9379,11487,2923,5076,645,690,1023,1624,1257,2299,1988,3562,3345,4037,4060,3951,6473,7768,2679,4633,108230,34833,16026,6910,35576,6990,1300,1,1
2021-05-20T23:59:59+02:00,0,1,2176,2347,4412,4847,8988,9745,16348,16884,19446,18770,13164,14202,9361,11470,2922,5071,589,584,899,1311,1085,1892,1767,3026,2786,3355,3222,2993,6426,7717,2675,4628,107373,32996,16022,6909,35567,3858,1191,1,1
2021-05-19T23:59:59+02:00,0,1,2016,2177,3913,4427,7606,8554,16075,16637,19323,18646,13116,14155,9351,11444,2920,5068,574,548,863,1255,1056,1842,1741,2972,2736,3311,3214,2981,6422,7714,2675,4627,102757,32972,16019,6907,35565,3564,1087,1,1
2021-05-18T23:59:59+02:00,0,1,1968,2125,3606,4138,6944,7954,15926,16521,19239,18563,13082,14121,9295,11370,2914,5054,567,544,856,1253,1047,1833,1711,2956,2727,3292,3209,2976,6418,7710,2675,4627,102736,32966,13547,6902,35561,3556,976,1,1
2021-05-17T23:59:59+02:00,0,1,1960,2117,3586,4124,6899,7930,15898,16503,19218,18544,13072,14099,9293,11369,2914,5054,559,537,836,1237,1004,1809,1683,2938,2704,3271,3197,2957,6418,7709,2675,4627,102728,32960,13544,6901,35559,3550,749,1,1
2021-05-16T23:59:59+02:00,0,1,1955,2114,3579,4119,6713,7765,15874,16484,19214,18539,13066,14098,9292,11368,2914,5054,559,537,835,1234,1003,1808,1683,2937,2702,3271,3197,2957,6418,7709,2675,4627,102303,32957,13542,6901,35555,3545,748,1,1
2021-05-15T23:59:59+02:00,0,1,1927,2078,3539,4081,6627,7662,15604,16216,19158,18497,13047,14079,9283,11363,2914,5052,559,537,835,1233,1003,1808,1681,2936,2702,3271,3196,2957,6417,7709,2675,4627,101282,32953,13542,6901,35555,3543,748,1,1
2021-05-14T23:59:59+02:00,0,1,1818,1933,3291,3832,5038,6182,12949,14017,19093,18411,13022,14049,9277,11350,2911,5046,559,536,831,1233,1003,1808,1680,2935,2696,3269,3191,2951,6414,7707,2675,4626,92388,32935,13542,6899,35553,3543,736,1,1
2021-05-13T23:59:59+02:00,0,1,1792,1885,3252,3782,4926,6080,12743,13833,18933,18283,12945,13954,9242,11299,2911,5045,553,533,824,1224,993,1795,1661,2916,2589,3176,2529,2143,4958,5905,2665,4607,91172,29918,13448,4876,35551,3542,734,1,1
2021-05-12T23:59:59+02:00,0,1,1792,1885,3250,3781,4926,6080,12743,13833,18932,18283,12944,13953,9242,11299,2911,5045,553,533,824,1224,993,1795,1661,2915,2586,3174,2529,2142,4958,5903,2665,4607,91167,29914,13448,4871,35550,3542,734,1,1
2021-05-11T23:59:59+02:00,0,1,1747,1840,3158,3704,4835,6013,11808,13101,18739,18124,12929,13932,9235,11285,2905,5041,552,531,821,1219,992,1794,1660,2914,2576,3169,2528,2141,4956,5902,2664,4607,91152,29904,10976,4859,35542,3536,726,1,1
2021-05-10T23:59:59+02:00,0,1,1730,1837,3152,3701,4829,6009,11807,13100,18738,18124,12929,13932,9235,11285,2905,5041,551,529,821,1219,991,1794,1659,2914,2576,3169,2527,2140,4956,5902,2664,4607,91140,29903,10971,4858,35517,3531,726,1,1
2021-05-09T23:59:59+02:00,0,1,1694,1790,3098,3686,4759,5974,11740,13079,18675,18064,12909,13913,9232,11275,2903,5039,549,526,812,1218,983,1788,1646,2911,2572,3168,2527,2138,4955,5901,2664,4606,90667,29899,10967,4857,35510,3521,686,1,1
2021-05-08T23:59:59+02:00,0,1,1661,1756,3062,3637,4682,5903,11403,12777,18642,18030,12902,13906,9231,11273,2901,5039,537,525,805,1218,972,1788,1638,2911,2556,3157,2526,2138,4955,5900,2663,4605,89642,29895,10967,4857,35510,3455,686,1,1
2021-05-07T23:59:59+02:00,0,1,1518,1634,2811,3466,4009,5241,10193,11584,18441,17879,12863,13872,9211,11256,2893,5032,445,375,682,990,826,1471,1493,2496,2387,2799,2517,2128,4951,5896,2660,4602,84871,29889,10966,4857,35498,1403,568,1,1
2021-05-06T23:59:59+02:00,0,1,1455,1465,2678,3334,3682,4930,8481,10102,17923,17454,12695,13704,9164,11184,2890,5024,327,318,577,889,690,1381,1245,2282,2172,2603,2465,2096,4949,5889,2660,4601,79328,29866,10965,4856,35482,31,390,1,1
2021-05-05T23:59:59+02:00,0,1,1399,1390,2591,3262,3506,4755,7326,9084,17415,17055,12608,13591,9132,11139,2881,5009,327,318,575,888,689,1379,1198,2229,2160,2595,2461,2094,4949,5885,2660,4597,75448,29855,10959,4855,35473,30,263,1,1
2021-05-04T23:59:59+02:00,0,1,1386,1388,2585,3254,3504,4755,7324,9083,17414,17054,12608,13591,9132,11139,2881,5009,327,317,574,887,687,1379,1198,2229,2160,2595,2460,2093,4949,5885,2660,4596,75438,29850,10948,4855,35459,28,262,1,1
2021-05-03T23:59:59+02:00,0,1,1384,1382,2576,3248,3501,4749,7246,9023,17400,17046,12604,13589,9132,11139,2880,5008,324,311,570,882,684,1374,1120,2169,2146,2587,2456,2091,4949,5885,2659,4595,75429,29848,10948,4855,35458,26,72,1,1
2021-05-02T23:59:59+02:00,0,1,1376,1378,2573,3242,3488,4740,7226,9003,17295,16978,12591,13564,9126,11128,2877,5008,322,310,570,881,684,1374,1120,2168,2144,2587,2456,2091,4948,5883,2659,4595,75120,29842,10947,4854,35457,26,69,1,1
2021-05-01T23:59:59+02:00,0,1,1372,1372,2564,3232,3479,4722,7167,8942,17152,16861,12566,13540,9114,11122,2877,5008,322,310,570,881,684,1374,1120,2168,2144,2587,2456,2091,4946,5883,2658,4593,74617,29837,10947,4854,35457,26,69,1,1
2021-04-30T23:59:59+02:00,0,1,1302,1293,2443,3065,3311,4448,5609,7541,15397,15426,12423,13379,9019,11006,2862,4975,322,310,569,880,683,1374,1117,2166,2141,2584,2455,2081,4932,5874,2650,4575,67082,29820,10947,4853,35457,26,13,1,1
2021-04-29T23:59:59+02:00,0,1,1247,1254,2341,2955,3175,4278,4998,6891,14221,14401,12111,13050,8928,10924,2848,4947,319,308,569,879,683,1373,1116,2166,2139,2582,2453,2077,4931,5870,2649,4573,62155,29798,10947,4850,35455,26,12,1,1
2021-04-28T23:59:59+02:00,0,1,1185,1237,2279,2915,3109,4197,4688,6601,13806,14085,11995,12905,8887,10864,2840,4941,318,308,566,877,680,1373,1114,2163,2137,2575,2450,2074,4928,5866,2646,4570,62033,29793,9042,4821,35454,25,5,1,1
2021-04-27T23:59:59+02:00,0,1,1166,1234,2273,2914,3105,4195,4686,6601,13805,14084,11994,12904,8887,10864,2840,4941,318,308,566,877,679,1371,1114,2163,2136,2575,2450,2072,4928,5866,2646,4570,62001,29791,9035,4817,35452,25,5,1,1
2021-04-26T23:59:59+02:00,0,1,1166,1231,2271,2913,3101,4195,4672,6587,13765,14051,11990,12901,8886,10862,2840,4940,318,308,566,876,678,1371,1114,2163,2134,2574,2450,2072,4928,5866,2646,4570,61987,29788,9030,4816,35350,25,4,1,1
2021-04-25T23:59:59+02:00,0,1,1165,1231,2264,2913,3098,4188,4659,6580,13627,13897,11980,12895,8885,10861,2840,4940,318,308,565,876,677,1370,1112,2161,2134,2574,2450,2072,4928,5866,2646,4570,61660,29784,9027,4813,35332,25,4,1,1
2021-04-24T23:59:59+02:00,0,1,1100,1185,2128,2825,2958,4131,4448,6463,12757,13093,11704,12565,8819,10757,2833,4927,318,308,565,876,676,1369,1112,2161,2134,2574,2449,2072,4924,5865,2646,4570,58331,29777,9026,4813,35332,24,4,1,1
2021-04-23T23:59:59+02:00,0,1,1002,1165,1914,2797,2798,4097,4334,6350,11412,12033,11648,12502,8796,10710,2831,4924,317,308,565,876,675,1369,1111,2161,2132,2574,2448,2072,4923,5859,2646,4568,56845,29771,9026,4810,33439,19,3,1,1
2021-04-22T23:59:59+02:00,0,1,992,1156,1887,2783,2734,4071,4158,6231,10794,11518,11559,12414,8765,10663,2828,4919,316,307,565,876,675,1368,1109,2161,2131,2574,2448,2070,4921,5857,2646,4568,55147,29764,9025,4805,33297,19,3,1,1
2021-04-21T23:59:59+02:00,0,1,978,1141,1811,2758,2615,4036,4012,6157,9297,10357,11483,12345,8753,10639,2825,4916,315,307,564,876,674,1368,1108,2161,2131,2573,2444,2066,4918,5856,2645,4566,51975,29746,9024,4803,33121,19,3,1,1
2021-04-20T23:59:59+02:00,0,1,978,1140,1809,2756,2611,4032,4008,6156,9000,10034,11456,12321,8749,10629,2823,4915,315,307,564,876,674,1368,1108,2160,2130,2572,2444,2065,4916,5855,2645,4566,51273,29742,9021,4800,33120,19,3,1,1
2021-04-19T23:59:59+02:00,0,1,976,1138,1809,2753,2610,4031,4005,6154,8999,10033,11456,12321,8749,10628,2822,4915,315,307,562,875,674,1368,1106,2160,2129,2572,2444,2065,4916,5855,2645,4566,51264,29738,9016,4799,33116,18,3,1,1
2021-04-18T23:59:59+02:00,0,1,976,1137,1807,2753,2609,4029,4004,6154,8999,10033,11456,12321,8749,10626,2822,4914,315,307,562,875,673,1368,1106,2159,2129,2572,2444,2065,4916,5855,2645,4566,51256,29737,9015,4798,33115,18,3,1,1
2021-04-17T23:59:59+02:00,0,1,976,1136,1804,2747,2533,3937,3947,6072,8982,10015,11333,12169,8746,10624,2822,4913,310,301,558,868,665,1358,1088,2146,2082,2546,2398,2012,4866,5786,2639,4559,50623,29363,9015,4798,33115,17,3,1,1
2021-04-16T23:59:59+02:00,0,1,947,1102,1695,2663,2332,3802,3697,5896,7257,8201,11135,11924,8691,10561,2819,4899,303,296,543,849,632,1322,1006,2090,1856,2385,2248,1899,4679,5517,2577,4437,46273,29348,8940,3275,32405,12,3,1,1
2021-04-15T23:59:59+02:00,0,1,878,1052,1566,2575,2052,3649,3163,5567,6246,7235,10878,11587,8590,10437,2800,4876,303,296,542,848,630,1321,1005,2087,1621,2244,2095,1767,4491,5305,2523,4333,42465,29303,8937,2096,31746,8,3,1,1
2021-04-14T23:59:59+02:00,0,1,863,1023,1520,2538,1964,3568,2993,5431,6152,7124,10715,11379,8508,10337,2788,4862,283,287,508,821,559,1261,797,1944,1401,2120,2027,1692,4360,5141,2509,4305,41087,27907,8932,2096,31743,8,3,1,1
2021-04-13T23:59:59+02:00,0,1,858,1018,1508,2535,1941,3548,2962,5396,5628,6545,10415,11039,8477,10303,2787,4861,283,285,508,820,559,1261,797,1944,1400,2119,2024,1691,4360,5140,2509,4302,41074,27903,7006,2087,31738,8,3,1,1
2021-04-12T23:59:59+02:00,0,1,858,1016,1507,2532,1941,3548,2961,5395,5627,6545,10414,11038,8476,10303,2787,4861,283,284,508,820,557,1261,795,1943,1399,2119,2024,1691,4360,5139,2509,4302,41067,27897,7003,2085,31736,8,3,1,1
2021-04-11T23:59:59+02:00,0,1,858,1016,1505,2532,1939,3547,2960,5395,5627,6545,10413,11035,8476,10303,2787,4861,283,283,507,819,555,1261,794,1943,1397,2119,2024,1691,4360,5139,2509,4302,41063,27891,7002,2084,31732,8,2,1,1
2021-04-10T23:59:59+02:00,0,1,856,1013,1502,2528,1922,3535,2892,5329,5500,6448,10183,10817,8423,10253,2783,4860,283,282,507,818,554,1261,793,1943,1397,2119,2020,1687,4355,5130,2508,4299,40492,27861,7002,2084,31348,8,2,1,1
2021-04-09T23:59:59+02:00,0,1,818,980,1405,2473,1818,3477,2763,5275,5360,6383,7799,7988,8356,10159,2773,4842,282,282,505,817,552,1259,790,1943,1395,2115,2000,1665,4333,5111,2505,4294,35009,27753,7000,2084,30658,8,2,1,1
2021-04-08T23:59:59+02:00,0,1,817,977,1401,2470,1816,3474,2751,5266,5349,6369,7005,7070,8313,10108,2770,4839,280,281,505,816,552,1258,789,1943,1392,2114,1998,1665,4332,5108,2505,4294,33143,27738,7000,2083,30650,8,2,1,1
2021-04-07T23:59:59+02:00,0,1,765,957,1327,2400,1730,3405,2559,5159,4605,5885,6337,6428,8254,10046,2763,4832,280,281,505,816,552,1255,789,1943,1392,2114,1998,1665,4331,5108,2505,4294,33135,27737,6998,2082,27317,7,2,1,0
2021-04-06T23:59:59+02:00,0,1,733,950,1308,2365,1705,3364,2529,5113,4531,5809,5976,6071,8233,10022,2758,4826,280,280,505,815,552,1255,788,1943,1392,2114,1998,1664,4331,5108,2505,4294,33130,27734,6998,2081,26163,7,2,1,0
2021-04-05T23:59:59+02:00,0,1,730,922,1267,2242,1633,3199,2410,4843,4371,5538,5667,5763,8216,9996,2756,4822,280,280,505,814,552,1255,788,1943,1392,2114,1998,1664,4331,5108,2505,4294,33127,27733,6998,2081,24248,7,2,1,0
2021-04-04T23:59:59+02:00,0,1,710,897,1175,2027,1500,2935,2195,4409,4020,5038,5422,5539,8183,9942,2755,4814,280,280,504,813,550,1254,787,1942,1319,2077,1635,1391,4170,4928,2461,4228,33123,26530,6998,2081,21438,6,2,1,0
2021-04-03T23:59:59+02:00,0,1,710,897,1174,2026,1499,2935,2194,4409,4020,5038,5422,5538,8183,9942,2755,4814,280,280,504,813,550,1254,787,1942,1319,2077,1635,1391,4170,4928,2461,4228,33119,26530,6998,2081,21437,6,2,1,0
2021-04-02T23:59:59+02:00,0,1,710,896,1174,2026,1498,2935,2194,4409,4019,5037,5421,5537,8182,9940,2754,4812,280,280,504,813,549,1254,787,1942,1318,2077,1635,1391,4170,4928,2461,4228,33117,26529,6998,2081,21428,6,1,1,0
2021-04-01T23:59:59+02:00,0,1,705,894,1170,2020,1490,2926,2180,4391,3928,4952,4927,4936,7476,9043,2752,4807,280,278,503,810,549,1253,784,1940,1280,2049,1485,1295,4069,4827,2450,4215,30207,25985,6971,2075,21418,6,1,1,0
2021-03-31T23:59:59+02:00,0,1,705,893,1168,2019,1486,2921,2176,4390,3910,4941,4752,4716,6706,8109,2739,4786,279,277,502,809,545,1250,779,1934,1175,1972,1087,1029,3655,4361,2341,4040,30087,24016,4941,2013,21388,5,1,1,0
2021-03-30T23:59:59+02:00,0,1,705,893,1166,2016,1474,2912,2167,4381,3865,4914,4553,4535,6456,7811,2730,4770,279,276,502,807,545,1250,779,1933,1175,1972,1087,1029,3655,4361,2340,4039,30082,24011,4936,2013,20329,4,1,1,0
2021-03-29T23:59:59+02:00,0,1,704,891,1165,2016,1472,2912,2167,4381,3861,4912,4550,4533,6453,7802,2728,4751,279,275,502,807,545,1250,778,1932,1175,1972,1087,1028,3655,4361,2340,4038,30073,24006,4931,2013,20293,4,1,1,0
2021-03-28T23:59:59+02:00,0,1,703,891,1165,2012,1470,2910,2166,4378,3860,4912,4549,4533,6450,7798,2728,4749,278,275,500,807,545,1250,777,1932,1175,1972,1087,1027,3655,4361,2340,4038,30071,24002,4926,2012,20276,4,1,1,0
2021-03-27T23:59:59+01:00,0,1,699,886,1161,2004,1462,2900,2147,4363,3818,4886,4499,4475,6404,7740,2721,4736,274,270,486,797,534,1238,729,1897,1014,1880,825,838,3515,4206,2178,3722,29720,23031,4926,1367,20254,4,1,1,0
2021-03-26T23:59:59+01:00,0,1,699,886,1160,2003,1458,2899,2144,4362,3813,4883,4488,4453,6394,7716,2712,4722,273,270,486,795,532,1238,727,1897,1007,1872,687,744,2532,3043,2006,3508,29663,20245,4924,1367,20204,4,1,1,0
2021-03-25T23:59:59+01:00,0,1,698,885,1159,2002,1457,2896,2140,4356,3809,4879,4479,4442,6381,7685,2687,4668,273,270,486,795,531,1235,726,1896,1005,1871,666,737,1350,1591,1721,3144,29654,16925,4919,1367,20049,4,1,1,0
2021-03-24T23:59:59+01:00,0,1,674,875,1121,1971,1386,2835,1934,4210,3585,4753,4418,4383,6247,7518,2673,4636,273,270,486,794,528,1235,724,1896,1004,1871,666,737,1350,1590,1721,3142,28279,16916,4917,1366,20022,4,1,1,0
2021-03-23T23:59:59+01:00,0,1,674,873,1119,1970,1386,2835,1934,4210,3583,4750,4418,4382,6246,7518,2673,4635,273,270,486,794,528,1234,724,1896,1004,1871,666,737,1350,1590,1721,3142,28273,16915,4914,1366,20018,4,1,1,0
2021-03-22T23:59:59+01:00,0,1,674,871,1117,1966,1383,2835,1932,4210,3582,4750,4418,4381,6246,7517,2673,4635,273,270,486,794,528,1233,723,1896,1004,1870,666,736,1350,1590,1721,3142,28269,16912,4913,1366,20007,3,1,1,0
2021-03-21T23:59:59+01:00,0,1,673,871,1115,1965,1383,2833,1931,4209,3581,4749,4418,4381,6245,7517,2673,4635,272,270,486,794,528,1233,723,1896,1004,1870,666,735,1350,1590,1721,3142,28266,16911,4912,1366,20001,3,0,1,0
2021-03-20T23:59:59+01:00,0,1,671,870,1113,1963,1378,2830,1914,4202,3550,4730,4199,4105,5726,6907,2663,4599,267,268,481,788,511,1223,702,1880,968,1842,600,657,1119,1332,1366,2595,28183,15231,4810,1365,18427,3,0,1,0
2021-03-19T23:59:59+01:00,0,1,663,863,1099,1942,1344,2794,1834,4147,3328,4568,4050,3995,5550,6663,2610,4509,267,268,481,788,511,1223,702,1879,967,1842,600,657,1119,1331,1365,2594,28180,15226,3361,1365,18419,3,0,0,0
2021-03-18T23:59:59+01:00,0,1,662,862,1098,1941,1343,2792,1834,4143,3099,4424,3896,3865,5369,6459,2557,4407,267,267,480,788,511,1221,702,1878,966,1841,598,654,880,1074,1253,2426,28169,14440,2167,1364,18416,2,0,0,0
2021-03-17T23:59:59+01:00,0,1,662,862,1097,1941,1342,2791,1834,4143,3099,4424,3896,3863,5368,6459,2557,4407,267,266,480,788,511,1221,702,1878,965,1841,597,654,880,1073,1253,2426,28167,14437,2167,1363,18412,2,0,0,0
2021-03-16T23:59:59+01:00,0,1,661,862,1097,1937,1340,2791,1831,4143,3099,4422,3895,3862,5368,6459,2557,4406,265,262,466,783,502,1209,686,1864,949,1831,595,653,878,1072,1252,2425,28159,14327,2163,1363,18409,2,0,0,0
2021-03-15T23:59:59+01:00,0,1,661,861,1095,1936,1337,2791,1827,4142,3098,4422,3895,3861,5367,6459,2557,4406,265,262,466,783,502,1209,685,1864,948,1830,595,653,878,1072,1252,2425,28154,14324,2161,1363,18401,2,0,0,0
2021-03-14T23:59:59+01:00,0,1,660,858,1091,1932,1334,2788,1825,4140,3093,4421,3895,3861,5367,6459,2557,4406,265,262,466,783,502,1209,685,1864,948,1829,595,653,877,1072,1252,2425,28149,14322,2160,1363,18379,2,0,0,0
2021-03-13T23:59:59+01:00,0,1,658,853,1083,1926,1324,2781,1819,4132,2978,4343,3420,3458,5158,6223,2512,4342,265,262,466,783,502,1209,684,1864,946,1828,571,637,573,774,819,1844,26877,12662,2160,1363,17974,2,0,0,0
2021-03-12T23:59:59+01:00,0,1,630,767,1059,1813,1303,2592,1787,3866,2934,4175,2273,2011,4796,5675,2509,4333,265,262,466,783,502,1209,683,1864,945,1828,571,636,572,774,819,1843,26865,12658,2160,1363,13499,1,0,0,0
2021-03-11T23:59:59+01:00,0,1,621,722,1052,1710,1294,2434,1775,3654,2886,4036,1707,1479,4308,5134,2499,4323,262,261,466,783,502,1209,683,1863,945,1824,571,636,570,773,735,1697,26310,12654,2147,1126,11178,0,0,0,0
2021-03-10T23:59:59+01:00,0,1,615,711,1039,1685,1284,2413,1762,3628,2777,3953,1314,1211,3896,4663,2403,4165,262,261,465,781,501,1209,683,1863,943,1824,571,636,568,772,735,1697,24316,12648,2146,1123,11058,0,0,0,0
2021-03-09T23:59:59+01:00,0,1,614,707,1031,1668,1273,2398,1759,3617,2770,3948,1310,1210,3895,4662,2402,4164,262,261,465,781,501,1209,683,1863,943,1824,571,636,568,772,735,1697,24312,12648,2145,1123,10972,0,0,0,0
2021-03-08T23:59:59+01:00,0,1,609,678,1020,1641,1257,2365,1751,3584,2749,3933,1309,1208,3895,4662,2402,4163,262,261,465,781,500,1209,683,1863,943,1824,571,635,566,772,735,1697,24307,12644,2144,1123,10776,0,0,0,0
2021-03-07T23:59:59+01:00,0,1,609,675,1015,1637,1257,2362,1750,3581,2749,3931,1309,1208,3895,4662,2402,4163,262,261,465,781,499,1209,683,1863,943,1824,571,635,566,772,734,1697,24304,12642,2144,1123,10758,0,0,0,0
2021-03-06T23:59:59+01:00,0,1,573,627,894,1536,1013,2172,1329,3198,2329,3595,1027,989,3595,4284,2382,4145,262,261,465,781,497,1209,683,1863,943,1823,571,634,564,768,645,1515,23304,12638,2141,846,8244,0,0,0,0
2021-03-05T23:59:59+01:00,0,1,571,627,889,1532,1013,2170,1326,3195,2322,3590,883,893,2597,3085,2208,3912,261,261,460,770,494,1204,675,1846,929,1808,566,630,504,707,330,997,20450,12437,2130,5,8234,0,0,0,0
2021-03-04T23:59:59+01:00,0,1,553,584,853,1400,974,2017,1276,2992,2279,3490,868,884,1414,1647,1916,3545,261,261,458,770,494,1204,675,1846,929,1808,565,629,504,706,330,997,17143,12432,2129,5,7421,0,0,0,0
2021-03-03T23:59:59+01:00,0,1,547,552,830,1335,953,1955,1260,2948,2269,3446,868,883,1414,1647,1916,3545,261,261,458,769,494,1204,675,1845,929,1808,565,629,504,706,330,997,17141,12430,2129,5,7099,0,0,0,0
2021-03-02T23:59:59+01:00,0,1,546,550,828,1334,952,1955,1259,2947,2269,3446,868,883,1414,1647,1916,3545,261,261,457,769,494,1204,675,1845,929,1807,565,629,504,706,330,997,17140,12428,2129,5,7091,0,0,0,0
2021-03-01T23:59:59+01:00,0,1,546,548,827,1333,952,1954,1259,2947,2268,3445,868,882,1414,1646,1916,3545,261,261,457,769,494,1204,674,1844,929,1807,565,629,504,706,330,997,17137,12426,2128,5,7086,0,0,0,0
2021-02-28T23:59:59+01:00,0,1,545,546,826,1332,951,1954,1259,2946,2266,3444,868,880,1414,1646,1916,3545,261,261,457,769,494,1204,674,1843,929,1807,565,629,504,706,330,997,17134,12425,2128,5,7077,0,0,0,0
2021-02-27T23:59:59+01:00,0,1,540,544,815,1322,930,1943,1220,2919,2191,3395,750,762,1144,1356,1404,2668,260,261,456,769,493,1204,672,1842,928,1805,564,627,503,704,328,993,15415,12405,1414,4,7075,0,0,0,0
2021-02-26T23:59:59+01:00,0,1,531,523,786,1256,901,1830,1181,2761,1870,2974,709,734,1144,1356,1403,2667,260,261,456,769,493,1204,672,1842,928,1805,564,627,503,704,328,992,15410,12404,1414,4,5803,0,0,0,0
2021-02-25T23:59:59+01:00,0,1,496,481,724,1139,795,1636,1027,2459,1371,2423,658,689,895,1089,1292,2494,259,260,455,769,493,1203,671,1840,928,1804,564,627,503,704,328,992,14598,12399,1414,1,3657,0,0,0,0
2021-02-24T23:59:59+01:00,0,1,495,480,724,1137,794,1636,1027,2458,1371,2422,658,689,895,1089,1292,2494,259,260,455,769,493,1202,671,1840,928,1804,564,627,503,704,328,992,14597,12399,1413,0,3652,0,0,0,0
2021-02-23T23:59:59+01:00,0,1,493,476,708,1128,785,1625,1010,2444,1355,2411,656,688,893,1088,1291,2493,259,259,455,768,493,1202,671,1839,928,1803,564,627,503,704,328,992,14487,12395,1413,0,3645,0,0,0,0
2021-02-22T23:59:59+01:00,0,1,493,476,706,1128,783,1625,1010,2444,1354,2410,656,686,893,1087,1291,2493,259,259,455,768,493,1202,671,1839,928,1802,564,627,503,704,328,992,14484,12394,1413,0,3639,0,0,0,0
2021-02-21T23:59:59+01:00,0,1,493,476,705,1128,782,1625,1009,2444,1354,2409,655,686,892,1087,1291,2493,259,259,454,768,493,1202,671,1839,928,1802,564,627,503,704,328,992,14482,12393,1413,0,3635,0,0,0,0
2021-02-20T23:59:59+01:00,0,1,477,474,693,1122,762,1620,996,2442,1327,2389,628,667,583,783,848,1900,258,258,449,766,488,1196,666,1828,922,1799,561,624,498,703,324,987,12790,12327,1412,0,3510,0,0,0,0
2021-02-19T23:59:59+01:00,0,1,382,389,589,996,644,1466,856,2271,1088,2150,581,643,582,783,848,1900,255,258,445,764,486,1187,663,1812,915,1779,557,618,492,696,321,977,12788,12225,1412,0,1969,0,0,0,0
2021-02-18T23:59:59+01:00,0,1,266,265,474,793,505,1221,694,1875,953,1839,578,637,581,783,848,1899,254,256,443,761,484,1183,662,1798,911,1768,550,613,485,689,315,966,12785,12138,1412,0,15,0,0,0,0
2021-02-17T23:59:59+01:00,0,1,266,265,473,793,505,1219,693,1875,952,1839,577,637,581,782,848,1899,252,256,442,758,482,1181,659,1790,907,1761,545,608,475,667,304,946,12783,12033,1412,0,10,0,0,0,0
2021-02-16T23:59:59+01:00,0,1,266,265,471,793,504,1219,693,1875,952,1839,577,637,581,782,848,1899,242,252,436,742,470,1149,652,1714,882,1681,526,579,441,621,284,875,12783,11546,1412,0,7,0,0,0,0
2021-02-15T23:59:59+01:00,0,1,266,265,470,793,504,1219,691,1875,952,1839,577,637,581,782,848,1899,238,248,433,734,464,1123,636,1662,856,1627,505,545,423,577,268,810,12783,11149,1412,0,4,0,0,0,0
2021-02-14T23:59:59+01:00,0,1,266,265,470,793,503,1219,691,1875,952,1839,577,637,581,782,848,1899,238,248,433,733,464,1123,636,1656,854,1618,494,540,419,574,259,801,12782,11090,1412,0,4,0,0,0,0
2021-02-13T23:59:59+01:00,0,1,265,265,470,793,503,1219,690,1874,952,1839,577,637,581,782,848,1899,236,246,432,729,457,1111,627,1636,834,1585,474,512,402,548,246,763,12781,10838,1412,0,2,0,0,0,0
2021-02-12T23:59:59+01:00,0,1,265,265,469,792,503,1219,690,1873,947,1836,577,635,531,736,834,1895,220,238,412,695,436,1023,592,1474,748,1345,390,389,326,433,186,575,12654,9482,1412,0,2,0,0,0,0
2021-02-11T23:59:59+01:00,0,1,262,265,466,792,503,1219,690,1871,947,1833,576,634,528,733,746,1746,198,226,400,663,416,976,558,1380,702,1235,356,340,285,365,156,484,12641,8740,1170,0,1,0,0,0,0
2021-02-10T23:59:59+01:00,0,1,262,265,466,791,503,1219,689,1871,946,1833,575,634,528,732,745,1744,195,222,399,656,412,962,555,1361,690,1200,339,317,262,324,133,418,12634,8445,1170,0,0,0,0,0,0
2021-02-09T23:59:59+01:00,0,1,262,265,466,791,503,1219,688,1871,946,1831,575,634,528,732,745,1744,186,209,387,620,394,897,512,1267,637,1070,264,224,183,210,89,254,12631,7403,1170,0,0,0,0,0,0
2021-02-08T23:59:59+01:00,0,1,262,265,464,791,503,1219,687,1871,946,1830,575,634,528,732,745,1744,186,203,383,606,383,871,487,1217,610,1000,233,182,147,157,71,194,12628,6930,1169,0,0,0,0,0,0
2021-02-07T23:59:59+01:00,0,1,262,265,464,791,503,1219,687,1871,946,1829,575,634,528,732,745,1743,185,203,381,602,381,866,482,1206,606,985,227,175,137,139,64,177,12626,6816,1169,0,0,0,0,0,0
2021-02-06T23:59:59+01:00,0,1,262,265,464,791,503,1219,687,1871,946,1829,575,634,526,727,655,1563,185,203,381,602,381,866,482,1206,606,985,227,175,137,139,64,177,12626,6816,892,0,0,0,0,0,0
2021-02-05T23:59:59+01:00,0,1,262,265,462,790,502,1217,684,1869,943,1826,570,630,518,713,338,1030,179,194,364,571,368,825,464,1166,587,952,208,160,117,127,59,174,12612,6515,8,0,0,0,0,0,0
2021-02-04T23:59:59+01:00,0,1,262,264,461,785,499,1216,683,1864,938,1825,569,630,517,712,338,1030,164,161,294,434,303,668,384,942,512,813,196,155,108,121,52,162,12586,5469,8,0,0,0,0,0,0
2021-02-03T23:59:59+01:00,0,1,261,264,461,783,499,1215,682,1862,938,1825,569,630,517,712,338,1030,160,153,249,352,254,581,324,841,460,726,188,150,103,119,51,161,12579,4872,8,0,0,0,0,0,0
2021-02-02T23:59:59+01:00,0,1,261,263,461,780,499,1215,682,1860,938,1823,569,630,517,712,338,1030,153,139,190,289,196,493,248,727,378,642,178,146,100,118,50,160,12571,4207,8,0,0,0,0,0,0
2021-02-01T23:59:59+01:00,0,1,261,263,459,779,497,1214,681,1856,935,1818,569,630,516,712,338,1030,147,133,152,252,167,435,203,649,321,567,173,135,91,107,44,153,12551,3729,8,0,0,0,0,0,0
2021-01-31T23:59:59+01:00,0,1,261,263,459,779,497,1214,681,1856,935,1818,569,630,516,712,338,1030,147,133,152,251,167,434,202,649,321,567,173,135,91,107,44,153,12551,3726,8,0,0,0,0,0,0
2021-01-30T23:59:59+01:00,0,1,261,263,459,779,497,1214,681,1856,931,1818,568,630,514,712,335,1030,134,122,135,234,156,405,191,608,302,519,150,124,79,78,35,113,12541,3385,8,0,0,0,0,0,0
2021-01-29T23:59:59+01:00,0,1,258,262,455,776,495,1204,678,1839,924,1798,564,624,508,706,330,1020,89,68,93,154,115,248,148,440,213,376,112,83,60,67,30,102,12435,2398,7,0,0,0,0,0,0
2021-01-28T23:59:59+01:00,0,0,258,262,454,776,494,1204,678,1838,924,1796,564,624,508,706,330,1020,10,7,13,23,24,48,24,94,49,105,37,33,34,49,24,94,12432,668,4,0,0,0,0,0,0
2021-01-27T23:59:59+01:00,0,0,256,262,454,775,494,1203,678,1837,922,1796,564,624,508,706,330,1020,10,7,13,23,23,48,24,92,48,105,37,33,34,49,24,94,12428,664,1,0,0,0,0,0,0
2021-01-26T23:59:59+01:00,0,0,256,262,453,774,494,1202,678,1837,922,1795,564,624,508,706,330,1020,10,7,13,23,23,48,24,92,48,105,37,33,34,49,24,94,12424,664,1,0,0,0,0,0,0
2021-01-25T23:59:59+01:00,0,0,256,262,451,774,494,1201,678,1835,922,1794,564,624,508,704,329,1020,6,1,5,13,11,23,15,39,23,46,18,16,11,16,7,22,12416,272,0,0,0,0,0,0,0
2021-01-24T23:59:59+01:00,0,0,256,261,451,774,493,1201,678,1834,922,1793,564,624,508,704,329,1020,6,1,5,13,11,23,15,39,23,46,18,16,11,16,7,22,12412,272,0,0,0,0,0,0,0
2021-01-23T23:59:59+01:00,0,0,256,261,451,774,493,1200,678,1834,922,1793,564,624,508,704,329,1020,6,1,5,13,11,23,15,39,23,46,18,16,11,16,7,22,12411,272,0,0,0,0,0,0,0
2021-01-22T23:59:59+01:00,0,0,254,259,450,774,492,1199,678,1833,922,1793,564,624,508,704,310,975,6,1,5,13,11,23,15,39,23,46,18,16,11,16,7,22,12339,272,0,0,0,0,0,0,0
2021-01-21T23:59:59+01:00,0,0,252,255,448,764,489,1191,675,1811,913,1776,555,615,488,679,295,937,6,1,5,13,11,22,15,39,23,46,18,16,11,16,7,22,12143,271,0,0,0,0,0,0,0
2021-01-20T23:59:59+01:00,0,0,251,253,444,759,487,1188,672,1803,909,1771,549,610,480,660,287,918,6,1,5,13,11,22,15,39,23,46,18,16,11,16,7,22,12041,271,0,0,0,0,0,0,0
2021-01-19T23:59:59+01:00,0,0,246,253,442,751,481,1173,669,1771,898,1729,537,593,467,641,274,878,6,1,5,13,11,22,15,39,23,46,18,16,11,16,7,22,11803,271,0,0,0,0,0,0,0
2021-01-18T23:59:59+01:00,0,0,242,249,439,739,475,1152,652,1734,872,1682,518,560,450,602,258,819,6,1,5,12,11,21,15,39,23,46,18,16,11,16,7,22,11443,269,0,0,0,0,0,0,0
2021-01-17T23:59:59+01:00,0,0,242,248,438,738,475,1151,649,1727,867,1670,504,551,436,582,243,794,6,1,4,12,11,21,15,39,23,46,18,15,11,16,7,22,11315,267,0,0,0,0,0,0,0
2021-01-16T23:59:59+01:00,0,0,234,240,433,718,462,1116,624,1640,821,1521,461,466,403,528,221,734,0,0,0,0,0,0,0,0,0,0,0,0,0,0,0,0,10622,0,0,0,0,0,0,0,0
2021-01-15T23:59:59+01:00,0,0,227,233,425,698,448,1064,604,1541,782,1407,412,408,350,457,200,621,0,0,0,0,0,0,0,0,0,0,0,0,0,0,0,0,9877,0,0,0,0,0,0,0,0
2021-01-14T23:59:59+01:00,0,0,205,220,405,654,426,1002,563,1424,714,1254,356,334,299,362,155,488,0,0,0,0,0,0,0,0,0,0,0,0,0,0,0,0,8861,0,0,0,0,0,0,0,0
2021-01-13T23:59:59+01:00,0,0,203,218,404,647,421,983,558,1403,700,1219,337,310,273,321,131,422,0,0,0,0,0,0,0,0,0,0,0,0,0,0,0,0,8550,0,0,0,0,0,0,0,0
2021-01-12T23:59:59+01:00,0,0,187,206,387,606,391,889,496,1249,621,1029,238,193,163,164,77,207,0,0,0,0,0,0,0,0,0,0,0,0,0,0,0,0,7103,0,0,0,0,0,0,0,0
2021-01-11T23:59:59+01:00,0,0,183,200,383,594,375,861,476,1202,601,974,218,163,130,117,55,150,0,0,0,0,0,0,0,0,0,0,0,0,0,0,0,0,6682,0,0,0,0,0,0,0,0
2021-01-10T23:59:59+01:00,0,0,182,196,371,580,371,848,467,1182,588,955,214,163,126,117,53,148,0,0,0,0,0,0,0,0,0,0,0,0,0,0,0,0,6561,0,0,0,0,0,0,0,0
2021-01-09T23:59:59+01:00,0,0,162,163,325,500,330,731,407,1001,497,805,151,109,78,73,37,109,0,0,0,0,0,0,0,0,0,0,0,0,0,0,0,0,5478,0,0,0,0,0,0,0,0
2021-01-08T23:59:59+01:00,0,0,95,76,228,349,243,438,293,669,340,510,82,68,54,58,28,97,0,0,0,0,0,0,0,0,0,0,0,0,0,0,0,0,3628,0,0,0,0,0,0,0,0
2021-01-07T23:59:59+01:00,0,0,12,10,54,97,72,127,93,194,122,179,44,36,37,50,25,97,0,0,0,0,0,0,0,0,0,0,0,0,0,0,0,0,1249,0,0,0,0,0,0,0,0
2021-01-06T23:59:59+01:00,0,0,8,4,9,23,17,49,24,90,53,108,38,33,36,50,25,97,0,0,0,0,0,0,0,0,0,0,0,0,0,0,0,0,664,0,0,0,0,0,0,0,0
2021-01-05T23:59:59+01:00,0,0,8,4,9,23,17,48,23,90,51,108,38,33,35,50,25,97,0,0,0,0,0,0,0,0,0,0,0,0,0,0,0,0,659,0,0,0,0,0,0,0,0
2021-01-04T23:59:59+01:00,0,0,6,1,5,13,11,25,15,41,23,48,19,16,12,16,7,23,0,0,0,0,0,0,0,0,0,0,0,0,0,0,0,0,281,0,0,0,0,0,0,0,0
2021-01-03T23:59:59+01:00,0,0,6,1,5,13,11,25,15,41,23,48,19,16,12,16,7,23,0,0,0,0,0,0,0,0,0,0,0,0,0,0,0,0,281,0,0,0,0,0,0,0,0
2021-01-02T23:59:59+01:00,0,0,6,1,5,13,11,25,15,41,23,48,19,16,12,16,7,23,0,0,0,0,0,0,0,0,0,0,0,0,0,0,0,0,281,0,0,0,0,0,0,0,0
2021-01-01T23:59:59+01:00,0,0,6,1,5,13,11,24,15,41,23,48,19,16,12,16,7,23,0,0,0,0,0,0,0,0,0,0,0,0,0,0,0,0,280,0,0,0,0,0,0,0,0
2020-12-31T23:59:59+01:00,0,0,6,1,5,13,11,24,15,41,23,48,19,16,12,16,7,23,0,0,0,0,0,0,0,0,0,0,0,0,0,0,0,0,280,0,0,0,0,0,0,0,0
2020-12-30T23:59:59+01:00,0,0,6,1,5,13,11,24,15,41,23,48,19,16,12,16,7,23,0,0,0,0,0,0,0,0,0,0,0,0,0,0,0,0,280,0,0,0,0,0,0,0,0
2020-12-29T23:59:59+01:00,0,0,6,1,5,13,11,23,15,41,23,48,19,16,12,16,7,23,0,0,0,0,0,0,0,0,0,0,0,0,0,0,0,0,279,0,0,0,0,0,0,0,0
2020-12-28T23:59:59+01:00,0,0,6,1,5,13,11,23,15,41,23,48,19,16,12,16,7,23,0,0,0,0,0,0,0,0,0,0,0,0,0,0,0,0,279,0,0,0,0,0,0,0,0
2020-12-27T23:59:59+01:00,0,0,6,1,4,12,11,23,15,41,23,48,19,15,12,16,7,23,0,0,0,0,0,0,0,0,0,0,0,0,0,0,0,0,276,0,0,0,0,0,0,0,0
