Datum,<15_m,<15_w,15-24_1_m,15-24_1_w,25-34_1_m,25-34_1_w,35-44_1_m,35-44_1_w,45-54_1_m,45-54_1_w,55-64_1_m,55-64_1_w,65-74_1_m,65-74_1_w,75-84_1_m,75-84_1_w,>84_1_m,>84_1_w,<24_2_m,<24_2_w,25-34_2_m,25-34_2_w,35-44_2_m,35-44_2_w,45-54_2_m,45-54_2_w,55-64_2_m,55-64_2_w,65-74_2_m,65-74_2_w,75-84_2_m,75-84_2_w,>84_2_m,>84_2_w,bp_1,bp_2,mo_1,mo_2,az_1,az_2,ja,unb_1,unb_2
2021-07-25T23:59:59+02:00,1098,1015,11551,10821,14767,13391,16843,16622,20208,20271,21834,20892,14175,15325,9778,11995,2904,5104,10223,9577,13632,12243,15679,15452,19568,19569,21389,20408,13941,15060,9647,11811,2862,5030,164459,157469,22359,19564,35518,34466,6256,2,2
2021-07-24T23:59:59+02:00,1098,1015,11549,10820,14767,13391,16843,16622,20207,20271,21834,20892,14174,15325,9778,11995,2904,5104,10217,9573,13627,12239,15679,15451,19567,19568,21389,20407,13941,15060,9646,11811,2862,5030,164456,157447,22358,19563,35518,34466,6255,2,2
2021-07-23T23:59:59+02:00,1096,1013,11533,10809,14757,13381,16838,16610,20204,20264,21831,20884,14172,15324,9776,11993,2904,5104,8519,8224,12307,11175,15238,15045,19320,19288,21218,20242,13878,14990,9595,11767,2859,5028,164363,149947,22358,19563,35518,34457,6252,2,2
2021-07-22T23:59:59+02:00,1074,1006,11465,10739,14701,13334,16803,16586,20187,20235,21817,20861,14159,15313,9766,11987,2902,5103,7994,7749,11699,10675,14537,14448,19127,19121,21067,20070,13812,14909,9571,11723,2850,5018,164014,145587,22357,19563,35518,34448,6147,2,2
2021-07-21T23:59:59+02:00,1062,997,11420,10690,14666,13303,16774,16558,20171,20218,21801,20850,14147,15308,9764,11979,2900,5101,7991,7742,11687,10667,14532,14446,19121,19120,21013,20033,13809,14907,9571,11722,2849,5016,163689,145556,22357,19556,35518,34346,6143,2,2
2021-07-20T23:59:59+02:00,1049,982,11368,10649,14636,13276,16742,16540,20148,20197,21777,20833,14137,15296,9762,11973,2899,5100,7980,7736,11674,10661,14526,14439,19113,19116,21006,20030,13808,14905,9571,11722,2849,5016,163382,145528,22357,19556,35518,34338,6105,2,2
2021-07-19T23:59:59+02:00,1036,966,11319,10600,14609,13242,16722,16521,20129,20178,21764,20825,14131,15292,9758,11964,2897,5096,7975,7733,11668,10657,14522,14438,19111,19116,20992,20015,13806,14904,9570,11720,2849,5016,163069,145503,22357,19554,35518,34307,6103,2,2
2021-07-18T23:59:59+02:00,1036,966,11317,10600,14609,13240,16721,16521,20129,20177,21764,20825,14130,15292,9758,11964,2897,5096,7972,7731,11659,10652,14518,14435,19110,19116,20981,20010,13806,14904,9570,11720,2849,5016,163063,145479,22356,19553,35518,34289,6103,2,2
2021-07-17T23:59:59+02:00,1034,966,11272,10573,14553,13196,16685,16491,20094,20163,21739,20801,14119,15279,9755,11961,2897,5095,7897,7673,11517,10525,14326,14269,18688,18797,20784,19835,13778,14863,9555,11697,2846,5010,163037,145475,22347,17902,35518,34289,5769,2,2
2021-07-16T23:59:59+02:00,1014,950,11081,10433,14455,13098,16587,16416,20020,20098,21687,20753,14092,15255,9738,11954,2893,5090,7622,7471,10591,9893,13862,13961,18462,18605,19927,19179,13612,14654,9446,11565,2830,4986,162723,142050,21818,17892,35518,32510,5553,2,2
2021-07-15T23:59:59+02:00,990,934,11024,10372,14420,13067,16563,16396,20006,20081,21678,20744,14088,15251,9734,11950,2893,5086,7191,7104,8392,8179,13407,13571,18400,18548,19787,19044,13479,14512,9394,11503,2829,4976,162393,135733,21817,17889,35518,32474,5547,2,2
2021-07-14T23:59:59+02:00,965,916,10949,10287,14351,13008,16526,16352,19971,20047,21654,20723,14076,15239,9722,11936,2889,5085,6642,6656,7310,7325,12835,13122,18302,18454,19681,18956,13449,14475,9377,11487,2827,4973,161913,131374,21817,17885,35518,32410,5446,2,2
2021-07-13T23:59:59+02:00,947,895,10868,10215,14306,12965,16499,16323,19948,20026,21643,20710,14069,15229,9719,11929,2887,5083,6390,6368,6862,6944,12531,12855,18287,18434,19636,18920,13336,14366,9374,11483,2827,4970,161485,131343,21814,15636,35518,32406,5442,2,2
2021-07-12T23:59:59+02:00,927,883,10815,10166,14261,12920,16457,16294,19932,20013,21637,20704,14066,15224,9715,11925,2887,5081,6248,6272,6701,6824,12241,12614,17602,17872,19539,18841,13302,14341,9357,11461,2827,4967,161189,128819,21814,15632,35518,32403,5384,2,2
2021-07-11T23:59:59+02:00,927,883,10815,10164,14259,12919,16456,16294,19932,20013,21637,20704,14066,15224,9715,11925,2887,5081,6243,6268,6699,6821,12240,12614,17602,17872,19538,18841,13302,14341,9357,11460,2826,4965,161187,128809,21814,15632,35518,32397,5380,2,2
2021-07-10T23:59:59+02:00,924,878,10808,10152,14252,12914,16448,16294,19930,20007,21632,20699,14066,15223,9715,11925,2887,5081,6234,6260,6690,6816,12238,12611,17601,17868,19533,18838,13301,14341,9357,11460,2826,4965,161124,128761,21814,15632,35518,32397,5377,2,2
2021-07-09T23:59:59+02:00,910,862,10758,10109,14218,12886,16414,16265,19896,19984,21604,20677,14047,15208,9700,11917,2886,5078,5426,5524,6558,6716,12080,12507,17371,17763,19328,18704,13238,14268,9331,11441,2823,4962,160941,125855,21814,15632,35518,31448,5144,2,2
2021-07-08T23:59:59+02:00,908,862,10697,10064,14132,12832,16351,16215,19844,19938,21575,20653,14033,15191,9694,11904,2885,5072,5293,5409,6340,6541,11644,12164,16861,17394,19068,18519,13174,14184,9305,11405,2817,4950,160924,123928,21813,15629,35517,30942,4594,2,2
2021-07-07T23:59:59+02:00,907,862,10695,10058,14129,12829,16350,16215,19844,19936,21575,20653,14033,15191,9694,11904,2885,5072,5149,5226,5873,6129,10446,11182,16808,17328,19014,18474,13157,14162,9296,11402,2813,4940,160915,120264,21809,15628,35517,30939,4589,2,2
2021-07-06T23:59:59+02:00,907,862,10693,10057,14127,12827,16349,16215,19844,19936,21575,20652,14033,15190,9694,11904,2885,5072,5130,5220,5866,6124,10445,11180,16806,17328,19012,18474,13157,14160,9296,11402,2813,4940,160912,120242,21807,15625,35517,30923,4584,2,2
2021-07-05T23:59:59+02:00,907,862,10687,10053,14110,12824,16339,16213,19843,19936,21573,20652,14033,15190,9694,11904,2885,5072,5121,5219,5847,6121,10434,11178,16803,17328,19010,18473,13157,14160,9296,11402,2813,4940,160905,120238,21807,15623,35517,30916,4546,2,2
2021-07-04T23:59:59+02:00,907,862,10677,10043,14108,12820,16338,16213,19842,19936,21572,20651,14033,15190,9694,11903,2884,5071,5088,5176,5761,6044,10307,11064,16796,17325,19009,18470,13153,14158,9294,11397,2810,4938,160898,119761,21807,15622,35517,30908,4520,2,2
2021-07-03T23:59:59+02:00,826,793,8743,8489,12661,11669,15872,15759,19561,19638,21404,20486,13959,15114,9640,11857,2878,5067,4979,5044,5487,5789,10071,10850,16652,17185,18818,18318,13128,14124,9284,11387,2808,4936,152584,118207,21807,15622,35517,30538,4506,2,2
2021-07-02T23:59:59+02:00,826,791,8742,8484,12657,11666,15870,15758,19559,19638,21402,20486,13958,15114,9639,11856,2877,5066,4118,4176,4843,5141,9105,9861,16282,16708,18337,17780,12778,13803,9225,11312,2806,4928,152569,113684,21807,15622,35514,27411,4497,2,2
2021-07-01T23:59:59+02:00,806,771,8533,8315,12576,11587,15837,15729,19548,19624,21392,20468,13954,15111,9634,11848,2874,5060,2282,2455,4412,4767,8615,9435,15653,16166,17787,17345,12721,13737,9195,11256,2792,4898,151875,106056,21807,15620,35514,27371,4469,2,2
2021-06-30T23:59:59+02:00,751,721,8290,8128,12407,11440,15723,15633,19481,19556,21352,20421,13935,15085,9621,11835,2873,5055,2223,2416,4322,4648,8510,9335,15455,16028,17055,16845,12069,13094,9136,11187,2785,4892,150533,105995,21804,15619,35513,23930,4455,2,2
2021-06-29T23:59:59+02:00,751,721,8287,8119,12405,11436,15720,15633,19479,19556,21352,20421,13935,15085,9621,11835,2873,5055,2201,2404,4299,4610,8487,9290,15420,15969,16979,16760,11714,12756,9108,11153,2782,4884,150525,105983,21801,15617,35512,22771,4444,2,2
2021-06-28T23:59:59+02:00,751,721,8284,8115,12398,11431,15718,15633,19478,19556,21352,20421,13934,15085,9621,11835,2873,5055,2193,2375,4251,4492,8412,9130,15299,15691,16811,16488,11408,12455,9085,11126,2781,4880,150509,105973,21801,15617,35512,20849,4437,2,2
2021-06-27T23:59:59+02:00,751,721,8281,8110,12394,11428,15716,15633,19478,19556,21352,20421,13934,15085,9621,11834,2873,5055,2183,2371,4242,4490,8230,8977,15279,15675,16809,16483,11404,12454,9084,11124,2781,4880,150501,105576,21800,15616,35512,20845,4428,2,2
2021-06-26T23:59:59+02:00,743,717,8067,7895,11922,11021,14613,14646,19227,19359,21249,20299,13891,15034,9609,11805,2870,5052,2143,2328,4188,4435,8132,8867,15017,15417,16747,16436,11387,12435,9072,11119,2781,4878,148036,104514,20042,15594,35511,20845,4428,2,2
2021-06-25T23:59:59+02:00,724,699,8040,7872,11907,11011,14613,14640,19220,19354,21245,20298,13891,15034,9608,11803,2870,5052,2013,2150,3900,4130,6608,7433,12364,13228,16672,16348,11360,12405,9061,11095,2776,4863,147898,95652,20042,15512,35511,20812,4428,2,2
2021-06-24T23:59:59+02:00,712,682,7554,7461,10833,10119,14080,14205,19149,19295,21198,20255,13869,15006,9595,11790,2869,5049,1944,2082,3540,3791,5847,6765,12122,13021,16426,16141,11256,12278,8971,10968,2765,4829,143754,94420,20038,13143,35510,20764,4417,2,2
2021-06-23T23:59:59+02:00,712,682,7552,7457,10827,10118,14079,14204,19149,19294,21198,20254,13869,15006,9595,11790,2869,5049,1800,1913,3054,3389,4492,5590,11818,12752,16306,16023,11210,12239,8958,10941,2764,4822,143741,89774,20036,13143,35509,20736,4416,2,2
2021-06-22T23:59:59+02:00,712,682,7504,7428,10754,10068,14056,14178,19133,19279,21187,20246,13862,14997,9592,11787,2869,5049,1750,1882,2972,3335,4454,5557,11790,12713,16238,15972,11001,12048,8707,10640,2754,4791,143727,89755,20036,13139,35509,19599,4109,2,2
2021-06-21T23:59:59+02:00,710,682,7373,7359,10626,9972,13776,13930,18391,18665,21097,20169,13827,14965,9573,11762,2869,5046,1705,1857,2929,3297,4426,5527,11744,12678,16221,15956,10992,12038,8700,10632,2753,4790,141359,89631,20034,13138,35509,19586,3888,2,2
2021-06-20T23:59:59+02:00,710,682,7373,7355,10622,9968,13776,13930,18391,18665,21097,20169,13827,14965,9573,11762,2869,5046,1677,1828,2883,3282,4361,5488,11682,12645,16159,15897,10973,12022,8697,10623,2749,4786,141348,89153,20033,13134,35509,19575,3888,2,2
2021-06-19T23:59:59+02:00,710,681,7336,7318,10516,9877,13594,13773,17977,18329,20912,19996,13809,14938,9561,11742,2866,5040,1646,1793,2842,3233,4281,5414,11346,12355,16121,15859,10964,12010,8695,10618,2747,4784,141303,88139,18273,13105,35509,19574,3888,2,2
2021-06-18T23:59:59+02:00,15,12,6531,6585,10510,9876,13593,13771,17975,18327,20912,19996,13809,14937,9561,11741,2865,5038,1514,1681,2606,3077,3650,4782,10206,11212,15910,15703,10922,11970,8672,10596,2733,4756,138391,83485,18272,13103,35509,19520,3880,2,2
2021-06-17T23:59:59+02:00,13,11,6460,6516,10393,9772,13269,13466,17588,18008,20799,19899,13790,14899,9549,11727,2857,5032,1433,1563,2454,2928,3297,4445,8609,9851,15397,15270,10747,11790,8616,10518,2716,4728,136500,78026,18272,13099,35508,19469,3766,2,2
2021-06-16T23:59:59+02:00,13,11,6453,6512,10382,9769,13267,13464,17587,18007,20798,19899,13790,14899,9548,11726,2857,5032,1383,1515,2352,2854,3113,4266,7524,8910,14899,14882,10664,11679,8580,10470,2705,4712,136472,74202,18270,13097,35508,19445,3762,2,2
2021-06-15T23:59:59+02:00,13,11,6422,6494,10342,9741,13237,13449,17567,17985,20784,19886,13781,14891,9545,11720,2854,5029,1303,1457,2225,2752,2997,4181,6612,8178,14698,14715,10640,11650,8568,10448,2696,4705,136460,74192,18269,10694,35508,19425,3512,2,2
2021-06-14T23:59:59+02:00,13,11,6403,6477,10308,9716,13217,13429,17552,17967,20765,19876,13771,14882,9542,11719,2854,5025,1277,1442,2188,2725,2975,4160,6596,8158,14677,14705,10629,11641,8565,10447,2696,4701,136448,74182,18269,10694,35508,19404,3300,2,2
2021-06-13T23:59:59+02:00,13,11,6402,6477,10304,9714,13216,13427,17552,17967,20765,19876,13770,14882,9542,11719,2854,5025,1273,1436,2185,2716,2965,4150,6579,8141,14576,14640,10616,11618,8559,10435,2693,4701,136439,73890,18269,10694,35508,19399,3298,2,2
2021-06-12T23:59:59+02:00,10,9,5612,5705,10257,9678,13183,13403,17525,17946,20739,19845,13688,14810,9542,11716,2853,5025,1264,1417,2174,2699,2944,4123,6505,8059,14403,14503,10388,11334,8078,9897,2691,4700,134469,73387,18269,10694,35508,17799,3298,2,1
2021-06-11T23:59:59+02:00,9,9,5608,5698,10247,9671,13169,13391,17518,17942,20735,19843,13688,14809,9542,11714,2853,5025,1189,1333,2054,2539,2772,3868,5008,6728,12696,13123,10248,11186,7991,9791,2684,4684,134396,66114,18269,10693,35508,17790,3296,2,1
2021-06-10T23:59:59+02:00,3,3,4608,4743,10080,9543,13058,13309,17262,17707,20496,19664,13679,14798,9536,11704,2850,5022,1132,1272,1940,2433,2612,3691,4402,6091,11532,12135,9948,10862,7907,9706,2672,4659,131068,61296,18268,10693,35508,17785,3219,2,1
2021-06-09T23:59:59+02:00,3,3,4015,4134,9874,9395,12971,13236,16953,17442,20268,19482,13664,14785,9531,11698,2849,5017,1058,1228,1840,2364,2520,3578,4076,5784,11107,11810,9821,10703,7861,9640,2661,4650,128699,61222,18253,8840,35508,17780,2858,2,1
2021-06-08T23:59:59+02:00,3,3,4003,4127,9862,9386,12959,13229,16946,17433,20260,19480,13662,14782,9530,11695,2848,5015,1012,1220,1818,2349,2493,3564,4051,5764,11096,11807,9818,10698,7860,9638,2660,4647,128685,61105,18250,8835,35507,17775,2779,2,1
2021-06-07T23:59:59+02:00,3,3,3989,4119,9829,9373,12949,13211,16923,17422,20244,19469,13659,14778,9527,11691,2846,5013,1001,1213,1785,2338,2484,3545,4027,5751,11078,11793,9815,10693,7857,9635,2658,4645,128673,61096,18248,8832,35506,17770,2619,2,1
2021-06-06T23:59:59+02:00,3,3,3984,4115,9824,9369,12948,13211,16922,17421,20243,19469,13658,14777,9527,11691,2846,5013,998,1210,1774,2336,2478,3536,4015,5744,10952,11650,9804,10686,7856,9635,2658,4645,128661,60775,18248,8831,35505,17762,2608,2,1
2021-06-05T23:59:59+02:00,2,0,3690,3814,7333,7365,12710,13026,16893,17392,20199,19429,13542,14632,9452,11600,2842,5001,921,1138,1609,2235,2313,3457,3789,5604,10056,10809,9421,10231,7745,9480,2650,4625,122690,57500,18248,8831,35505,17274,2477,2,1
2021-06-04T23:59:59+02:00,2,0,3624,3759,7181,7249,12242,12632,16753,17280,19966,19194,13423,14486,9395,11521,2828,4984,894,1072,1578,2130,2274,3290,3713,5346,9416,10132,8576,9213,7469,9075,2646,4614,120293,56028,18248,8829,35505,14109,2471,2,1
2021-06-03T23:59:59+02:00,2,0,3211,3365,7154,7233,12116,12514,16722,17239,19880,19128,13411,14469,9393,11518,2827,4983,865,1005,1532,2006,2195,3090,3523,4964,8839,9512,7815,8341,6997,8459,2643,4606,119054,54397,18246,8828,35501,10804,2362,2,1
2021-06-02T23:59:59+02:00,0,0,2823,3048,6017,6315,11812,12281,16663,17188,19757,19023,13350,14415,9371,11497,2825,4975,849,971,1468,1983,2082,3052,3352,4862,7478,8430,7735,8262,6981,8431,2640,4601,115360,51294,18245,8828,35501,10802,2252,2,1
2021-06-01T23:59:59+02:00,0,0,2536,2736,5543,5890,11495,11999,16639,17165,19706,18986,13227,14292,9364,11493,2824,4972,832,964,1453,1974,2064,3039,3326,4842,7181,8105,7698,8228,6971,8417,2638,4601,115341,50616,15906,8808,35501,10791,2117,2,1
2021-05-31T23:59:59+02:00,0,0,2521,2733,5524,5881,11467,11978,16605,17154,19666,18964,13224,14288,9360,11491,2824,4970,816,957,1435,1964,2031,3019,3290,4828,7140,8084,7695,8223,6967,8415,2638,4599,115334,50605,15902,8802,35501,10782,1911,2,1
2021-05-30T23:59:59+02:00,0,0,2517,2731,5522,5877,11467,11977,16602,17153,19664,18963,13224,14288,9360,11491,2824,4970,815,953,1430,1961,2031,3017,3288,4826,7139,8084,7695,8223,6967,8415,2638,4599,115318,50599,15902,8802,35498,10769,1910,2,1
2021-05-29T23:59:59+02:00,0,0,2501,2717,5356,5723,11400,11918,16594,17147,19656,18962,13223,14286,9358,11491,2824,4970,778,904,1319,1866,1754,2764,2884,4403,6854,7812,7511,7998,6791,8187,2635,4593,114814,49953,15902,8802,35498,8387,1910,2,1
2021-05-28T23:59:59+02:00,0,0,2367,2587,4931,5333,10726,11307,16527,17085,19630,18934,13214,14272,9339,11462,2822,4961,757,881,1260,1812,1664,2692,2751,4298,5274,6120,7348,7802,6749,8131,2632,4583,112189,45666,15902,8802,35498,8379,1906,2,1
2021-05-27T23:59:59+02:00,0,0,2347,2566,4881,5267,10064,10737,16487,17053,19616,18922,13204,14262,9337,11460,2822,4961,703,786,1156,1740,1453,2550,2378,3991,4394,5210,7112,7495,6658,8014,2615,4564,110806,41880,15899,8797,35496,8358,1783,2,1
2021-05-26T23:59:59+02:00,0,0,2309,2504,4708,5087,9629,10372,16435,16999,19548,18868,13190,14243,9327,11458,2818,4948,688,744,1109,1708,1364,2470,2169,3820,4265,5072,6948,7282,6578,7915,2603,4550,109387,40481,15897,8796,35496,8346,1661,2,1
2021-05-25T23:59:59+02:00,0,0,2306,2497,4678,5070,9604,10346,16410,16981,19535,18862,13185,14241,9324,11455,2818,4948,681,730,1062,1690,1312,2425,2099,3760,3726,4495,6646,6939,6544,7878,2602,4548,109383,40473,15895,6842,35496,8337,1484,2,1
2021-05-24T23:59:59+02:00,0,0,2297,2490,4666,5065,9596,10341,16384,16961,19509,18838,13175,14230,9321,11445,2817,4944,672,725,1050,1683,1302,2418,2074,3740,3700,4470,6635,6928,6541,7868,2601,4544,109378,40466,15895,6842,35496,8334,1308,2,1
2021-05-23T23:59:59+02:00,0,0,2281,2458,4578,4992,9462,10219,16381,16960,19509,18837,13173,14228,9318,11441,2815,4943,671,722,1048,1683,1302,2418,2074,3740,3700,4469,6634,6928,6541,7868,2601,4544,108895,40461,15895,6841,35495,8332,1308,2,1
2021-05-22T23:59:59+02:00,0,0,2261,2439,4569,4975,9382,10137,16358,16946,19457,18793,13145,14197,9315,11435,2815,4942,670,720,1047,1680,1299,2415,2071,3735,3684,4456,5803,6030,6469,7787,2593,4539,108466,38516,15895,6841,35495,8332,1308,2,1
2021-05-21T23:59:59+02:00,0,0,2226,2406,4461,4889,9186,9962,16330,16913,19442,18786,13135,14188,9313,11433,2810,4931,658,693,1010,1614,1249,2292,1985,3555,3340,4021,4041,3925,6426,7721,2588,4524,107727,34513,15895,6841,35492,6992,1295,2,1
2021-05-20T23:59:59+02:00,0,0,2197,2366,4378,4828,8965,9733,16280,16860,19389,18734,13104,14153,9296,11416,2809,4927,603,586,885,1301,1077,1887,1762,3019,2780,3340,3205,2972,6381,7671,2584,4519,106872,32683,15892,6840,35483,3862,1186,2,1
2021-05-19T23:59:59+02:00,0,0,2036,2190,3880,4404,7582,8540,16006,16612,19267,18609,13056,14105,9286,11390,2807,4924,588,549,847,1247,1048,1836,1736,2966,2730,3296,3197,2959,6377,7668,2584,4518,102239,32659,15890,6838,35482,3567,1081,2,1
2021-05-18T23:59:59+02:00,0,0,1988,2137,3574,4116,6925,7944,15859,16497,19183,18526,13023,14072,9230,11316,2801,4910,582,545,841,1245,1040,1828,1706,2950,2721,3278,3192,2954,6373,7664,2584,4518,102219,32655,13431,6833,35478,3561,971,2,1
2021-05-17T23:59:59+02:00,0,0,1980,2129,3554,4102,6881,7920,15831,16479,19161,18507,13013,14049,9229,11315,2801,4910,574,538,822,1230,998,1804,1678,2932,2697,3257,3181,2933,6373,7663,2584,4518,102212,32650,13428,6833,35478,3557,741,2,1
2021-05-16T23:59:59+02:00,0,0,1975,2126,3547,4098,6695,7756,15810,16460,19157,18502,13008,14048,9228,11314,2801,4910,574,538,822,1229,997,1803,1678,2932,2695,3257,3181,2933,6373,7663,2584,4518,101792,32648,13427,6833,35474,3555,740,2,1
2021-05-15T23:59:59+02:00,0,0,1947,2090,3509,4060,6609,7652,15541,16192,19101,18460,12989,14029,9219,11309,2801,4908,574,538,822,1228,997,1803,1676,2931,2695,3257,3180,2933,6372,7663,2584,4518,100773,32644,13427,6833,35474,3553,740,2,1
2021-05-14T23:59:59+02:00,0,0,1838,1945,3263,3809,5017,6174,12893,14000,19037,18374,12965,13999,9213,11296,2798,4902,574,537,819,1228,997,1803,1675,2930,2689,3255,3175,2927,6369,7661,2584,4517,91894,32626,13427,6832,35472,3553,728,2,1
2021-05-13T23:59:59+02:00,0,0,1812,1897,3222,3758,4905,6073,12688,13816,18877,18247,12889,13904,9177,11243,2798,4901,568,534,812,1219,987,1791,1656,2911,2582,3162,2514,2122,4917,5860,2575,4498,90679,29614,13330,4815,35470,3552,726,2,1
2021-05-12T23:59:59+02:00,0,0,1812,1897,3221,3758,4905,6073,12688,13816,18876,18247,12889,13904,9177,11243,2798,4901,568,534,812,1219,987,1791,1656,2910,2579,3160,2514,2122,4917,5858,2575,4498,90678,29611,13330,4810,35469,3552,726,2,1
2021-05-11T23:59:59+02:00,0,0,1768,1852,3129,3683,4817,6007,11765,13087,18682,18088,12875,13883,9170,11229,2792,4897,567,532,809,1214,986,1790,1655,2910,2571,3156,2513,2121,4915,5857,2574,4498,90666,29605,10877,4798,35461,3546,718,2,1
2021-05-10T23:59:59+02:00,0,0,1752,1849,3123,3680,4811,6003,11764,13086,18681,18088,12875,13883,9170,11229,2792,4897,566,531,809,1214,986,1790,1654,2910,2571,3156,2512,2120,4915,5857,2574,4498,90653,29604,10874,4798,35436,3542,718,2,1
2021-05-09T23:59:59+02:00,0,0,1716,1802,3071,3665,4741,5968,11697,13065,18618,18029,12855,13864,9167,11220,2790,4895,564,528,801,1213,978,1784,1641,2907,2567,3155,2512,2118,4914,5856,2574,4497,90184,29600,10871,4797,35429,3534,677,2,1
2021-05-08T23:59:59+02:00,0,0,1683,1768,3035,3615,4664,5895,11360,12763,18585,17995,12848,13856,9166,11218,2788,4895,552,527,794,1213,967,1784,1633,2907,2551,3144,2511,2118,4914,5855,2573,4496,89155,29596,10871,4797,35429,3468,677,2,1
2021-05-07T23:59:59+02:00,0,0,1539,1645,2787,3443,3990,5231,10154,11573,18385,17844,12809,13821,9146,11201,2780,4888,455,378,671,983,821,1465,1488,2492,2382,2787,2502,2109,4910,5851,2570,4493,84390,29591,10870,4797,35417,1411,557,2,1
2021-05-06T23:59:59+02:00,0,0,1476,1476,2653,3312,3663,4922,8456,10091,17871,17419,12641,13653,9099,11129,2777,4880,333,319,567,881,685,1376,1241,2278,2168,2592,2450,2077,4908,5844,2570,4492,78867,29571,10869,4796,35400,33,380,2,1
2021-05-05T23:59:59+02:00,0,0,1422,1401,2566,3240,3488,4747,7307,9074,17364,17019,12553,13540,9067,11083,2768,4865,333,319,565,880,684,1374,1195,2226,2157,2585,2446,2075,4908,5840,2570,4488,74991,29562,10865,4795,35391,32,255,2,1
2021-05-04T23:59:59+02:00,0,0,1411,1399,2559,3234,3486,4747,7305,9073,17363,17019,12553,13540,9067,11083,2768,4865,333,318,565,879,682,1374,1195,2226,2157,2585,2445,2075,4908,5840,2570,4487,74984,29559,10854,4795,35378,30,254,2,1
2021-05-03T23:59:59+02:00,0,0,1409,1393,2551,3229,3483,4741,7226,9013,17349,17011,12549,13538,9067,11083,2767,4864,330,312,561,875,677,1369,1116,2166,2143,2577,2441,2073,4908,5840,2569,4486,74975,29557,10854,4795,35378,26,64,2,1
2021-05-02T23:59:59+02:00,0,0,1401,1389,2548,3223,3470,4732,7206,8993,17243,16943,12536,13513,9061,11072,2764,4864,328,311,561,875,677,1369,1116,2165,2141,2577,2441,2073,4907,5838,2569,4486,74665,29552,10853,4794,35377,26,61,2,1
2021-05-01T23:59:59+02:00,0,0,1397,1383,2539,3213,3461,4714,7147,8932,17099,16826,12511,13490,9049,11066,2764,4864,328,311,561,875,677,1369,1116,2165,2141,2577,2441,2073,4905,5838,2568,4484,74162,29547,10853,4794,35377,26,61,2,1
2021-04-30T23:59:59+02:00,0,0,1327,1303,2418,3043,3292,4440,5599,7534,15356,15394,12368,13330,8954,10949,2749,4831,328,311,560,874,676,1369,1113,2163,2138,2575,2440,2064,4892,5829,2560,4466,66647,29530,10853,4793,35377,26,8,2,1
2021-04-29T23:59:59+02:00,0,0,1273,1265,2316,2933,3159,4270,4991,6885,14182,14371,12059,13002,8863,10867,2735,4803,326,310,560,873,676,1368,1112,2163,2136,2573,2438,2060,4891,5826,2559,4464,61737,29510,10853,4790,35374,26,8,2,1
2021-04-28T23:59:59+02:00,0,0,1210,1248,2254,2896,3094,4189,4682,6593,13767,14055,11945,12855,8822,10808,2727,4797,325,310,557,871,673,1368,1110,2162,2135,2566,2435,2058,4888,5822,2556,4461,61620,29506,8945,4764,35374,25,1,2,1
2021-04-27T23:59:59+02:00,0,0,1190,1246,2249,2895,3090,4188,4680,6593,13766,14054,11944,12854,8822,10808,2727,4797,325,310,557,871,672,1366,1110,2162,2134,2566,2435,2056,4888,5822,2556,4461,61588,29504,8940,4760,35372,25,1,2,1
2021-04-26T23:59:59+02:00,0,0,1190,1244,2247,2894,3088,4188,4666,6579,13726,14023,11941,12851,8822,10807,2727,4796,325,310,557,871,672,1366,1110,2162,2132,2565,2435,2056,4888,5822,2556,4461,61580,29503,8936,4759,35270,24,1,2,1
2021-04-25T23:59:59+02:00,0,0,1189,1244,2241,2894,3085,4181,4654,6572,13588,13869,11931,12845,8821,10806,2727,4796,325,310,556,871,671,1365,1108,2160,2132,2565,2435,2056,4888,5822,2556,4461,61255,29499,8933,4756,35252,24,1,2,1
2021-04-24T23:59:59+02:00,0,0,1123,1198,2103,2805,2946,4125,4443,6457,12726,13066,11654,12516,8755,10702,2720,4783,325,310,556,871,670,1364,1108,2160,2132,2564,2434,2056,4884,5821,2556,4461,57935,29492,8932,4756,35252,22,1,2,1
2021-04-23T23:59:59+02:00,0,0,1024,1178,1888,2778,2786,4092,4329,6346,11387,12011,11599,12454,8731,10655,2718,4780,324,310,556,871,669,1364,1107,2160,2130,2564,2433,2056,4883,5816,2556,4460,56459,29486,8932,4755,33363,17,0,2,1
2021-04-22T23:59:59+02:00,0,0,1014,1169,1861,2765,2724,4067,4152,6227,10769,11494,11511,12368,8701,10608,2715,4775,323,309,556,871,669,1363,1105,2160,2129,2564,2433,2054,4881,5814,2556,4460,54764,29479,8931,4750,33223,17,0,2,1
2021-04-21T23:59:59+02:00,0,0,999,1155,1786,2741,2604,4032,4006,6153,9278,10334,11436,12301,8689,10584,2712,4772,322,309,555,871,668,1363,1104,2160,2128,2564,2429,2050,4878,5812,2555,4458,51602,29461,8930,4747,33048,17,0,2,1
2021-04-20T23:59:59+02:00,0,0,999,1154,1785,2740,2601,4029,4002,6152,8982,10011,11409,12277,8685,10575,2712,4771,322,309,555,871,668,1363,1104,2159,2127,2563,2429,2049,4876,5811,2555,4458,50908,29457,8927,4744,33047,17,0,2,1
2021-04-19T23:59:59+02:00,0,0,997,1152,1785,2737,2600,4028,4000,6150,8982,10010,11409,12277,8685,10574,2712,4771,321,309,555,870,668,1363,1102,2159,2126,2563,2429,2049,4876,5811,2555,4458,50900,29453,8922,4743,33045,17,0,2,1
2021-04-18T23:59:59+02:00,0,0,997,1151,1783,2737,2598,4026,4000,6150,8982,10010,11409,12277,8685,10573,2712,4770,321,309,555,870,667,1363,1102,2158,2126,2563,2429,2049,4876,5811,2555,4458,50893,29452,8921,4742,33044,17,0,2,1
2021-04-17T23:59:59+02:00,0,0,997,1150,1780,2731,2521,3936,3944,6068,8965,9992,11286,12125,8682,10571,2712,4769,316,303,551,863,659,1353,1084,2145,2079,2537,2384,1997,4827,5742,2549,4452,50262,29082,8921,4742,33044,16,0,2,1
2021-04-16T23:59:59+02:00,0,0,968,1116,1669,2648,2319,3799,3695,5894,7244,8180,11089,11881,8628,10508,2709,4756,309,298,536,844,627,1316,1002,2088,1855,2378,2235,1888,4640,5473,2490,4336,45919,29068,8846,3235,32336,11,0,2,1
2021-04-15T23:59:59+02:00,0,0,898,1064,1542,2560,2039,3647,3163,5565,6234,7215,10832,11546,8528,10385,2690,4733,309,298,535,843,625,1315,1001,2085,1619,2237,2082,1757,4454,5262,2436,4233,42119,29023,8843,2060,31677,7,0,2,1
2021-04-14T23:59:59+02:00,0,0,883,1035,1497,2524,1951,3566,2993,5430,6140,7104,10668,11339,8446,10285,2678,4719,289,288,501,816,554,1256,794,1942,1399,2113,2015,1682,4323,5098,2422,4205,40743,27629,8839,2060,31674,7,0,2,1
2021-04-13T23:59:59+02:00,0,0,878,1029,1485,2521,1928,3547,2961,5396,5619,6528,10368,11000,8415,10251,2677,4718,289,286,501,815,554,1256,794,1942,1399,2112,2012,1681,4323,5098,2422,4202,40736,27627,6913,2051,31670,7,0,2,1
2021-04-12T23:59:59+02:00,0,0,878,1028,1484,2519,1928,3547,2960,5395,5618,6528,10367,11000,8415,10251,2677,4718,289,285,501,815,552,1256,792,1941,1398,2112,2012,1681,4323,5097,2422,4202,40732,27621,6911,2049,31668,7,0,2,1
2021-04-11T23:59:59+02:00,0,0,878,1028,1483,2519,1927,3546,2959,5395,5618,6528,10366,10999,8415,10251,2677,4718,289,285,500,815,551,1256,791,1941,1396,2112,2012,1681,4323,5097,2422,4202,40729,27616,6910,2049,31666,7,0,2,1
2021-04-10T23:59:59+02:00,0,0,876,1025,1480,2515,1910,3534,2890,5329,5490,6430,10136,10782,8362,10201,2673,4717,289,284,500,814,551,1256,790,1941,1396,2112,2008,1677,4318,5088,2421,4199,40159,27587,6910,2049,31279,7,0,2,1
2021-04-09T23:59:59+02:00,0,0,838,992,1383,2459,1806,3475,2761,5275,5351,6365,7758,7956,8298,10107,2663,4699,288,284,497,813,549,1254,787,1941,1394,2108,1988,1655,4296,5070,2418,4194,34686,27479,6909,2049,30589,7,0,2,1
2021-04-08T23:59:59+02:00,0,0,837,990,1379,2456,1804,3472,2751,5266,5340,6352,6970,7041,8256,10057,2660,4695,287,283,497,812,549,1253,786,1941,1392,2107,1986,1655,4295,5067,2418,4194,32834,27466,6909,2048,30581,7,0,2,1
2021-04-07T23:59:59+02:00,0,0,785,967,1304,2384,1717,3404,2558,5159,4599,5869,6303,6400,8198,9996,2654,4689,287,283,497,812,549,1250,786,1941,1392,2107,1986,1655,4294,5067,2418,4194,32830,27465,6908,2047,27246,6,0,2,0
2021-04-06T23:59:59+02:00,0,0,752,960,1285,2349,1693,3363,2528,5113,4525,5793,5941,6043,8177,9972,2649,4683,287,282,497,811,549,1250,786,1941,1391,2107,1986,1654,4294,5067,2418,4194,32826,27463,6908,2045,26090,6,0,2,0
2021-04-05T23:59:59+02:00,0,0,748,929,1244,2225,1621,3198,2409,4843,4365,5521,5634,5738,8160,9946,2647,4679,287,282,497,810,549,1250,786,1941,1391,2107,1986,1654,4294,5067,2418,4194,32825,27462,6908,2045,24172,6,0,2,0
2021-04-04T23:59:59+02:00,0,0,727,904,1153,2009,1487,2932,2195,4409,4015,5022,5389,5514,8128,9892,2646,4671,287,282,496,809,547,1249,785,1940,1317,2070,1623,1380,4136,4886,2374,4129,32821,26260,6908,2045,21362,5,0,2,0
2021-04-03T23:59:59+02:00,0,0,727,904,1152,2008,1486,2932,2194,4409,4015,5022,5389,5513,8128,9892,2646,4671,287,282,496,809,547,1249,785,1940,1317,2070,1623,1380,4136,4886,2374,4129,32817,26260,6908,2045,21361,5,0,2,0
2021-04-02T23:59:59+02:00,0,0,727,903,1152,2008,1486,2932,2194,4409,4014,5022,5389,5512,8127,9891,2645,4669,287,282,496,809,547,1249,785,1940,1316,2070,1623,1380,4136,4886,2374,4129,32816,26259,6908,2045,21354,5,0,2,0
2021-04-01T23:59:59+02:00,0,0,722,901,1149,2002,1478,2924,2180,4391,3923,4937,4896,4913,7422,8997,2643,4664,287,280,495,806,547,1248,782,1938,1278,2042,1474,1285,4037,4785,2363,4116,29913,25719,6882,2039,21345,5,0,2,0
2021-03-31T23:59:59+02:00,0,0,722,900,1147,2001,1474,2919,2176,4390,3905,4926,4723,4696,6655,8063,2633,4642,286,279,495,806,543,1245,777,1931,1173,1965,1079,1020,3628,4322,2256,3942,29795,23767,4857,1976,21318,4,0,2,0
2021-03-30T23:59:59+02:00,0,0,722,900,1146,1998,1462,2910,2167,4381,3860,4899,4524,4515,6406,7766,2624,4626,286,278,495,804,543,1245,777,1930,1173,1965,1079,1020,3628,4322,2255,3942,29790,23763,4852,1976,20262,3,0,2,0
2021-03-29T23:59:59+02:00,0,0,720,898,1146,1998,1460,2910,2167,4381,3857,4897,4521,4513,6403,7757,2622,4608,286,277,495,804,543,1245,776,1929,1173,1965,1079,1019,3628,4322,2255,3942,29782,23759,4847,1976,20227,3,0,2,0
2021-03-28T23:59:59+02:00,0,0,720,898,1146,1995,1458,2908,2166,4378,3856,4897,4520,4513,6400,7753,2622,4607,285,277,493,804,543,1245,775,1929,1173,1965,1079,1018,3628,4322,2255,3942,29780,23755,4842,1975,20213,3,0,2,0
2021-03-27T23:59:59+01:00,0,0,716,893,1142,1987,1450,2898,2147,4362,3814,4871,4471,4456,6355,7694,2615,4593,281,272,479,794,532,1233,727,1893,1012,1873,818,828,3489,4170,2094,3630,29429,22789,4842,1333,20191,3,0,2,0
2021-03-26T23:59:59+01:00,0,0,716,893,1141,1986,1447,2897,2144,4362,3809,4868,4459,4434,6345,7668,2608,4579,280,272,479,792,530,1233,725,1893,1005,1865,681,733,2511,3015,1924,3417,29369,20019,4841,1333,20144,3,0,2,0
2021-03-25T23:59:59+01:00,0,0,715,892,1141,1986,1446,2894,2140,4356,3804,4864,4450,4423,6331,7636,2587,4525,280,272,479,792,529,1230,724,1892,1003,1864,660,726,1328,1566,1643,3054,29356,16706,4836,1333,19996,3,0,2,0
2021-03-24T23:59:59+01:00,0,0,692,881,1103,1956,1375,2834,1934,4208,3580,4738,4390,4363,6196,7468,2573,4493,280,272,479,792,526,1230,723,1892,1002,1864,660,726,1328,1565,1643,3052,27979,16699,4833,1332,19970,3,0,2,0
2021-03-23T23:59:59+01:00,0,0,692,879,1101,1955,1375,2834,1934,4208,3579,4735,4390,4363,6195,7468,2573,4492,280,272,479,792,526,1230,723,1892,1002,1864,660,726,1328,1565,1643,3052,27975,16699,4830,1332,19966,3,0,2,0
2021-03-22T23:59:59+01:00,0,0,692,877,1099,1951,1372,2834,1932,4208,3578,4735,4390,4362,6195,7467,2573,4492,280,272,479,792,526,1229,722,1892,1002,1863,660,726,1328,1565,1643,3052,27971,16696,4829,1332,19955,3,0,2,0
2021-03-21T23:59:59+01:00,0,0,692,877,1098,1948,1372,2832,1931,4207,3577,4734,4390,4362,6194,7467,2573,4492,280,272,479,792,526,1229,722,1892,1002,1863,660,725,1328,1565,1643,3052,27968,16695,4828,1332,19949,3,0,1,0
2021-03-20T23:59:59+01:00,0,0,690,875,1096,1946,1366,2829,1914,4200,3546,4715,4172,4087,5677,6860,2563,4459,275,270,474,786,509,1219,700,1875,964,1834,590,647,1096,1306,1293,2505,27887,15008,4730,1332,18377,3,0,1,0
2021-03-19T23:59:59+01:00,0,0,682,869,1081,1926,1332,2792,1834,4144,3326,4555,4024,3981,5501,6618,2514,4374,275,270,474,786,509,1219,700,1874,963,1834,590,647,1096,1305,1292,2504,27885,15003,3298,1332,18370,3,0,0,0
2021-03-18T23:59:59+01:00,0,0,682,868,1080,1925,1331,2790,1834,4141,3096,4412,3871,3852,5323,6415,2462,4272,275,269,473,786,509,1217,700,1873,962,1833,588,644,857,1049,1182,2337,27873,14221,2113,1331,18368,2,0,0,0
2021-03-17T23:59:59+01:00,0,0,682,868,1079,1925,1331,2789,1834,4141,3096,4412,3871,3850,5322,6415,2462,4272,275,269,473,786,509,1217,700,1873,961,1833,587,644,857,1049,1182,2337,27871,14219,2113,1331,18365,2,0,0,0
2021-03-16T23:59:59+01:00,0,0,681,868,1079,1921,1330,2789,1832,4141,3096,4410,3870,3849,5322,6415,2461,4271,273,265,459,781,500,1205,684,1859,945,1823,585,643,855,1048,1181,2336,27864,14109,2109,1331,18362,2,0,0,0
2021-03-15T23:59:59+01:00,0,0,681,867,1077,1920,1327,2789,1828,4140,3095,4410,3870,3848,5321,6415,2461,4271,273,265,459,781,500,1205,684,1859,944,1822,585,643,855,1048,1181,2336,27859,14107,2107,1331,18354,2,0,0,0
2021-03-14T23:59:59+01:00,0,0,680,865,1074,1917,1324,2786,1826,4138,3090,4409,3870,3848,5321,6415,2461,4271,273,265,459,781,500,1205,684,1859,944,1821,585,643,854,1048,1181,2336,27855,14105,2107,1331,18333,2,0,0,0
2021-03-13T23:59:59+01:00,0,0,678,860,1066,1911,1315,2779,1821,4130,2976,4331,3402,3445,5117,6182,2416,4208,273,265,459,781,500,1205,683,1859,942,1820,561,627,551,753,762,1762,26591,12470,2107,1331,17939,2,0,0,0
2021-03-12T23:59:59+01:00,0,0,648,773,1043,1798,1294,2588,1789,3864,2932,4163,2261,2003,4756,5636,2413,4199,273,265,459,781,500,1205,682,1859,941,1820,561,626,551,753,762,1761,26579,12467,2107,1331,13474,1,0,0,0
2021-03-11T23:59:59+01:00,0,0,638,728,1035,1696,1286,2429,1777,3650,2886,4024,1697,1474,4270,5094,2403,4190,271,265,459,781,500,1205,682,1858,941,1816,561,626,549,752,682,1616,26029,12465,2095,1099,11153,0,0,0,0
2021-03-10T23:59:59+01:00,0,0,633,716,1025,1674,1277,2408,1764,3624,2777,3941,1307,1206,3862,4625,2309,4033,271,265,458,779,499,1205,682,1858,939,1816,561,626,547,751,682,1616,24050,12459,2094,1096,11037,0,0,0,0
2021-03-09T23:59:59+01:00,0,0,632,711,1017,1657,1266,2393,1761,3613,2770,3936,1303,1205,3862,4624,2308,4033,271,265,458,779,499,1205,682,1858,939,1816,561,626,547,751,682,1616,24047,12459,2093,1096,10951,0,0,0,0
2021-03-08T23:59:59+01:00,0,0,628,682,1006,1632,1251,2360,1753,3580,2749,3921,1302,1203,3862,4624,2308,4033,271,265,458,779,499,1205,682,1858,939,1816,561,626,546,751,682,1616,24043,12458,2092,1096,10759,0,0,0,0
2021-03-07T23:59:59+01:00,0,0,628,679,1002,1628,1251,2357,1752,3577,2749,3919,1302,1203,3862,4624,2308,4033,271,265,458,779,498,1205,682,1858,939,1816,561,626,546,751,682,1616,24040,12457,2092,1096,10742,0,0,0,0
2021-03-06T23:59:59+01:00,0,0,592,632,883,1527,1010,2167,1333,3195,2328,3583,1021,984,3562,4247,2288,4016,271,265,458,779,496,1205,682,1858,939,1815,561,625,544,747,593,1443,23042,12454,2089,827,8237,0,0,0,0
2021-03-05T23:59:59+01:00,0,0,589,632,878,1524,1010,2166,1330,3192,2321,3578,877,887,2568,3055,2117,3784,269,265,453,767,492,1200,674,1841,925,1800,557,621,486,686,288,932,20202,12251,2078,5,8228,0,0,0,0
2021-03-04T23:59:59+01:00,0,0,571,589,841,1394,972,2012,1280,2988,2277,3479,862,878,1387,1620,1830,3420,269,265,452,767,492,1200,674,1841,925,1800,556,620,486,685,288,932,16908,12247,2077,5,7415,0,0,0,0
2021-03-03T23:59:59+01:00,0,0,565,556,818,1329,951,1950,1265,2944,2267,3435,862,877,1387,1620,1830,3420,269,265,452,767,492,1200,674,1841,925,1800,556,620,486,685,288,932,16907,12247,2077,5,7092,0,0,0,0
2021-03-02T23:59:59+01:00,0,0,564,554,815,1328,951,1950,1264,2943,2267,3435,862,877,1387,1620,1830,3420,269,265,451,767,492,1200,674,1841,925,1799,556,620,486,685,288,932,16906,12245,2077,5,7084,0,0,0,0
2021-03-01T23:59:59+01:00,0,0,564,552,814,1328,951,1949,1264,2943,2266,3434,862,876,1387,1619,1830,3420,269,265,451,767,492,1200,673,1840,925,1799,556,620,486,685,288,932,16903,12243,2076,5,7080,0,0,0,0
2021-02-28T23:59:59+01:00,0,0,563,550,814,1328,950,1949,1264,2943,2264,3433,862,874,1387,1619,1830,3420,269,265,451,767,492,1200,673,1839,925,1799,556,620,486,685,288,932,16900,12242,2076,5,7074,0,0,0,0
2021-02-27T23:59:59+01:00,0,0,558,548,803,1318,929,1938,1224,2915,2187,3383,741,758,1118,1329,1323,2547,268,265,451,767,491,1200,671,1838,924,1797,555,617,485,683,288,928,15179,12226,1368,2,7072,0,0,0,0
2021-02-26T23:59:59+01:00,0,0,548,527,774,1254,900,1825,1185,2757,1867,2962,700,730,1118,1329,1322,2546,268,265,451,767,491,1200,671,1838,924,1797,555,617,485,683,288,927,15174,12225,1368,2,5802,0,0,0,0
2021-02-25T23:59:59+01:00,0,0,514,485,712,1136,793,1632,1031,2456,1368,2414,649,685,870,1066,1213,2376,267,264,450,767,491,1199,670,1837,924,1796,555,617,485,683,288,927,14372,12220,1368,0,3660,0,0,0,0
2021-02-24T23:59:59+01:00,0,0,513,484,712,1135,792,1632,1031,2455,1368,2413,649,685,870,1066,1213,2376,267,264,450,767,491,1199,670,1837,924,1796,555,617,485,683,288,927,14372,12220,1367,0,3655,0,0,0,0
2021-02-23T23:59:59+01:00,0,0,511,480,697,1127,783,1621,1014,2441,1352,2403,647,684,868,1065,1212,2375,267,263,450,766,491,1199,670,1836,924,1796,555,617,485,683,288,927,14262,12217,1367,0,3651,0,0,0,0
2021-02-22T23:59:59+01:00,0,0,511,480,697,1127,781,1621,1014,2441,1351,2402,647,683,868,1065,1212,2375,267,263,450,766,491,1199,670,1836,924,1795,555,617,485,683,288,927,14260,12216,1367,0,3648,0,0,0,0
2021-02-21T23:59:59+01:00,0,0,511,480,697,1127,780,1621,1013,2441,1351,2401,646,683,867,1065,1212,2375,267,263,450,766,491,1199,670,1836,924,1795,555,617,485,683,288,927,14258,12216,1367,0,3645,0,0,0,0
2021-02-20T23:59:59+01:00,0,0,495,478,685,1121,760,1616,1000,2439,1324,2381,619,664,558,764,785,1791,266,262,445,764,486,1193,665,1825,918,1792,552,614,480,683,284,922,12594,12151,1366,0,3520,0,0,0,0
2021-02-19T23:59:59+01:00,0,0,397,392,581,995,642,1462,859,2268,1085,2144,572,640,558,764,785,1791,263,262,441,762,484,1184,662,1809,911,1772,548,608,475,676,281,914,12593,12052,1366,0,1976,0,0,0,0
2021-02-18T23:59:59+01:00,0,0,274,267,467,792,503,1215,698,1872,949,1833,569,634,557,764,785,1791,262,261,439,759,482,1180,661,1795,907,1761,542,603,468,669,276,903,12591,11968,1366,0,13,0,0,0,0
2021-02-17T23:59:59+01:00,0,0,274,267,466,792,503,1215,697,1872,948,1833,568,634,557,763,785,1791,261,261,438,756,480,1178,658,1787,904,1754,537,598,459,647,265,884,12589,11867,1366,0,10,0,0,0,0
2021-02-16T23:59:59+01:00,0,0,274,267,464,791,502,1215,697,1872,948,1833,568,634,557,763,785,1791,250,257,432,740,468,1146,651,1712,879,1675,518,569,427,604,248,819,12589,11395,1366,0,6,0,0,0,0
2021-02-15T23:59:59+01:00,0,0,274,267,463,791,502,1214,695,1872,948,1833,568,634,557,763,785,1791,246,253,429,732,462,1121,635,1661,854,1621,497,535,409,560,236,756,12588,11007,1366,0,3,0,0,0,0
2021-02-14T23:59:59+01:00,0,0,274,267,463,791,501,1214,695,1872,948,1833,568,634,557,763,785,1791,246,253,429,732,462,1121,635,1655,852,1612,487,530,405,557,228,748,12587,10952,1366,0,3,0,0,0,0
2021-02-13T23:59:59+01:00,0,0,272,267,463,791,501,1214,694,1871,948,1833,568,634,557,763,785,1791,244,251,429,728,455,1109,626,1634,832,1579,468,505,391,532,215,712,12585,10710,1366,0,1,0,0,0,0
2021-02-12T23:59:59+01:00,0,0,272,267,463,790,501,1214,694,1870,944,1830,568,632,508,717,771,1787,227,243,409,694,434,1021,591,1472,745,1340,385,386,316,420,159,535,12461,9377,1366,0,1,0,0,0,0
2021-02-11T23:59:59+01:00,0,0,270,267,462,790,501,1214,694,1868,944,1827,567,631,505,714,688,1639,205,230,397,663,414,974,557,1378,699,1230,351,338,277,357,132,449,12449,8651,1131,0,1,0,0,0,0
2021-02-10T23:59:59+01:00,0,0,270,267,462,789,501,1214,693,1868,943,1827,566,631,505,713,687,1637,202,226,396,657,410,960,554,1358,687,1195,335,315,255,317,115,387,12442,8369,1131,0,0,0,0,0,0
2021-02-09T23:59:59+01:00,0,0,270,267,462,789,501,1214,692,1868,943,1825,566,631,505,713,687,1637,193,213,385,621,391,893,511,1265,634,1065,261,224,180,206,74,239,12439,7355,1131,0,0,0,0,0,0
2021-02-08T23:59:59+01:00,0,0,270,267,460,789,501,1214,692,1868,943,1825,566,631,505,713,687,1637,190,207,381,607,382,868,488,1215,607,995,230,183,145,156,60,184,12438,6898,1130,0,0,0,0,0,0
2021-02-07T23:59:59+01:00,0,0,270,267,460,789,501,1214,692,1868,943,1824,566,631,505,713,687,1636,189,207,380,603,380,863,483,1205,603,981,224,176,135,138,54,168,12436,6789,1130,0,0,0,0,0,0
2021-02-06T23:59:59+01:00,0,0,270,267,460,789,501,1214,692,1868,943,1824,566,631,503,708,597,1464,189,207,380,603,380,863,483,1205,603,981,224,176,135,138,54,168,12436,6789,861,0,0,0,0,0,0
2021-02-05T23:59:59+01:00,0,0,270,267,458,788,499,1212,689,1867,940,1821,562,627,496,693,291,945,183,198,363,572,367,823,463,1164,585,950,203,159,111,125,49,165,12421,6480,4,0,0,0,0,0,0
2021-02-04T23:59:59+01:00,0,0,270,266,457,782,496,1211,688,1862,935,1820,561,627,495,692,291,945,168,162,294,436,301,667,383,940,511,811,192,154,103,119,42,153,12394,5436,4,0,0,0,0,0,0
2021-02-03T23:59:59+01:00,0,0,269,266,457,780,496,1210,687,1861,935,1820,561,627,495,692,291,945,163,155,249,354,252,580,323,840,460,724,185,149,99,117,41,152,12388,4843,4,0,0,0,0,0,0
2021-02-02T23:59:59+01:00,0,0,269,265,457,777,496,1210,687,1858,935,1818,561,627,495,692,291,945,156,140,190,290,195,492,246,726,378,641,175,145,97,116,41,151,12379,4179,4,0,0,0,0,0,0
2021-02-01T23:59:59+01:00,0,0,269,265,455,776,495,1209,686,1854,932,1813,561,627,494,692,291,945,149,134,152,254,167,433,201,648,321,567,169,134,89,106,36,144,12360,3704,4,0,0,0,0,0,0
2021-01-31T23:59:59+01:00,0,0,269,265,455,776,495,1209,686,1854,932,1813,561,627,494,692,291,945,149,134,152,253,167,432,200,648,321,567,169,134,89,106,36,144,12360,3701,4,0,0,0,0,0,0
2021-01-30T23:59:59+01:00,0,0,269,265,455,776,495,1209,686,1854,928,1813,560,627,492,692,288,945,136,122,135,235,156,404,189,607,303,520,147,123,77,79,29,110,12350,3372,4,0,0,0,0,0,0
2021-01-29T23:59:59+01:00,0,0,266,265,451,773,493,1200,683,1837,921,1793,556,621,487,686,285,937,88,68,93,154,115,246,146,440,213,377,109,82,58,68,24,99,12250,2380,4,0,0,0,0,0,0
2021-01-28T23:59:59+01:00,0,0,266,265,450,773,492,1200,683,1837,921,1791,556,621,487,686,285,937,10,7,13,23,24,46,22,94,50,105,34,32,31,49,18,91,12247,649,3,0,0,0,0,0,0
2021-01-27T23:59:59+01:00,0,0,265,265,450,773,492,1200,683,1837,919,1791,556,621,487,686,285,937,10,7,13,23,23,46,22,92,49,105,34,32,31,49,18,91,12246,645,1,0,0,0,0,0,0
2021-01-26T23:59:59+01:00,0,0,265,265,449,772,492,1199,683,1837,919,1790,556,621,487,686,285,937,10,7,13,23,23,46,22,92,49,105,34,32,31,49,18,91,12242,645,1,0,0,0,0,0,0
2021-01-25T23:59:59+01:00,0,0,265,264,447,772,492,1198,683,1835,919,1790,556,621,486,684,285,937,6,1,5,13,11,21,13,39,23,46,17,16,10,15,6,19,12234,261,0,0,0,0,0,0,0
2021-01-24T23:59:59+01:00,0,0,265,264,447,772,491,1198,683,1834,919,1789,556,621,486,684,285,937,6,1,5,13,11,21,13,39,23,46,17,16,10,15,6,19,12231,261,0,0,0,0,0,0,0
2021-01-23T23:59:59+01:00,0,0,265,264,447,772,491,1197,683,1834,919,1789,556,621,486,684,285,937,6,1,5,13,11,21,13,39,23,46,17,16,10,15,6,19,12230,261,0,0,0,0,0,0,0
2021-01-22T23:59:59+01:00,0,0,263,262,447,772,490,1196,683,1833,919,1789,556,621,486,684,267,893,6,1,5,13,11,21,13,39,23,46,17,16,10,15,6,19,12161,261,0,0,0,0,0,0,0
2021-01-21T23:59:59+01:00,0,0,260,258,445,763,487,1188,680,1812,910,1772,548,613,467,659,256,857,6,1,5,13,11,21,13,39,23,46,17,16,10,15,6,19,11975,261,0,0,0,0,0,0,0
2021-01-20T23:59:59+01:00,0,0,259,256,441,758,485,1186,677,1804,907,1767,542,608,460,640,248,840,6,1,5,13,11,21,13,39,23,46,17,16,10,15,6,19,11878,261,0,0,0,0,0,0,0
2021-01-19T23:59:59+01:00,0,0,254,256,439,750,479,1171,674,1773,896,1726,530,591,449,624,236,805,6,1,5,13,11,21,13,39,23,46,17,16,10,15,6,19,11653,261,0,0,0,0,0,0,0
2021-01-18T23:59:59+01:00,0,0,250,252,436,739,474,1150,656,1736,870,1678,511,558,434,586,224,748,6,1,5,12,11,21,13,39,23,46,17,16,10,15,6,19,11302,260,0,0,0,0,0,0,0
2021-01-17T23:59:59+01:00,0,0,250,251,435,739,474,1149,653,1729,864,1666,495,547,419,564,209,723,6,1,4,12,11,21,13,39,23,46,17,15,10,15,6,19,11167,258,0,0,0,0,0,0,0
2021-01-16T23:59:59+01:00,0,0,242,243,431,719,461,1114,628,1641,817,1517,453,465,390,511,188,668,0,0,0,0,0,0,0,0,0,0,0,0,0,0,0,0,10488,0,0,0,0,0,0,0,0
2021-01-15T23:59:59+01:00,0,0,233,236,423,699,447,1063,608,1541,778,1403,404,408,339,443,170,562,0,0,0,0,0,0,0,0,0,0,0,0,0,0,0,0,9757,0,0,0,0,0,0,0,0
2021-01-14T23:59:59+01:00,0,0,210,223,404,657,425,1001,565,1424,711,1250,349,334,290,350,129,445,0,0,0,0,0,0,0,0,0,0,0,0,0,0,0,0,8767,0,0,0,0,0,0,0,0
2021-01-13T23:59:59+01:00,0,0,208,221,403,650,420,982,560,1402,697,1215,331,310,265,310,112,384,0,0,0,0,0,0,0,0,0,0,0,0,0,0,0,0,8470,0,0,0,0,0,0,0,0
2021-01-12T23:59:59+01:00,0,0,191,210,388,609,389,887,498,1248,618,1026,236,194,160,161,62,192,0,0,0,0,0,0,0,0,0,0,0,0,0,0,0,0,7069,0,0,0,0,0,0,0,0
2021-01-11T23:59:59+01:00,0,0,187,204,384,597,376,860,478,1201,598,972,216,165,128,117,45,144,0,0,0,0,0,0,0,0,0,0,0,0,0,0,0,0,6672,0,0,0,0,0,0,0,0
2021-01-10T23:59:59+01:00,0,0,186,200,373,583,372,847,469,1181,586,953,212,165,125,117,43,142,0,0,0,0,0,0,0,0,0,0,0,0,0,0,0,0,6554,0,0,0,0,0,0,0,0
2021-01-09T23:59:59+01:00,0,0,166,168,327,503,331,729,408,1000,498,804,148,108,73,73,29,105,0,0,0,0,0,0,0,0,0,0,0,0,0,0,0,0,5470,0,0,0,0,0,0,0,0
2021-01-08T23:59:59+01:00,0,0,98,78,231,352,244,435,294,668,340,510,80,67,49,58,22,93,0,0,0,0,0,0,0,0,0,0,0,0,0,0,0,0,3619,0,0,0,0,0,0,0,0
2021-01-07T23:59:59+01:00,0,0,12,11,54,97,72,124,94,194,122,179,41,35,33,50,19,93,0,0,0,0,0,0,0,0,0,0,0,0,0,0,0,0,1230,0,0,0,0,0,0,0,0
2021-01-06T23:59:59+01:00,0,0,8,4,9,23,17,46,23,91,53,109,35,32,32,50,19,93,0,0,0,0,0,0,0,0,0,0,0,0,0,0,0,0,644,0,0,0,0,0,0,0,0
2021-01-05T23:59:59+01:00,0,0,8,4,9,23,17,46,22,91,51,109,35,32,32,50,19,93,0,0,0,0,0,0,0,0,0,0,0,0,0,0,0,0,641,0,0,0,0,0,0,0,0
2021-01-04T23:59:59+01:00,0,0,6,1,5,13,11,23,14,41,23,48,18,16,11,15,6,20,0,0,0,0,0,0,0,0,0,0,0,0,0,0,0,0,271,0,0,0,0,0,0,0,0
2021-01-03T23:59:59+01:00,0,0,6,1,5,13,11,23,14,41,23,48,18,16,11,15,6,20,0,0,0,0,0,0,0,0,0,0,0,0,0,0,0,0,271,0,0,0,0,0,0,0,0
2021-01-02T23:59:59+01:00,0,0,6,1,5,13,11,23,14,41,23,48,18,16,11,15,6,20,0,0,0,0,0,0,0,0,0,0,0,0,0,0,0,0,271,0,0,0,0,0,0,0,0
2021-01-01T23:59:59+01:00,0,0,6,1,5,13,11,23,14,41,23,48,18,16,11,15,6,20,0,0,0,0,0,0,0,0,0,0,0,0,0,0,0,0,271,0,0,0,0,0,0,0,0
2020-12-31T23:59:59+01:00,0,0,6,1,5,13,11,23,14,41,23,48,18,16,11,15,6,20,0,0,0,0,0,0,0,0,0,0,0,0,0,0,0,0,271,0,0,0,0,0,0,0,0
2020-12-30T23:59:59+01:00,0,0,6,1,5,13,11,23,14,41,23,48,18,16,11,15,6,20,0,0,0,0,0,0,0,0,0,0,0,0,0,0,0,0,271,0,0,0,0,0,0,0,0
2020-12-29T23:59:59+01:00,0,0,6,1,5,13,11,23,14,41,23,48,18,16,11,15,6,20,0,0,0,0,0,0,0,0,0,0,0,0,0,0,0,0,271,0,0,0,0,0,0,0,0
2020-12-28T23:59:59+01:00,0,0,6,1,5,13,11,23,14,41,23,48,18,16,11,15,6,20,0,0,0,0,0,0,0,0,0,0,0,0,0,0,0,0,271,0,0,0,0,0,0,0,0
2020-12-27T23:59:59+01:00,0,0,6,1,4,12,11,23,14,41,23,48,18,15,11,15,6,20,0,0,0,0,0,0,0,0,0,0,0,0,0,0,0,0,268,0,0,0,0,0,0,0,0
