Datum,<15_m,<15_w,15-24_1_m,15-24_1_w,25-34_1_m,25-34_1_w,35-44_1_m,35-44_1_w,45-54_1_m,45-54_1_w,55-64_1_m,55-64_1_w,65-74_1_m,65-74_1_w,75-84_1_m,75-84_1_w,>84_1_m,>84_1_w,<24_2_m,<24_2_w,25-34_2_m,25-34_2_w,35-44_2_m,35-44_2_w,45-54_2_m,45-54_2_w,55-64_2_m,55-64_2_w,65-74_2_m,65-74_2_w,75-84_2_m,75-84_2_w,>84_2_m,>84_2_w,bp_1,bp_2,mo_1,mo_2,az_1,az_2,ja,unb_1,unb_2
2021-10-22T23:59:59+02:00,2037,1921,14389,13310,17105,15599,18643,18411,21697,21606,22983,21898,14777,15979,10151,12404,3100,5402,13476,12554,16442,14929,18144,17805,21259,21097,22627,21489,14587,15739,10028,12250,3035,5286,180633,174712,22880,22507,35615,34672,12297,2,2
2021-10-21T23:59:59+02:00,2028,1904,14328,13273,17053,15559,18607,18383,21677,21581,22961,21884,14773,15977,10148,12401,3098,5399,13440,12533,16414,14903,18127,17782,21254,21088,22619,21474,14582,15735,10026,12243,3034,5285,180273,174499,22878,22507,35615,34672,12281,2,2
2021-10-20T23:59:59+02:00,2013,1893,14307,13261,17040,15540,18596,18368,21668,21573,22952,21881,14770,15972,10147,12395,3096,5397,13376,12481,16380,14867,18102,17742,21243,21068,22601,21459,14576,15724,10021,12239,3032,5280,180113,174117,22878,22507,35615,34672,12276,2,2
2021-10-19T23:59:59+02:00,1999,1883,14292,13247,17029,15526,18591,18362,21662,21568,22943,21875,14766,15964,10144,12394,3096,5395,13354,12454,16365,14845,18091,17729,21230,21056,22592,21449,14575,15715,10016,12236,3030,5279,180002,173951,22878,22507,35615,34672,12254,2,2
2021-10-18T23:59:59+02:00,1986,1873,14275,13225,17016,15517,18586,18356,21657,21559,22938,21872,14762,15960,10144,12393,3096,5394,13332,12421,16348,14817,18077,17720,21222,21048,22586,21447,14568,15715,10012,12231,3029,5278,179897,173804,22877,22490,35615,34672,12233,2,2
2021-10-17T23:59:59+02:00,1985,1871,14275,13223,17016,15517,18586,18354,21655,21554,22938,21869,14762,15957,10144,12392,3095,5394,13331,12416,16342,14813,18075,17714,21220,21043,22584,21444,14567,15714,10011,12229,3027,5275,179875,173754,22877,22490,35615,34672,12233,2,2
2021-10-16T23:59:59+02:00,1985,1871,14275,13223,17016,15517,18586,18354,21655,21554,22938,21869,14762,15957,10144,12392,3095,5394,13331,12416,16342,14812,18075,17714,21220,21043,22584,21444,14567,15714,10011,12229,3027,5275,179875,173753,22877,22490,35615,34672,12233,2,2
2021-10-15T23:59:59+02:00,1978,1858,14235,13190,16985,15488,18567,18337,21641,21542,22929,21862,14761,15953,10143,12388,3095,5392,13265,12352,16296,14761,18040,17685,21191,21011,22563,21426,14556,15701,10007,12222,3026,5270,179658,173288,22859,22462,35615,34672,12225,2,2
2021-10-14T23:59:59+02:00,1966,1845,14181,13153,16938,15445,18539,18309,21618,21530,22915,21848,14751,15943,10141,12385,3091,5387,13150,12225,16239,14684,17977,17612,21150,20961,22530,21387,14540,15685,10000,12210,3024,5265,179322,172515,22840,22396,35615,34672,12221,2,2
2021-10-13T23:59:59+02:00,1956,1834,14150,13118,16917,15410,18515,18289,21607,21519,22903,21841,14746,15937,10139,12381,3091,5381,13105,12172,16199,14627,17940,17569,21131,20941,22510,21373,14531,15674,9996,12204,3020,5259,179102,172120,22840,22396,35615,34672,12190,2,2
2021-10-12T23:59:59+02:00,1950,1826,14127,13107,16899,15399,18510,18277,21600,21512,22899,21833,14743,15935,10139,12380,3091,5380,13078,12146,16178,14606,17928,17554,21122,20932,22501,21367,14523,15670,9994,12203,3019,5257,179001,171950,22840,22396,35615,34672,12164,2,2
2021-10-11T23:59:59+02:00,1937,1821,14107,13082,16890,15395,18503,18265,21594,21506,22894,21829,14741,15933,10138,12377,3091,5379,13049,12124,16160,14584,17910,17530,21111,20917,22496,21356,14518,15666,9989,12200,3019,5254,178881,171745,22840,22396,35615,34672,12159,2,2
2021-10-10T23:59:59+02:00,1933,1820,14100,13075,16880,15392,18497,18259,21592,21502,22892,21825,14740,15932,10138,12377,3091,5379,13037,12109,16143,14578,17903,17523,21109,20913,22491,21348,14516,15661,9988,12197,3018,5253,178850,171666,22840,22395,35614,34672,12133,2,2
2021-10-09T23:59:59+02:00,1933,1820,14099,13074,16879,15392,18497,18259,21592,21501,22892,21825,14740,15932,10138,12377,3091,5379,13037,12109,16143,14578,17903,17523,21109,20913,22491,21348,14516,15661,9988,12197,3018,5253,178846,171666,22840,22395,35614,34672,12133,2,2
2021-10-08T23:59:59+02:00,1920,1807,14048,13046,16849,15378,18478,18239,21572,21484,22878,21811,14736,15930,10133,12375,3091,5378,12989,12071,16117,14546,17871,17495,21084,20879,22473,21337,14511,15654,9986,12191,3018,5250,178579,171307,22840,22393,35614,34672,12133,2,2
2021-10-07T23:59:59+02:00,1899,1789,14001,13006,16811,15351,18448,18211,21545,21463,22861,21800,14731,15922,10126,12367,3090,5375,12924,11989,16066,14480,17828,17450,21049,20838,22454,21316,14498,15638,9977,12181,3017,5244,178235,170722,22840,22393,35614,34672,12120,2,2
2021-10-06T23:59:59+02:00,1891,1781,13959,12965,16806,15346,18445,18204,21542,21458,22854,21793,14728,15918,10124,12364,3089,5375,12889,11961,16061,14457,17820,17433,21037,20832,22449,21313,14497,15629,9975,12178,3017,5242,178088,170542,22837,22393,35614,34672,12116,2,2
2021-10-05T23:59:59+02:00,1878,1768,13927,12934,16774,15317,18418,18191,21522,21441,22847,21781,14716,15908,10120,12359,3088,5374,12828,11901,16011,14410,17781,17398,21013,20806,22429,21288,14484,15616,9974,12172,3015,5240,177888,170164,22835,22390,35614,34672,12039,2,2
2021-10-04T23:59:59+02:00,1865,1756,13906,12906,16758,15306,18407,18176,21513,21434,22839,21772,14712,15905,10117,12358,3088,5373,12784,11871,15982,14380,17768,17377,21001,20787,22425,21275,14479,15607,9973,12168,3013,5237,177746,169933,22835,22390,35614,34672,12009,2,2
2021-10-03T23:59:59+02:00,1864,1756,13904,12905,16757,15303,18407,18175,21511,21433,22838,21772,14712,15905,10117,12358,3088,5373,12783,11868,15977,14377,17767,17375,21000,20784,22425,21273,14479,15607,9971,12168,3013,5237,177735,169913,22835,22390,35614,34671,12007,2,2
2021-10-02T23:59:59+02:00,1864,1756,13903,12905,16757,15303,18407,18175,21511,21431,22837,21772,14712,15904,10117,12358,3087,5373,12783,11868,15977,14377,17767,17375,21000,20784,22425,21273,14479,15606,9971,12167,3013,5237,177729,169911,22835,22390,35614,34671,12007,2,2
2021-10-01T23:59:59+02:00,1856,1743,13869,12875,16719,15281,18383,18151,21489,21411,22822,21769,14708,15902,10113,12356,3086,5372,12750,11844,15946,14350,17745,17355,20978,20769,22410,21266,14475,15605,9969,12166,3012,5237,177517,169721,22834,22390,35614,34671,11953,2,2
2021-09-30T23:59:59+02:00,1838,1727,13800,12833,16656,15235,18349,18110,21462,21391,22799,21748,14693,15893,10110,12348,3084,5370,12671,11782,15885,14286,17718,17307,20939,20741,22378,21251,14455,15590,9964,12159,3011,5235,177170,169275,22834,22390,35614,34671,11841,2,2
2021-09-29T23:59:59+02:00,1828,1715,13748,12795,16616,15201,18320,18080,21438,21373,22785,21729,14687,15886,10106,12342,3082,5369,12628,11747,15850,14247,17694,17282,20923,20724,22371,21244,14454,15584,9962,12153,3010,5232,176883,169039,22834,22390,35614,34671,11782,2,2
2021-09-28T23:59:59+02:00,1819,1711,13736,12767,16611,15189,18307,18070,21430,21364,22780,21726,14685,15880,10102,12339,3080,5365,12592,11710,15830,14226,17679,17263,20908,20710,22365,21236,14452,15581,9962,12149,3009,5230,176744,168785,22834,22390,35614,34671,11781,2,2
2021-09-27T23:59:59+02:00,1811,1705,13719,12737,16598,15169,18296,18056,21416,21355,22776,21720,14683,15875,10099,12336,3078,5364,12580,11674,15806,14212,17668,17251,20904,20704,22359,21230,14447,15573,9961,12147,3008,5227,176581,168617,22834,22390,35614,34671,11776,2,2
2021-09-26T23:59:59+02:00,1802,1702,13703,12722,16588,15160,18288,18051,21410,21341,22766,21716,14682,15871,10096,12329,3075,5359,12568,11665,15799,14207,17664,17250,20902,20700,22357,21228,14446,15572,9959,12145,3007,5227,176451,168559,22834,22389,35614,34671,11774,2,2
2021-09-25T23:59:59+02:00,1802,1702,13703,12722,16588,15160,18288,18051,21410,21341,22766,21716,14682,15871,10096,12329,3075,5359,12568,11664,15799,14207,17664,17250,20902,20700,22357,21228,14446,15572,9959,12145,3007,5227,176451,168558,22834,22389,35614,34671,11774,2,2
2021-09-24T23:59:59+02:00,1791,1697,13666,12667,16553,15123,18263,18030,21388,21318,22748,21706,14678,15866,10094,12326,3075,5358,12538,11622,15770,14175,17643,17223,20882,20686,22341,21216,14438,15563,9953,12139,3006,5225,176213,168328,22833,22389,35614,34671,11699,2,2
2021-09-23T23:59:59+02:00,1767,1678,13608,12605,16502,15065,18222,17990,21350,21286,22727,21676,14670,15856,10091,12320,3074,5352,12501,11594,15747,14148,17623,17209,20858,20673,22326,21204,14429,15554,9946,12136,3005,5221,175770,168131,22833,22389,35614,34671,11634,2,2
2021-09-22T23:59:59+02:00,1754,1664,13553,12559,16474,15032,18204,17954,21340,21265,22715,21667,14658,15848,10087,12316,3070,5349,12463,11569,15722,14129,17604,17181,20849,20651,22316,21194,14420,15542,9943,12131,3005,5221,175447,167894,22832,22389,35614,34671,11628,2,2
2021-09-21T23:59:59+02:00,1748,1660,13516,12536,16441,15004,18186,17924,21327,21246,22708,21658,14655,15841,10080,12314,3069,5346,12434,11547,15705,14103,17588,17157,20837,20640,22310,21184,14418,15537,9942,12126,3004,5220,175271,167772,22832,22387,35614,34671,11553,2,2
2021-09-20T23:59:59+02:00,1741,1654,13496,12509,16424,14980,18166,17909,21313,21238,22706,21651,14649,15834,10077,12306,3069,5344,12423,11537,15700,14088,17579,17147,20832,20634,22310,21179,14413,15528,9940,12124,3004,5218,175137,167717,22817,22382,35613,34671,11510,2,2
2021-09-19T23:59:59+02:00,1738,1648,13478,12493,16399,14957,18151,17905,21306,21231,22697,21641,14640,15829,10074,12301,3067,5339,12417,11533,15684,14071,17567,17145,20827,20629,22303,21175,14405,15526,9938,12120,3003,5217,175052,167707,22817,22381,35612,34671,11424,2,2
2021-09-18T23:59:59+02:00,1738,1645,13468,12488,16394,14951,18146,17900,21305,21229,22695,21640,14640,15829,10074,12301,3067,5338,12277,11360,15608,13959,17510,17075,20782,20591,22279,21147,14394,15511,9928,12108,3003,5215,175012,166748,22817,22381,35612,34671,11418,2,2
2021-09-17T23:59:59+02:00,1695,1598,13358,12389,16335,14868,18088,17837,21262,21182,22666,21614,14629,15813,10066,12289,3065,5332,12229,11312,15569,13927,17456,17024,20768,20568,22263,21129,14390,15500,9923,12102,3002,5214,174405,166661,22714,22138,35612,34671,11365,2,2
2021-09-16T23:59:59+02:00,1661,1554,13269,12293,16281,14787,18029,17775,21219,21127,22636,21578,14614,15794,10050,12277,3062,5328,12201,11288,15554,13910,17435,17000,20763,20550,22255,21118,14388,15496,9919,12100,3002,5213,173695,166504,22713,22138,35612,34671,11324,2,2
2021-09-15T23:59:59+02:00,1640,1536,13219,12255,16246,14756,18007,17741,21197,21101,22626,21565,14606,15781,10040,12270,3058,5318,12174,11271,15526,13887,17421,16972,20748,20535,22244,21107,14380,15491,9915,12099,3002,5209,173398,166358,22713,22138,35612,34671,11249,2,2
2021-09-14T23:59:59+02:00,1628,1524,13173,12218,16222,14732,17983,17716,21188,21079,22611,21555,14600,15770,10030,12261,3057,5317,12144,11234,15506,13864,17398,16945,20734,20518,22235,21091,14369,15485,9908,12098,3002,5208,173148,166145,22712,22138,35612,34671,11202,2,2
2021-09-13T23:59:59+02:00,1613,1507,13111,12170,16185,14695,17950,17681,21169,21054,22591,21538,14592,15765,10025,12253,3055,5316,12107,11203,15482,13840,17383,16932,20722,20504,22215,21085,14366,15477,9905,12091,3000,5206,172828,165983,22712,22138,35611,34671,11129,2,2
2021-09-12T23:59:59+02:00,1613,1505,13110,12169,16182,14695,17949,17678,21167,21053,22590,21536,14592,15763,10022,12249,3055,5312,12104,11199,15480,13840,17382,16931,20722,20504,22215,21084,14365,15477,9905,12090,3000,5206,172801,165972,22712,22138,35611,34671,11126,2,2
2021-09-11T23:59:59+02:00,1613,1505,13110,12169,16182,14695,17948,17678,21167,21053,22590,21536,14592,15763,10022,12249,3055,5312,12104,11199,15480,13840,17381,16931,20722,20504,22215,21084,14365,15477,9905,12090,3000,5206,172801,165972,22712,22138,35611,34671,11125,2,2
2021-09-10T23:59:59+02:00,1581,1476,13062,12128,16141,14648,17916,17640,21134,21017,22563,21518,14584,15749,10018,12244,3054,5309,12098,11189,15469,13828,17372,16926,20711,20493,22209,21079,14360,15469,9903,12086,3000,5203,172420,165939,22712,22137,35611,34671,11049,2,2
2021-09-09T23:59:59+02:00,1540,1425,12953,12043,16068,14551,17865,17577,21087,20970,22527,21488,14561,15722,10007,12235,3052,5306,12057,11152,15440,13798,17351,16897,20694,20475,22187,21064,14354,15459,9898,12080,2997,5203,171698,165697,22711,22135,35611,34670,10967,2,2
2021-09-08T23:59:59+02:00,1521,1412,12913,11997,16045,14520,17838,17544,21066,20951,22513,21477,14556,15712,10003,12228,3052,5303,12019,11108,15416,13771,17326,16870,20673,20455,22168,21044,14342,15451,9889,12073,2995,5201,171477,165475,22711,22134,35611,34670,10862,2,2
2021-09-07T23:59:59+02:00,1489,1384,12833,11926,15968,14474,17793,17494,21035,20930,22491,21450,14544,15704,10003,12222,3050,5298,11970,11073,15368,13747,17297,16848,20650,20435,22155,21029,14329,15446,9889,12068,2994,5201,171036,165278,22707,22128,35611,34670,10744,2,2
2021-09-06T23:59:59+02:00,1475,1362,12806,11898,15947,14447,17785,17480,21021,20918,22482,21442,14537,15694,10003,12217,3049,5295,11962,11058,15365,13736,17293,16844,20648,20433,22149,21026,14326,15444,9889,12064,2994,5201,170807,165207,22706,22128,35611,34670,10744,2,2
2021-09-05T23:59:59+02:00,1475,1361,12806,11895,15946,14445,17781,17478,21021,20917,22480,21441,14537,15692,10000,12216,3049,5295,11960,11058,15364,13734,17291,16842,20646,20433,22148,21026,14326,15444,9889,12064,2994,5200,170788,165198,22706,22128,35611,34670,10740,2,2
2021-09-04T23:59:59+02:00,1475,1361,12806,11895,15946,14445,17781,17478,21021,20916,22480,21441,14537,15691,10000,12216,3049,5295,11960,11058,15364,13734,17291,16842,20646,20432,22148,21026,14326,15443,9889,12064,2994,5200,170788,165198,22706,22128,35611,34670,10738,2,2
2021-09-03T23:59:59+02:00,1452,1333,12743,11830,15912,14397,17743,17443,20989,20888,22457,21416,14522,15677,9994,12207,3046,5293,11858,10965,15315,13671,17262,16799,20617,20408,22126,21007,14313,15434,9884,12056,2993,5199,170414,164698,22706,22128,35611,34665,10621,2,2
2021-09-02T23:59:59+02:00,1442,1324,12692,11804,15865,14356,17717,17411,20960,20865,22437,21404,14514,15654,9985,12201,3044,5291,11827,10943,15287,13644,17239,16775,20597,20392,22115,20998,14310,15419,9880,12052,2992,5197,170181,164590,22706,22128,35611,34665,10478,2,2
2021-09-01T23:59:59+02:00,1435,1320,12662,11783,15851,14331,17710,17398,20957,20862,22432,21401,14512,15647,9983,12197,3043,5289,11816,10924,15279,13632,17229,16768,20593,20386,22111,20991,14308,15419,9879,12050,2992,5197,170033,164494,22706,22128,35611,34665,10473,2,2
2021-08-31T23:59:59+02:00,1422,1305,12608,11747,15822,14284,17686,17373,20932,20847,22410,21391,14505,15643,9982,12192,3042,5289,11768,10890,15249,13593,17202,16731,20570,20367,22086,20976,14303,15418,9874,12047,2991,5196,169859,164332,22706,22127,35611,34665,10313,2,2
2021-08-30T23:59:59+02:00,1415,1303,12595,11722,15804,14268,17672,17362,20910,20829,22401,21380,14498,15638,9978,12187,3042,5287,11732,10851,15218,13565,17190,16708,20547,20352,22078,20967,14297,15415,9870,12042,2991,5195,169790,164186,22706,22127,35611,34665,10193,2,2
2021-08-29T23:59:59+02:00,1415,1303,12593,11722,15801,14268,17671,17362,20910,20829,22401,21380,14498,15638,9978,12187,3042,5287,11731,10849,15214,13564,17190,16708,20545,20352,22078,20967,14297,15415,9870,12042,2991,5195,169786,164177,22706,22127,35611,34665,10191,2,2
2021-08-28T23:59:59+02:00,1415,1303,12593,11722,15801,14268,17671,17362,20910,20829,22401,21380,14498,15638,9978,12187,3042,5287,11730,10849,15214,13564,17189,16708,20545,20352,22078,20967,14297,15415,9870,12042,2991,5195,169786,164175,22706,22127,35611,34665,10191,2,2
2021-08-27T23:59:59+02:00,1414,1297,12568,11703,15777,14246,17651,17339,20890,20820,22385,21366,14492,15632,9974,12181,3041,5285,11714,10838,15192,13548,17174,16692,20528,20344,22063,20954,14291,15410,9864,12035,2990,5193,169716,164148,22706,22127,35611,34664,10037,2,2
2021-08-26T23:59:59+02:00,1410,1293,12532,11677,15743,14217,17624,17325,20863,20801,22371,21353,14483,15627,9970,12175,3040,5283,11653,10772,15134,13494,17133,16663,20496,20318,22046,20932,14277,15397,9856,12031,2987,5191,169634,163867,22706,22126,35611,34663,9845,2,2
2021-08-25T23:59:59+02:00,1405,1290,12516,11660,15724,14203,17611,17309,20855,20791,22366,21343,14481,15620,9969,12172,3039,5283,11591,10710,15082,13452,17112,16632,20485,20301,22031,20921,14272,15390,9853,12029,2985,5188,169510,163516,22706,22126,35611,34663,9819,2,2
2021-08-24T23:59:59+02:00,1397,1281,12488,11638,15697,14168,17594,17292,20839,20777,22349,21330,14475,15608,9964,12163,3035,5281,11558,10687,15048,13412,17086,16616,20464,20278,22006,20911,14264,15378,9847,12021,2984,5186,169408,163375,22706,22126,35611,34663,9659,2,2
2021-08-23T23:59:59+02:00,1395,1277,12460,11621,15666,14142,17561,17274,20809,20767,22333,21317,14459,15595,9961,12159,3034,5280,11491,10630,14987,13359,17040,16587,20428,20254,21984,20893,14244,15367,9842,12014,2983,5184,169371,163125,22705,22125,35611,34663,9431,2,2
2021-08-22T23:59:59+02:00,1394,1277,12459,11619,15664,14141,17561,17274,20808,20765,22332,21317,14458,15595,9961,12159,3034,5280,11491,10626,14985,13357,17039,16585,20427,20254,21984,20893,14243,15367,9842,12014,2983,5184,169361,163114,22705,22124,35611,34663,9429,2,2
2021-08-21T23:59:59+02:00,1315,1202,12299,11426,15585,14016,17498,17188,20766,20723,22299,21273,14448,15579,9953,12146,3033,5276,11393,10536,14921,13304,17002,16542,20396,20229,21962,20863,14231,15355,9835,12003,2981,5180,168291,162527,22705,22117,35611,34663,9426,2,2
2021-08-20T23:59:59+02:00,1309,1202,12276,11399,15569,14001,17476,17169,20759,20713,22290,21266,14445,15571,9953,12143,3033,5276,11285,10459,14829,13229,16901,16436,20335,20174,21927,20830,14219,15336,9827,11998,2980,5180,168288,162443,22537,21418,35611,34649,9422,2,2
2021-08-19T23:59:59+02:00,1305,1198,12211,11348,15472,13951,17399,17115,20707,20674,22253,21222,14427,15556,9944,12130,3032,5272,11182,10362,14719,13155,16801,16360,20275,20126,21887,20777,14196,15321,9818,11985,2978,5173,168172,162108,22537,21418,35611,34648,8903,2,2
2021-08-18T23:59:59+02:00,1298,1196,12190,11334,15461,13941,17392,17105,20697,20663,22251,21214,14425,15551,9942,12129,3032,5272,11141,10322,14690,13131,16770,16332,20260,20114,21877,20773,14189,15314,9817,11984,2978,5173,168055,161846,22537,21418,35611,34648,8897,2,2
2021-08-17T23:59:59+02:00,1290,1190,12159,11309,15432,13915,17371,17080,20678,20651,22242,21199,14418,15547,9934,12126,3031,5271,11045,10254,14637,13073,16726,16289,20228,20090,21855,20750,14182,15306,9810,11973,2975,5173,167903,161422,22537,21416,35611,34647,8799,2,2
2021-08-16T23:59:59+02:00,1287,1186,12135,11285,15413,13893,17354,17064,20653,20627,22223,21190,14408,15536,9932,12123,3029,5270,10976,10182,14576,13009,16686,16251,20191,20056,21831,20730,14165,15293,9805,11959,2970,5170,167842,161043,22537,21415,35611,34647,8625,2,2
2021-08-15T23:59:59+02:00,1286,1186,12132,11284,15411,13891,17353,17063,20652,20626,22221,21189,14408,15536,9932,12123,3029,5269,10974,10173,14565,13004,16683,16249,20188,20055,21831,20730,14165,15293,9805,11959,2970,5170,167826,161008,22537,21414,35611,34647,8624,2,2
2021-08-14T23:59:59+02:00,1286,1186,12132,11284,15411,13891,17353,17063,20652,20626,22221,21189,14408,15536,9932,12123,3029,5269,10939,10138,14539,12980,16667,16232,20182,20046,21826,20726,14165,15293,9805,11959,2969,5170,167826,160813,22537,21414,35611,34647,8624,2,2
2021-08-13T23:59:59+02:00,1218,1112,12038,11179,15373,13847,17321,17017,20623,20600,22195,21165,14400,15525,9925,12116,3028,5267,10867,10077,14496,12921,16626,16195,20165,20024,21808,20711,14159,15280,9801,11951,2968,5169,167274,160454,22537,21413,35611,34647,8534,2,2
2021-08-12T23:59:59+02:00,1215,1107,12016,11169,15345,13827,17297,16988,20600,20584,22172,21141,14389,15513,9917,12108,3028,5264,10792,10007,14439,12859,16574,16150,20136,20002,21776,20681,14147,15265,9791,11939,2966,5165,167191,160084,22536,21412,35611,34647,8349,2,2
2021-08-11T23:59:59+02:00,1203,1100,11994,11145,15331,13817,17281,16975,20591,20574,22166,21131,14381,15508,9908,12103,3027,5262,10683,9902,14358,12770,16538,16106,20102,19973,21752,20669,14134,15250,9779,11927,2964,5161,167008,159398,22536,21409,35611,34646,8349,2,2
2021-08-10T23:59:59+02:00,1203,1088,11970,11128,15307,13803,17261,16961,20574,20560,22149,21119,14370,15503,9906,12099,3027,5260,10629,9850,14310,12735,16501,16083,20076,19950,21728,20647,14121,15238,9776,11924,2964,5157,166924,159121,22536,21409,35611,34646,8224,2,2
2021-08-09T23:59:59+02:00,1199,1081,11939,11097,15287,13784,17245,16941,20562,20550,22131,21109,14359,15499,9902,12093,3027,5258,10577,9791,14267,12700,16467,16052,20059,19934,21710,20639,14108,15230,9768,11917,2964,5152,166804,158849,22536,21409,35611,34646,8119,2,2
2021-08-08T23:59:59+02:00,1196,1080,11935,11091,15284,13783,17241,16939,20559,20546,22129,21108,14359,15497,9901,12092,3027,5258,10573,9790,14264,12695,16463,16049,20058,19933,21708,20639,14106,15230,9767,11916,2964,5152,166766,158823,22536,21407,35611,34646,8119,2,2
2021-08-07T23:59:59+02:00,1196,1080,11933,11089,15282,13778,17240,16937,20558,20544,22128,21108,14359,15496,9901,12091,3027,5258,10572,9789,14263,12694,16463,16047,20057,19932,21708,20636,14105,15230,9767,11916,2964,5152,166746,158811,22536,21407,35611,34646,8119,2,2
2021-08-06T23:59:59+02:00,1194,1078,11915,11079,15253,13765,17215,16922,20538,20526,22117,21099,14356,15492,9899,12087,3027,5258,10554,9778,14229,12682,16438,16031,20037,19917,21697,20627,14102,15226,9765,11912,2964,5152,166733,158801,22536,21406,35611,34645,7947,2,2
2021-08-05T23:59:59+02:00,1185,1069,11873,11047,15219,13741,17189,16888,20508,20506,22086,21080,14343,15474,9894,12079,3023,5257,10527,9765,14199,12662,16420,16011,20007,19902,21672,20612,14091,15215,9760,11907,2961,5151,166590,158772,22536,21404,35611,34644,7730,2,2
2021-08-04T23:59:59+02:00,1172,1060,11844,11015,15206,13724,17175,16875,20497,20494,22075,21067,14336,15469,9890,12077,3022,5256,10517,9748,14185,12653,16405,16004,19996,19894,21666,20610,14089,15214,9759,11907,2960,5150,166386,158696,22534,21374,35610,34644,7730,2,2
2021-08-03T23:59:59+02:00,1166,1055,11801,10981,15169,13699,17150,16843,20476,20474,22055,21045,14323,15451,9886,12074,3021,5255,10479,9728,14153,12636,16385,15984,19979,19882,21649,20597,14081,15196,9755,11905,2960,5150,166253,158653,22534,21372,35610,34642,7533,2,2
2021-08-02T23:59:59+02:00,1163,1053,11782,10964,15149,13677,17134,16824,20458,20464,22047,21035,14312,15440,9880,12072,3021,5253,10459,9713,14134,12613,16369,15965,19959,19874,21642,20586,14072,15184,9749,11903,2960,5148,166203,158611,22534,21371,35610,34641,7387,2,2
2021-08-01T23:59:59+02:00,1163,1053,11781,10960,15149,13677,17133,16823,20458,20463,22045,21035,14312,15439,9880,12072,3021,5252,10457,9712,14128,12612,16366,15965,19959,19873,21641,20585,14072,15184,9749,11903,2960,5148,166192,158598,22533,21369,35610,34640,7387,2,2
2021-07-31T23:59:59+02:00,1163,1053,11781,10960,15149,13677,17133,16823,20458,20463,22045,21035,14312,15439,9880,12072,3021,5252,10457,9711,14124,12609,16366,15965,19959,19871,21641,20585,14072,15184,9749,11903,2960,5148,166192,158589,22533,21368,35610,34640,7387,2,2
2021-07-30T23:59:59+02:00,1163,1053,11748,10946,15115,13654,17098,16795,20431,20444,22008,21016,14295,15431,9874,12064,3020,5251,10424,9699,14090,12585,16331,15937,19932,19852,21604,20565,14054,15176,9743,11895,2959,5147,166189,158585,22533,21368,35610,34638,7080,2,2
2021-07-29T23:59:59+02:00,1151,1045,11716,10917,15091,13631,17088,16782,20423,20433,21999,21010,14292,15430,9871,12062,3017,5250,10419,9690,14070,12577,16320,15929,19929,19850,21599,20564,14052,15173,9743,11895,2959,5147,165997,158513,22533,21366,35610,34638,7074,2,2
2021-07-28T23:59:59+02:00,1136,1039,11681,10872,15063,13601,17069,16763,20415,20420,21990,21003,14288,15428,9868,12060,3016,5249,10408,9680,14051,12561,16309,15919,19921,19846,21596,20562,14051,15171,9743,11894,2959,5147,165774,158439,22532,21365,35610,34636,7051,2,2
2021-07-27T23:59:59+02:00,1133,1038,11658,10857,15039,13582,17050,16754,20402,20401,21972,20984,14280,15414,9861,12056,3015,5247,10383,9670,14024,12536,16291,15910,19907,19827,21579,20541,14043,15159,9736,11890,2958,5146,165748,158412,22532,21365,35610,34636,6859,2,2
2021-07-26T23:59:59+02:00,1127,1026,11603,10796,14995,13545,17023,16732,20367,20370,21943,20968,14263,15405,9854,12048,3015,5246,10344,9644,13990,12506,16266,15893,19869,19792,21529,20512,14026,15149,9728,11881,2958,5145,165578,158349,22531,21364,35610,34576,6613,2,2
2021-07-25T23:59:59+02:00,1126,1025,11601,10792,14991,13544,17022,16731,20366,20370,21943,20968,14262,15405,9854,12048,3015,5246,10341,9632,13984,12499,16262,15891,19867,19792,21529,20512,14026,15149,9728,11881,2958,5144,165564,158315,22528,21361,35610,34576,6613,2,2
2021-07-24T23:59:59+02:00,1126,1025,11598,10790,14989,13543,17022,16730,20364,20368,21943,20967,14262,15405,9854,12048,3015,5246,10221,9522,13815,12357,15840,15526,19718,19669,21511,20486,14012,15134,9721,11873,2958,5143,165557,158293,22523,19696,35610,34576,6611,2,2
2021-07-23T23:59:59+02:00,1102,1012,11484,10718,14907,13484,16969,16675,20322,20315,21905,20929,14246,15385,9844,12040,3013,5245,8472,8148,12417,11247,15349,15088,19425,19345,21296,20294,13934,15050,9664,11823,2953,5139,165140,150631,22523,19696,35610,34519,6325,2,2
2021-07-22T23:59:59+02:00,1080,1005,11417,10650,14851,13436,16931,16649,20302,20284,21888,20904,14221,15370,9827,12030,3011,5242,7946,7674,11799,10748,14632,14485,19230,19172,21138,20118,13855,14964,9632,11774,2944,5127,164786,146232,22523,19694,35610,34506,6180,2,2
2021-07-21T23:59:59+02:00,1067,996,11372,10600,14813,13403,16900,16620,20284,20267,21870,20893,14210,15365,9825,12022,3009,5240,7942,7666,11787,10738,14626,14483,19223,19171,21083,20081,13852,14962,9632,11773,2943,5125,164449,146195,22523,19687,35610,34404,6175,2,2
2021-07-20T23:59:59+02:00,1054,981,11321,10561,14783,13375,16868,16602,20259,20247,21846,20875,14199,15352,9823,12016,3008,5239,7931,7660,11773,10730,14620,14476,19213,19167,21076,20077,13851,14960,9632,11773,2943,5125,164142,146163,22523,19687,35610,34396,6135,2,2
2021-07-19T23:59:59+02:00,1041,965,11271,10511,14754,13341,16846,16583,20240,20227,21833,20867,14193,15348,9819,12007,3006,5235,7926,7657,11767,10726,14615,14475,19210,19167,21062,20061,13849,14959,9631,11771,2943,5125,163823,146136,22523,19685,35610,34365,6132,2,2
2021-07-18T23:59:59+02:00,1041,965,11270,10511,14754,13339,16844,16581,20240,20226,21833,20867,14192,15348,9819,12007,3006,5235,7923,7653,11758,10719,14611,14472,19209,19166,21051,20056,13849,14959,9631,11771,2943,5125,163814,146108,22523,19684,35610,34346,6132,2,2
2021-07-17T23:59:59+02:00,1039,965,11224,10483,14694,13295,16806,16552,20204,20212,21807,20844,14181,15335,9816,12004,3006,5234,7848,7594,11614,10589,14417,14305,18782,18846,20852,19882,13821,14918,9616,11748,2940,5119,163785,146100,22515,18026,35609,34346,5793,2,2
2021-07-16T23:59:59+02:00,1018,948,11028,10344,14590,13197,16705,16475,20127,20147,21755,20796,14154,15310,9801,11997,3002,5229,7574,7394,10686,9959,13952,13994,18555,18650,19990,19223,13654,14704,9507,11616,2924,5095,163461,142664,21976,18016,35609,32558,5577,2,2
2021-07-15T23:59:59+02:00,994,932,10971,10281,14553,13166,16679,16454,20112,20130,21745,20787,14150,15306,9796,11993,3002,5225,7144,7024,8459,8223,13492,13601,18494,18593,19849,19086,13521,14562,9454,11553,2923,5085,163123,136288,21975,18012,35609,32520,5569,2,2
2021-07-14T23:59:59+02:00,968,914,10895,10195,14487,13104,16640,16410,20075,20094,21719,20765,14138,15294,9783,11978,2998,5223,6598,6575,7370,7361,12920,13151,18396,18499,19741,18997,13491,14525,9437,11536,2921,5082,162631,131914,21975,18008,35609,32456,5465,2,2
2021-07-13T23:59:59+02:00,949,893,10814,10123,14441,13060,16613,16379,20051,20072,21708,20752,14131,15283,9780,11971,2996,5221,6347,6297,6908,6974,12606,12883,18379,18477,19696,18960,13378,14416,9434,11532,2921,5079,162195,131869,21972,15748,35609,32452,5461,2,2
2021-07-12T23:59:59+02:00,929,881,10761,10073,14394,13015,16571,16349,20036,20060,21701,20746,14129,15278,9776,11967,2996,5218,6208,6202,6749,6853,12310,12639,17683,17910,19598,18880,13344,14391,9417,11510,2921,5075,161898,129325,21972,15744,35609,32448,5401,2,2
2021-07-11T23:59:59+02:00,929,881,10760,10071,14392,13014,16570,16349,20035,20060,21701,20746,14129,15278,9776,11967,2996,5218,6204,6198,6746,6850,12309,12639,17683,17910,19597,18879,13344,14391,9417,11509,2920,5073,161895,129316,21972,15744,35609,32441,5396,2,2
2021-07-10T23:59:59+02:00,926,876,10753,10058,14385,13007,16563,16349,20033,20053,21695,20741,14129,15277,9776,11967,2996,5218,6197,6190,6736,6845,12306,12635,17682,17905,19592,18876,13343,14391,9417,11509,2920,5073,161828,129266,21972,15744,35609,32441,5393,2,2
2021-07-09T23:59:59+02:00,912,860,10703,10015,14351,12979,16527,16319,19998,20030,21667,20719,14110,15262,9761,11959,2995,5215,5388,5457,6604,6745,12146,12530,17450,17799,19386,18743,13280,14318,9390,11490,2917,5070,161644,126361,21971,15744,35609,31489,5158,2,2
2021-07-08T23:59:59+02:00,910,860,10644,9972,14264,12925,16463,16269,19947,19983,21639,20695,14097,15245,9755,11946,2994,5209,5257,5347,6389,6569,11707,12188,16940,17427,19126,18556,13217,14234,9364,11454,2911,5058,161627,124435,21970,15741,35609,30982,4611,2,2
2021-07-07T23:59:59+02:00,909,860,10641,9965,14260,12921,16461,16267,19947,19980,21639,20695,14097,15245,9755,11946,2994,5209,5116,5164,5915,6157,10502,11205,16886,17361,19072,18511,13200,14212,9355,11451,2907,5048,161612,120762,21967,15739,35609,30979,4603,2,2
2021-07-06T23:59:59+02:00,909,860,10639,9964,14256,12919,16459,16267,19947,19980,21639,20694,14097,15244,9755,11946,2994,5209,5097,5158,5908,6150,10502,11205,16884,17361,19070,18511,13200,14210,9355,11451,2907,5048,161607,120740,21963,15736,35609,30963,4599,2,2
2021-07-05T23:59:59+02:00,909,860,10633,9959,14238,12917,16449,16265,19946,19980,21637,20694,14097,15244,9755,11946,2994,5209,5088,5155,5889,6148,10492,11202,16881,17361,19068,18510,13200,14210,9355,11451,2906,5048,161597,120733,21963,15733,35609,30956,4563,2,2
2021-07-04T23:59:59+02:00,909,860,10623,9950,14237,12913,16448,16265,19945,19979,21636,20693,14097,15244,9755,11945,2993,5208,5055,5114,5803,6070,10365,11088,16874,17358,19067,18505,13195,14208,9353,11446,2903,5046,161590,120253,21962,15732,35609,30947,4539,2,2
2021-07-03T23:59:59+02:00,828,791,8697,8410,12771,11753,15977,15807,19659,19679,21467,20528,14023,15168,9701,11899,2987,5204,4946,4985,5530,5814,10127,10872,16730,17216,18877,18354,13170,14174,9343,11436,2901,5044,153252,118695,21962,15732,35609,30579,4526,2,2
2021-07-02T23:59:59+02:00,828,789,8695,8404,12764,11749,15974,15806,19657,19679,21467,20528,14022,15167,9701,11898,2986,5203,4089,4133,4889,5164,9147,9879,16359,16740,18394,17815,12821,13852,9283,11360,2899,5035,153232,114172,21960,15732,35608,27449,4517,2,2
2021-07-01T23:59:59+02:00,808,770,8488,8238,12682,11672,15940,15774,19645,19665,21456,20511,14018,15163,9696,11890,2983,5197,2267,2441,4456,4789,8651,9446,15731,16198,17842,17377,12763,13786,9253,11304,2884,5005,152539,106568,21960,15730,35608,27407,4489,2,1
2021-06-30T23:59:59+02:00,753,720,8242,8053,12508,11520,15825,15679,19579,19598,21417,20464,13999,15137,9683,11877,2982,5192,2209,2405,4365,4672,8545,9347,15533,16059,17106,16875,12110,13140,9194,11235,2877,4999,151188,106505,21958,15729,35607,23962,4475,2,1
2021-06-29T23:59:59+02:00,753,720,8234,8046,12504,11512,15821,15679,19577,19598,21417,20464,13999,15137,9683,11877,2982,5192,2186,2393,4342,4631,8521,9301,15497,16000,17030,16790,11756,12802,9166,11201,2874,4991,151172,106489,21955,15726,35606,22804,4462,2,1
2021-06-28T23:59:59+02:00,753,720,8230,8042,12495,11505,15816,15678,19577,19598,21417,20464,13998,15137,9683,11877,2982,5192,2178,2367,4294,4516,8446,9139,15376,15721,16863,16519,11448,12498,9143,11174,2873,4987,151152,106477,21954,15726,35606,20887,4452,2,1
2021-06-27T23:59:59+02:00,753,720,8227,8036,12491,11501,15813,15677,19574,19598,21417,20464,13998,15137,9683,11876,2982,5192,2168,2363,4285,4514,8264,8983,15355,15705,16861,16514,11443,12497,9142,11172,2873,4987,151140,106077,21952,15725,35606,20883,4441,2,1
2021-06-26T23:59:59+02:00,745,716,8015,7826,12014,11095,14697,14685,19324,19398,21314,20344,13955,15086,9670,11847,2979,5189,2128,2321,4229,4459,8166,8874,15094,15446,16799,16467,11426,12478,9130,11167,2873,4985,148658,105014,20195,15704,35605,20883,4441,2,1
2021-06-25T23:59:59+02:00,726,698,7988,7802,11999,11084,14697,14678,19317,19393,21310,20343,13955,15086,9669,11845,2979,5189,1997,2143,3939,4153,6641,7439,12432,13250,16723,16379,11398,12449,9119,11143,2867,4970,148517,96128,20195,15623,35605,20849,4441,2,1
2021-06-24T23:59:59+02:00,714,681,7503,7390,10916,10180,14165,14242,19246,19332,21262,20300,13933,15057,9656,11832,2978,5186,1929,2075,3578,3813,5875,6766,12184,13039,16477,16171,11294,12322,9029,11016,2856,4936,144347,94890,20192,13239,35604,20800,4430,2,1
2021-06-23T23:59:59+02:00,714,681,7501,7385,10910,10176,14164,14241,19246,19331,21262,20299,13933,15057,9656,11832,2978,5186,1785,1910,3093,3414,4524,5595,11881,12772,16356,16054,11248,12282,9016,10989,2855,4929,144331,90259,20189,13238,35603,20776,4429,2,1
2021-06-22T23:59:59+02:00,714,681,7452,7356,10837,10127,14139,14215,19229,19316,21251,20292,13927,15047,9653,11829,2978,5186,1735,1879,3011,3360,4485,5562,11852,12733,16288,16003,11040,12091,8764,10688,2845,4898,144317,90240,20189,13232,35601,19639,4122,2,1
2021-06-21T23:59:59+02:00,712,681,7320,7288,10707,10028,13857,13964,18476,18698,21161,20215,13892,15015,9634,11804,2978,5183,1690,1854,2968,3323,4455,5532,11805,12699,16271,15986,11031,12080,8757,10680,2844,4897,141924,90114,20186,13229,35601,19626,3902,2,1
2021-06-20T23:59:59+02:00,712,681,7320,7283,10702,10025,13856,13964,18476,18698,21161,20215,13892,15015,9634,11804,2978,5183,1662,1825,2920,3307,4390,5493,11743,12666,16209,15926,11012,12064,8754,10671,2840,4894,141911,89633,20185,13224,35601,19616,3902,2,1
2021-06-19T23:59:59+02:00,712,680,7286,7246,10596,9936,13674,13806,18060,18361,20975,20042,13874,14988,9622,11784,2975,5177,1631,1790,2881,3259,4310,5422,11407,12376,16171,15888,11003,12053,8752,10666,2838,4892,141868,88626,18423,13195,35601,19615,3902,2,1
2021-06-18T23:59:59+02:00,15,13,6479,6513,10588,9935,13673,13804,18058,18358,20975,20042,13874,14987,9622,11783,2974,5175,1500,1679,2642,3102,3679,4791,10263,11230,15959,15732,10961,12013,8729,10645,2824,4863,138952,83964,18422,13193,35601,19561,3893,2,1
2021-06-17T23:59:59+02:00,13,12,6408,6445,10471,9830,13348,13501,17670,18036,20863,19944,13855,14949,9610,11769,2966,5169,1419,1561,2486,2953,3323,4453,8652,9868,15444,15299,10785,11833,8673,10567,2807,4835,137059,78482,18422,13187,35600,19510,3778,2,1
2021-06-16T23:59:59+02:00,13,12,6401,6438,10460,9826,13346,13499,17667,18035,20862,19943,13855,14949,9609,11768,2966,5169,1366,1515,2383,2875,3139,4274,7561,8927,14944,14912,10703,11722,8637,10520,2796,4819,137025,74651,18419,13183,35600,19484,3774,2,1
2021-06-15T23:59:59+02:00,13,12,6369,6419,10419,9795,13316,13483,17647,18015,20849,19929,13846,14941,9606,11762,2963,5166,1284,1457,2255,2772,3022,4188,6637,8192,14743,14745,10679,11693,8624,10498,2787,4812,137010,74640,18418,10760,35598,19464,3523,2,1
2021-06-14T23:59:59+02:00,13,12,6350,6400,10384,9769,13295,13463,17630,17997,20830,19918,13835,14932,9603,11760,2963,5162,1258,1441,2219,2745,3000,4167,6621,8172,14722,14735,10667,11684,8621,10497,2786,4808,136991,74631,18417,10760,35598,19443,3308,2,1
2021-06-13T23:59:59+02:00,13,12,6349,6400,10381,9767,13295,13459,17630,17997,20830,19918,13834,14932,9603,11760,2963,5162,1254,1435,2215,2736,2990,4157,6604,8155,14622,14670,10654,11661,8615,10485,2783,4808,136982,74339,18417,10760,35598,19438,3306,2,1
2021-06-12T23:59:59+02:00,10,10,5566,5641,10336,9728,13261,13434,17602,17975,20804,19887,13752,14859,9603,11757,2962,5162,1246,1417,2202,2719,2970,4131,6530,8071,14450,14533,10425,11376,8133,9947,2781,4807,135026,73834,18417,10760,35598,17837,3306,2,1
2021-06-11T23:59:59+02:00,9,10,5562,5634,10326,9721,13246,13422,17595,17970,20800,19885,13752,14858,9603,11755,2962,5162,1171,1333,2083,2560,2799,3876,5021,6736,12730,13152,10285,11229,8047,9842,2774,4791,134952,66538,18417,10759,35598,17828,3303,2,1
2021-06-10T23:59:59+02:00,3,4,4568,4690,10158,9594,13132,13337,17340,17735,20559,19703,13742,14847,9597,11745,2959,5159,1115,1272,1968,2454,2635,3699,4413,6097,11564,12162,9984,10904,7962,9757,2762,4766,131634,61706,18413,10758,35598,17823,3226,1,1
2021-06-09T23:59:59+02:00,3,4,3983,4097,9954,9446,13043,13265,17029,17468,20333,19521,13727,14834,9592,11739,2958,5154,1042,1228,1868,2384,2541,3586,4086,5793,11141,11837,9856,10746,7916,9691,2751,4757,129284,61627,18400,8912,35598,17816,2867,1,1
2021-06-08T23:59:59+02:00,3,4,3971,4090,9941,9435,13031,13258,17022,17459,20325,19519,13725,14831,9591,11736,2957,5152,996,1219,1845,2369,2514,3572,4060,5773,11130,11834,9853,10741,7915,9689,2750,4755,129267,61510,18397,8905,35597,17811,2788,1,1
2021-06-07T23:59:59+02:00,3,4,3957,4081,9908,9423,13021,13239,16999,17447,20309,19508,13721,14827,9588,11732,2955,5150,985,1211,1810,2356,2504,3553,4036,5759,11112,11820,9850,10735,7912,9686,2748,4753,129253,61499,18395,8902,35595,17800,2628,1,1
2021-06-06T23:59:59+02:00,3,4,3953,4077,9902,9418,13019,13239,16996,17446,20308,19506,13719,14826,9588,11732,2955,5150,982,1208,1798,2354,2498,3544,4022,5752,10984,11676,9839,10728,7911,9686,2748,4753,129237,61174,18394,8901,35593,17791,2616,1,1
2021-06-05T23:59:59+02:00,2,1,3658,3778,7402,7414,12780,13053,16967,17417,20264,19465,13603,14682,9513,11640,2951,5138,905,1136,1636,2253,2332,3463,3795,5611,10081,10835,9453,10272,7798,9530,2740,4733,123255,57893,18394,8901,35593,17293,2485,1,1
2021-06-04T23:59:59+02:00,2,1,3592,3722,7250,7299,12311,12656,16828,17304,20029,19229,13484,14537,9455,11561,2937,5121,879,1071,1606,2148,2293,3296,3719,5353,9440,10155,8606,9250,7522,9126,2736,4722,120852,56416,18394,8899,35593,14128,2478,1,1
2021-06-03T23:59:59+02:00,2,1,3182,3334,7223,7284,12184,12538,16796,17262,19941,19163,13472,14520,9453,11558,2936,5120,851,1002,1560,2024,2212,3096,3530,4972,8863,9537,7844,8378,7048,8510,2733,4714,119620,54785,18391,8897,35589,10823,2368,1,1
2021-06-02T23:59:59+02:00,0,1,2796,3018,6068,6346,11878,12302,16736,17211,19819,19057,13409,14464,9431,11537,2934,5112,836,967,1494,2000,2098,3058,3359,4870,7497,8454,7764,8299,7032,8482,2730,4709,115881,51674,18390,8897,35589,10819,2258,1,1
2021-06-01T23:59:59+02:00,0,1,2511,2716,5582,5914,11553,12018,16712,17188,19768,19020,13286,14341,9424,11533,2933,5109,819,960,1478,1990,2077,3045,3333,4851,7198,8130,7725,8265,7022,8467,2729,4709,115859,50989,16038,8877,35589,10809,2122,1,1
2021-05-31T23:59:59+02:00,0,1,2496,2712,5562,5906,11525,11996,16676,17176,19727,18998,13283,14337,9420,11531,2933,5107,803,953,1459,1980,2046,3025,3297,4837,7157,8108,7721,8260,7018,8465,2729,4707,115846,50975,16034,8871,35588,10801,1917,1,1
2021-05-30T23:59:59+02:00,0,1,2493,2710,5559,5902,11524,11995,16673,17175,19725,18997,13283,14337,9420,11531,2933,5107,802,949,1453,1977,2043,3023,3295,4835,7156,8108,7721,8260,7018,8464,2729,4707,115830,50967,16034,8871,35585,10786,1915,1,1
2021-05-29T23:59:59+02:00,0,1,2479,2696,5394,5748,11457,11937,16665,17169,19718,18996,13282,14335,9418,11531,2933,5107,765,899,1340,1882,1764,2769,2889,4411,6871,7836,7537,8035,6842,8236,2726,4701,115331,50319,16034,8871,35585,8397,1915,1,1
2021-05-28T23:59:59+02:00,0,1,2346,2569,4974,5355,10766,11318,16599,17107,19692,18967,13273,14321,9399,11502,2931,5098,744,876,1280,1827,1675,2698,2756,4306,5286,6140,7372,7839,6800,8180,2723,4691,112688,46024,16034,8871,35585,8387,1910,1,1
2021-05-27T23:59:59+02:00,0,1,2326,2548,4924,5288,10098,10748,16558,17075,19677,18956,13263,14311,9397,11500,2931,5098,691,784,1174,1753,1464,2557,2382,4000,4404,5228,7135,7530,6708,8063,2706,4672,111297,42233,16031,8865,35583,8365,1787,1,1
2021-05-26T23:59:59+02:00,0,1,2288,2486,4752,5109,9663,10386,16506,17021,19609,18902,13249,14292,9386,11498,2927,5085,675,740,1124,1720,1375,2477,2173,3828,4275,5091,6972,7316,6628,7964,2694,4658,109883,40830,16028,8864,35583,8350,1665,1,1
2021-05-25T23:59:59+02:00,0,1,2285,2478,4722,5092,9637,10360,16481,17003,19595,18895,13244,14290,9383,11495,2927,5085,668,727,1079,1702,1322,2432,2103,3768,3734,4512,6670,6973,6594,7927,2693,4656,109877,40822,16026,6909,35582,8341,1487,1,1
2021-05-24T23:59:59+02:00,0,1,2276,2471,4710,5086,9628,10354,16454,16982,19569,18870,13234,14279,9380,11485,2926,5081,658,722,1067,1695,1312,2425,2078,3748,3708,4487,6658,6962,6591,7917,2692,4652,109869,40814,16023,6909,35582,8337,1311,1,1
2021-05-23T23:59:59+02:00,0,1,2260,2440,4621,5012,9494,10232,16451,16981,19569,18869,13232,14277,9377,11481,2924,5080,657,719,1065,1694,1311,2425,2078,3748,3708,4485,6657,6962,6591,7917,2692,4652,109385,40807,16023,6908,35581,8334,1311,1,1
2021-05-22T23:59:59+02:00,0,1,2240,2421,4612,4995,9414,10151,16428,16967,19517,18826,13204,14247,9374,11475,2924,5079,656,717,1064,1691,1309,2422,2075,3743,3692,4471,5824,6063,6519,7836,2684,4647,108959,38859,16023,6908,35581,8334,1311,1,1
2021-05-21T23:59:59+02:00,0,1,2206,2388,4503,4908,9214,9974,16400,16934,19502,18819,13194,14238,9372,11473,2919,5068,645,690,1027,1624,1259,2299,1988,3563,3346,4036,4059,3953,6475,7770,2679,4632,108213,34846,16023,6908,35578,6992,1298,1,1
2021-05-20T23:59:59+02:00,0,1,2177,2347,4419,4847,8991,9744,16350,16882,19449,18767,13164,14204,9354,11456,2918,5063,589,584,902,1311,1087,1892,1767,3027,2787,3354,3221,2995,6428,7719,2675,4627,107355,33009,16019,6907,35569,3859,1189,1,1
2021-05-19T23:59:59+02:00,0,1,2017,2177,3920,4427,7609,8553,16077,16635,19326,18643,13116,14157,9344,11430,2916,5060,574,548,866,1255,1058,1842,1741,2973,2737,3310,3213,2983,6424,7716,2675,4626,102739,32985,16016,6905,35567,3565,1085,1,1
2021-05-18T23:59:59+02:00,0,1,1969,2125,3613,4138,6947,7953,15928,16519,19242,18560,13082,14123,9288,11356,2910,5046,567,544,859,1253,1049,1833,1711,2957,2728,3291,3208,2978,6420,7712,2675,4626,102718,32979,13544,6900,35563,3557,974,1,1
2021-05-17T23:59:59+02:00,0,1,1961,2117,3593,4124,6902,7929,15900,16501,19221,18541,13072,14101,9286,11355,2910,5046,559,537,839,1237,1006,1809,1683,2939,2705,3270,3196,2959,6420,7711,2675,4626,102710,32973,13541,6899,35561,3551,747,1,1
2021-05-16T23:59:59+02:00,0,1,1956,2114,3586,4119,6715,7764,15877,16482,19217,18536,13066,14100,9285,11354,2910,5046,559,537,838,1234,1005,1808,1683,2938,2703,3270,3196,2959,6420,7711,2675,4626,102285,32970,13539,6899,35557,3546,746,1,1
2021-05-15T23:59:59+02:00,0,1,1928,2078,3546,4081,6629,7661,15607,16214,19161,18494,13047,14081,9276,11349,2910,5044,559,537,838,1233,1005,1808,1681,2937,2703,3270,3195,2959,6419,7711,2675,4626,101264,32966,13539,6899,35557,3544,746,1,1
2021-05-14T23:59:59+02:00,0,1,1819,1933,3298,3832,5040,6181,12951,14015,19096,18408,13022,14051,9269,11336,2907,5038,559,536,834,1233,1005,1808,1680,2936,2697,3268,3190,2953,6416,7709,2675,4625,92368,32948,13539,6897,35555,3544,734,1,1
2021-05-13T23:59:59+02:00,0,1,1793,1885,3259,3782,4928,6079,12745,13831,18936,18280,12946,13956,9236,11285,2907,5037,553,533,827,1224,995,1795,1661,2917,2590,3175,2528,2145,4960,5907,2665,4606,91152,29931,13448,4874,35553,3543,732,1,1
2021-05-12T23:59:59+02:00,0,1,1793,1885,3257,3781,4928,6079,12745,13831,18935,18280,12945,13955,9236,11285,2907,5037,553,533,827,1224,994,1795,1661,2916,2587,3173,2528,2144,4960,5905,2665,4606,91147,29926,13448,4869,35552,3543,732,1,1
2021-05-11T23:59:59+02:00,0,1,1748,1840,3165,3704,4837,6012,11810,13099,18741,18121,12930,13934,9229,11271,2901,5033,552,531,824,1219,993,1794,1660,2915,2577,3168,2527,2142,4958,5904,2664,4606,91132,29915,10975,4857,35544,3537,724,1,1
2021-05-10T23:59:59+02:00,0,1,1731,1837,3158,3701,4831,6008,11809,13098,18740,18121,12930,13934,9229,11271,2901,5033,551,529,824,1219,992,1794,1659,2915,2577,3168,2526,2141,4958,5904,2664,4606,91119,29914,10970,4856,35519,3532,724,1,1
2021-05-09T23:59:59+02:00,0,1,1695,1790,3104,3686,4761,5973,11742,13077,18677,18061,12910,13915,9226,11261,2899,5031,549,526,814,1218,984,1788,1646,2912,2573,3167,2526,2139,4957,5903,2664,4605,90646,29909,10966,4855,35512,3522,684,1,1
2021-05-08T23:59:59+02:00,0,1,1662,1756,3068,3637,4684,5902,11405,12775,18644,18027,12903,13908,9225,11259,2897,5031,537,525,807,1218,973,1788,1638,2912,2557,3156,2525,2139,4957,5902,2663,4604,89621,29905,10966,4855,35512,3456,684,1,1
2021-05-07T23:59:59+02:00,0,1,1519,1634,2817,3466,4011,5240,10195,11582,18443,17876,12864,13874,9205,11242,2889,5024,445,375,684,990,827,1471,1493,2497,2388,2798,2516,2129,4953,5898,2660,4601,84850,29899,10965,4855,35500,1404,566,1,1
2021-05-06T23:59:59+02:00,0,1,1456,1465,2683,3334,3684,4929,8482,10100,17925,17451,12696,13706,9158,11170,2886,5016,327,318,579,889,691,1381,1245,2283,2173,2602,2464,2097,4951,5891,2660,4600,79306,29876,10964,4854,35483,32,388,1,1
2021-05-05T23:59:59+02:00,0,1,1400,1390,2596,3262,3508,4754,7327,9082,17417,17053,12609,13593,9126,11125,2877,5001,327,318,577,888,690,1379,1198,2230,2161,2595,2460,2095,4950,5887,2660,4596,75426,29864,10958,4853,35474,31,262,1,1
2021-05-04T23:59:59+02:00,0,1,1387,1388,2589,3254,3506,4754,7325,9081,17416,17052,12609,13593,9126,11125,2877,5001,327,317,576,887,688,1379,1198,2230,2161,2595,2459,2094,4950,5887,2660,4595,75416,29859,10946,4853,35460,29,261,1,1
2021-05-03T23:59:59+02:00,0,1,1385,1382,2580,3248,3503,4748,7247,9022,17402,17044,12605,13591,9126,11125,2876,5000,324,311,572,882,685,1374,1120,2171,2147,2587,2455,2092,4950,5887,2659,4594,75407,29857,10946,4853,35459,27,72,1,1
2021-05-02T23:59:59+02:00,0,1,1377,1378,2577,3242,3490,4739,7227,9002,17297,16976,12592,13566,9120,11114,2873,5000,322,310,571,881,685,1374,1120,2170,2145,2587,2455,2092,4949,5885,2659,4594,75098,29851,10945,4852,35458,26,69,1,1
2021-05-01T23:59:59+02:00,0,1,1373,1372,2568,3232,3480,4721,7168,8941,17154,16859,12567,13542,9108,11108,2873,5000,322,310,571,881,685,1374,1120,2170,2145,2587,2455,2092,4947,5885,2658,4592,74595,29846,10944,4852,35458,26,69,1,1
2021-04-30T23:59:59+02:00,0,1,1303,1293,2447,3065,3312,4447,5609,7539,15399,15424,12424,13381,9013,10992,2858,4967,322,310,570,880,684,1374,1117,2168,2142,2584,2454,2082,4933,5876,2650,4574,67058,29829,10944,4851,35458,26,13,1,1
2021-04-29T23:59:59+02:00,0,1,1248,1254,2345,2955,3176,4277,4998,6889,14223,14399,12112,13052,8922,10910,2844,4939,319,308,570,879,684,1373,1116,2168,2140,2582,2452,2078,4932,5872,2649,4572,62131,29807,10944,4848,35456,26,12,1,1
2021-04-28T23:59:59+02:00,0,1,1186,1237,2283,2915,3110,4196,4688,6599,13808,14083,11996,12907,8881,10851,2836,4933,318,308,567,877,681,1373,1114,2165,2138,2575,2449,2075,4929,5867,2646,4569,62010,29801,9039,4819,35455,25,5,1,1
2021-04-27T23:59:59+02:00,0,1,1167,1234,2277,2914,3106,4194,4686,6599,13807,14082,11995,12906,8881,10851,2836,4933,318,308,567,877,680,1371,1114,2165,2137,2575,2449,2073,4929,5867,2646,4569,61978,29799,9032,4815,35453,25,5,1,1
2021-04-26T23:59:59+02:00,0,1,1167,1231,2275,2913,3102,4194,4672,6585,13767,14049,11991,12903,8881,10850,2836,4932,318,308,567,876,679,1371,1114,2165,2135,2574,2449,2073,4928,5866,2646,4569,61965,29795,9028,4813,35351,25,4,1,1
2021-04-25T23:59:59+02:00,0,1,1166,1231,2268,2913,3099,4187,4659,6578,13629,13895,11981,12897,8880,10849,2836,4932,318,308,566,876,678,1370,1112,2163,2135,2574,2449,2073,4928,5866,2646,4569,61638,29791,9025,4810,35333,25,4,1,1
2021-04-24T23:59:59+02:00,0,1,1101,1185,2132,2825,2959,4130,4448,6461,12758,13090,11705,12567,8814,10745,2829,4919,318,308,566,876,677,1369,1112,2163,2135,2574,2448,2073,4924,5865,2646,4569,58307,29784,9024,4810,35333,24,4,1,1
2021-04-23T23:59:59+02:00,0,1,1003,1165,1917,2797,2799,4096,4334,6348,11413,12030,11649,12504,8791,10698,2827,4916,317,308,566,876,676,1369,1111,2163,2133,2574,2447,2073,4923,5859,2646,4567,56820,29778,9024,4807,33440,19,3,1,1
2021-04-22T23:59:59+02:00,0,1,993,1156,1890,2783,2734,4070,4158,6229,10794,11515,11560,12416,8760,10651,2824,4911,316,307,566,876,676,1368,1109,2163,2132,2574,2447,2071,4921,5857,2646,4567,55120,29771,9023,4802,33298,19,3,1,1
2021-04-21T23:59:59+02:00,0,1,979,1141,1814,2758,2615,4035,4012,6155,9297,10354,11484,12347,8748,10627,2821,4908,315,307,565,876,675,1368,1108,2163,2132,2573,2443,2067,4918,5856,2645,4565,51948,29753,9022,4800,33122,19,3,1,1
2021-04-20T23:59:59+02:00,0,1,979,1140,1812,2756,2611,4031,4008,6154,9000,10031,11457,12322,8744,10617,2820,4907,315,307,565,876,675,1368,1108,2162,2131,2572,2443,2066,4916,5854,2644,4565,51246,29747,9019,4797,33121,19,3,1,1
2021-04-19T23:59:59+02:00,0,1,977,1138,1812,2753,2610,4030,4005,6152,8999,10030,11457,12322,8744,10616,2819,4907,315,307,563,875,675,1368,1106,2162,2130,2572,2443,2066,4916,5854,2644,4565,51237,29743,9014,4796,33117,18,3,1,1
2021-04-18T23:59:59+02:00,0,1,977,1137,1809,2753,2609,4028,4004,6152,8999,10030,11457,12322,8744,10614,2819,4906,315,307,563,875,674,1368,1106,2161,2130,2572,2443,2066,4916,5854,2644,4565,51228,29742,9013,4795,33116,18,3,1,1
2021-04-17T23:59:59+02:00,0,1,977,1136,1806,2747,2533,3936,3947,6070,8982,10012,11334,12170,8741,10612,2819,4905,310,301,559,868,666,1358,1088,2148,2083,2546,2397,2013,4866,5785,2638,4558,50595,29368,9013,4795,33116,17,3,1,1
2021-04-16T23:59:59+02:00,0,1,948,1102,1697,2663,2332,3801,3697,5894,7256,8198,11136,11925,8686,10549,2816,4891,303,296,544,849,633,1322,1006,2092,1857,2385,2247,1900,4679,5516,2576,4436,46244,29353,8938,3272,32406,12,3,1,1
2021-04-15T23:59:59+02:00,0,1,879,1052,1568,2575,2052,3648,3163,5565,6245,7232,10879,11588,8585,10426,2797,4868,303,296,543,848,631,1321,1005,2089,1622,2244,2095,1768,4491,5303,2522,4332,42437,29307,8935,2094,31747,8,3,1,1
2021-04-14T23:59:59+02:00,0,1,864,1023,1522,2538,1964,3567,2993,5429,6151,7121,10716,11380,8503,10326,2785,4854,283,287,509,821,560,1261,797,1946,1402,2120,2027,1693,4361,5139,2508,4304,41059,27912,8930,2094,31744,8,3,1,1
2021-04-13T23:59:59+02:00,0,1,859,1018,1510,2535,1941,3547,2962,5394,5627,6542,10416,11040,8472,10292,2784,4853,283,285,509,820,560,1261,797,1946,1401,2119,2024,1692,4361,5138,2508,4301,41046,27908,7004,2085,31739,8,3,1,1
2021-04-12T23:59:59+02:00,0,1,859,1016,1509,2532,1941,3547,2961,5393,5626,6542,10415,11039,8471,10292,2784,4853,283,284,509,820,558,1261,795,1945,1400,2119,2024,1692,4361,5137,2508,4301,41039,27902,7001,2083,31737,8,3,1,1
2021-04-11T23:59:59+02:00,0,1,859,1016,1507,2532,1939,3546,2960,5393,5626,6542,10414,11036,8471,10292,2784,4853,283,283,508,819,556,1261,794,1945,1398,2119,2024,1692,4361,5137,2508,4301,41035,27896,7000,2082,31733,8,2,1,1
2021-04-10T23:59:59+02:00,0,1,857,1013,1504,2528,1922,3534,2892,5327,5499,6445,10184,10818,8418,10242,2780,4852,283,282,508,818,555,1261,793,1945,1398,2119,2020,1688,4356,5128,2507,4298,40464,27866,7000,2082,31349,8,2,1,1
2021-04-09T23:59:59+02:00,0,1,819,980,1407,2473,1818,3476,2763,5273,5359,6380,7800,7989,8351,10148,2770,4834,282,282,506,817,553,1259,790,1945,1396,2115,2000,1666,4334,5109,2504,4293,34981,27758,6998,2082,30659,8,2,1,1
2021-04-08T23:59:59+02:00,0,1,818,977,1403,2470,1816,3473,2751,5264,5348,6366,7006,7071,8308,10097,2767,4831,280,281,506,816,553,1258,789,1945,1393,2114,1998,1666,4333,5106,2504,4293,33115,27743,6998,2081,30651,8,2,1,1
2021-04-07T23:59:59+02:00,0,1,766,957,1329,2400,1730,3404,2559,5157,4604,5882,6338,6429,8249,10036,2760,4825,280,281,506,816,553,1255,789,1945,1393,2114,1998,1666,4332,5105,2504,4292,33109,27740,6996,2080,27318,7,2,1,0
2021-04-06T23:59:59+02:00,0,1,734,950,1310,2365,1705,3363,2529,5111,4530,5806,5977,6072,8228,10012,2755,4819,280,280,506,815,553,1255,788,1945,1393,2114,1998,1665,4332,5105,2504,4292,33104,27737,6996,2079,26164,7,2,1,0
2021-04-05T23:59:59+02:00,0,1,731,922,1269,2242,1633,3198,2410,4841,4370,5535,5668,5764,8211,9986,2753,4815,280,280,506,814,553,1255,788,1945,1393,2114,1998,1665,4332,5105,2504,4292,33101,27736,6996,2079,24249,7,2,1,0
2021-04-04T23:59:59+02:00,0,1,711,897,1177,2027,1500,2934,2195,4407,4019,5035,5423,5540,8178,9932,2752,4807,280,280,505,813,551,1254,787,1944,1320,2077,1635,1392,4171,4924,2460,4226,33097,26532,6996,2079,21439,6,2,1,0
2021-04-03T23:59:59+02:00,0,1,711,897,1176,2026,1499,2934,2194,4407,4019,5035,5423,5539,8178,9932,2752,4807,280,280,505,813,551,1254,787,1944,1320,2077,1635,1392,4171,4924,2460,4226,33093,26532,6996,2079,21438,6,2,1,0
2021-04-02T23:59:59+02:00,0,1,711,896,1176,2026,1498,2934,2194,4407,4018,5034,5422,5538,8177,9930,2751,4805,280,280,505,813,550,1254,787,1944,1319,2077,1635,1392,4171,4924,2460,4226,33091,26531,6996,2079,21429,6,1,1,0
2021-04-01T23:59:59+02:00,0,1,706,894,1172,2020,1490,2925,2180,4389,3927,4949,4928,4937,7471,9034,2749,4800,280,278,504,810,550,1253,784,1942,1281,2049,1485,1296,4070,4823,2449,4213,30182,25987,6969,2073,21419,6,1,1,0
2021-03-31T23:59:59+02:00,0,1,706,893,1170,2019,1486,2920,2176,4388,3909,4938,4753,4717,6701,8100,2736,4779,279,277,503,809,546,1250,779,1936,1176,1972,1087,1030,3656,4358,2340,4038,30062,24019,4939,2011,21389,5,1,1,0
2021-03-30T23:59:59+02:00,0,1,706,893,1168,2016,1474,2911,2167,4379,3864,4911,4554,4536,6451,7802,2727,4763,279,276,503,807,546,1250,779,1935,1176,1972,1087,1030,3656,4358,2339,4037,30057,24014,4934,2011,20330,4,1,1,0
2021-03-29T23:59:59+02:00,0,1,705,891,1167,2016,1472,2911,2167,4379,3860,4909,4551,4534,6448,7793,2725,4744,279,275,503,807,546,1250,778,1934,1176,1972,1087,1029,3656,4358,2339,4036,30048,24009,4929,2011,20294,4,1,1,0
2021-03-28T23:59:59+02:00,0,1,704,891,1167,2012,1470,2909,2166,4376,3859,4909,4550,4534,6445,7789,2725,4742,278,275,501,807,546,1250,777,1934,1176,1972,1087,1028,3656,4358,2339,4036,30046,24005,4924,2010,20277,4,1,1,0
2021-03-27T23:59:59+01:00,0,1,700,886,1163,2004,1462,2899,2147,4361,3817,4883,4500,4476,6399,7731,2718,4729,274,270,487,797,535,1238,729,1899,1015,1880,825,839,3515,4203,2177,3720,29695,23033,4924,1365,20255,4,1,1,0
2021-03-26T23:59:59+01:00,0,1,700,886,1162,2003,1458,2898,2144,4360,3812,4880,4489,4454,6392,7716,2709,4715,273,270,487,795,533,1238,727,1899,1008,1872,688,745,2532,3040,2005,3506,29650,20248,4922,1365,20205,4,1,1,0
2021-03-25T23:59:59+01:00,0,1,699,885,1161,2002,1457,2895,2140,4354,3808,4876,4480,4443,6379,7687,2684,4661,273,270,487,795,532,1235,726,1898,1006,1871,667,738,1350,1591,1721,3142,29643,16932,4917,1365,20050,4,1,1,0
2021-03-24T23:59:59+01:00,0,1,675,875,1123,1971,1386,2834,1934,4209,3584,4750,4419,4384,6244,7520,2670,4629,273,270,487,794,529,1235,724,1898,1005,1871,667,738,1350,1590,1721,3140,28268,16923,4915,1364,20023,4,1,1,0
2021-03-23T23:59:59+01:00,0,1,675,873,1121,1970,1386,2834,1934,4209,3582,4747,4419,4383,6243,7520,2670,4628,273,270,487,794,529,1234,724,1898,1005,1871,667,738,1350,1590,1721,3140,28262,16922,4912,1364,20019,4,1,1,0
2021-03-22T23:59:59+01:00,0,1,675,871,1119,1966,1383,2834,1932,4209,3581,4747,4419,4382,6243,7519,2670,4628,273,270,487,794,529,1233,723,1898,1005,1870,667,737,1350,1590,1721,3140,28258,16919,4911,1364,20008,3,1,1,0
2021-03-21T23:59:59+01:00,0,1,674,871,1117,1965,1383,2832,1931,4208,3580,4746,4419,4382,6242,7519,2670,4628,272,270,487,794,529,1233,723,1898,1005,1870,667,736,1350,1590,1721,3140,28255,16918,4910,1364,20002,3,0,1,0
2021-03-20T23:59:59+01:00,0,1,672,870,1115,1963,1378,2829,1914,4201,3549,4727,4200,4106,5723,6909,2660,4592,267,268,482,788,512,1223,702,1882,969,1842,601,658,1119,1332,1366,2593,28172,15238,4808,1363,18428,3,0,1,0
2021-03-19T23:59:59+01:00,0,1,664,863,1101,1942,1344,2793,1834,4146,3327,4565,4051,3996,5547,6665,2607,4502,267,268,482,788,512,1223,702,1881,968,1842,601,658,1119,1331,1365,2592,28169,15233,3359,1363,18420,3,0,0,0
2021-03-18T23:59:59+01:00,0,1,663,862,1100,1941,1343,2791,1834,4142,3098,4421,3897,3866,5367,6462,2554,4400,267,267,481,788,512,1221,702,1880,967,1841,599,655,880,1073,1253,2424,28160,14446,2165,1362,18417,2,0,0,0
2021-03-17T23:59:59+01:00,0,1,663,862,1099,1941,1342,2790,1834,4142,3098,4421,3897,3864,5366,6462,2554,4400,267,266,481,788,512,1221,702,1880,966,1841,598,655,880,1072,1253,2424,28158,14443,2165,1361,18413,2,0,0,0
2021-03-16T23:59:59+01:00,0,1,662,862,1099,1937,1340,2790,1831,4142,3098,4419,3896,3863,5366,6462,2554,4399,265,262,467,783,503,1209,686,1866,950,1831,596,654,878,1071,1252,2423,28150,14333,2161,1361,18410,2,0,0,0
2021-03-15T23:59:59+01:00,0,1,662,861,1097,1936,1337,2790,1827,4141,3097,4419,3896,3862,5365,6462,2554,4399,265,262,467,783,503,1209,685,1866,949,1830,596,654,878,1071,1252,2423,28145,14330,2159,1361,18402,2,0,0,0
2021-03-14T23:59:59+01:00,0,1,661,858,1093,1932,1334,2787,1825,4139,3092,4418,3896,3862,5365,6462,2554,4399,265,262,467,783,503,1209,685,1866,949,1829,596,654,877,1071,1252,2423,28140,14328,2158,1361,18380,2,0,0,0
2021-03-13T23:59:59+01:00,0,1,659,853,1085,1926,1324,2780,1819,4131,2978,4340,3421,3458,5156,6227,2509,4335,265,262,467,783,503,1209,684,1866,947,1828,572,638,573,773,819,1842,26869,12668,2158,1361,17975,2,0,0,0
2021-03-12T23:59:59+01:00,0,1,631,767,1061,1813,1303,2591,1787,3865,2934,4172,2274,2011,4794,5679,2506,4326,265,262,467,783,503,1209,683,1866,946,1828,572,637,572,773,819,1841,26857,12664,2158,1361,13500,1,0,0,0
2021-03-11T23:59:59+01:00,0,1,622,722,1054,1710,1294,2433,1775,3653,2886,4033,1708,1479,4306,5138,2496,4316,262,261,467,783,503,1209,683,1865,946,1824,572,637,570,772,735,1695,26302,12660,2145,1124,11179,0,0,0,0
2021-03-10T23:59:59+01:00,0,1,616,711,1041,1685,1284,2412,1762,3627,2777,3950,1315,1211,3894,4666,2401,4158,262,261,466,781,502,1209,683,1865,944,1824,572,637,568,771,735,1695,24308,12654,2144,1121,11059,0,0,0,0
2021-03-09T23:59:59+01:00,0,1,615,707,1033,1668,1273,2397,1759,3616,2770,3945,1311,1210,3893,4665,2400,4157,262,261,466,781,502,1209,683,1865,944,1824,572,637,568,771,735,1695,24304,12654,2143,1121,10973,0,0,0,0
2021-03-08T23:59:59+01:00,0,1,610,678,1022,1641,1257,2364,1751,3583,2749,3930,1310,1207,3893,4665,2400,4156,262,261,466,781,501,1209,683,1865,944,1824,572,636,566,771,735,1695,24298,12650,2142,1121,10777,0,0,0,0
2021-03-07T23:59:59+01:00,0,1,610,675,1016,1637,1257,2361,1750,3580,2749,3928,1310,1207,3893,4665,2400,4156,262,261,466,781,500,1209,683,1865,944,1824,572,636,566,771,734,1695,24295,12648,2142,1121,10758,0,0,0,0
2021-03-06T23:59:59+01:00,0,1,574,627,895,1536,1013,2171,1329,3197,2329,3592,1028,988,3592,4287,2380,4138,262,261,466,781,498,1209,683,1865,944,1823,572,635,564,767,645,1513,23294,12644,2139,844,8244,0,0,0,0
2021-03-05T23:59:59+01:00,0,1,572,627,890,1532,1013,2169,1326,3194,2322,3587,884,892,2595,3088,2206,3905,261,261,461,770,495,1204,675,1848,930,1808,567,631,504,707,330,996,20441,12443,2128,5,8234,0,0,0,0
2021-03-04T23:59:59+01:00,0,1,554,584,853,1400,974,2017,1276,2991,2279,3487,869,883,1412,1647,1914,3538,261,261,459,770,495,1204,675,1848,930,1808,566,630,504,706,330,996,17131,12438,2127,5,7421,0,0,0,0
2021-03-03T23:59:59+01:00,0,1,548,552,830,1335,953,1955,1260,2947,2269,3443,869,882,1412,1647,1914,3538,261,261,459,769,495,1204,675,1847,930,1808,566,630,504,706,330,996,17129,12436,2127,5,7099,0,0,0,0
2021-03-02T23:59:59+01:00,0,1,547,550,828,1334,952,1955,1259,2946,2269,3443,869,882,1412,1647,1914,3538,261,261,458,769,495,1204,675,1847,930,1807,565,630,504,706,330,996,17128,12433,2127,5,7091,0,0,0,0
2021-03-01T23:59:59+01:00,0,1,547,548,827,1333,952,1954,1259,2946,2268,3442,869,881,1412,1646,1914,3538,261,261,458,769,495,1204,674,1846,930,1807,565,630,504,706,330,996,17125,12431,2126,5,7086,0,0,0,0
2021-02-28T23:59:59+01:00,0,1,546,546,826,1332,951,1954,1259,2945,2266,3441,869,879,1412,1646,1914,3538,261,261,458,769,495,1204,674,1845,930,1807,565,630,504,706,330,996,17122,12430,2126,5,7077,0,0,0,0
2021-02-27T23:59:59+01:00,0,1,541,544,815,1322,930,1943,1220,2918,2191,3392,751,762,1143,1356,1402,2660,260,261,457,769,494,1204,672,1844,929,1805,564,627,503,704,328,992,15404,12409,1412,4,7075,0,0,0,0
2021-02-26T23:59:59+01:00,0,1,532,523,786,1256,901,1830,1181,2760,1870,2971,710,734,1143,1356,1401,2659,260,261,457,769,494,1204,672,1844,929,1805,564,627,503,704,328,991,15399,12408,1412,4,5803,0,0,0,0
2021-02-25T23:59:59+01:00,0,1,497,481,724,1139,795,1636,1027,2458,1371,2420,659,689,894,1089,1290,2487,259,260,456,769,494,1203,671,1842,929,1804,564,627,503,704,328,991,14588,12403,1412,1,3657,0,0,0,0
2021-02-24T23:59:59+01:00,0,1,496,480,724,1137,794,1636,1027,2457,1371,2419,659,689,894,1089,1290,2487,259,260,456,769,494,1202,671,1842,929,1804,564,627,503,704,328,991,14587,12403,1411,0,3652,0,0,0,0
2021-02-23T23:59:59+01:00,0,1,494,476,708,1128,785,1625,1010,2443,1355,2408,657,688,892,1088,1289,2486,259,259,456,768,494,1202,671,1841,929,1803,564,627,503,704,328,991,14477,12399,1411,0,3645,0,0,0,0
2021-02-22T23:59:59+01:00,0,1,494,476,706,1128,783,1625,1010,2443,1354,2407,657,686,892,1087,1289,2486,259,259,456,768,494,1202,671,1841,929,1802,564,627,503,704,328,991,14474,12398,1411,0,3639,0,0,0,0
2021-02-21T23:59:59+01:00,0,1,494,476,705,1128,782,1625,1009,2443,1354,2406,656,686,891,1087,1289,2486,259,259,455,768,494,1202,671,1841,929,1802,564,627,503,704,328,991,14472,12397,1411,0,3635,0,0,0,0
2021-02-20T23:59:59+01:00,0,1,478,474,693,1122,762,1620,996,2441,1327,2386,629,667,582,783,847,1896,258,258,450,766,489,1196,666,1830,923,1799,561,624,498,703,324,986,12784,12331,1410,0,3510,0,0,0,0
2021-02-19T23:59:59+01:00,0,1,383,389,589,996,644,1466,856,2270,1088,2147,582,643,581,783,847,1896,255,258,446,764,487,1187,663,1814,916,1779,557,618,492,696,321,976,12782,12229,1410,0,1969,0,0,0,0
2021-02-18T23:59:59+01:00,0,1,267,265,474,793,505,1221,694,1874,953,1836,579,637,580,783,847,1895,254,256,444,761,485,1183,662,1799,912,1768,550,613,485,689,315,965,12779,12141,1410,0,15,0,0,0,0
2021-02-17T23:59:59+01:00,0,1,267,265,473,793,505,1219,693,1874,952,1836,578,637,580,782,847,1895,252,256,443,758,483,1181,659,1791,908,1761,545,608,475,667,304,945,12777,12036,1410,0,10,0,0,0,0
2021-02-16T23:59:59+01:00,0,1,267,265,471,793,504,1219,693,1874,952,1836,578,637,580,782,847,1895,242,252,437,742,471,1149,652,1715,883,1681,526,579,441,621,284,874,12777,11549,1410,0,7,0,0,0,0
2021-02-15T23:59:59+01:00,0,1,267,265,470,793,504,1219,691,1874,952,1836,578,637,580,782,847,1895,238,248,434,734,465,1123,636,1663,857,1627,505,545,423,577,268,809,12777,11152,1410,0,4,0,0,0,0
2021-02-14T23:59:59+01:00,0,1,267,265,470,793,504,1219,691,1874,952,1836,578,637,580,782,847,1895,238,248,434,733,465,1123,636,1657,855,1618,494,540,419,574,259,800,12777,11093,1410,0,4,0,0,0,0
2021-02-13T23:59:59+01:00,0,1,266,265,470,793,504,1219,690,1873,952,1836,578,637,580,782,847,1895,236,246,433,729,458,1111,627,1637,835,1585,474,512,402,548,246,762,12776,10841,1410,0,2,0,0,0,0
2021-02-12T23:59:59+01:00,0,1,266,265,470,792,504,1219,690,1872,947,1833,578,635,530,736,833,1891,220,238,412,695,437,1023,592,1475,749,1345,390,389,326,433,186,574,12650,9484,1410,0,2,0,0,0,0
2021-02-11T23:59:59+01:00,0,1,263,265,467,792,504,1219,690,1870,947,1830,577,634,527,733,745,1742,198,226,400,663,417,976,558,1380,703,1235,356,340,285,365,156,483,12637,8741,1168,0,1,0,0,0,0
2021-02-10T23:59:59+01:00,0,1,262,265,467,791,504,1219,689,1870,946,1830,576,634,527,732,744,1740,195,222,399,656,413,962,555,1361,691,1200,339,317,262,324,133,417,12629,8446,1168,0,0,0,0,0,0
2021-02-09T23:59:59+01:00,0,1,262,265,467,791,504,1219,688,1870,946,1828,576,634,527,732,744,1740,186,209,387,620,395,897,512,1267,638,1070,264,224,183,210,89,254,12626,7405,1168,0,0,0,0,0,0
2021-02-08T23:59:59+01:00,0,1,262,265,465,791,504,1219,687,1870,946,1827,576,634,527,732,744,1740,186,203,383,606,384,871,487,1217,611,1000,233,182,147,157,71,194,12623,6932,1167,0,0,0,0,0,0
2021-02-07T23:59:59+01:00,0,1,262,265,465,791,504,1219,687,1870,946,1826,576,634,527,732,744,1739,185,203,381,602,381,866,482,1206,606,985,227,175,137,139,64,177,12621,6816,1167,0,0,0,0,0,0
2021-02-06T23:59:59+01:00,0,1,262,265,465,791,504,1219,687,1870,946,1826,576,634,525,727,654,1561,185,203,381,602,381,866,482,1206,606,985,227,175,137,139,64,177,12621,6816,892,0,0,0,0,0,0
2021-02-05T23:59:59+01:00,0,1,262,265,463,790,503,1217,684,1868,943,1823,571,630,517,712,337,1029,179,194,364,571,368,825,464,1166,587,952,208,160,117,127,59,174,12607,6515,8,0,0,0,0,0,0
2021-02-04T23:59:59+01:00,0,1,262,264,462,785,500,1216,683,1863,938,1822,570,630,516,711,337,1029,164,161,294,434,303,668,384,942,512,813,196,155,108,121,52,162,12581,5469,8,0,0,0,0,0,0
2021-02-03T23:59:59+01:00,0,1,261,264,462,783,500,1215,682,1861,938,1822,570,630,516,711,337,1029,160,153,249,352,254,581,324,841,460,726,188,150,103,119,51,161,12574,4872,8,0,0,0,0,0,0
2021-02-02T23:59:59+01:00,0,1,261,263,462,780,500,1215,682,1859,938,1820,570,630,516,711,337,1029,153,139,190,289,196,493,248,727,378,642,178,146,100,118,50,160,12566,4207,8,0,0,0,0,0,0
2021-02-01T23:59:59+01:00,0,1,261,263,460,779,498,1214,681,1855,935,1815,570,630,515,711,337,1029,147,133,152,252,167,435,203,649,321,567,173,135,91,107,44,153,12546,3729,8,0,0,0,0,0,0
2021-01-31T23:59:59+01:00,0,1,261,263,460,779,498,1214,681,1855,935,1815,570,630,515,711,337,1029,147,133,152,251,167,434,202,649,321,567,173,135,91,107,44,153,12546,3726,8,0,0,0,0,0,0
2021-01-30T23:59:59+01:00,0,1,261,263,460,779,498,1214,681,1855,931,1815,569,630,513,711,334,1029,134,122,135,234,156,405,191,608,302,519,150,124,79,78,35,113,12536,3385,8,0,0,0,0,0,0
2021-01-29T23:59:59+01:00,0,1,258,262,456,776,496,1204,678,1838,924,1795,565,624,507,705,329,1019,89,68,93,154,115,248,148,440,213,377,112,83,60,67,30,102,12430,2399,7,0,0,0,0,0,0
2021-01-28T23:59:59+01:00,0,0,258,262,455,776,495,1204,678,1837,924,1793,565,624,507,705,329,1019,10,7,13,23,24,48,24,94,49,106,37,33,34,49,24,94,12427,669,4,0,0,0,0,0,0
2021-01-27T23:59:59+01:00,0,0,256,262,455,775,495,1203,678,1836,922,1793,565,624,507,705,329,1019,10,7,13,23,23,48,24,92,48,106,37,33,34,49,24,94,12423,665,1,0,0,0,0,0,0
2021-01-26T23:59:59+01:00,0,0,256,262,454,774,495,1202,678,1836,922,1792,565,624,507,705,329,1019,10,7,13,23,23,48,24,92,48,106,37,33,34,49,24,94,12419,665,1,0,0,0,0,0,0
2021-01-25T23:59:59+01:00,0,0,256,262,452,774,495,1201,678,1834,922,1791,565,624,507,703,328,1019,6,1,5,13,11,23,15,39,23,46,18,16,11,16,7,22,12411,272,0,0,0,0,0,0,0
2021-01-24T23:59:59+01:00,0,0,256,261,452,774,494,1201,678,1833,922,1790,565,624,507,703,328,1019,6,1,5,13,11,23,15,39,23,46,18,16,11,16,7,22,12407,272,0,0,0,0,0,0,0
2021-01-23T23:59:59+01:00,0,0,256,261,452,774,494,1200,678,1833,922,1790,565,624,507,703,328,1019,6,1,5,13,11,23,15,39,23,46,18,16,11,16,7,22,12406,272,0,0,0,0,0,0,0
2021-01-22T23:59:59+01:00,0,0,254,259,451,774,493,1199,678,1832,922,1790,565,624,507,703,309,974,6,1,5,13,11,23,15,39,23,46,18,16,11,16,7,22,12334,272,0,0,0,0,0,0,0
2021-01-21T23:59:59+01:00,0,0,252,255,449,764,490,1191,675,1809,913,1773,556,615,488,678,294,936,6,1,5,13,11,22,15,39,23,46,18,16,11,16,7,22,12138,271,0,0,0,0,0,0,0
2021-01-20T23:59:59+01:00,0,0,251,253,445,759,488,1188,672,1801,909,1768,550,610,480,659,286,917,6,1,5,13,11,22,15,39,23,46,18,16,11,16,7,22,12036,271,0,0,0,0,0,0,0
2021-01-19T23:59:59+01:00,0,0,246,253,443,751,482,1173,669,1769,898,1726,537,593,467,640,273,877,6,1,5,13,11,22,15,39,23,46,18,16,11,16,7,22,11797,271,0,0,0,0,0,0,0
2021-01-18T23:59:59+01:00,0,0,242,249,440,739,476,1152,652,1732,872,1679,518,560,450,601,257,818,6,1,5,12,11,21,15,39,23,46,18,16,11,16,7,22,11437,269,0,0,0,0,0,0,0
2021-01-17T23:59:59+01:00,0,0,242,248,439,738,475,1151,649,1727,866,1669,504,552,436,581,243,794,6,1,4,12,11,21,15,39,23,46,18,15,11,16,7,22,11314,267,0,0,0,0,0,0,0
2021-01-16T23:59:59+01:00,0,0,234,240,434,718,462,1116,624,1640,820,1520,461,467,403,527,221,734,0,0,0,0,0,0,0,0,0,0,0,0,0,0,0,0,10621,0,0,0,0,0,0,0,0
2021-01-15T23:59:59+01:00,0,0,227,233,426,698,448,1064,604,1540,781,1406,412,409,350,457,200,621,0,0,0,0,0,0,0,0,0,0,0,0,0,0,0,0,9876,0,0,0,0,0,0,0,0
2021-01-14T23:59:59+01:00,0,0,205,220,406,654,426,1002,563,1423,713,1253,356,335,299,362,155,488,0,0,0,0,0,0,0,0,0,0,0,0,0,0,0,0,8860,0,0,0,0,0,0,0,0
2021-01-13T23:59:59+01:00,0,0,203,218,405,647,421,983,558,1402,699,1218,337,311,273,321,131,422,0,0,0,0,0,0,0,0,0,0,0,0,0,0,0,0,8549,0,0,0,0,0,0,0,0
2021-01-12T23:59:59+01:00,0,0,187,206,388,606,391,889,496,1248,620,1028,238,193,163,164,77,207,0,0,0,0,0,0,0,0,0,0,0,0,0,0,0,0,7101,0,0,0,0,0,0,0,0
2021-01-11T23:59:59+01:00,0,0,183,200,384,594,375,861,476,1201,600,973,218,163,130,117,55,150,0,0,0,0,0,0,0,0,0,0,0,0,0,0,0,0,6680,0,0,0,0,0,0,0,0
2021-01-10T23:59:59+01:00,0,0,182,196,372,580,371,848,467,1181,587,954,214,163,126,117,53,148,0,0,0,0,0,0,0,0,0,0,0,0,0,0,0,0,6559,0,0,0,0,0,0,0,0
2021-01-09T23:59:59+01:00,0,0,162,163,326,500,330,731,407,1000,496,804,151,109,78,73,37,109,0,0,0,0,0,0,0,0,0,0,0,0,0,0,0,0,5476,0,0,0,0,0,0,0,0
2021-01-08T23:59:59+01:00,0,0,95,76,229,349,243,438,293,668,340,509,82,68,54,58,28,97,0,0,0,0,0,0,0,0,0,0,0,0,0,0,0,0,3627,0,0,0,0,0,0,0,0
2021-01-07T23:59:59+01:00,0,0,12,10,54,97,72,127,93,193,122,178,44,36,37,50,25,97,0,0,0,0,0,0,0,0,0,0,0,0,0,0,0,0,1247,0,0,0,0,0,0,0,0
2021-01-06T23:59:59+01:00,0,0,8,4,9,23,17,49,24,90,53,107,38,33,36,50,25,97,0,0,0,0,0,0,0,0,0,0,0,0,0,0,0,0,663,0,0,0,0,0,0,0,0
2021-01-05T23:59:59+01:00,0,0,8,4,9,23,17,48,23,90,51,107,38,33,35,50,25,97,0,0,0,0,0,0,0,0,0,0,0,0,0,0,0,0,658,0,0,0,0,0,0,0,0
2021-01-04T23:59:59+01:00,0,0,6,1,5,13,11,25,15,41,23,48,19,16,12,16,7,23,0,0,0,0,0,0,0,0,0,0,0,0,0,0,0,0,281,0,0,0,0,0,0,0,0
2021-01-03T23:59:59+01:00,0,0,6,1,5,13,11,25,15,41,23,48,19,16,12,16,7,23,0,0,0,0,0,0,0,0,0,0,0,0,0,0,0,0,281,0,0,0,0,0,0,0,0
2021-01-02T23:59:59+01:00,0,0,6,1,5,13,11,25,15,41,23,48,19,16,12,16,7,23,0,0,0,0,0,0,0,0,0,0,0,0,0,0,0,0,281,0,0,0,0,0,0,0,0
2021-01-01T23:59:59+01:00,0,0,6,1,5,13,11,24,15,41,23,48,19,16,12,16,7,23,0,0,0,0,0,0,0,0,0,0,0,0,0,0,0,0,280,0,0,0,0,0,0,0,0
2020-12-31T23:59:59+01:00,0,0,6,1,5,13,11,24,15,41,23,48,19,16,12,16,7,23,0,0,0,0,0,0,0,0,0,0,0,0,0,0,0,0,280,0,0,0,0,0,0,0,0
2020-12-30T23:59:59+01:00,0,0,6,1,5,13,11,24,15,41,23,48,19,16,12,16,7,23,0,0,0,0,0,0,0,0,0,0,0,0,0,0,0,0,280,0,0,0,0,0,0,0,0
2020-12-29T23:59:59+01:00,0,0,6,1,5,13,11,23,15,41,23,48,19,16,12,16,7,23,0,0,0,0,0,0,0,0,0,0,0,0,0,0,0,0,279,0,0,0,0,0,0,0,0
2020-12-28T23:59:59+01:00,0,0,6,1,5,13,11,23,15,41,23,48,19,16,12,16,7,23,0,0,0,0,0,0,0,0,0,0,0,0,0,0,0,0,279,0,0,0,0,0,0,0,0
2020-12-27T23:59:59+01:00,0,0,6,1,4,12,11,23,15,41,23,48,19,15,12,16,7,23,0,0,0,0,0,0,0,0,0,0,0,0,0,0,0,0,276,0,0,0,0,0,0,0,0
