Datum,<15_m,<15_w,15-24_1_m,15-24_1_w,25-34_1_m,25-34_1_w,35-44_1_m,35-44_1_w,45-54_1_m,45-54_1_w,55-64_1_m,55-64_1_w,65-74_1_m,65-74_1_w,75-84_1_m,75-84_1_w,>84_1_m,>84_1_w,<24_2_m,<24_2_w,25-34_2_m,25-34_2_w,35-44_2_m,35-44_2_w,45-54_2_m,45-54_2_w,55-64_2_m,55-64_2_w,65-74_2_m,65-74_2_w,75-84_2_m,75-84_2_w,>84_2_m,>84_2_w,bp_1,bp_2,mo_1,mo_2,az_1,az_2,ja,unb_1,unb_2
2021-10-05T23:59:59+02:00,1861,1748,13900,12909,16742,15290,18386,18160,21498,21433,22832,21775,14713,15901,10127,12374,3091,5371,12811,11892,15983,14388,17753,17379,20984,20791,22409,21282,14480,15608,9968,12167,3012,5240,177649,169957,22835,22384,35614,34669,12023,2,2
2021-10-04T23:59:59+02:00,1849,1737,13881,12883,16730,15280,18375,18147,21491,21425,22824,21767,14708,15898,10123,12373,3091,5370,12767,11863,15955,14358,17740,17359,20973,20773,22405,21269,14475,15599,9967,12163,3010,5237,177520,169731,22835,22384,35614,34669,11993,2,2
2021-10-03T23:59:59+02:00,1848,1737,13879,12882,16729,15277,18375,18146,21489,21424,22823,21767,14708,15898,10123,12373,3091,5370,12766,11860,15950,14356,17739,17357,20972,20770,22405,21267,14475,15599,9965,12163,3010,5237,177509,169711,22835,22384,35614,34669,11991,2,2
2021-10-02T23:59:59+02:00,1848,1737,13878,12882,16729,15277,18375,18146,21489,21422,22822,21767,14708,15897,10123,12373,3090,5370,12766,11860,15950,14356,17739,17357,20972,20770,22405,21267,14475,15598,9965,12162,3010,5237,177503,169709,22835,22384,35614,34669,11991,2,2
2021-10-01T23:59:59+02:00,1840,1726,13845,12854,16694,15256,18354,18123,21467,21402,22807,21764,14703,15896,10119,12371,3090,5369,12733,11837,15919,14333,17721,17337,20952,20757,22391,21260,14472,15597,9963,12161,3010,5237,177305,169537,22834,22384,35614,34669,11937,2,2
2021-09-30T23:59:59+02:00,1822,1710,13776,12812,16633,15209,18320,18084,21439,21382,22781,21743,14688,15887,10116,12362,3088,5367,12659,11779,15862,14273,17695,17293,20919,20732,22365,21247,14455,15583,9958,12156,3009,5235,176954,169141,22834,22384,35614,34669,11827,2,2
2021-09-29T23:59:59+02:00,1812,1698,13722,12774,16594,15175,18292,18054,21416,21364,22767,21724,14682,15880,10112,12356,3086,5366,12617,11744,15828,14234,17671,17269,20903,20715,22359,21241,14454,15577,9956,12150,3008,5233,176668,168911,22834,22384,35614,34669,11768,2,2
2021-09-28T23:59:59+02:00,1803,1694,13710,12747,16589,15163,18279,18044,21407,21355,22762,21722,14681,15874,10109,12353,3084,5365,12582,11707,15808,14214,17657,17251,20890,20701,22353,21233,14452,15574,9956,12146,3008,5231,176535,168664,22834,22384,35614,34669,11768,2,2
2021-09-27T23:59:59+02:00,1795,1688,13693,12717,16575,15143,18268,18030,21393,21346,22758,21716,14679,15869,10106,12350,3082,5364,12570,11670,15784,14200,17646,17239,20886,20695,22347,21227,14447,15566,9955,12144,3007,5228,176371,168496,22834,22384,35614,34669,11763,2,2
2021-09-26T23:59:59+02:00,1786,1685,13677,12702,16565,15134,18260,18025,21387,21332,22748,21712,14678,15865,10103,12344,3079,5359,12558,11660,15777,14195,17642,17238,20884,20690,22345,21225,14446,15565,9953,12142,3006,5228,176242,168436,22834,22383,35614,34669,11761,2,2
2021-09-25T23:59:59+02:00,1786,1685,13677,12702,16565,15134,18260,18025,21387,21332,22748,21712,14678,15865,10103,12344,3079,5359,12558,11659,15777,14195,17642,17238,20884,20690,22345,21225,14446,15565,9953,12142,3006,5228,176242,168435,22834,22383,35614,34669,11761,2,2
2021-09-24T23:59:59+02:00,1776,1680,13642,12647,16530,15097,18235,18004,21365,21309,22730,21702,14674,15860,10101,12341,3079,5359,12528,11617,15748,14162,17622,17211,20864,20676,22329,21213,14438,15557,9947,12136,3005,5226,176009,168207,22833,22383,35614,34669,11685,2,2
2021-09-23T23:59:59+02:00,1752,1661,13584,12585,16480,15042,18197,17965,21327,21278,22710,21673,14666,15850,10098,12336,3078,5355,12492,11590,15726,14136,17602,17197,20841,20665,22314,21201,14429,15548,9941,12134,3004,5222,175579,168019,22833,22383,35614,34669,11621,2,2
2021-09-22T23:59:59+02:00,1739,1647,13530,12539,16452,15009,18178,17930,21317,21257,22698,21664,14654,15842,10094,12332,3074,5352,12455,11565,15701,14117,17584,17170,20832,20643,22304,21191,14420,15536,9938,12129,3004,5222,175257,167786,22832,22383,35614,34669,11615,2,2
2021-09-21T23:59:59+02:00,1733,1643,13493,12516,16419,14981,18160,17901,21303,21238,22690,21655,14651,15835,10087,12330,3073,5349,12428,11543,15684,14092,17568,17147,20821,20632,22299,21181,14418,15531,9937,12124,3003,5221,175079,167669,22832,22381,35614,34669,11541,2,2
2021-09-20T23:59:59+02:00,1726,1637,13473,12489,16402,14958,18139,17886,21288,21230,22688,21648,14645,15828,10084,12322,3073,5347,12417,11533,15679,14078,17560,17137,20816,20626,22299,21175,14413,15522,9935,12122,3003,5219,174943,167614,22817,22376,35613,34669,11499,2,2
2021-09-19T23:59:59+02:00,1723,1631,13455,12473,16379,14935,18124,17882,21281,21223,22679,21638,14636,15823,10081,12317,3071,5342,12411,11529,15663,14061,17548,17135,20812,20621,22292,21171,14405,15520,9933,12118,3002,5218,174860,167605,22817,22375,35612,34669,11413,2,2
2021-09-18T23:59:59+02:00,1723,1628,13445,12468,16374,14929,18119,17877,21280,21221,22677,21637,14636,15823,10081,12317,3071,5341,12271,11356,15587,13949,17491,17065,20767,20583,22268,21143,14394,15505,9923,12106,3002,5216,174820,166646,22817,22375,35612,34669,11407,2,2
2021-09-17T23:59:59+02:00,1680,1581,13334,12369,16315,14846,18061,17814,21237,21173,22648,21611,14625,15807,10073,12305,3069,5335,12223,11308,15548,13917,17437,17014,20753,20560,22252,21125,14390,15494,9918,12100,3001,5215,174211,166559,22714,22132,35612,34669,11354,2,2
2021-09-16T23:59:59+02:00,1646,1539,13245,12275,16261,14765,18002,17752,21196,21117,22618,21575,14610,15788,10058,12293,3066,5331,12195,11284,15533,13901,17416,16991,20748,20542,22244,21115,14388,15491,9915,12098,3001,5214,173507,166407,22713,22132,35612,34669,11313,2,2
2021-09-15T23:59:59+02:00,1625,1521,13195,12237,16226,14735,17980,17719,21174,21091,22608,21562,14602,15775,10048,12286,3062,5321,12168,11267,15505,13878,17402,16963,20733,20527,22233,21104,14380,15486,9911,12097,3001,5210,173212,166261,22713,22132,35612,34669,11238,2,2
2021-09-14T23:59:59+02:00,1613,1509,13149,12203,16202,14712,17956,17694,21166,21069,22594,21552,14597,15765,10038,12277,3061,5320,12139,11230,15485,13855,17379,16936,20719,20510,22224,21088,14369,15480,9905,12096,3001,5209,172970,166050,22712,22132,35612,34669,11191,2,2
2021-09-13T23:59:59+02:00,1599,1492,13087,12155,16164,14675,17923,17658,21147,21044,22574,21535,14589,15760,10033,12269,3059,5319,12102,11199,15462,13831,17364,16923,20707,20496,22204,21082,14366,15472,9902,12089,2999,5207,172649,165889,22712,22132,35611,34669,11118,2,2
2021-09-12T23:59:59+02:00,1599,1490,13086,12154,16161,14675,17923,17655,21145,21043,22573,21533,14589,15758,10030,12265,3059,5315,12099,11195,15460,13831,17364,16922,20707,20496,22204,21081,14365,15472,9902,12088,2999,5207,172622,165878,22712,22132,35611,34669,11116,2,2
2021-09-11T23:59:59+02:00,1599,1490,13086,12154,16161,14675,17922,17655,21145,21043,22573,21533,14589,15758,10030,12265,3059,5315,12099,11195,15460,13831,17363,16922,20707,20496,22204,21081,14365,15472,9902,12088,2999,5207,172622,165878,22712,22132,35611,34669,11115,2,2
2021-09-10T23:59:59+02:00,1572,1469,13042,12118,16125,14630,17893,17623,21116,21010,22547,21516,14582,15745,10026,12260,3058,5313,12093,11185,15449,13819,17354,16917,20696,20485,22198,21076,14360,15464,9900,12084,2999,5204,172291,165845,22712,22131,35611,34669,11039,2,2
2021-09-09T23:59:59+02:00,1539,1426,12945,12040,16055,14541,17846,17566,21071,20969,22517,21487,14559,15719,10016,12252,3056,5310,12053,11148,15420,13789,17333,16888,20679,20467,22176,21061,14354,15455,9895,12078,2997,5204,171643,165606,22711,22129,35611,34668,10957,2,2
2021-09-08T23:59:59+02:00,1520,1413,12905,11995,16032,14511,17819,17533,21050,20950,22503,21476,14554,15709,10012,12245,3056,5307,12015,11104,15396,13763,17308,16861,20658,20447,22158,21041,14342,15447,9886,12071,2995,5202,171423,165385,22711,22128,35611,34668,10853,2,2
2021-09-07T23:59:59+02:00,1488,1385,12826,11924,15956,14465,17774,17485,21020,20929,22481,21450,14542,15701,10012,12239,3054,5303,11966,11069,15349,13739,17279,16839,20635,20427,22145,21026,14329,15442,9886,12066,2994,5202,170988,165188,22707,22122,35611,34668,10736,2,2
2021-09-06T23:59:59+02:00,1474,1363,12799,11896,15935,14438,17766,17471,21006,20917,22472,21442,14535,15691,10012,12234,3053,5301,11958,11054,15346,13728,17275,16835,20633,20425,22139,21023,14326,15440,9886,12062,2994,5202,170760,165117,22706,22122,35611,34668,10736,2,2
2021-09-05T23:59:59+02:00,1474,1362,12799,11893,15934,14437,17762,17469,21006,20916,22471,21441,14535,15689,10009,12233,3053,5301,11956,11054,15345,13727,17273,16833,20631,20425,22138,21023,14326,15440,9886,12062,2994,5201,170742,165108,22706,22122,35611,34668,10733,2,2
2021-09-04T23:59:59+02:00,1474,1362,12799,11893,15934,14437,17762,17469,21006,20915,22471,21441,14535,15688,10009,12233,3053,5301,11956,11054,15345,13727,17273,16833,20631,20424,22138,21023,14326,15439,9886,12062,2994,5201,170742,165108,22706,22122,35611,34668,10731,2,2
2021-09-03T23:59:59+02:00,1451,1334,12738,11828,15900,14389,17726,17435,20974,20887,22448,21416,14520,15674,10003,12224,3050,5299,11854,10961,15296,13664,17244,16790,20602,20400,22116,21004,14313,15430,9881,12054,2993,5200,170373,164608,22706,22122,35611,34663,10614,2,2
2021-09-02T23:59:59+02:00,1441,1325,12688,11802,15853,14349,17700,17404,20946,20864,22428,21404,14512,15651,9994,12218,3048,5297,11823,10938,15268,13637,17221,16767,20582,20384,22105,20995,14310,15415,9877,12050,2992,5198,170143,164499,22706,22122,35611,34663,10472,2,2
2021-09-01T23:59:59+02:00,1434,1321,12658,11781,15838,14324,17692,17391,20943,20861,22423,21401,14510,15644,9992,12214,3047,5295,11812,10920,15261,13625,17212,16760,20578,20378,22101,20988,14308,15415,9876,12048,2992,5198,169993,164406,22706,22122,35611,34663,10467,2,2
2021-08-31T23:59:59+02:00,1421,1306,12604,11745,15808,14277,17669,17366,20918,20846,22401,21391,14503,15640,9991,12209,3046,5295,11764,10886,15231,13586,17185,16723,20555,20359,22076,20974,14303,15414,9871,12045,2991,5197,169820,164245,22706,22121,35611,34663,10307,2,2
2021-08-30T23:59:59+02:00,1414,1304,12591,11720,15790,14261,17655,17355,20896,20828,22392,21380,14496,15635,9987,12204,3046,5293,11728,10847,15200,13558,17173,16700,20532,20344,22068,20965,14297,15411,9867,12040,2991,5196,169751,164099,22706,22121,35611,34663,10187,2,2
2021-08-29T23:59:59+02:00,1414,1304,12589,11720,15787,14261,17654,17355,20896,20828,22392,21380,14496,15635,9987,12204,3046,5293,11727,10845,15196,13557,17173,16700,20530,20344,22068,20965,14297,15411,9867,12040,2991,5196,169747,164090,22706,22121,35611,34663,10185,2,2
2021-08-28T23:59:59+02:00,1414,1304,12589,11720,15787,14261,17654,17355,20896,20828,22392,21380,14496,15635,9987,12204,3046,5293,11726,10845,15196,13557,17172,16700,20530,20344,22068,20965,14297,15411,9867,12040,2991,5196,169747,164088,22706,22121,35611,34663,10185,2,2
2021-08-27T23:59:59+02:00,1413,1298,12564,11701,15762,14239,17634,17332,20876,20819,22376,21366,14490,15629,9983,12198,3045,5291,11710,10834,15175,13541,17157,16684,20513,20336,22053,20952,14291,15406,9861,12033,2990,5194,169676,164062,22706,22121,35611,34662,10031,2,2
2021-08-26T23:59:59+02:00,1409,1294,12528,11674,15728,14209,17608,17318,20849,20800,22362,21353,14481,15624,9979,12192,3044,5289,11649,10768,15117,13487,17117,16655,20481,20310,22036,20930,14277,15393,9853,12029,2987,5192,169592,163781,22706,22120,35611,34661,9840,2,2
2021-08-25T23:59:59+02:00,1404,1291,12512,11657,15710,14195,17595,17302,20841,20790,22357,21343,14479,15617,9978,12189,3043,5289,11587,10706,15066,13445,17096,16624,20470,20293,22021,20919,14272,15386,9850,12027,2985,5189,169468,163430,22706,22120,35611,34661,9815,2,2
2021-08-24T23:59:59+02:00,1395,1282,12485,11635,15683,14160,17578,17285,20825,20776,22341,21330,14473,15605,9973,12180,3039,5287,11554,10683,15032,13405,17070,16608,20449,20270,21996,20909,14264,15374,9844,12019,2984,5187,169367,163289,22706,22120,35611,34661,9655,2,2
2021-08-23T23:59:59+02:00,1393,1278,12457,11618,15652,14134,17545,17267,20795,20766,22325,21317,14457,15592,9970,12176,3038,5286,11487,10626,14971,13352,17024,16579,20413,20246,21974,20891,14244,15363,9839,12012,2983,5185,169330,163039,22705,22119,35611,34661,9427,2,2
2021-08-22T23:59:59+02:00,1392,1278,12456,11616,15650,14133,17545,17267,20794,20764,22324,21317,14456,15592,9970,12176,3038,5286,11487,10622,14969,13350,17023,16577,20412,20246,21974,20891,14243,15363,9839,12012,2983,5185,169320,163028,22705,22118,35611,34661,9425,2,2
2021-08-21T23:59:59+02:00,1313,1203,12296,11423,15571,14008,17482,17182,20752,20722,22291,21273,14446,15576,9962,12163,3037,5282,11389,10532,14905,13297,16986,16535,20381,20221,21952,20861,14231,15351,9832,12001,2981,5181,168251,162442,22705,22111,35611,34661,9422,2,2
2021-08-20T23:59:59+02:00,1307,1203,12273,11396,15555,13993,17460,17163,20745,20712,22282,21266,14443,15568,9962,12160,3037,5282,11281,10455,14813,13223,16885,16429,20320,20166,21917,20828,14219,15332,9824,11996,2980,5181,168248,162358,22537,21413,35611,34647,9418,2,2
2021-08-19T23:59:59+02:00,1303,1199,12208,11345,15458,13943,17384,17109,20693,20673,22245,21222,14425,15553,9953,12147,3036,5278,11178,10358,14703,13149,16786,16353,20260,20118,21877,20775,14196,15317,9815,11983,2978,5174,168132,162023,22537,21413,35611,34646,8900,2,2
2021-08-18T23:59:59+02:00,1296,1197,12188,11330,15447,13933,17378,17099,20683,20662,22243,21214,14423,15548,9951,12146,3036,5278,11137,10320,14674,13125,16755,16326,20245,20106,21867,20771,14189,15310,9814,11982,2978,5174,168016,161764,22537,21413,35611,34646,8894,2,2
2021-08-17T23:59:59+02:00,1288,1191,12155,11305,15417,13907,17357,17074,20665,20650,22235,21199,14416,15544,9943,12143,3035,5277,11041,10252,14621,13067,16711,16283,20213,20082,21845,20747,14182,15302,9807,11971,2975,5174,167863,161339,22537,21411,35611,34645,8796,2,2
2021-08-16T23:59:59+02:00,1285,1187,12130,11281,15398,13885,17340,17058,20640,20626,22216,21190,14406,15533,9941,12140,3033,5276,10971,10180,14560,13003,16671,16245,20176,20048,21821,20727,14165,15289,9802,11957,2970,5171,167802,160960,22537,21410,35611,34645,8621,2,2
2021-08-15T23:59:59+02:00,1284,1187,12127,11280,15396,13883,17339,17057,20639,20625,22214,21189,14406,15533,9941,12140,3033,5275,10969,10171,14549,12998,16668,16243,20173,20048,21821,20727,14165,15289,9802,11957,2970,5171,167786,160926,22537,21409,35611,34645,8620,2,2
2021-08-14T23:59:59+02:00,1284,1187,12127,11280,15396,13883,17339,17057,20639,20625,22214,21189,14406,15533,9941,12140,3033,5275,10934,10136,14523,12975,16652,16226,20167,20039,21816,20723,14165,15289,9802,11957,2969,5171,167786,160732,22537,21409,35611,34645,8620,2,2
2021-08-13T23:59:59+02:00,1216,1113,12033,11175,15357,13839,17307,17011,20610,20599,22188,21165,14398,15522,9934,12133,3032,5273,10862,10075,14479,12916,16611,16189,20150,20017,21798,20708,14159,15276,9798,11949,2968,5170,167234,160373,22537,21408,35611,34645,8529,2,2
2021-08-12T23:59:59+02:00,1213,1108,12011,11165,15329,13819,17283,16982,20587,20584,22165,21141,14387,15510,9926,12125,3032,5270,10787,10005,14422,12854,16560,16144,20121,19995,21766,20678,14147,15261,9788,11937,2966,5166,167152,160004,22536,21407,35611,34645,8344,2,2
2021-08-11T23:59:59+02:00,1201,1101,11988,11141,15315,13809,17267,16969,20578,20574,22159,21131,14379,15505,9917,12120,3031,5268,10678,9900,14342,12765,16524,16100,20087,19966,21742,20666,14134,15246,9776,11925,2964,5162,166968,159319,22536,21404,35611,34644,8344,2,2
2021-08-10T23:59:59+02:00,1201,1089,11964,11124,15291,13795,17247,16955,20561,20560,22142,21119,14368,15500,9915,12116,3031,5266,10624,9848,14294,12730,16487,16077,20061,19943,21719,20644,14121,15234,9773,11922,2964,5158,166884,159043,22536,21404,35611,34644,8219,2,2
2021-08-09T23:59:59+02:00,1197,1082,11933,11093,15271,13776,17231,16935,20549,20550,22124,21109,14357,15496,9911,12110,3031,5264,10572,9789,14251,12695,16453,16046,20044,19927,21701,20636,14108,15226,9765,11915,2964,5153,166764,158771,22536,21404,35611,34644,8114,2,2
2021-08-08T23:59:59+02:00,1195,1081,11929,11087,15268,13775,17227,16933,20546,20546,22122,21108,14357,15494,9910,12109,3031,5264,10568,9788,14248,12690,16449,16043,20043,19926,21699,20636,14106,15226,9764,11914,2964,5153,166727,158745,22536,21402,35611,34644,8114,2,2
2021-08-07T23:59:59+02:00,1195,1081,11927,11085,15266,13771,17226,16931,20545,20544,22121,21108,14357,15493,9910,12108,3031,5264,10567,9787,14247,12689,16449,16041,20042,19925,21699,20633,14105,15226,9764,11914,2964,5153,166708,158733,22536,21402,35611,34644,8114,2,2
2021-08-06T23:59:59+02:00,1193,1079,11909,11075,15237,13758,17201,16916,20525,20526,22110,21099,14354,15489,9908,12104,3031,5264,10549,9776,14213,12677,16424,16025,20022,19910,21688,20624,14102,15222,9762,11910,2964,5153,166695,158723,22536,21401,35611,34643,7942,2,2
2021-08-05T23:59:59+02:00,1184,1070,11867,11043,15203,13734,17175,16882,20495,20506,22079,21080,14341,15472,9903,12096,3027,5263,10522,9763,14183,12657,16406,16005,19992,19895,21663,20609,14091,15211,9757,11905,2961,5152,166553,158694,22536,21399,35611,34642,7725,2,2
2021-08-04T23:59:59+02:00,1171,1061,11838,11011,15190,13717,17161,16869,20484,20494,22068,21067,14334,15467,9899,12094,3026,5262,10512,9746,14169,12648,16391,15998,19981,19887,21657,20607,14089,15210,9756,11905,2960,5151,166349,158618,22534,21369,35610,34642,7725,2,2
2021-08-03T23:59:59+02:00,1165,1056,11795,10977,15153,13692,17136,16837,20463,20474,22048,21045,14321,15449,9895,12091,3025,5261,10474,9726,14137,12631,16371,15978,19964,19875,21640,20594,14081,15192,9752,11903,2960,5151,166216,158575,22534,21367,35610,34640,7528,2,2
2021-08-02T23:59:59+02:00,1162,1054,11776,10960,15133,13670,17120,16818,20447,20464,22040,21035,14310,15438,9889,12089,3025,5259,10454,9711,14118,12608,16355,15959,19947,19868,21633,20583,14072,15180,9746,11901,2960,5149,166166,158535,22534,21366,35610,34639,7384,2,2
2021-08-01T23:59:59+02:00,1162,1054,11775,10956,15133,13670,17119,16817,20447,20463,22038,21035,14310,15437,9889,12089,3025,5258,10452,9710,14112,12607,16352,15959,19947,19867,21632,20583,14072,15180,9746,11901,2960,5149,166155,158523,22533,21364,35610,34638,7384,2,2
2021-07-31T23:59:59+02:00,1162,1054,11775,10956,15133,13670,17119,16817,20447,20463,22038,21035,14310,15437,9889,12089,3025,5258,10452,9709,14108,12604,16352,15959,19947,19865,21632,20583,14072,15180,9746,11901,2960,5149,166155,158514,22533,21363,35610,34638,7384,2,2
2021-07-30T23:59:59+02:00,1162,1054,11742,10942,15099,13647,17084,16789,20420,20444,22001,21016,14293,15429,9883,12081,3024,5257,10419,9697,14074,12580,16317,15931,19920,19846,21595,20563,14054,15172,9740,11893,2959,5148,166152,158510,22533,21363,35610,34636,7077,2,2
2021-07-29T23:59:59+02:00,1150,1046,11711,10913,15075,13624,17074,16776,20412,20433,21992,21010,14290,15428,9880,12079,3021,5256,10414,9688,14054,12573,16306,15923,19917,19844,21590,20562,14052,15169,9740,11893,2959,5148,165961,158439,22533,21361,35610,34636,7071,2,2
2021-07-28T23:59:59+02:00,1135,1040,11676,10868,15047,13594,17055,16757,20404,20420,21983,21003,14286,15426,9877,12077,3020,5255,10403,9678,14035,12557,16295,15913,19909,19840,21587,20560,14051,15167,9740,11892,2959,5148,165738,158365,22532,21360,35610,34634,7048,2,2
2021-07-27T23:59:59+02:00,1132,1039,11653,10853,15023,13575,17036,16748,20391,20401,21965,20984,14278,15412,9870,12073,3019,5253,10378,9668,14008,12532,16277,15904,19895,19821,21570,20539,14043,15155,9733,11888,2958,5147,165712,158338,22532,21360,35610,34634,6856,2,2
2021-07-26T23:59:59+02:00,1126,1027,11598,10792,14979,13538,17010,16726,20356,20370,21936,20968,14261,15403,9863,12065,3019,5252,10339,9642,13974,12502,16252,15887,19857,19786,21520,20510,14026,15145,9725,11879,2958,5146,165543,158275,22531,21359,35610,34574,6610,2,2
2021-07-25T23:59:59+02:00,1125,1026,11596,10788,14975,13537,17009,16725,20355,20370,21936,20968,14260,15403,9863,12065,3019,5252,10337,9630,13968,12495,16248,15885,19855,19786,21520,20510,14026,15145,9725,11879,2958,5145,165529,158242,22528,21356,35610,34574,6610,2,2
2021-07-24T23:59:59+02:00,1125,1026,11593,10786,14973,13536,17009,16724,20353,20368,21936,20967,14260,15403,9863,12065,3019,5252,10217,9520,13799,12353,15826,15521,19707,19663,21502,20484,14012,15130,9718,11871,2958,5144,165522,158220,22523,19693,35610,34574,6608,2,2
2021-07-23T23:59:59+02:00,1101,1013,11479,10715,14890,13478,16956,16669,20311,20315,21898,20929,14244,15383,9853,12057,3017,5251,8469,8146,12403,11243,15335,15083,19414,19339,21287,20292,13934,15046,9661,11821,2953,5140,165106,150561,22523,19693,35610,34517,6322,2,2
2021-07-22T23:59:59+02:00,1079,1006,11412,10648,14835,13430,16918,16643,20291,20284,21881,20904,14219,15368,9836,12047,3015,5248,7944,7672,11786,10744,14619,14480,19219,19166,21129,20116,13855,14960,9629,11772,2944,5128,164753,146164,22523,19691,35610,34504,6178,2,2
2021-07-21T23:59:59+02:00,1066,997,11367,10598,14797,13397,16888,16614,20273,20267,21863,20893,14208,15363,9834,12039,3013,5246,7940,7664,11774,10734,14613,14478,19212,19165,21074,20079,13852,14958,9629,11771,2943,5126,164417,146127,22523,19684,35610,34402,6173,2,2
2021-07-20T23:59:59+02:00,1053,982,11316,10559,14767,13369,16856,16596,20248,20246,21839,20875,14197,15350,9832,12033,3012,5245,7929,7658,11760,10726,14607,14471,19202,19161,21067,20075,13851,14956,9629,11771,2943,5126,164109,146095,22523,19684,35610,34394,6133,2,2
2021-07-19T23:59:59+02:00,1040,966,11266,10509,14738,13335,16835,16577,20229,20226,21826,20867,14191,15346,9828,12024,3010,5241,7924,7655,11754,10722,14602,14470,19199,19161,21053,20059,13849,14955,9628,11769,2943,5126,163791,146068,22523,19682,35610,34363,6130,2,2
2021-07-18T23:59:59+02:00,1040,966,11265,10509,14738,13333,16833,16575,20229,20226,21826,20867,14190,15346,9828,12024,3010,5241,7921,7651,11745,10715,14598,14467,19198,19160,21042,20054,13849,14955,9628,11769,2943,5126,163783,146040,22523,19681,35610,34344,6130,2,2
2021-07-17T23:59:59+02:00,1038,966,11219,10481,14678,13289,16795,16545,20193,20211,21800,20844,14179,15333,9825,12021,3010,5240,7846,7592,11601,10585,14404,14300,18772,18839,20843,19880,13821,14914,9613,11746,2939,5120,163754,146032,22514,18023,35609,34344,5790,2,2
2021-07-16T23:59:59+02:00,1017,949,11023,10342,14574,13192,16694,16468,20116,20146,21748,20796,14152,15308,9809,12014,3006,5235,7572,7392,10673,9955,13940,13989,18545,18644,19981,19221,13655,14702,9504,11614,2923,5096,163429,142600,21976,18013,35609,32556,5575,2,2
2021-07-15T23:59:59+02:00,993,933,10966,10279,14536,13161,16668,16447,20101,20129,21738,20787,14148,15304,9804,12010,3006,5231,7142,7022,8450,8221,13480,13596,18484,18588,19840,19085,13522,14560,9451,11551,2922,5086,163090,136232,21975,18009,35609,32518,5567,2,2
2021-07-14T23:59:59+02:00,967,915,10890,10193,14470,13099,16629,16403,20064,20093,21712,20766,14136,15292,9791,11995,3002,5229,6596,6573,7364,7361,12908,13146,18386,18494,19732,18997,13492,14523,9434,11534,2920,5083,162597,131862,21975,18005,35609,32454,5465,2,2
2021-07-13T23:59:59+02:00,948,894,10809,10120,14424,13055,16602,16373,20040,20071,21701,20753,14129,15281,9788,11988,3000,5227,6345,6295,6903,6974,12596,12878,18369,18472,19687,18960,13379,14414,9431,11530,2920,5080,162161,131817,21972,15748,35609,32450,5461,2,2
2021-07-12T23:59:59+02:00,928,882,10756,10070,14377,13010,16560,16343,20024,20059,21695,20747,14127,15276,9784,11984,3000,5225,6206,6200,6744,6853,12300,12634,17676,17906,19590,18880,13345,14389,9414,11508,2920,5077,161863,129277,21972,15744,35609,32446,5403,2,2
2021-07-11T23:59:59+02:00,928,882,10755,10068,14375,13009,16559,16343,20023,20059,21695,20747,14127,15276,9784,11984,3000,5225,6202,6196,6741,6850,12299,12634,17676,17906,19589,18879,13345,14389,9414,11507,2919,5075,161860,129268,21972,15744,35609,32439,5398,2,2
2021-07-10T23:59:59+02:00,925,877,10748,10055,14368,13002,16552,16343,20021,20052,21690,20742,14127,15275,9784,11984,3000,5225,6195,6188,6731,6845,12296,12630,17675,17901,19584,18876,13344,14389,9414,11507,2919,5075,161794,129218,21972,15744,35609,32439,5395,2,2
2021-07-09T23:59:59+02:00,911,861,10698,10012,14334,12974,16517,16313,19986,20029,21662,20720,14108,15260,9769,11976,2999,5222,5386,5455,6599,6745,12136,12526,17443,17795,19378,18743,13281,14316,9387,11488,2916,5072,161611,126314,21971,15744,35609,31487,5160,2,2
2021-07-08T23:59:59+02:00,909,861,10639,9969,14247,12920,16453,16263,19935,19982,21634,20695,14095,15243,9763,11963,2998,5216,5255,5345,6384,6569,11697,12184,16933,17423,19118,18556,13218,14232,9361,11452,2910,5060,161594,124388,21970,15741,35608,30980,4613,2,2
2021-07-07T23:59:59+02:00,908,861,10636,9963,14243,12917,16450,16262,19935,19979,21634,20695,14095,15243,9763,11963,2998,5216,5114,5162,5910,6157,10493,11201,16879,17357,19064,18511,13201,14210,9352,11449,2906,5050,161581,120716,21967,15739,35608,30977,4605,2,2
2021-07-06T23:59:59+02:00,908,861,10634,9962,14239,12914,16448,16262,19935,19979,21634,20694,14095,15242,9763,11963,2998,5216,5095,5156,5903,6149,10493,11201,16877,17357,19062,18511,13201,14208,9352,11449,2906,5050,161576,120694,21963,15736,35608,30961,4600,2,2
2021-07-05T23:59:59+02:00,908,861,10628,9957,14222,12912,16438,16260,19934,19979,21632,20694,14095,15242,9763,11963,2998,5216,5086,5153,5884,6147,10483,11198,16874,17357,19060,18510,13201,14208,9352,11449,2905,5050,161567,120687,21963,15733,35608,30954,4564,2,2
2021-07-04T23:59:59+02:00,908,861,10618,9948,14221,12908,16437,16260,19933,19978,21631,20693,14095,15242,9763,11962,2997,5215,5053,5112,5798,6069,10356,11084,16867,17354,19059,18506,13197,14206,9350,11444,2902,5048,161560,120209,21962,15732,35608,30945,4540,2,2
2021-07-03T23:59:59+02:00,827,792,8693,8408,12758,11747,15966,15802,19647,19678,21462,20528,14021,15166,9709,11916,2991,5211,4944,4983,5525,5813,10118,10869,16723,17212,18869,18355,13172,14172,9340,11434,2900,5046,153225,118652,21962,15732,35608,30577,4527,2,2
2021-07-02T23:59:59+02:00,827,790,8691,8402,12751,11743,15963,15801,19645,19678,21462,20528,14020,15165,9709,11915,2990,5210,4087,4131,4884,5163,9139,9876,16352,16736,18386,17816,12823,13850,9280,11358,2898,5038,153205,114131,21960,15732,35607,27447,4518,2,2
2021-07-01T23:59:59+02:00,807,771,8484,8236,12669,11666,15929,15769,19633,19664,21451,20511,14016,15161,9704,11907,2987,5204,2266,2440,4451,4788,8644,9443,15724,16194,17834,17378,12765,13784,9250,11302,2883,5008,152512,106530,21960,15730,35607,27405,4490,2,1
2021-06-30T23:59:59+02:00,752,721,8238,8051,12495,11514,15814,15674,19567,19597,21412,20464,13997,15135,9691,11894,2986,5199,2208,2404,4360,4671,8538,9344,15526,16055,17098,16876,12112,13138,9191,11233,2876,5002,151161,106467,21958,15729,35606,23960,4476,2,1
2021-06-29T23:59:59+02:00,752,721,8230,8044,12491,11506,15810,15674,19565,19597,21412,20464,13997,15135,9691,11894,2986,5199,2185,2392,4337,4630,8514,9298,15490,15996,17022,16791,11758,12800,9163,11199,2873,4994,151145,106451,21955,15726,35605,22802,4463,2,1
2021-06-28T23:59:59+02:00,752,721,8226,8040,12482,11499,15805,15673,19565,19597,21412,20464,13996,15135,9691,11894,2986,5199,2177,2366,4289,4515,8439,9137,15369,15718,16855,16520,11450,12496,9140,11172,2872,4990,151125,106441,21954,15726,35605,20885,4453,2,1
2021-06-27T23:59:59+02:00,752,721,8223,8034,12478,11495,15802,15672,19563,19597,21412,20464,13996,15135,9691,11893,2986,5199,2167,2362,4280,4513,8257,8981,15348,15702,16853,16515,11445,12495,9139,11170,2872,4990,151114,106041,21952,15725,35605,20881,4442,2,1
2021-06-26T23:59:59+02:00,744,717,8011,7824,12001,11089,14687,14681,19314,19397,21309,20344,13953,15084,9678,11864,2983,5196,2127,2320,4224,4458,8159,8872,15087,15443,16791,16468,11428,12476,9127,11165,2872,4988,148634,104978,20196,15704,35604,20881,4442,2,1
2021-06-25T23:59:59+02:00,725,699,7984,7800,11986,11078,14687,14674,19307,19392,21305,20343,13953,15084,9677,11862,2983,5196,1996,2142,3934,4152,6634,7437,12427,13247,16715,16380,11400,12447,9116,11141,2866,4973,148493,96094,20196,15623,35604,20847,4442,2,1
2021-06-24T23:59:59+02:00,713,682,7499,7388,10905,10176,14154,14238,19237,19332,21257,20300,13931,15055,9664,11849,2982,5193,1928,2074,3573,3812,5869,6764,12179,13036,16469,16172,11296,12320,9026,11014,2855,4939,144329,94856,20192,13240,35603,20798,4431,2,1
2021-06-23T23:59:59+02:00,713,682,7497,7383,10899,10172,14153,14237,19237,19331,21257,20299,13931,15055,9664,11849,2982,5193,1784,1909,3088,3413,4518,5593,11877,12769,16348,16055,11250,12280,9013,10987,2854,4932,144313,90226,20189,13239,35602,20774,4430,2,1
2021-06-22T23:59:59+02:00,713,682,7448,7354,10826,10123,14128,14211,19220,19316,21246,20292,13925,15045,9661,11846,2982,5193,1734,1878,3006,3359,4479,5560,11848,12730,16280,16004,11042,12089,8761,10686,2844,4901,144299,90207,20189,13233,35600,19637,4123,2,1
2021-06-21T23:59:59+02:00,711,682,7317,7286,10696,10024,13846,13960,18470,18699,21156,20215,13890,15013,9642,11821,2982,5190,1689,1853,2963,3322,4449,5530,11801,12696,16263,15987,11033,12078,8754,10678,2843,4900,141911,90081,20186,13230,35600,19624,3903,2,1
2021-06-20T23:59:59+02:00,711,682,7317,7281,10691,10021,13845,13960,18470,18699,21156,20215,13890,15013,9642,11821,2982,5190,1661,1824,2915,3306,4384,5491,11739,12663,16201,15927,11014,12062,8751,10669,2839,4897,141898,89600,20185,13225,35600,19614,3903,2,1
2021-06-19T23:59:59+02:00,711,681,7283,7244,10585,9932,13663,13802,18055,18362,20970,20042,13872,14986,9630,11801,2979,5184,1630,1789,2876,3258,4304,5420,11403,12373,16163,15889,11005,12051,8749,10664,2837,4895,141855,88593,18424,13196,35600,19613,3903,2,1
2021-06-18T23:59:59+02:00,15,13,6476,6511,10577,9931,13662,13800,18053,18359,20970,20042,13872,14985,9630,11800,2978,5182,1499,1678,2637,3102,3673,4789,10259,11227,15951,15733,10963,12011,8726,10643,2823,4866,138939,83932,18423,13194,35600,19559,3894,2,1
2021-06-17T23:59:59+02:00,13,12,6405,6443,10459,9826,13337,13497,17665,18036,20858,19944,13853,14947,9618,11786,2970,5176,1418,1560,2482,2953,3317,4451,8649,9865,15436,15300,10787,11831,8670,10565,2806,4838,137045,78451,18422,13189,35599,19508,3779,2,1
2021-06-16T23:59:59+02:00,13,12,6398,6436,10448,9822,13335,13495,17662,18035,20857,19944,13853,14947,9617,11785,2970,5176,1365,1514,2379,2875,3133,4272,7558,8924,14936,14913,10705,11720,8634,10518,2795,4822,137012,74620,18419,13185,35599,19482,3775,2,1
2021-06-15T23:59:59+02:00,13,12,6366,6417,10407,9791,13305,13479,17642,18014,20844,19930,13844,14939,9614,11779,2967,5173,1283,1456,2250,2773,3016,4186,6634,8189,14736,14746,10681,11691,8621,10496,2786,4815,136997,74609,18417,10763,35597,19462,3524,2,1
2021-06-14T23:59:59+02:00,13,12,6347,6398,10372,9765,13284,13459,17625,17996,20825,19919,13833,14930,9611,11777,2967,5169,1257,1440,2214,2746,2994,4165,6618,8169,14715,14736,10669,11682,8618,10495,2785,4811,136978,74600,18416,10763,35597,19441,3309,2,1
2021-06-13T23:59:59+02:00,13,12,6346,6398,10369,9763,13284,13455,17625,17996,20825,19919,13832,14930,9611,11777,2967,5169,1253,1434,2210,2737,2984,4155,6601,8152,14615,14671,10656,11659,8612,10483,2782,4811,136969,74308,18416,10763,35597,19436,3307,2,1
2021-06-12T23:59:59+02:00,10,10,5563,5639,10324,9724,13250,13431,17597,17974,20799,19888,13750,14857,9611,11774,2966,5169,1245,1416,2197,2720,2964,4129,6527,8068,14443,14534,10427,11374,8130,9945,2780,4810,135014,73803,18416,10763,35597,17835,3307,2,1
2021-06-11T23:59:59+02:00,9,10,5559,5632,10314,9717,13235,13419,17589,17969,20795,19886,13750,14856,9611,11772,2966,5169,1170,1332,2078,2561,2793,3874,5020,6734,12723,13153,10287,11227,8044,9840,2773,4794,134939,66510,18416,10762,35597,17826,3304,2,1
2021-06-10T23:59:59+02:00,3,4,4565,4689,10146,9590,13121,13334,17334,17734,20554,19704,13740,14845,9605,11762,2963,5166,1114,1271,1963,2455,2631,3697,4412,6095,11557,12163,9986,10902,7959,9755,2761,4769,131622,61679,18412,10762,35597,17821,3227,1,1
2021-06-09T23:59:59+02:00,3,4,3980,4096,9943,9442,13032,13262,17023,17467,20328,19522,13725,14832,9600,11756,2962,5161,1041,1227,1863,2385,2537,3584,4085,5791,11134,11838,9858,10744,7913,9689,2750,4760,129273,61600,18399,8916,35597,17814,2868,1,1
2021-06-08T23:59:59+02:00,3,4,3968,4089,9930,9431,13020,13255,17016,17458,20320,19520,13723,14829,9599,11753,2961,5159,995,1218,1840,2370,2510,3570,4060,5771,11123,11835,9855,10739,7912,9687,2749,4758,129256,61484,18396,8909,35596,17809,2789,1,1
2021-06-07T23:59:59+02:00,3,4,3954,4080,9897,9419,13010,13237,16993,17446,20304,19509,13719,14825,9596,11749,2959,5157,984,1210,1805,2357,2500,3551,4036,5757,11105,11821,9852,10733,7909,9684,2747,4756,129243,61473,18394,8906,35594,17798,2629,1,1
2021-06-06T23:59:59+02:00,3,4,3950,4076,9891,9414,13008,13237,16990,17445,20303,19508,13718,14824,9596,11749,2959,5157,981,1207,1793,2355,2494,3542,4022,5750,10977,11677,9841,10726,7908,9684,2747,4756,129229,61148,18393,8905,35592,17789,2617,1,1
2021-06-05T23:59:59+02:00,2,1,3655,3777,7392,7411,12769,13052,16961,17416,20259,19467,13602,14680,9521,11657,2955,5145,904,1135,1631,2254,2328,3461,3795,5609,10076,10837,9455,10270,7795,9528,2739,4736,123250,57870,18393,8905,35592,17291,2486,1,1
2021-06-04T23:59:59+02:00,2,1,3589,3721,7240,7296,12299,12655,16822,17304,20024,19231,13483,14535,9463,11578,2941,5128,878,1070,1601,2149,2289,3294,3719,5351,9435,10157,8608,9248,7519,9124,2735,4725,120847,56393,18393,8903,35592,14126,2479,1,1
2021-06-03T23:59:59+02:00,2,1,3180,3333,7213,7281,12172,12537,16790,17262,19936,19165,13471,14518,9461,11575,2940,5127,850,1001,1555,2025,2208,3094,3530,4970,8858,9539,7846,8376,7046,8508,2732,4717,119616,54762,18390,8901,35588,10822,2369,1,1
2021-06-02T23:59:59+02:00,0,1,2794,3017,6061,6344,11865,12301,16730,17211,19814,19060,13409,14463,9439,11554,2938,5119,835,966,1489,2001,2094,3056,3359,4868,7492,8456,7766,8297,7030,8480,2729,4712,115883,51651,18389,8901,35588,10818,2259,1,1
2021-06-01T23:59:59+02:00,0,1,2509,2716,5576,5912,11542,12017,16706,17188,19763,19023,13286,14340,9432,11550,2937,5116,818,960,1473,1991,2073,3043,3333,4849,7194,8132,7727,8263,7020,8466,2728,4712,115861,50968,16040,8881,35588,10808,2124,1,1
2021-05-31T23:59:59+02:00,0,1,2494,2712,5556,5904,11514,11995,16670,17176,19722,19001,13283,14336,9428,11548,2937,5114,802,953,1455,1981,2042,3023,3297,4835,7153,8110,7723,8258,7016,8464,2728,4710,115848,50955,16036,8875,35587,10800,1919,1,1
2021-05-30T23:59:59+02:00,0,1,2491,2710,5553,5900,11513,11994,16667,17175,19720,19000,13283,14336,9428,11548,2937,5114,801,949,1449,1978,2039,3021,3295,4833,7152,8110,7723,8258,7016,8463,2728,4710,115832,50947,16036,8875,35584,10785,1917,1,1
2021-05-29T23:59:59+02:00,0,1,2477,2696,5388,5746,11446,11936,16659,17169,19712,18999,13282,14334,9426,11548,2937,5114,764,899,1336,1883,1760,2767,2889,4409,6868,7838,7539,8033,6840,8235,2725,4704,115332,50300,16036,8875,35584,8396,1917,1,1
2021-05-28T23:59:59+02:00,0,1,2344,2569,4968,5353,10757,11317,16593,17107,19686,18970,13273,14320,9407,11519,2935,5105,743,876,1276,1828,1671,2696,2756,4304,5284,6142,7374,7837,6798,8179,2722,4694,112691,46006,16036,8875,35584,8386,1912,1,1
2021-05-27T23:59:59+02:00,0,1,2324,2548,4918,5286,10090,10747,16552,17075,19671,18959,13263,14310,9405,11517,2935,5105,690,784,1170,1754,1460,2555,2382,3998,4402,5230,7137,7528,6706,8062,2705,4675,111301,42215,16033,8869,35582,8364,1789,1,1
2021-05-26T23:59:59+02:00,0,1,2286,2486,4746,5107,9655,10385,16500,17021,19603,18905,13249,14291,9395,11515,2931,5092,674,740,1120,1721,1371,2475,2173,3827,4273,5093,6974,7315,6626,7963,2693,4661,109888,40814,16030,8868,35582,8349,1667,1,1
2021-05-25T23:59:59+02:00,0,1,2283,2478,4716,5090,9630,10359,16475,17003,19589,18898,13244,14289,9392,11512,2931,5092,667,727,1075,1703,1319,2430,2103,3767,3732,4514,6672,6972,6592,7926,2692,4659,109882,40806,16028,6913,35581,8340,1490,1,1
2021-05-24T23:59:59+02:00,0,1,2275,2471,4704,5084,9621,10353,16448,16983,19563,18873,13234,14278,9389,11502,2930,5088,658,722,1063,1696,1309,2423,2078,3747,3706,4489,6660,6961,6589,7916,2691,4655,109875,40798,16025,6913,35581,8336,1315,1,1
2021-05-23T23:59:59+02:00,0,1,2259,2440,4615,5010,9487,10231,16445,16982,19563,18872,13232,14276,9386,11498,2928,5087,657,719,1061,1695,1308,2423,2078,3747,3706,4487,6659,6961,6589,7916,2691,4655,109391,40791,16025,6912,35580,8333,1315,1,1
2021-05-22T23:59:59+02:00,0,1,2239,2421,4606,4993,9407,10150,16422,16968,19511,18829,13204,14246,9383,11492,2928,5086,656,717,1060,1692,1306,2420,2075,3742,3690,4473,5826,6062,6517,7835,2683,4650,108965,38843,16025,6912,35580,8333,1315,1,1
2021-05-21T23:59:59+02:00,0,1,2205,2388,4497,4906,9208,9973,16394,16935,19496,18822,13194,14237,9381,11490,2923,5075,645,690,1023,1625,1256,2297,1988,3562,3345,4038,4061,3952,6473,7769,2678,4635,108220,34830,16025,6912,35577,6992,1302,1,1
2021-05-20T23:59:59+02:00,0,1,2176,2347,4413,4845,8985,9743,16344,16883,19443,18770,13164,14202,9363,11473,2922,5071,589,584,899,1312,1084,1890,1767,3026,2785,3355,3222,2994,6426,7718,2674,4630,107364,32993,16021,6911,35568,3859,1191,1,1
2021-05-19T23:59:59+02:00,0,1,2016,2177,3914,4425,7603,8552,16072,16636,19320,18646,13116,14155,9353,11447,2920,5068,574,548,863,1256,1055,1840,1741,2972,2735,3311,3214,2982,6422,7715,2674,4629,102749,32969,16018,6909,35566,3565,1087,1,1
2021-05-18T23:59:59+02:00,0,1,1968,2125,3607,4136,6942,7952,15923,16520,19236,18563,13082,14121,9297,11373,2914,5054,567,544,856,1254,1046,1831,1711,2956,2726,3292,3209,2977,6418,7711,2674,4629,102728,32963,13547,6904,35562,3557,976,1,1
2021-05-17T23:59:59+02:00,0,1,1960,2117,3587,4122,6897,7928,15895,16502,19215,18544,13072,14099,9295,11372,2914,5054,559,537,836,1238,1003,1807,1683,2938,2703,3271,3197,2958,6418,7710,2674,4629,102720,32957,13544,6903,35560,3551,749,1,1
2021-05-16T23:59:59+02:00,0,1,1955,2114,3580,4117,6711,7763,15871,16483,19211,18539,13066,14098,9294,11371,2914,5054,559,537,835,1235,1002,1806,1683,2937,2701,3271,3197,2958,6418,7710,2674,4629,102295,32954,13542,6903,35556,3546,748,1,1
2021-05-15T23:59:59+02:00,0,1,1927,2078,3540,4079,6625,7660,15601,16215,19155,18497,13047,14079,9285,11366,2914,5052,559,537,835,1234,1002,1806,1681,2936,2701,3271,3196,2958,6417,7710,2674,4629,101274,32950,13542,6903,35556,3544,748,1,1
2021-05-14T23:59:59+02:00,0,1,1818,1933,3292,3830,5036,6180,12947,14016,19090,18411,13022,14049,9279,11353,2911,5046,559,536,831,1234,1002,1806,1680,2935,2695,3269,3191,2952,6414,7708,2674,4628,92381,32932,13542,6901,35554,3544,736,1,1
2021-05-13T23:59:59+02:00,0,1,1792,1885,3253,3780,4924,6078,12741,13832,18930,18283,12945,13954,9244,11302,2911,5045,553,533,824,1225,992,1793,1661,2916,2588,3176,2529,2144,4958,5906,2664,4609,91165,29915,13448,4878,35552,3543,734,1,1
2021-05-12T23:59:59+02:00,0,1,1792,1885,3251,3779,4924,6078,12741,13832,18929,18283,12944,13953,9244,11302,2911,5045,553,533,824,1225,992,1793,1661,2915,2585,3174,2529,2143,4958,5904,2664,4609,91160,29911,13448,4873,35551,3543,734,1,1
2021-05-11T23:59:59+02:00,0,1,1747,1840,3158,3703,4833,6011,11806,13100,18736,18124,12929,13932,9237,11288,2905,5041,552,531,821,1220,991,1792,1660,2914,2575,3169,2528,2142,4956,5903,2663,4609,91145,29901,10976,4861,35543,3537,726,1,1
2021-05-10T23:59:59+02:00,0,1,1730,1837,3152,3700,4827,6007,11805,13099,18735,18124,12929,13932,9237,11288,2905,5041,551,529,821,1220,990,1792,1659,2914,2575,3169,2527,2141,4956,5903,2663,4609,91133,29900,10971,4860,35518,3532,726,1,1
2021-05-09T23:59:59+02:00,0,1,1694,1790,3098,3685,4757,5972,11738,13078,18672,18064,12909,13913,9234,11278,2903,5039,549,526,812,1219,982,1786,1646,2911,2571,3168,2527,2139,4955,5902,2663,4608,90660,29896,10967,4859,35511,3522,686,1,1
2021-05-08T23:59:59+02:00,0,1,1661,1756,3062,3636,4680,5901,11401,12776,18639,18030,12902,13906,9233,11276,2901,5039,537,525,805,1219,971,1786,1638,2911,2555,3157,2526,2139,4955,5901,2662,4607,89635,29892,10967,4859,35511,3456,686,1,1
2021-05-07T23:59:59+02:00,0,1,1518,1634,2811,3465,4007,5239,10192,11583,18438,17879,12863,13872,9213,11259,2893,5032,445,375,682,991,825,1469,1493,2496,2386,2799,2517,2130,4951,5897,2659,4604,84865,29887,10966,4859,35499,1404,568,1,1
2021-05-06T23:59:59+02:00,0,1,1455,1465,2678,3333,3680,4928,8480,10101,17920,17454,12695,13704,9166,11187,2890,5024,327,318,577,889,689,1379,1245,2282,2171,2603,2465,2098,4949,5890,2659,4603,79322,29864,10965,4858,35483,31,390,1,1
2021-05-05T23:59:59+02:00,0,1,1399,1390,2591,3261,3504,4753,7325,9083,17412,17055,12608,13591,9134,11142,2881,5009,327,318,575,888,688,1377,1198,2229,2159,2595,2461,2096,4949,5886,2659,4599,75442,29853,10959,4857,35474,30,263,1,1
2021-05-04T23:59:59+02:00,0,1,1386,1388,2585,3253,3502,4753,7323,9082,17411,17054,12608,13591,9134,11142,2881,5009,327,317,574,887,686,1377,1198,2229,2159,2595,2460,2095,4949,5886,2659,4598,75432,29848,10948,4857,35460,28,262,1,1
2021-05-03T23:59:59+02:00,0,1,1384,1382,2576,3247,3499,4747,7245,9022,17397,17046,12604,13589,9134,11142,2880,5008,324,311,570,882,683,1372,1120,2169,2145,2587,2456,2093,4949,5886,2658,4597,75423,29846,10948,4857,35459,26,72,1,1
2021-05-02T23:59:59+02:00,0,1,1376,1378,2573,3241,3486,4738,7225,9002,17292,16978,12591,13564,9128,11131,2877,5008,322,310,570,881,683,1372,1120,2168,2143,2587,2456,2093,4948,5884,2658,4597,75114,29840,10947,4856,35458,26,69,1,1
2021-05-01T23:59:59+02:00,0,1,1372,1372,2564,3231,3477,4720,7166,8941,17149,16861,12566,13540,9116,11125,2877,5008,322,310,570,881,683,1372,1120,2168,2143,2587,2456,2093,4946,5884,2657,4595,74611,29835,10947,4856,35458,26,69,1,1
2021-04-30T23:59:59+02:00,0,1,1302,1293,2443,3064,3309,4446,5609,7540,15394,15426,12423,13379,9021,11009,2862,4975,322,310,569,880,682,1372,1117,2166,2140,2584,2455,2083,4932,5875,2649,4577,67077,29818,10947,4855,35458,26,13,1,1
2021-04-29T23:59:59+02:00,0,1,1247,1254,2341,2954,3174,4276,4998,6890,14218,14401,12111,13050,8930,10927,2848,4947,319,308,569,879,682,1371,1116,2166,2138,2582,2453,2079,4931,5871,2648,4575,62151,29796,10947,4852,35456,26,12,1,1
2021-04-28T23:59:59+02:00,0,1,1185,1237,2279,2914,3108,4195,4688,6600,13803,14085,11995,12905,8889,10867,2840,4941,318,308,566,877,679,1371,1114,2163,2136,2575,2450,2076,4928,5867,2645,4572,62029,29791,9042,4823,35455,25,5,1,1
2021-04-27T23:59:59+02:00,0,1,1166,1234,2273,2913,3104,4193,4686,6600,13802,14084,11994,12904,8889,10867,2840,4941,318,308,566,877,678,1369,1114,2163,2135,2575,2450,2074,4928,5867,2645,4572,61997,29789,9035,4819,35453,25,5,1,1
2021-04-26T23:59:59+02:00,0,1,1166,1231,2271,2912,3100,4193,4672,6586,13762,14051,11990,12901,8888,10865,2840,4940,318,308,566,876,677,1369,1114,2163,2133,2574,2450,2074,4928,5867,2645,4572,61983,29786,9030,4818,35351,25,4,1,1
2021-04-25T23:59:59+02:00,0,1,1165,1231,2264,2912,3097,4186,4659,6579,13624,13897,11980,12895,8887,10864,2840,4940,318,308,565,876,676,1368,1112,2161,2133,2574,2450,2074,4928,5867,2645,4572,61656,29782,9027,4815,35333,25,4,1,1
2021-04-24T23:59:59+02:00,0,1,1100,1185,2128,2824,2957,4129,4448,6462,12755,13093,11704,12565,8821,10760,2833,4927,318,308,565,876,675,1367,1112,2161,2133,2574,2449,2074,4924,5866,2645,4572,58328,29775,9026,4815,35333,24,4,1,1
2021-04-23T23:59:59+02:00,0,1,1002,1165,1914,2796,2797,4095,4334,6349,11409,12033,11648,12502,8797,10713,2831,4924,317,308,565,876,674,1367,1111,2161,2131,2574,2448,2074,4923,5860,2645,4570,56841,29769,9026,4812,33439,19,3,1,1
2021-04-22T23:59:59+02:00,0,1,992,1156,1887,2782,2733,4069,4158,6230,10791,11518,11559,12414,8766,10666,2828,4919,316,307,565,876,674,1366,1109,2161,2130,2574,2448,2072,4921,5858,2645,4570,55143,29762,9025,4807,33297,19,3,1,1
2021-04-21T23:59:59+02:00,0,1,978,1141,1811,2757,2614,4034,4012,6156,9294,10357,11483,12345,8754,10642,2825,4916,315,307,564,876,673,1366,1108,2161,2130,2573,2444,2068,4918,5857,2644,4568,51971,29744,9024,4805,33121,19,3,1,1
2021-04-20T23:59:59+02:00,0,1,978,1140,1809,2755,2610,4030,4008,6155,8998,10034,11456,12321,8750,10632,2823,4915,315,307,564,876,673,1366,1108,2160,2129,2572,2444,2067,4916,5856,2644,4568,51270,29740,9021,4802,33120,19,3,1,1
2021-04-19T23:59:59+02:00,0,1,976,1138,1809,2752,2609,4029,4005,6153,8997,10033,11456,12321,8750,10631,2822,4915,315,307,562,875,673,1366,1106,2160,2128,2572,2444,2067,4916,5856,2644,4568,51261,29736,9016,4801,33116,18,3,1,1
2021-04-18T23:59:59+02:00,0,1,976,1137,1807,2752,2608,4027,4004,6153,8997,10033,11456,12321,8750,10629,2822,4914,315,307,562,875,672,1366,1106,2159,2128,2572,2444,2067,4916,5856,2644,4568,51253,29735,9015,4800,33115,18,3,1,1
2021-04-17T23:59:59+02:00,0,1,976,1136,1804,2746,2532,3935,3947,6071,8980,10015,11333,12169,8747,10627,2822,4913,310,301,558,868,664,1356,1088,2146,2081,2546,2398,2014,4866,5787,2638,4561,50620,29361,9015,4800,33115,17,3,1,1
2021-04-16T23:59:59+02:00,0,1,947,1102,1695,2662,2331,3800,3697,5895,7255,8201,11135,11925,8692,10564,2819,4899,303,296,543,849,632,1320,1006,2090,1855,2385,2248,1901,4679,5518,2576,4439,46271,29347,8940,3277,32405,12,3,1,1
2021-04-15T23:59:59+02:00,0,1,878,1052,1566,2574,2051,3647,3163,5566,6244,7235,10878,11588,8591,10440,2800,4876,303,296,542,848,630,1319,1005,2087,1620,2244,2095,1769,4491,5306,2522,4335,42463,29302,8937,2098,31746,8,3,1,1
2021-04-14T23:59:59+02:00,0,1,863,1023,1520,2537,1963,3566,2993,5431,6150,7124,10715,11380,8509,10340,2788,4862,283,287,508,821,559,1259,797,1944,1400,2120,2027,1694,4360,5142,2508,4307,41086,27906,8932,2098,31743,8,3,1,1
2021-04-13T23:59:59+02:00,0,1,858,1018,1508,2534,1940,3546,2962,5396,5626,6545,10415,11040,8478,10306,2787,4861,283,285,508,820,559,1259,797,1944,1400,2119,2024,1693,4360,5141,2508,4304,41073,27903,7006,2089,31738,8,3,1,1
2021-04-12T23:59:59+02:00,0,1,858,1016,1507,2531,1940,3546,2961,5395,5625,6545,10414,11039,8477,10306,2787,4861,283,284,508,820,557,1259,795,1943,1399,2119,2024,1693,4360,5140,2508,4304,41066,27897,7003,2087,31736,8,3,1,1
2021-04-11T23:59:59+02:00,0,1,858,1016,1505,2531,1938,3545,2960,5395,5625,6545,10413,11036,8477,10306,2787,4861,283,283,507,819,555,1259,794,1943,1397,2119,2024,1693,4360,5140,2508,4304,41062,27891,7002,2086,31732,8,2,1,1
2021-04-10T23:59:59+02:00,0,1,856,1013,1502,2527,1921,3533,2892,5329,5498,6448,10183,10818,8424,10256,2783,4860,283,282,507,818,554,1259,793,1943,1397,2119,2020,1689,4355,5131,2507,4301,40491,27861,7002,2086,31348,8,2,1,1
2021-04-09T23:59:59+02:00,0,1,818,980,1405,2472,1817,3475,2763,5275,5358,6383,7799,7989,8357,10162,2773,4842,282,282,505,817,552,1257,790,1943,1395,2115,2000,1667,4333,5112,2504,4296,35008,27753,7000,2086,30658,8,2,1,1
2021-04-08T23:59:59+02:00,0,1,817,977,1401,2469,1815,3472,2751,5266,5347,6369,7005,7071,8314,10111,2770,4839,280,281,505,816,552,1256,789,1943,1392,2114,1998,1667,4332,5109,2504,4296,33142,27738,7000,2085,30650,8,2,1,1
2021-04-07T23:59:59+02:00,0,1,765,957,1327,2399,1729,3403,2559,5159,4603,5885,6337,6429,8255,10049,2763,4832,280,281,505,816,552,1253,789,1943,1392,2114,1998,1667,4331,5109,2504,4296,33134,27737,6998,2084,27317,7,2,1,0
2021-04-06T23:59:59+02:00,0,1,733,950,1308,2364,1704,3362,2529,5113,4529,5809,5976,6072,8234,10025,2758,4826,280,280,505,815,552,1253,788,1943,1392,2114,1998,1666,4331,5109,2504,4296,33129,27734,6998,2083,26163,7,2,1,0
2021-04-05T23:59:59+02:00,0,1,730,922,1267,2241,1632,3197,2410,4843,4369,5538,5667,5764,8217,9999,2756,4822,280,280,505,814,552,1253,788,1943,1392,2114,1998,1666,4331,5109,2504,4296,33126,27733,6998,2083,24248,7,2,1,0
2021-04-04T23:59:59+02:00,0,1,710,897,1175,2026,1499,2933,2195,4409,4018,5038,5422,5540,8184,9945,2755,4814,280,280,504,813,550,1252,787,1942,1318,2077,1635,1392,4170,4929,2460,4230,33122,26528,6998,2083,21438,6,2,1,0
2021-04-03T23:59:59+02:00,0,1,710,897,1174,2025,1498,2933,2194,4409,4018,5038,5422,5539,8184,9945,2755,4814,280,280,504,813,550,1252,787,1942,1318,2077,1635,1392,4170,4929,2460,4230,33118,26528,6998,2083,21437,6,2,1,0
2021-04-02T23:59:59+02:00,0,1,710,896,1174,2025,1497,2933,2194,4409,4017,5037,5421,5538,8183,9943,2754,4812,280,280,504,813,549,1252,787,1942,1317,2077,1635,1392,4170,4929,2460,4230,33116,26527,6998,2083,21428,6,1,1,0
2021-04-01T23:59:59+02:00,0,1,705,894,1170,2019,1489,2924,2180,4391,3926,4952,4927,4937,7477,9046,2752,4807,280,278,503,810,549,1251,784,1940,1279,2049,1485,1296,4069,4828,2449,4217,30206,25983,6971,2077,21418,6,1,1,0
2021-03-31T23:59:59+02:00,0,1,705,893,1168,2018,1485,2919,2176,4390,3908,4941,4752,4717,6707,8112,2739,4786,279,277,502,809,545,1248,779,1934,1174,1972,1087,1030,3655,4362,2340,4043,30086,24015,4941,2015,21388,5,1,1,0
2021-03-30T23:59:59+02:00,0,1,705,893,1166,2015,1473,2910,2167,4381,3863,4914,4553,4536,6457,7814,2730,4770,279,276,502,807,545,1248,779,1933,1174,1972,1087,1030,3655,4362,2339,4042,30081,24010,4936,2015,20329,4,1,1,0
2021-03-29T23:59:59+02:00,0,1,704,891,1165,2015,1471,2910,2167,4381,3859,4912,4550,4534,6454,7805,2728,4751,279,275,502,807,545,1248,778,1932,1174,1972,1087,1029,3655,4362,2339,4041,30072,24005,4931,2015,20293,4,1,1,0
2021-03-28T23:59:59+02:00,0,1,703,891,1165,2011,1469,2908,2166,4378,3858,4912,4549,4534,6451,7801,2728,4749,278,275,500,807,545,1248,777,1932,1174,1972,1087,1028,3655,4362,2339,4041,30070,24001,4926,2014,20276,4,1,1,0
2021-03-27T23:59:59+01:00,0,1,699,886,1161,2003,1461,2898,2147,4363,3816,4886,4499,4476,6405,7743,2721,4736,274,270,486,797,534,1236,729,1897,1013,1880,825,838,3514,4207,2177,3725,29719,23029,4926,1368,20254,4,1,1,0
2021-03-26T23:59:59+01:00,0,1,699,886,1160,2002,1458,2897,2144,4362,3811,4883,4488,4454,6395,7719,2712,4722,273,270,486,795,532,1236,727,1897,1006,1872,687,744,2532,3044,2005,3511,29663,20244,4924,1368,20204,4,1,1,0
2021-03-25T23:59:59+01:00,0,1,698,885,1159,2001,1457,2894,2140,4356,3807,4879,4479,4443,6382,7688,2687,4668,273,270,486,795,531,1233,726,1896,1004,1871,666,737,1349,1592,1720,3147,29654,16923,4919,1368,20049,4,1,1,0
2021-03-24T23:59:59+01:00,0,1,674,875,1121,1970,1386,2833,1934,4210,3583,4753,4418,4384,6248,7521,2673,4636,273,270,486,794,528,1233,724,1896,1003,1871,666,737,1349,1591,1720,3145,28279,16914,4917,1367,20022,4,1,1,0
2021-03-23T23:59:59+01:00,0,1,674,873,1119,1969,1386,2833,1934,4210,3582,4750,4418,4383,6247,7521,2673,4635,273,270,486,794,528,1232,724,1896,1003,1871,666,737,1349,1591,1720,3145,28274,16913,4914,1367,20018,4,1,1,0
2021-03-22T23:59:59+01:00,0,1,674,871,1117,1965,1383,2833,1932,4210,3581,4750,4418,4382,6247,7520,2673,4635,273,270,486,794,528,1231,723,1896,1003,1870,666,736,1349,1591,1720,3145,28270,16910,4913,1367,20007,3,1,1,0
2021-03-21T23:59:59+01:00,0,1,673,871,1115,1964,1383,2831,1931,4209,3580,4749,4418,4382,6246,7520,2673,4635,272,270,486,794,528,1231,723,1896,1003,1870,666,735,1349,1591,1720,3145,28267,16909,4912,1367,20001,3,0,1,0
2021-03-20T23:59:59+01:00,0,1,671,870,1113,1962,1378,2828,1914,4202,3549,4730,4199,4106,5727,6910,2663,4599,267,268,481,788,511,1221,702,1880,967,1842,600,657,1118,1333,1365,2597,28184,15228,4810,1366,18427,3,0,1,0
2021-03-19T23:59:59+01:00,0,1,663,863,1099,1941,1344,2792,1834,4147,3327,4568,4050,3996,5551,6666,2610,4509,267,268,481,788,511,1221,702,1879,966,1842,600,657,1118,1332,1364,2596,28181,15223,3361,1366,18419,3,0,0,0
2021-03-18T23:59:59+01:00,0,1,662,862,1098,1940,1343,2790,1834,4143,3098,4424,3896,3866,5370,6462,2557,4407,267,267,480,788,511,1219,702,1878,965,1841,598,654,879,1074,1252,2428,28170,14436,2167,1365,18416,2,0,0,0
2021-03-17T23:59:59+01:00,0,1,662,862,1097,1940,1342,2789,1834,4143,3098,4424,3896,3864,5369,6462,2557,4407,267,266,480,788,511,1219,702,1878,964,1841,597,654,879,1073,1252,2428,28168,14433,2167,1364,18412,2,0,0,0
2021-03-16T23:59:59+01:00,0,1,661,862,1097,1936,1340,2789,1831,4143,3098,4422,3895,3863,5369,6462,2557,4406,265,262,466,783,502,1207,686,1864,948,1831,595,653,877,1072,1251,2427,28160,14323,2163,1364,18409,2,0,0,0
2021-03-15T23:59:59+01:00,0,1,661,861,1095,1935,1337,2789,1827,4142,3097,4422,3895,3862,5368,6462,2557,4406,265,262,466,783,502,1207,685,1864,947,1830,595,653,877,1072,1251,2427,28155,14320,2161,1364,18401,2,0,0,0
2021-03-14T23:59:59+01:00,0,1,660,858,1091,1931,1334,2786,1825,4140,3092,4421,3895,3862,5368,6462,2557,4406,265,262,466,783,502,1207,685,1864,947,1829,595,653,876,1072,1251,2427,28150,14318,2160,1364,18379,2,0,0,0
2021-03-13T23:59:59+01:00,0,1,658,853,1083,1925,1324,2779,1819,4132,2977,4343,3420,3458,5159,6226,2512,4342,265,262,466,783,502,1207,684,1864,945,1828,571,637,572,774,818,1845,26877,12657,2160,1364,17974,2,0,0,0
2021-03-12T23:59:59+01:00,0,1,630,767,1059,1812,1303,2590,1787,3866,2933,4175,2273,2011,4797,5678,2509,4333,265,262,466,783,502,1207,683,1864,944,1828,571,636,571,774,818,1844,26865,12653,2160,1364,13499,1,0,0,0
2021-03-11T23:59:59+01:00,0,1,621,722,1052,1709,1294,2432,1775,3654,2885,4036,1707,1479,4309,5137,2499,4323,262,261,466,783,502,1207,683,1863,944,1824,571,636,569,773,734,1698,26310,12649,2147,1127,11178,0,0,0,0
2021-03-10T23:59:59+01:00,0,1,615,711,1039,1685,1284,2411,1762,3628,2776,3953,1314,1211,3897,4666,2403,4165,262,261,465,781,501,1207,683,1863,942,1824,571,636,567,772,734,1698,24317,12643,2146,1124,11058,0,0,0,0
2021-03-09T23:59:59+01:00,0,1,614,707,1031,1668,1273,2396,1759,3617,2769,3948,1310,1210,3896,4665,2402,4164,262,261,465,781,501,1207,683,1863,942,1824,571,636,567,772,734,1698,24313,12643,2145,1124,10972,0,0,0,0
2021-03-08T23:59:59+01:00,0,1,609,678,1020,1641,1257,2363,1751,3584,2748,3933,1309,1208,3896,4665,2402,4163,262,261,465,781,500,1207,683,1863,942,1824,571,635,565,772,734,1698,24308,12639,2144,1124,10776,0,0,0,0
2021-03-07T23:59:59+01:00,0,1,609,675,1015,1637,1257,2360,1750,3581,2748,3931,1309,1208,3896,4665,2402,4163,262,261,465,781,499,1207,683,1863,942,1824,571,635,565,772,734,1698,24305,12638,2144,1124,10758,0,0,0,0
2021-03-06T23:59:59+01:00,0,1,573,627,894,1536,1013,2170,1329,3198,2328,3595,1027,989,3595,4287,2382,4145,262,261,465,781,497,1207,683,1863,942,1823,571,634,563,768,645,1516,23304,12634,2141,847,8244,0,0,0,0
2021-03-05T23:59:59+01:00,0,1,571,627,889,1532,1013,2168,1326,3195,2321,3590,883,893,2596,3087,2208,3912,261,261,460,770,494,1202,675,1846,928,1808,566,630,503,707,330,997,20448,12433,2130,5,8234,0,0,0,0
2021-03-04T23:59:59+01:00,0,1,553,584,853,1400,974,2015,1276,2992,2278,3490,868,884,1413,1649,1916,3545,261,261,458,770,494,1202,675,1846,928,1808,565,629,503,706,330,997,17141,12428,2129,5,7421,0,0,0,0
2021-03-03T23:59:59+01:00,0,1,547,552,830,1335,953,1953,1260,2948,2268,3446,868,883,1413,1649,1916,3545,261,261,458,769,494,1202,675,1845,928,1808,565,629,503,706,330,997,17139,12426,2129,5,7099,0,0,0,0
2021-03-02T23:59:59+01:00,0,1,546,550,828,1334,952,1953,1259,2947,2268,3446,868,883,1413,1649,1916,3545,261,261,457,769,494,1202,675,1845,928,1807,565,629,503,706,330,997,17138,12424,2129,5,7091,0,0,0,0
2021-03-01T23:59:59+01:00,0,1,546,548,827,1333,952,1952,1259,2947,2267,3445,868,882,1413,1648,1916,3545,261,261,457,769,494,1202,674,1844,928,1807,565,629,503,706,330,997,17135,12422,2128,5,7086,0,0,0,0
2021-02-28T23:59:59+01:00,0,1,545,546,826,1332,951,1952,1259,2946,2265,3444,868,880,1413,1648,1916,3545,261,261,457,769,494,1202,674,1843,928,1807,565,629,503,706,330,997,17132,12421,2128,5,7077,0,0,0,0
2021-02-27T23:59:59+01:00,0,1,540,544,815,1322,930,1941,1220,2919,2190,3395,750,762,1143,1357,1404,2668,260,261,456,769,493,1202,672,1842,927,1805,564,627,502,704,328,993,15412,12401,1414,4,7075,0,0,0,0
2021-02-26T23:59:59+01:00,0,1,531,523,786,1256,901,1828,1181,2761,1869,2974,709,734,1143,1357,1403,2667,260,261,456,769,493,1202,672,1842,927,1805,564,627,502,704,328,992,15407,12400,1414,4,5803,0,0,0,0
2021-02-25T23:59:59+01:00,0,1,496,481,724,1139,795,1634,1027,2459,1370,2423,658,689,895,1089,1292,2494,259,260,455,769,493,1201,671,1840,927,1804,564,627,502,704,328,992,14595,12395,1414,1,3657,0,0,0,0
2021-02-24T23:59:59+01:00,0,1,495,480,724,1137,794,1634,1027,2458,1370,2422,658,689,895,1089,1292,2494,259,260,455,769,493,1200,671,1840,927,1804,564,627,502,704,328,992,14594,12395,1413,0,3652,0,0,0,0
2021-02-23T23:59:59+01:00,0,1,493,476,708,1128,785,1623,1010,2444,1354,2411,656,688,893,1088,1291,2493,259,259,455,768,493,1200,671,1839,927,1803,564,627,502,704,328,992,14484,12391,1413,0,3645,0,0,0,0
2021-02-22T23:59:59+01:00,0,1,493,476,706,1128,783,1623,1010,2444,1353,2410,656,686,893,1087,1291,2493,259,259,455,768,493,1200,671,1839,927,1802,564,627,502,704,328,992,14481,12390,1413,0,3639,0,0,0,0
2021-02-21T23:59:59+01:00,0,1,493,476,705,1128,782,1623,1009,2444,1353,2409,655,686,892,1087,1291,2493,259,259,454,768,493,1200,671,1839,927,1802,564,627,502,704,328,992,14479,12389,1413,0,3635,0,0,0,0
2021-02-20T23:59:59+01:00,0,1,477,474,693,1122,762,1618,996,2442,1326,2389,628,667,582,783,848,1900,258,258,449,766,488,1194,666,1828,921,1799,561,624,497,703,324,987,12786,12323,1412,0,3510,0,0,0,0
2021-02-19T23:59:59+01:00,0,1,382,389,589,996,644,1464,856,2271,1087,2150,581,643,581,783,848,1900,255,258,445,764,486,1185,663,1812,914,1779,557,618,491,696,321,977,12784,12221,1412,0,1969,0,0,0,0
2021-02-18T23:59:59+01:00,0,1,266,265,474,793,505,1219,694,1875,952,1839,578,637,580,783,848,1899,254,256,443,761,484,1181,662,1798,910,1768,550,613,484,689,315,966,12781,12134,1412,0,15,0,0,0,0
2021-02-17T23:59:59+01:00,0,1,266,265,473,793,505,1217,693,1875,951,1839,577,637,580,782,848,1899,252,256,442,758,482,1179,659,1790,906,1761,545,608,474,667,304,946,12779,12029,1412,0,10,0,0,0,0
2021-02-16T23:59:59+01:00,0,1,266,265,471,793,504,1217,693,1875,951,1839,577,637,580,782,848,1899,242,252,436,742,470,1147,652,1714,881,1681,526,579,440,621,284,875,12779,11542,1412,0,7,0,0,0,0
2021-02-15T23:59:59+01:00,0,1,266,265,470,793,504,1217,691,1875,951,1839,577,637,580,782,848,1899,238,248,433,734,464,1121,636,1662,855,1627,505,545,422,577,268,810,12779,11145,1412,0,4,0,0,0,0
2021-02-14T23:59:59+01:00,0,1,266,265,470,793,503,1217,691,1875,951,1839,577,637,580,782,848,1899,238,248,433,733,464,1121,636,1656,853,1618,494,540,418,574,259,801,12778,11086,1412,0,4,0,0,0,0
2021-02-13T23:59:59+01:00,0,1,265,265,470,793,503,1217,690,1874,951,1839,577,637,580,782,848,1899,236,246,432,729,457,1109,627,1636,833,1585,474,512,401,548,246,763,12777,10834,1412,0,2,0,0,0,0
2021-02-12T23:59:59+01:00,0,1,265,265,469,792,503,1217,690,1873,946,1836,577,635,530,736,834,1895,220,238,412,695,436,1021,592,1474,747,1345,390,389,325,433,186,575,12650,9478,1412,0,2,0,0,0,0
2021-02-11T23:59:59+01:00,0,1,262,265,466,792,503,1217,690,1871,946,1833,576,634,527,733,746,1746,198,226,400,663,416,974,558,1380,701,1234,356,340,284,365,156,484,12637,8735,1170,0,1,0,0,0,0
2021-02-10T23:59:59+01:00,0,1,262,265,466,791,503,1217,689,1871,945,1833,575,634,527,732,745,1744,195,222,399,656,412,960,555,1361,689,1199,339,317,261,324,133,418,12630,8440,1170,0,0,0,0,0,0
2021-02-09T23:59:59+01:00,0,1,262,265,466,791,503,1217,688,1871,945,1831,575,634,527,732,745,1744,186,209,387,620,394,895,512,1267,636,1069,264,224,182,210,89,254,12627,7398,1170,0,0,0,0,0,0
2021-02-08T23:59:59+01:00,0,1,262,265,464,791,503,1217,687,1871,945,1830,575,634,527,732,745,1744,186,203,383,606,383,869,487,1217,609,999,233,182,146,157,71,194,12624,6925,1169,0,0,0,0,0,0
2021-02-07T23:59:59+01:00,0,1,262,265,464,791,503,1217,687,1871,945,1829,575,634,527,732,745,1743,185,203,381,602,381,864,482,1206,605,985,227,175,136,139,64,177,12622,6812,1169,0,0,0,0,0,0
2021-02-06T23:59:59+01:00,0,1,262,265,464,791,503,1217,687,1871,945,1829,575,634,525,727,655,1563,185,203,381,602,381,864,482,1206,605,985,227,175,136,139,64,177,12622,6812,892,0,0,0,0,0,0
2021-02-05T23:59:59+01:00,0,1,262,265,462,790,502,1215,684,1869,942,1826,570,630,517,713,337,1030,179,194,364,571,368,823,464,1166,586,952,208,160,116,127,59,174,12607,6511,8,0,0,0,0,0,0
2021-02-04T23:59:59+01:00,0,1,262,264,461,785,499,1214,683,1864,937,1825,569,630,516,712,337,1030,164,161,294,434,303,667,384,942,511,813,196,155,107,121,52,162,12581,5466,8,0,0,0,0,0,0
2021-02-03T23:59:59+01:00,0,1,261,264,461,783,499,1213,682,1862,937,1825,569,630,516,712,337,1030,160,153,249,352,254,580,324,841,460,726,188,150,102,119,51,161,12574,4870,8,0,0,0,0,0,0
2021-02-02T23:59:59+01:00,0,1,261,263,461,780,499,1213,682,1860,937,1823,569,630,516,712,337,1030,153,139,190,289,196,492,248,727,378,642,178,146,100,118,50,160,12566,4206,8,0,0,0,0,0,0
2021-02-01T23:59:59+01:00,0,1,261,263,459,779,497,1212,681,1856,934,1818,569,630,515,712,337,1030,147,133,152,252,167,434,203,649,321,567,173,135,91,107,44,153,12546,3728,8,0,0,0,0,0,0
2021-01-31T23:59:59+01:00,0,1,261,263,459,779,497,1212,681,1856,934,1818,569,630,515,712,337,1030,147,133,152,251,167,433,202,649,321,567,173,135,91,107,44,153,12546,3725,8,0,0,0,0,0,0
2021-01-30T23:59:59+01:00,0,1,261,263,459,779,497,1212,681,1856,930,1818,568,630,513,712,334,1030,134,122,135,234,156,404,191,608,302,519,150,124,79,78,35,113,12536,3384,8,0,0,0,0,0,0
2021-01-29T23:59:59+01:00,0,1,258,262,455,776,495,1202,678,1839,923,1798,564,624,507,706,330,1020,89,68,93,154,115,247,148,440,213,376,112,83,60,67,30,102,12431,2397,7,0,0,0,0,0,0
2021-01-28T23:59:59+01:00,0,0,258,262,454,776,494,1202,678,1838,923,1796,564,624,507,706,330,1020,10,7,13,23,24,47,24,94,49,105,37,33,34,49,24,94,12428,667,4,0,0,0,0,0,0
2021-01-27T23:59:59+01:00,0,0,256,262,454,775,494,1201,678,1837,921,1796,564,624,507,706,330,1020,10,7,13,23,23,47,24,92,48,105,37,33,34,49,24,94,12424,663,1,0,0,0,0,0,0
2021-01-26T23:59:59+01:00,0,0,256,262,453,774,494,1200,678,1837,921,1795,564,624,507,706,330,1020,10,7,13,23,23,47,24,92,48,105,37,33,34,49,24,94,12420,663,1,0,0,0,0,0,0
2021-01-25T23:59:59+01:00,0,0,256,262,451,774,494,1199,678,1835,921,1794,564,624,507,704,329,1020,6,1,5,13,11,22,15,39,23,46,18,16,11,16,7,22,12412,271,0,0,0,0,0,0,0
2021-01-24T23:59:59+01:00,0,0,256,261,451,774,493,1199,678,1834,921,1793,564,624,507,704,329,1020,6,1,5,13,11,22,15,39,23,46,18,16,11,16,7,22,12408,271,0,0,0,0,0,0,0
2021-01-23T23:59:59+01:00,0,0,256,261,451,774,493,1198,678,1834,921,1793,564,624,507,704,329,1020,6,1,5,13,11,22,15,39,23,46,18,16,11,16,7,22,12407,271,0,0,0,0,0,0,0
2021-01-22T23:59:59+01:00,0,0,254,259,450,774,492,1197,678,1833,921,1793,564,624,507,704,310,975,6,1,5,13,11,22,15,39,23,46,18,16,11,16,7,22,12335,271,0,0,0,0,0,0,0
2021-01-21T23:59:59+01:00,0,0,252,255,448,764,489,1189,675,1811,912,1776,555,615,487,679,295,937,6,1,5,13,11,22,15,39,23,46,18,16,11,16,7,22,12139,271,0,0,0,0,0,0,0
2021-01-20T23:59:59+01:00,0,0,251,253,444,759,487,1186,672,1803,908,1771,549,610,479,660,287,918,6,1,5,13,11,22,15,39,23,46,18,16,11,16,7,22,12037,271,0,0,0,0,0,0,0
2021-01-19T23:59:59+01:00,0,0,246,253,442,751,481,1171,669,1771,897,1729,537,593,466,641,274,878,6,1,5,13,11,22,15,39,23,46,18,16,11,16,7,22,11799,271,0,0,0,0,0,0,0
2021-01-18T23:59:59+01:00,0,0,242,249,439,739,475,1150,652,1734,871,1682,518,560,449,602,258,819,6,1,5,12,11,21,15,39,23,46,18,16,11,16,7,22,11439,269,0,0,0,0,0,0,0
2021-01-17T23:59:59+01:00,0,0,242,248,438,738,475,1149,649,1727,866,1671,504,551,434,582,243,794,6,1,4,12,11,21,15,39,23,46,18,15,11,16,7,22,11311,267,0,0,0,0,0,0,0
2021-01-16T23:59:59+01:00,0,0,234,240,433,718,462,1114,624,1640,820,1522,461,466,402,528,221,734,0,0,0,0,0,0,0,0,0,0,0,0,0,0,0,0,10619,0,0,0,0,0,0,0,0
2021-01-15T23:59:59+01:00,0,0,227,233,425,698,448,1062,604,1541,781,1408,412,408,349,457,200,621,0,0,0,0,0,0,0,0,0,0,0,0,0,0,0,0,9874,0,0,0,0,0,0,0,0
2021-01-14T23:59:59+01:00,0,0,205,220,405,654,426,1000,563,1424,713,1254,356,334,298,362,155,488,0,0,0,0,0,0,0,0,0,0,0,0,0,0,0,0,8857,0,0,0,0,0,0,0,0
2021-01-13T23:59:59+01:00,0,0,203,218,404,647,421,981,558,1403,700,1219,337,310,272,321,131,422,0,0,0,0,0,0,0,0,0,0,0,0,0,0,0,0,8547,0,0,0,0,0,0,0,0
2021-01-12T23:59:59+01:00,0,0,187,206,387,606,391,887,496,1249,621,1029,238,193,162,164,77,207,0,0,0,0,0,0,0,0,0,0,0,0,0,0,0,0,7100,0,0,0,0,0,0,0,0
2021-01-11T23:59:59+01:00,0,0,183,200,383,594,375,859,476,1202,601,974,218,163,129,117,55,150,0,0,0,0,0,0,0,0,0,0,0,0,0,0,0,0,6679,0,0,0,0,0,0,0,0
2021-01-10T23:59:59+01:00,0,0,182,196,371,580,371,846,467,1182,588,955,214,163,125,117,53,148,0,0,0,0,0,0,0,0,0,0,0,0,0,0,0,0,6558,0,0,0,0,0,0,0,0
2021-01-09T23:59:59+01:00,0,0,162,163,325,500,330,729,407,1001,497,805,151,109,77,73,37,109,0,0,0,0,0,0,0,0,0,0,0,0,0,0,0,0,5475,0,0,0,0,0,0,0,0
2021-01-08T23:59:59+01:00,0,0,95,76,228,349,243,436,293,669,340,510,82,68,53,58,28,97,0,0,0,0,0,0,0,0,0,0,0,0,0,0,0,0,3625,0,0,0,0,0,0,0,0
2021-01-07T23:59:59+01:00,0,0,12,10,54,97,72,125,93,194,122,179,44,36,36,50,25,97,0,0,0,0,0,0,0,0,0,0,0,0,0,0,0,0,1246,0,0,0,0,0,0,0,0
2021-01-06T23:59:59+01:00,0,0,8,4,9,23,17,47,24,90,53,108,38,33,35,50,25,97,0,0,0,0,0,0,0,0,0,0,0,0,0,0,0,0,661,0,0,0,0,0,0,0,0
2021-01-05T23:59:59+01:00,0,0,8,4,9,23,17,47,23,90,51,108,38,33,35,50,25,97,0,0,0,0,0,0,0,0,0,0,0,0,0,0,0,0,658,0,0,0,0,0,0,0,0
2021-01-04T23:59:59+01:00,0,0,6,1,5,13,11,24,15,41,23,48,19,16,12,16,7,23,0,0,0,0,0,0,0,0,0,0,0,0,0,0,0,0,280,0,0,0,0,0,0,0,0
2021-01-03T23:59:59+01:00,0,0,6,1,5,13,11,24,15,41,23,48,19,16,12,16,7,23,0,0,0,0,0,0,0,0,0,0,0,0,0,0,0,0,280,0,0,0,0,0,0,0,0
2021-01-02T23:59:59+01:00,0,0,6,1,5,13,11,24,15,41,23,48,19,16,12,16,7,23,0,0,0,0,0,0,0,0,0,0,0,0,0,0,0,0,280,0,0,0,0,0,0,0,0
2021-01-01T23:59:59+01:00,0,0,6,1,5,13,11,24,15,41,23,48,19,16,12,16,7,23,0,0,0,0,0,0,0,0,0,0,0,0,0,0,0,0,280,0,0,0,0,0,0,0,0
2020-12-31T23:59:59+01:00,0,0,6,1,5,13,11,24,15,41,23,48,19,16,12,16,7,23,0,0,0,0,0,0,0,0,0,0,0,0,0,0,0,0,280,0,0,0,0,0,0,0,0
2020-12-30T23:59:59+01:00,0,0,6,1,5,13,11,24,15,41,23,48,19,16,12,16,7,23,0,0,0,0,0,0,0,0,0,0,0,0,0,0,0,0,280,0,0,0,0,0,0,0,0
2020-12-29T23:59:59+01:00,0,0,6,1,5,13,11,23,15,41,23,48,19,16,12,16,7,23,0,0,0,0,0,0,0,0,0,0,0,0,0,0,0,0,279,0,0,0,0,0,0,0,0
2020-12-28T23:59:59+01:00,0,0,6,1,5,13,11,23,15,41,23,48,19,16,12,16,7,23,0,0,0,0,0,0,0,0,0,0,0,0,0,0,0,0,279,0,0,0,0,0,0,0,0
2020-12-27T23:59:59+01:00,0,0,6,1,4,12,11,23,15,41,23,48,19,15,12,16,7,23,0,0,0,0,0,0,0,0,0,0,0,0,0,0,0,0,276,0,0,0,0,0,0,0,0
