Datum,<15_m,<15_w,15-24_1_m,15-24_1_w,25-34_1_m,25-34_1_w,35-44_1_m,35-44_1_w,45-54_1_m,45-54_1_w,55-64_1_m,55-64_1_w,65-74_1_m,65-74_1_w,75-84_1_m,75-84_1_w,>84_1_m,>84_1_w,<24_2_m,<24_2_w,25-34_2_m,25-34_2_w,35-44_2_m,35-44_2_w,45-54_2_m,45-54_2_w,55-64_2_m,55-64_2_w,65-74_2_m,65-74_2_w,75-84_2_m,75-84_2_w,>84_2_m,>84_2_w,bp_1,bp_2,mo_1,mo_2,az_1,az_2,ja,unb_1,unb_2
2021-08-06T23:59:59+02:00,1187,1078,11970,11178,15110,13665,17109,16871,20441,20482,22056,21063,14289,15441,9834,12042,2918,5120,10601,9878,14097,12594,16346,15987,19944,19864,21633,20590,14055,15182,9698,11858,2870,5044,166057,158171,22396,21299,35534,34595,7864,3,3
2021-08-05T23:59:59+02:00,1178,1070,11927,11149,15079,13643,17083,16837,20412,20463,22026,21045,14276,15424,9829,12035,2914,5119,10574,9866,14073,12576,16327,15967,19916,19851,21609,20576,14044,15171,9694,11853,2868,5043,165924,158153,22396,21297,35534,34594,7652,3,3
2021-08-04T23:59:59+02:00,1165,1061,11899,11120,15067,13628,17069,16824,20402,20452,22016,21034,14269,15419,9825,12033,2913,5118,10568,9849,14062,12568,16314,15960,19909,19844,21604,20574,14042,15170,9693,11853,2867,5042,165731,158093,22395,21268,35533,34594,7652,3,3
2021-08-03T23:59:59+02:00,1159,1055,11856,11086,15032,13603,17044,16794,20381,20433,21996,21012,14256,15401,9821,12030,2912,5117,10532,9828,14031,12552,16294,15940,19892,19832,21587,20561,14034,15152,9689,11851,2867,5042,165601,158052,22395,21266,35533,34592,7456,3,3
2021-08-02T23:59:59+02:00,1156,1053,11839,11068,15012,13584,17029,16774,20366,20423,21989,21002,14245,15390,9815,12028,2912,5115,10512,9813,14012,12531,16280,15922,19876,19825,21581,20550,14024,15140,9683,11849,2867,5040,165554,158013,22395,21266,35533,34592,7315,3,3
2021-08-01T23:59:59+02:00,1156,1053,11837,11064,15012,13584,17028,16773,20366,20422,21987,21002,14245,15389,9815,12028,2912,5114,10510,9812,14008,12530,16278,15922,19876,19824,21581,20550,14024,15140,9683,11849,2867,5040,165543,158004,22394,21265,35533,34592,7314,3,3
2021-07-31T23:59:59+02:00,1156,1053,11837,11064,15012,13584,17028,16773,20366,20422,21987,21002,14245,15389,9815,12028,2912,5114,10510,9811,14005,12528,16277,15922,19876,19822,21580,20550,14024,15140,9683,11849,2867,5040,165543,157995,22394,21264,35533,34592,7314,3,3
2021-07-30T23:59:59+02:00,1155,1053,11803,11052,14978,13561,16993,16745,20339,20403,21950,20983,14228,15381,9809,12020,2911,5113,10477,9799,13971,12505,16243,15895,19849,19803,21543,20530,14007,15132,9677,11841,2866,5039,165538,157992,22394,21264,35533,34591,7009,3,3
2021-07-29T23:59:59+02:00,1147,1045,11772,11023,14955,13537,16983,16732,20331,20392,21941,20977,14225,15380,9806,12018,2908,5112,10472,9790,13953,12501,16232,15890,19847,19801,21539,20529,14005,15130,9677,11841,2866,5039,165350,157931,22394,21262,35533,34591,7004,3,3
2021-07-28T23:59:59+02:00,1132,1039,11737,10977,14929,13508,16966,16714,20323,20379,21932,20970,14221,15378,9804,12016,2907,5111,10461,9781,13936,12486,16224,15881,19841,19797,21536,20527,14004,15128,9677,11840,2866,5039,165132,157866,22393,21261,35533,34589,6982,3,3
2021-07-27T23:59:59+02:00,1129,1038,11717,10961,14905,13489,16947,16705,20310,20362,21915,20951,14213,15365,9797,12012,2906,5109,10440,9769,13909,12462,16207,15873,19827,19780,21520,20507,13995,15116,9670,11836,2865,5038,165107,157842,22393,21261,35533,34589,6795,3,3
2021-07-26T23:59:59+02:00,1123,1026,11661,10903,14861,13452,16922,16683,20276,20331,21886,20935,14196,15357,9790,12004,2906,5108,10403,9743,13878,12434,16182,15857,19791,19746,21471,20478,13978,15106,9662,11828,2865,5037,164937,157786,22392,21260,35533,34529,6555,3,3
2021-07-25T23:59:59+02:00,1122,1026,11659,10900,14856,13451,16921,16682,20275,20331,21886,20935,14196,15357,9790,12004,2906,5108,10402,9731,13875,12431,16180,15856,19790,19746,21471,20478,13978,15106,9662,11828,2865,5036,164924,157765,22390,21257,35533,34529,6555,3,3
2021-07-24T23:59:59+02:00,1122,1026,11655,10898,14855,13450,16921,16681,20273,20330,21886,20934,14195,15357,9790,12004,2906,5108,10280,9618,13707,12289,15759,15491,19641,19624,21453,20452,13964,15091,9655,11820,2865,5035,164918,157743,22384,19590,35533,34529,6553,3,3
2021-07-23T23:59:59+02:00,1098,1013,11542,10828,14776,13395,16868,16627,20232,20278,21848,20896,14179,15337,9780,11996,2904,5107,8525,8237,12326,11185,15272,15061,19353,19302,21240,20259,13886,15007,9598,11771,2860,5031,164510,150104,22384,19590,35533,34472,6274,3,3
2021-07-22T23:59:59+02:00,1076,1006,11474,10757,14720,13347,16832,16601,20214,20249,21834,20872,14164,15324,9769,11989,2902,5105,7998,7757,11714,10685,14564,14461,19158,19135,21084,20084,13817,14923,9573,11725,2851,5020,164157,145714,22383,19590,35533,34460,6159,3,3
2021-07-21T23:59:59+02:00,1064,997,11429,10708,14685,13316,16803,16573,20198,20232,21818,20861,14152,15319,9767,11981,2900,5103,7995,7750,11702,10677,14559,14459,19150,19134,21030,20047,13814,14921,9573,11724,2850,5018,163832,145681,22383,19583,35533,34358,6155,3,3
2021-07-20T23:59:59+02:00,1051,982,11377,10667,14655,13287,16770,16555,20175,20211,21794,20843,14142,15307,9765,11975,2899,5102,7984,7744,11688,10670,14552,14452,19141,19130,21023,20043,13813,14919,9573,11724,2850,5018,163524,145651,22383,19583,35533,34350,6114,3,3
2021-07-19T23:59:59+02:00,1038,966,11328,10618,14628,13253,16750,16536,20156,20192,21781,20835,14136,15303,9761,11966,2897,5098,7979,7741,11682,10666,14548,14451,19139,19130,21009,20027,13811,14918,9572,11722,2850,5018,163211,145625,22383,19581,35533,34319,6112,3,3
2021-07-18T23:59:59+02:00,1038,966,11326,10618,14628,13251,16749,16536,20156,20191,21781,20835,14135,15303,9761,11966,2897,5098,7976,7739,11673,10661,14544,14448,19138,19130,20998,20022,13811,14918,9572,11722,2850,5018,163205,145601,22382,19580,35533,34301,6112,3,3
2021-07-17T23:59:59+02:00,1036,966,11281,10590,14571,13207,16713,16506,20121,20177,21755,20811,14124,15290,9758,11963,2897,5097,7901,7680,11530,10533,14351,14281,18715,18811,20800,19847,13783,14877,9557,11699,2846,5012,163179,145596,22373,17925,35533,34301,5775,3,3
2021-07-16T23:59:59+02:00,1016,950,11090,10450,14473,13108,16615,16431,20047,20112,21703,20763,14097,15265,9741,11956,2893,5092,7626,7478,10604,9901,13887,13972,18489,18619,19941,19191,13617,14665,9448,11567,2830,4988,162864,142168,21844,17915,35533,32520,5558,3,3
2021-07-15T23:59:59+02:00,992,934,11033,10388,14437,13076,16591,16410,20033,20095,21693,20754,14093,15261,9737,11952,2893,5088,7195,7110,8401,8186,13428,13582,18427,18562,19801,19056,13484,14523,9396,11505,2829,4978,162530,135842,21843,17912,35533,32484,5551,3,3
2021-07-14T23:59:59+02:00,966,916,10957,10301,14368,13016,16553,16366,19998,20060,21668,20733,14081,15249,9725,11938,2889,5086,6646,6661,7319,7331,12856,13133,18329,18468,19694,18968,13454,14486,9379,11489,2827,4975,162041,131480,21843,17908,35533,32420,5450,3,3
2021-07-13T23:59:59+02:00,948,895,10876,10228,14323,12973,16526,16336,19975,20039,21657,20720,14074,15239,9722,11931,2887,5084,6394,6373,6870,6950,12550,12865,18314,18448,19649,18932,13341,14377,9376,11485,2827,4972,161611,131449,21840,15655,35533,32416,5446,3,3
2021-07-12T23:59:59+02:00,928,883,10823,10179,14278,12928,16484,16307,19959,20026,21651,20714,14071,15234,9718,11927,2887,5082,6252,6277,6708,6830,12258,12624,17625,17884,19552,18853,13307,14352,9359,11463,2827,4969,161315,128916,21840,15651,35533,32413,5388,3,3
2021-07-11T23:59:59+02:00,928,883,10822,10177,14276,12927,16483,16307,19959,20026,21651,20714,14071,15234,9718,11927,2887,5082,6246,6273,6706,6827,12257,12624,17625,17884,19551,18853,13307,14352,9359,11462,2826,4967,161313,128906,21840,15651,35533,32407,5383,3,3
2021-07-10T23:59:59+02:00,925,878,10815,10165,14269,12922,16475,16307,19957,20020,21646,20709,14071,15233,9718,11927,2887,5082,6237,6265,6697,6822,12254,12620,17624,17880,19546,18850,13306,14352,9359,11462,2826,4967,161250,128856,21840,15651,35533,32407,5380,3,3
2021-07-09T23:59:59+02:00,911,862,10765,10121,14236,12894,16441,16278,19923,19997,21618,20687,14052,15218,9703,11919,2886,5079,5428,5529,6566,6722,12096,12516,17394,17775,19341,18716,13243,14279,9333,11443,2823,4964,161066,125949,21840,15651,35533,31458,5148,3,3
2021-07-08T23:59:59+02:00,909,862,10704,10076,14150,12840,16378,16227,19871,19951,21589,20663,14038,15201,9697,11906,2885,5073,5295,5415,6348,6547,11659,12172,16883,17405,19081,18531,13179,14195,9307,11407,2817,4952,161049,124020,21839,15648,35532,30952,4597,3,3
2021-07-07T23:59:59+02:00,908,862,10702,10070,14146,12837,16377,16227,19871,19948,21589,20663,14038,15201,9697,11906,2885,5073,5151,5231,5880,6135,10460,11187,16830,17339,19027,18486,13162,14173,9298,11404,2813,4942,161039,120351,21835,15647,35532,30949,4591,3,3
2021-07-06T23:59:59+02:00,908,862,10700,10069,14143,12835,16375,16227,19871,19948,21589,20662,14038,15200,9697,11906,2885,5073,5132,5225,5873,6130,10459,11185,16828,17339,19025,18486,13162,14171,9298,11404,2813,4942,161034,120329,21833,15644,35532,30933,4586,3,3
2021-07-05T23:59:59+02:00,908,862,10694,10065,14126,12832,16365,16225,19870,19948,21587,20662,14038,15200,9697,11906,2885,5073,5123,5224,5854,6127,10448,11183,16825,17339,19023,18485,13162,14171,9298,11404,2813,4942,161027,120325,21833,15642,35532,30926,4548,3,3
2021-07-04T23:59:59+02:00,908,862,10684,10055,14124,12828,16364,16225,19869,19948,21586,20661,14038,15200,9697,11905,2884,5072,5090,5181,5768,6050,10321,11069,16818,17336,19022,18482,13158,14169,9296,11399,2810,4940,161020,119848,21833,15641,35532,30918,4522,3,3
2021-07-03T23:59:59+02:00,827,793,8750,8500,12674,11677,15895,15771,19587,19649,21418,20496,13964,15124,9643,11859,2878,5068,4981,5049,5494,5795,10084,10854,16674,17196,18831,18330,13133,14135,9286,11389,2808,4938,152697,118292,21833,15641,35532,30548,4508,3,3
2021-07-02T23:59:59+02:00,827,791,8749,8495,12670,11673,15893,15770,19585,19649,21417,20496,13963,15124,9642,11858,2877,5067,4120,4181,4850,5146,9115,9860,16304,16719,18349,17792,12783,13814,9227,11314,2806,4930,152681,113760,21833,15641,35530,27420,4499,3,3
2021-07-01T23:59:59+02:00,807,771,8540,8326,12589,11594,15860,15741,19574,19635,21407,20478,13959,15121,9637,11850,2874,5061,2283,2460,4419,4772,8625,9434,15675,16176,17797,17355,12726,13748,9197,11258,2792,4900,151987,106127,21833,15639,35530,27380,4471,3,2
2021-06-30T23:59:59+02:00,752,721,8297,8139,12419,11447,15745,15645,19507,19567,21367,20431,13940,15095,9624,11837,2873,5056,2224,2421,4329,4653,8520,9334,15477,16038,17065,16855,12074,13104,9138,11189,2785,4894,150643,106066,21830,15638,35529,23938,4457,3,2
2021-06-29T23:59:59+02:00,752,721,8293,8130,12417,11443,15742,15645,19505,19567,21367,20431,13940,15095,9624,11837,2873,5056,2202,2409,4306,4614,8497,9289,15441,15979,16989,16770,11719,12766,9110,11155,2782,4886,150634,106052,21827,15636,35528,22779,4446,3,2
2021-06-28T23:59:59+02:00,752,721,8290,8126,12409,11438,15740,15645,19504,19567,21367,20431,13939,15095,9624,11837,2873,5056,2194,2380,4258,4496,8422,9129,15320,15701,16821,16498,11412,12464,9087,11128,2781,4882,150617,106042,21827,15636,35528,20855,4439,3,2
2021-06-27T23:59:59+02:00,752,721,8287,8120,12405,11435,15738,15645,19503,19567,21367,20431,13939,15095,9624,11836,2873,5056,2184,2376,4249,4494,8239,8976,15300,15685,16819,16493,11408,12463,9086,11126,2781,4882,150608,105644,21825,15635,35528,20851,4430,3,2
2021-06-26T23:59:59+02:00,744,717,8073,7905,11932,11028,14632,14657,19252,19370,21264,20309,13896,15044,9611,11807,2870,5053,2144,2333,4195,4439,8141,8866,15038,15427,16757,16446,11391,12444,9074,11121,2781,4880,148139,104582,20065,15613,35527,20851,4430,3,2
2021-06-25T23:59:59+02:00,725,699,8046,7882,11917,11018,14632,14651,19245,19365,21260,20308,13896,15044,9610,11805,2870,5053,2014,2154,3907,4134,6616,7433,12382,13238,16682,16358,11364,12414,9063,11097,2776,4865,148001,95716,20065,15531,35527,20818,4430,3,2
2021-06-24T23:59:59+02:00,713,682,7560,7470,10842,10125,14099,14216,19174,19306,21212,20265,13874,15016,9597,11792,2869,5050,1945,2086,3547,3795,5853,6765,12140,13030,16436,16151,11260,12287,8973,10970,2765,4831,143853,94484,20061,13159,35526,20770,4419,3,2
2021-06-23T23:59:59+02:00,713,682,7558,7465,10836,10124,14098,14215,19174,19305,21212,20264,13874,15016,9597,11792,2869,5050,1801,1917,3061,3392,4498,5590,11836,12761,16315,16033,11214,12248,8960,10943,2764,4824,143839,89836,20059,13159,35525,20742,4418,3,2
2021-06-22T23:59:59+02:00,713,682,7509,7436,10763,10074,14075,14189,19158,19290,21201,20256,13867,15006,9594,11789,2869,5050,1751,1886,2979,3338,4460,5557,11808,12722,16247,15982,11005,12057,8708,10642,2754,4793,143824,89817,20059,13155,35524,19604,4111,3,2
2021-06-21T23:59:59+02:00,711,682,7378,7367,10634,9978,13795,13941,18412,18674,21111,20179,13832,14974,9575,11764,2869,5047,1706,1861,2936,3300,4431,5527,11762,12687,16230,15966,10996,12047,8701,10634,2753,4792,141449,89692,20057,13154,35524,19591,3890,3,2
2021-06-20T23:59:59+02:00,711,682,7378,7363,10630,9975,13795,13941,18412,18674,21111,20179,13832,14974,9575,11764,2869,5047,1678,1832,2890,3284,4366,5488,11700,12654,16168,15907,10977,12031,8698,10625,2749,4788,141439,89213,20056,13150,35524,19580,3890,3,2
2021-06-19T23:59:59+02:00,711,681,7341,7326,10524,9884,13613,13783,17998,18338,20926,20006,13814,14947,9563,11744,2866,5041,1647,1797,2849,3235,4286,5414,11364,12364,16130,15869,10968,12019,8696,10620,2747,4786,141394,88199,18295,13121,35524,19579,3890,3,2
2021-06-18T23:59:59+02:00,15,12,6534,6593,10518,9883,13612,13781,17996,18336,20926,20006,13814,14946,9563,11743,2865,5039,1515,1685,2613,3079,3655,4782,10222,11221,15919,15713,10926,11979,8673,10598,2733,4758,138479,83543,18294,13119,35524,19525,3882,3,2
2021-06-17T23:59:59+02:00,13,11,6463,6524,10402,9779,13287,13476,17609,18016,20813,19909,13795,14908,9551,11729,2857,5033,1434,1567,2460,2930,3302,4445,8622,9858,15405,15280,10751,11799,8617,10520,2716,4730,136587,78077,18294,13115,35523,19474,3768,3,2
2021-06-16T23:59:59+02:00,13,11,6456,6518,10391,9776,13285,13474,17608,18015,20812,19909,13795,14908,9550,11728,2857,5033,1384,1519,2358,2856,3118,4266,7537,8917,14907,14892,10668,11688,8581,10472,2705,4714,136557,74253,18292,13113,35523,19450,3764,3,2
2021-06-15T23:59:59+02:00,13,11,6424,6500,10351,9748,13255,13459,17588,17993,20798,19896,13786,14900,9547,11722,2854,5030,1304,1460,2231,2754,3002,4181,6620,8185,14705,14725,10644,11659,8569,10450,2696,4707,136544,74242,18291,10704,35523,19430,3514,3,2
2021-06-14T23:59:59+02:00,13,11,6405,6483,10317,9722,13235,13439,17573,17975,20779,19885,13776,14891,9544,11720,2854,5026,1278,1445,2194,2727,2980,4160,6604,8165,14684,14715,10633,11650,8566,10449,2696,4703,136529,74232,18291,10704,35523,19409,3302,3,2
2021-06-13T23:59:59+02:00,13,11,6404,6483,10313,9720,13234,13437,17573,17975,20779,19885,13775,14891,9544,11720,2854,5026,1274,1439,2191,2718,2970,4150,6587,8148,14583,14650,10620,11627,8560,10437,2693,4703,136520,73940,18291,10704,35523,19404,3300,3,2
2021-06-12T23:59:59+02:00,10,9,5614,5711,10266,9684,13200,13413,17546,17954,20753,19854,13693,14819,9544,11717,2853,5026,1265,1420,2180,2701,2949,4123,6513,8066,14410,14513,10392,11343,8079,9899,2691,4702,134549,73437,18291,10704,35523,17804,3300,3,1
2021-06-11T23:59:59+02:00,9,9,5610,5704,10256,9677,13186,13401,17539,17950,20749,19852,13693,14818,9544,11715,2853,5026,1190,1336,2060,2541,2777,3868,5014,6733,12700,13133,10252,11195,7992,9793,2684,4686,134476,66157,18291,10703,35523,17795,3298,3,1
2021-06-10T23:59:59+02:00,3,3,4609,4749,10089,9549,13075,13319,17283,17714,20509,19671,13684,14807,9538,11705,2850,5023,1133,1275,1946,2435,2617,3691,4408,6096,11535,12145,9952,10871,7908,9708,2672,4661,131144,61338,18290,10703,35523,17790,3221,2,1
2021-06-09T23:59:59+02:00,3,3,4016,4140,9883,9401,12988,13246,16973,17449,20281,19489,13669,14794,9533,11699,2849,5018,1059,1231,1845,2366,2525,3578,4082,5789,11110,11820,9824,10712,7862,9642,2661,4652,128774,61264,18275,8849,35523,17784,2860,2,1
2021-06-08T23:59:59+02:00,3,3,4004,4133,9871,9392,12976,13239,16966,17440,20273,19487,13667,14791,9532,11696,2848,5016,1013,1223,1823,2351,2498,3564,4057,5769,11099,11817,9821,10707,7861,9640,2660,4649,128760,61147,18272,8844,35522,17779,2781,2,1
2021-06-07T23:59:59+02:00,3,3,3990,4125,9838,9379,12966,13221,16943,17429,20257,19476,13664,14787,9529,11692,2846,5014,1002,1216,1790,2340,2489,3545,4033,5756,11081,11803,9818,10702,7858,9637,2658,4647,128748,61138,18270,8841,35521,17774,2621,2,1
2021-06-06T23:59:59+02:00,3,3,3985,4121,9833,9375,12965,13221,16942,17428,20256,19476,13663,14786,9529,11692,2846,5014,999,1213,1779,2338,2483,3536,4020,5749,10954,11658,9807,10695,7857,9637,2658,4647,128736,60813,18270,8840,35520,17766,2610,2,1
2021-06-05T23:59:59+02:00,2,0,3691,3820,7341,7371,12727,13036,16913,17399,20212,19436,13547,14641,9454,11601,2842,5002,922,1141,1614,2237,2318,3457,3794,5609,10058,10817,9424,10240,7746,9482,2650,4627,122764,57538,18270,8840,35520,17278,2479,2,1
2021-06-04T23:59:59+02:00,2,0,3624,3765,7189,7255,12257,12641,16773,17287,19979,19201,13428,14495,9397,11522,2828,4985,894,1075,1583,2132,2279,3290,3718,5351,9418,10140,8579,9221,7470,9077,2646,4616,120364,56066,18270,8838,35520,14112,2472,2,1
2021-06-03T23:59:59+02:00,2,0,3211,3371,7162,7239,12130,12523,16741,17246,19892,19135,13416,14478,9395,11519,2827,4984,865,1008,1537,2008,2200,3090,3528,4969,8841,9520,7818,8349,6998,8461,2643,4608,119122,54435,18268,8837,35516,10807,2363,2,1
2021-06-02T23:59:59+02:00,0,0,2823,3053,6023,6321,11826,12289,16682,17195,19769,19030,13355,14424,9373,11498,2825,4976,849,974,1473,1985,2087,3052,3357,4867,7480,8438,7738,8270,6982,8433,2640,4603,115424,51332,18267,8837,35516,10805,2253,2,1
2021-06-01T23:59:59+02:00,0,0,2536,2741,5548,5895,11507,12006,16658,17172,19718,18993,13232,14301,9366,11494,2824,4973,832,967,1458,1976,2069,3039,3331,4847,7183,8113,7701,8236,6972,8419,2638,4603,115405,50654,15923,8817,35516,10794,2118,2,1
2021-05-31T23:59:59+02:00,0,0,2521,2738,5529,5886,11479,11985,16624,17161,19678,18971,13229,14297,9362,11492,2824,4971,816,960,1439,1966,2036,3019,3295,4833,7142,8092,7698,8231,6968,8417,2638,4601,115398,50642,15919,8811,35516,10785,1912,2,1
2021-05-30T23:59:59+02:00,0,0,2517,2736,5527,5882,11479,11984,16621,17160,19676,18970,13229,14297,9362,11492,2824,4971,815,956,1434,1963,2036,3017,3293,4831,7141,8092,7698,8231,6968,8417,2638,4601,115382,50636,15919,8811,35513,10772,1911,2,1
2021-05-29T23:59:59+02:00,0,0,2501,2722,5361,5728,11412,11925,16613,17154,19668,18969,13228,14295,9360,11492,2824,4971,778,907,1323,1868,1758,2764,2888,4408,6856,7820,7514,8006,6792,8189,2635,4595,114878,49990,15919,8811,35513,8388,1911,2,1
2021-05-28T23:59:59+02:00,0,0,2367,2592,4936,5337,10735,11309,16546,17092,19642,18941,13219,14281,9341,11463,2822,4962,757,884,1264,1814,1668,2692,2755,4303,5275,6127,7351,7810,6750,8133,2632,4585,112244,45701,15919,8811,35513,8380,1907,2,1
2021-05-27T23:59:59+02:00,0,0,2347,2571,4886,5271,10072,10739,16506,17060,19628,18930,13209,14271,9339,11461,2822,4962,703,789,1158,1742,1457,2550,2382,3996,4394,5215,7114,7502,6659,8016,2615,4566,110861,41909,15916,8805,35511,8359,1784,2,1
2021-05-26T23:59:59+02:00,0,0,2309,2509,4713,5091,9637,10372,16454,17006,19560,18876,13195,14252,9329,11459,2818,4949,688,747,1111,1710,1368,2470,2173,3825,4265,5077,6950,7289,6579,7917,2603,4552,109440,40510,15914,8804,35511,8347,1662,2,1
2021-05-25T23:59:59+02:00,0,0,2306,2502,4683,5074,9612,10346,16429,16988,19547,18869,13190,14250,9326,11456,2818,4949,681,733,1064,1692,1316,2425,2103,3765,3726,4500,6648,6946,6545,7880,2602,4550,109436,40502,15912,6850,35510,8338,1485,2,1
2021-05-24T23:59:59+02:00,0,0,2297,2494,4671,5069,9603,10341,16403,16968,19521,18845,13180,14239,9323,11446,2817,4945,672,728,1052,1685,1306,2418,2078,3745,3700,4475,6637,6935,6542,7870,2601,4546,109429,40495,15912,6850,35510,8335,1309,2,1
2021-05-23T23:59:59+02:00,0,0,2281,2462,4583,4995,9469,10219,16400,16967,19521,18844,13178,14237,9320,11442,2815,4944,671,725,1050,1685,1305,2418,2078,3745,3700,4474,6636,6935,6542,7870,2601,4546,108945,40489,15912,6849,35509,8333,1309,2,1
2021-05-22T23:59:59+02:00,0,0,2261,2443,4574,4978,9389,10137,16377,16953,19469,18800,13150,14207,9317,11436,2815,4943,670,723,1049,1682,1302,2415,2075,3740,3684,4461,5805,6036,6470,7789,2593,4541,108517,38543,15912,6849,35509,8333,1309,2,1
2021-05-21T23:59:59+02:00,0,0,2226,2410,4466,4892,9193,9962,16349,16920,19454,18793,13140,14198,9315,11434,2810,4932,658,696,1012,1616,1252,2292,1989,3560,3340,4026,4043,3929,6427,7723,2588,4526,107778,34538,15912,6849,35506,6993,1296,2,1
2021-05-20T23:59:59+02:00,0,0,2197,2370,4383,4831,8972,9733,16299,16867,19401,18741,13109,14163,9298,11417,2809,4928,603,589,887,1303,1080,1887,1766,3024,2780,3345,3207,2976,6382,7673,2584,4521,106923,32708,15909,6848,35497,3863,1187,2,1
2021-05-19T23:59:59+02:00,0,0,2036,2194,3885,4407,7589,8540,16025,16619,19278,18616,13061,14115,9288,11391,2807,4925,588,552,849,1249,1051,1836,1740,2971,2730,3301,3199,2963,6378,7670,2584,4520,102289,32684,15907,6846,35496,3568,1082,2,1
2021-05-18T23:59:59+02:00,0,0,1988,2141,3579,4119,6931,7944,15878,16503,19194,18533,13028,14082,9232,11317,2801,4911,582,548,843,1247,1043,1828,1710,2955,2721,3283,3194,2958,6374,7666,2584,4520,102269,32680,13446,6841,35492,3562,972,2,1
2021-05-17T23:59:59+02:00,0,0,1980,2133,3559,4105,6887,7920,15850,16485,19172,18514,13018,14059,9231,11316,2801,4911,574,541,824,1232,1001,1804,1682,2937,2697,3262,3183,2937,6374,7665,2584,4520,102262,32675,13443,6841,35492,3558,742,2,1
2021-05-16T23:59:59+02:00,0,0,1975,2130,3552,4101,6701,7756,15827,16466,19168,18509,13013,14058,9230,11315,2801,4911,574,541,824,1230,1000,1803,1682,2937,2695,3262,3183,2937,6374,7665,2584,4520,101840,32672,13442,6841,35488,3556,741,2,1
2021-05-15T23:59:59+02:00,0,0,1947,2094,3514,4063,6615,7652,15558,16198,19112,18467,12994,14039,9221,11310,2801,4909,574,541,824,1229,1000,1803,1680,2936,2695,3262,3182,2937,6373,7665,2584,4520,100821,32668,13442,6841,35488,3554,741,2,1
2021-05-14T23:59:59+02:00,0,0,1838,1949,3268,3812,5022,6174,12907,14006,19048,18381,12970,14009,9215,11297,2798,4903,574,540,821,1229,1000,1803,1679,2935,2689,3260,3177,2931,6370,7663,2584,4519,91938,32650,13442,6840,35486,3554,729,2,1
2021-05-13T23:59:59+02:00,0,0,1812,1901,3227,3761,4910,6073,12702,13822,18888,18254,12894,13914,9179,11244,2798,4902,568,537,814,1220,990,1791,1660,2916,2582,3167,2516,2125,4918,5862,2575,4500,90723,29637,13345,4823,35484,3553,727,2,1
2021-05-12T23:59:59+02:00,0,0,1812,1901,3226,3761,4910,6073,12702,13822,18887,18254,12894,13914,9179,11244,2798,4902,568,537,814,1220,990,1791,1660,2915,2579,3165,2516,2125,4918,5860,2575,4500,90722,29634,13345,4818,35483,3553,727,2,1
2021-05-11T23:59:59+02:00,0,0,1768,1856,3134,3686,4822,6007,11774,13093,18693,18095,12880,13893,9172,11230,2792,4898,567,535,811,1215,989,1790,1659,2915,2570,3161,2515,2124,4916,5859,2574,4500,90711,29627,10886,4806,35475,3547,719,2,1
2021-05-10T23:59:59+02:00,0,0,1752,1853,3128,3683,4816,6003,11773,13092,18692,18095,12880,13893,9172,11230,2792,4898,566,533,811,1215,988,1790,1658,2915,2570,3161,2514,2123,4916,5859,2574,4500,90698,29626,10883,4805,35450,3542,719,2,1
2021-05-09T23:59:59+02:00,0,0,1716,1806,3076,3668,4746,5968,11706,13071,18629,18036,12860,13874,9169,11221,2790,4896,564,530,803,1214,980,1784,1645,2912,2566,3160,2514,2121,4915,5858,2574,4499,90229,29622,10880,4804,35443,3534,678,2,1
2021-05-08T23:59:59+02:00,0,0,1683,1772,3040,3618,4669,5895,11369,12769,18596,18002,12853,13866,9168,11219,2788,4896,552,529,796,1214,969,1784,1637,2912,2550,3149,2513,2121,4915,5857,2573,4498,89200,29618,10880,4804,35443,3468,678,2,1
2021-05-07T23:59:59+02:00,0,0,1539,1649,2792,3446,3995,5231,10161,11579,18396,17851,12814,13831,9148,11202,2780,4889,455,380,673,984,823,1465,1492,2497,2381,2792,2504,2112,4911,5853,2570,4495,84433,29613,10879,4804,35431,1411,558,2,1
2021-05-06T23:59:59+02:00,0,0,1476,1480,2658,3315,3668,4922,8461,10097,17881,17426,12646,13663,9101,11130,2777,4881,333,321,569,882,687,1376,1244,2283,2167,2597,2452,2080,4909,5846,2570,4494,78907,29592,10878,4803,35414,33,381,2,1
2021-05-05T23:59:59+02:00,0,0,1422,1404,2571,3243,3492,4747,7312,9080,17374,17026,12558,13550,9069,11084,2768,4866,333,321,567,881,686,1374,1198,2231,2156,2589,2448,2078,4909,5842,2570,4490,75030,29582,10874,4802,35404,32,256,2,1
2021-05-04T23:59:59+02:00,0,0,1411,1402,2564,3236,3490,4747,7310,9079,17373,17026,12558,13550,9069,11084,2768,4866,333,320,567,880,684,1374,1198,2231,2156,2589,2447,2078,4909,5842,2570,4489,75022,29579,10863,4802,35391,30,255,2,1
2021-05-03T23:59:59+02:00,0,0,1409,1396,2556,3231,3487,4741,7231,9019,17359,17018,12554,13548,9069,11084,2767,4865,330,314,563,876,679,1369,1119,2171,2142,2581,2443,2076,4909,5842,2569,4488,75013,29577,10863,4802,35391,26,65,2,1
2021-05-02T23:59:59+02:00,0,0,1401,1392,2553,3225,3474,4732,7211,8999,17253,16950,12541,13523,9063,11073,2764,4865,328,313,563,875,679,1369,1119,2170,2140,2581,2443,2076,4908,5840,2569,4488,74703,29571,10862,4801,35390,26,62,2,1
2021-05-01T23:59:59+02:00,0,0,1397,1386,2544,3215,3465,4714,7152,8938,17109,16833,12516,13500,9051,11067,2764,4865,328,313,563,875,679,1369,1119,2170,2140,2581,2443,2076,4906,5840,2568,4486,74200,29566,10862,4801,35390,26,62,2,1
2021-04-30T23:59:59+02:00,0,0,1327,1306,2423,3045,3296,4440,5602,7538,15364,15401,12373,13340,8956,10950,2749,4832,328,313,562,874,678,1369,1116,2168,2137,2579,2442,2067,4893,5831,2560,4468,66679,29549,10862,4800,35390,26,9,2,1
2021-04-29T23:59:59+02:00,0,0,1273,1268,2320,2935,3163,4270,4994,6889,14189,14378,12063,13012,8865,10868,2735,4804,326,312,562,873,678,1368,1115,2168,2135,2577,2440,2063,4892,5828,2559,4466,61766,29529,10862,4797,35387,26,9,2,1
2021-04-28T23:59:59+02:00,0,0,1210,1251,2258,2898,3098,4189,4685,6597,13774,14062,11948,12865,8824,10809,2727,4798,325,312,559,871,675,1368,1113,2167,2134,2570,2437,2060,4889,5824,2556,4463,61649,29525,8953,4770,35387,25,2,2,1
2021-04-27T23:59:59+02:00,0,0,1190,1249,2253,2897,3094,4188,4683,6597,13773,14061,11947,12864,8824,10809,2727,4798,325,312,559,871,674,1366,1113,2167,2133,2570,2437,2058,4889,5824,2556,4463,61617,29523,8948,4766,35385,25,2,2,1
2021-04-26T23:59:59+02:00,0,0,1190,1247,2251,2896,3092,4188,4669,6583,13733,14030,11944,12861,8824,10808,2727,4797,325,312,559,871,674,1366,1113,2167,2131,2569,2437,2058,4889,5824,2556,4463,61609,29521,8944,4765,35283,25,2,2,1
2021-04-25T23:59:59+02:00,0,0,1189,1247,2245,2896,3089,4181,4656,6576,13595,13876,11934,12855,8823,10807,2727,4797,325,312,558,871,673,1365,1111,2165,2131,2569,2437,2058,4889,5824,2556,4463,61283,29517,8941,4762,35265,25,2,2,1
2021-04-24T23:59:59+02:00,0,0,1123,1201,2107,2807,2950,4125,4445,6461,12733,13073,11657,12526,8757,10703,2720,4784,325,312,558,871,672,1364,1111,2165,2131,2568,2436,2058,4885,5823,2556,4463,57963,29510,8940,4762,35265,23,2,2,1
2021-04-23T23:59:59+02:00,0,0,1024,1181,1892,2780,2790,4092,4331,6350,11392,12018,11602,12464,8733,10656,2718,4781,324,312,558,871,671,1364,1110,2165,2129,2568,2435,2058,4884,5817,2556,4462,56487,29504,8940,4760,33374,18,1,2,1
2021-04-22T23:59:59+02:00,0,0,1014,1172,1865,2767,2728,4067,4154,6231,10774,11501,11514,12378,8703,10609,2715,4776,323,311,558,871,671,1363,1108,2165,2128,2568,2435,2056,4882,5815,2556,4462,54792,29497,8939,4755,33234,18,1,2,1
2021-04-21T23:59:59+02:00,0,0,999,1158,1790,2743,2608,4032,4008,6157,9282,10341,11439,12311,8691,10585,2712,4773,322,311,557,871,670,1363,1107,2165,2128,2568,2431,2052,4879,5813,2555,4460,51629,29480,8938,4752,33059,18,1,2,1
2021-04-20T23:59:59+02:00,0,0,999,1157,1789,2742,2605,4029,4004,6156,8986,10018,11412,12287,8687,10576,2712,4772,322,311,557,871,670,1363,1107,2164,2127,2567,2431,2051,4877,5812,2555,4460,50935,29476,8935,4749,33058,18,1,2,1
2021-04-19T23:59:59+02:00,0,0,997,1155,1789,2739,2604,4028,4002,6154,8986,10017,11412,12287,8687,10575,2712,4772,321,311,557,870,670,1363,1105,2164,2126,2567,2431,2051,4877,5812,2555,4460,50927,29472,8930,4748,33056,18,1,2,1
2021-04-18T23:59:59+02:00,0,0,997,1154,1787,2739,2602,4026,4002,6154,8986,10017,11412,12287,8687,10574,2712,4771,321,311,557,870,669,1363,1105,2163,2126,2567,2431,2051,4877,5812,2555,4460,50920,29471,8929,4747,33055,18,1,2,1
2021-04-17T23:59:59+02:00,0,0,997,1153,1784,2733,2525,3936,3946,6072,8969,9999,11289,12135,8684,10572,2712,4770,316,305,553,863,661,1353,1087,2150,2079,2541,2386,1999,4828,5743,2549,4454,50289,29101,8929,4747,33055,17,1,2,1
2021-04-16T23:59:59+02:00,0,0,968,1119,1673,2650,2323,3799,3697,5898,7247,8186,11092,11891,8630,10509,2709,4757,309,300,538,844,629,1316,1005,2093,1855,2381,2236,1890,4641,5474,2490,4338,45944,29087,8854,3238,32347,12,1,2,1
2021-04-15T23:59:59+02:00,0,0,898,1067,1544,2562,2042,3647,3165,5569,6236,7220,10835,11555,8530,10386,2690,4734,309,300,537,843,627,1315,1004,2090,1619,2240,2083,1759,4455,5263,2436,4235,42138,29042,8851,2063,31688,8,1,2,1
2021-04-14T23:59:59+02:00,0,0,883,1038,1499,2526,1954,3566,2995,5434,6142,7109,10671,11348,8448,10286,2678,4720,289,290,503,816,556,1256,797,1947,1399,2116,2016,1684,4324,5099,2422,4207,40762,27648,8847,2063,31685,8,1,2,1
2021-04-13T23:59:59+02:00,0,0,878,1032,1487,2523,1931,3547,2963,5400,5621,6533,10371,11009,8417,10252,2677,4719,289,288,503,815,556,1256,797,1947,1399,2115,2013,1683,4324,5099,2422,4204,40755,27646,6921,2054,31681,8,1,2,1
2021-04-12T23:59:59+02:00,0,0,878,1030,1486,2520,1931,3547,2962,5399,5620,6533,10370,11009,8417,10252,2677,4719,289,287,503,815,554,1256,795,1946,1398,2115,2013,1683,4324,5098,2422,4204,40750,27640,6918,2052,31679,8,1,2,1
2021-04-11T23:59:59+02:00,0,0,878,1030,1485,2520,1929,3546,2961,5399,5620,6533,10369,11008,8417,10252,2677,4719,289,287,502,815,552,1256,794,1946,1396,2115,2013,1683,4324,5098,2422,4204,40747,27635,6917,2052,31677,8,0,2,1
2021-04-10T23:59:59+02:00,0,0,876,1027,1482,2516,1912,3534,2892,5333,5492,6435,10139,10791,8364,10202,2673,4718,289,286,502,814,552,1256,793,1946,1396,2115,2009,1679,4319,5089,2421,4201,40177,27606,6917,2052,31290,8,0,2,1
2021-04-09T23:59:59+02:00,0,0,838,994,1385,2460,1808,3475,2763,5279,5352,6370,7761,7963,8300,10108,2663,4700,288,286,499,813,550,1254,790,1946,1394,2111,1989,1657,4297,5071,2418,4196,34702,27498,6916,2052,30599,8,0,2,1
2021-04-08T23:59:59+02:00,0,0,837,992,1381,2457,1806,3472,2752,5270,5341,6357,6973,7048,8258,10058,2660,4696,287,285,499,812,550,1253,789,1946,1392,2110,1987,1657,4296,5068,2418,4196,32849,27485,6916,2051,30591,8,0,2,1
2021-04-07T23:59:59+02:00,0,0,785,969,1306,2385,1719,3404,2559,5163,4600,5874,6306,6406,8200,9997,2654,4690,287,285,499,812,550,1250,789,1946,1392,2110,1987,1657,4295,5068,2418,4196,32845,27484,6915,2050,27255,7,0,2,0
2021-04-06T23:59:59+02:00,0,0,752,962,1287,2350,1695,3363,2529,5117,4526,5798,5944,6049,8179,9973,2649,4684,287,284,499,811,550,1250,789,1946,1391,2110,1987,1656,4295,5068,2418,4196,32841,27482,6915,2048,26099,7,0,2,0
2021-04-05T23:59:59+02:00,0,0,748,931,1246,2225,1623,3198,2410,4847,4366,5526,5636,5743,8162,9947,2647,4680,287,284,499,810,550,1250,789,1946,1391,2110,1987,1656,4295,5068,2418,4196,32839,27481,6915,2048,24179,7,0,2,0
2021-04-04T23:59:59+02:00,0,0,727,906,1155,2009,1489,2932,2196,4413,4016,5027,5391,5519,8130,9893,2646,4672,287,284,498,809,548,1249,788,1945,1317,2073,1623,1382,4137,4887,2374,4131,32835,26278,6915,2048,21369,6,0,2,0
2021-04-03T23:59:59+02:00,0,0,727,906,1154,2008,1488,2932,2195,4413,4016,5027,5391,5518,8130,9893,2646,4672,287,284,498,809,548,1249,788,1945,1317,2073,1623,1382,4137,4887,2374,4131,32831,26278,6915,2048,21368,6,0,2,0
2021-04-02T23:59:59+02:00,0,0,727,905,1154,2008,1488,2932,2195,4413,4015,5026,5391,5517,8129,9892,2645,4670,287,284,498,809,548,1249,788,1945,1316,2073,1623,1382,4137,4887,2374,4131,32829,26277,6915,2048,21361,6,0,2,0
2021-04-01T23:59:59+02:00,0,0,722,903,1151,2002,1480,2924,2181,4395,3924,4941,4898,4917,7424,8998,2643,4665,287,282,497,806,548,1248,785,1943,1278,2045,1474,1287,4038,4786,2363,4118,29925,25737,6889,2042,21352,6,0,2,0
2021-03-31T23:59:59+02:00,0,0,722,902,1149,2001,1476,2919,2177,4394,3906,4930,4725,4699,6657,8064,2633,4643,286,281,497,806,544,1245,780,1936,1173,1968,1079,1022,3629,4323,2256,3944,29807,23785,4863,1979,21325,5,0,2,0
2021-03-30T23:59:59+02:00,0,0,722,902,1148,1998,1464,2910,2168,4385,3861,4903,4526,4518,6407,7767,2624,4627,286,280,497,804,544,1245,780,1935,1173,1968,1079,1022,3629,4323,2255,3944,29802,23781,4858,1979,20268,4,0,2,0
2021-03-29T23:59:59+02:00,0,0,720,900,1148,1998,1462,2910,2168,4385,3857,4901,4523,4516,6404,7758,2622,4609,286,279,497,804,544,1245,779,1934,1173,1968,1079,1021,3629,4323,2255,3944,29793,23777,4853,1979,20233,4,0,2,0
2021-03-28T23:59:59+02:00,0,0,720,900,1148,1995,1460,2908,2167,4382,3856,4901,4522,4516,6401,7754,2622,4608,285,279,495,804,544,1245,778,1934,1173,1968,1079,1020,3629,4323,2255,3944,29791,23773,4848,1978,20219,4,0,2,0
2021-03-27T23:59:59+01:00,0,0,716,895,1144,1987,1452,2898,2148,4366,3814,4875,4473,4459,6356,7695,2615,4595,281,274,481,794,533,1233,730,1898,1012,1876,818,830,3490,4171,2094,3632,29441,22807,4848,1336,20197,4,0,2,0
2021-03-26T23:59:59+01:00,0,0,716,895,1143,1986,1449,2897,2145,4366,3809,4872,4461,4437,6346,7668,2608,4581,280,274,481,792,531,1233,728,1898,1005,1868,681,735,2512,3016,1924,3419,29381,20037,4846,1336,20150,4,0,2,0
2021-03-25T23:59:59+01:00,0,0,715,894,1143,1986,1448,2894,2141,4360,3804,4868,4452,4426,6332,7636,2587,4527,280,274,481,792,530,1230,727,1897,1003,1867,660,728,1329,1567,1643,3056,29368,16724,4841,1336,20002,4,0,2,0
2021-03-24T23:59:59+01:00,0,0,692,883,1105,1956,1377,2834,1935,4212,3580,4742,4392,4366,6197,7468,2573,4495,280,274,481,792,527,1230,726,1897,1002,1867,660,728,1329,1566,1643,3054,27991,16717,4838,1335,19976,4,0,2,0
2021-03-23T23:59:59+01:00,0,0,692,881,1103,1955,1377,2834,1935,4212,3579,4739,4392,4366,6196,7468,2573,4494,280,274,481,792,527,1230,726,1897,1002,1867,660,728,1329,1566,1643,3054,27987,16717,4835,1335,19972,4,0,2,0
2021-03-22T23:59:59+01:00,0,0,692,879,1101,1951,1374,2834,1933,4212,3578,4739,4392,4365,6196,7467,2573,4494,280,274,481,792,527,1229,725,1897,1002,1866,660,727,1329,1566,1643,3054,27983,16714,4834,1335,19961,3,0,2,0
2021-03-21T23:59:59+01:00,0,0,692,879,1099,1948,1374,2832,1932,4211,3577,4738,4392,4365,6195,7467,2573,4494,280,274,481,792,527,1229,725,1897,1002,1866,660,726,1329,1566,1643,3054,27980,16713,4833,1335,19954,3,0,1,0
2021-03-20T23:59:59+01:00,0,0,690,877,1097,1946,1368,2829,1915,4204,3546,4719,4174,4090,5678,6860,2563,4461,275,272,476,786,510,1219,703,1880,964,1837,590,648,1097,1307,1293,2507,27899,15026,4735,1335,18382,3,0,1,0
2021-03-19T23:59:59+01:00,0,0,682,871,1082,1926,1334,2792,1835,4148,3326,4558,4025,3984,5502,6618,2514,4376,275,272,476,786,510,1219,703,1879,963,1837,590,648,1097,1306,1292,2506,27897,15021,3301,1335,18375,3,0,0,0
2021-03-18T23:59:59+01:00,0,0,682,870,1081,1925,1333,2790,1835,4145,3096,4415,3872,3855,5324,6416,2462,4274,275,271,475,786,510,1217,703,1878,962,1836,588,645,858,1049,1182,2339,27886,14238,2116,1334,18373,2,0,0,0
2021-03-17T23:59:59+01:00,0,0,682,870,1080,1925,1333,2789,1835,4145,3096,4415,3872,3853,5323,6416,2462,4274,275,270,475,786,510,1217,703,1878,961,1836,587,645,858,1049,1182,2339,27884,14236,2116,1333,18370,2,0,0,0
2021-03-16T23:59:59+01:00,0,0,681,870,1080,1921,1332,2789,1833,4145,3096,4413,3871,3852,5323,6416,2461,4273,273,266,461,781,501,1205,687,1864,945,1826,585,644,856,1048,1181,2338,27877,14126,2112,1333,18367,2,0,0,0
2021-03-15T23:59:59+01:00,0,0,681,869,1078,1920,1329,2789,1829,4144,3095,4413,3871,3851,5322,6416,2461,4273,273,266,461,781,501,1205,687,1864,944,1825,585,644,856,1048,1181,2338,27872,14124,2110,1333,18359,2,0,0,0
2021-03-14T23:59:59+01:00,0,0,680,867,1075,1917,1326,2786,1827,4142,3090,4412,3871,3851,5322,6416,2461,4273,273,266,461,781,501,1205,687,1864,944,1824,585,644,855,1048,1181,2338,27868,14122,2110,1333,18338,2,0,0,0
2021-03-13T23:59:59+01:00,0,0,678,862,1067,1911,1317,2779,1822,4134,2976,4334,3402,3448,5118,6183,2416,4210,273,266,461,781,501,1205,686,1864,942,1823,561,628,552,753,762,1764,26603,12487,2110,1333,17944,2,0,0,0
2021-03-12T23:59:59+01:00,0,0,648,775,1044,1798,1296,2588,1790,3868,2932,4166,2261,2005,4757,5637,2413,4201,273,266,461,781,501,1205,685,1864,941,1823,561,627,552,753,762,1763,26591,12484,2110,1333,13478,1,0,0,0
2021-03-11T23:59:59+01:00,0,0,638,730,1036,1696,1288,2429,1778,3654,2886,4027,1697,1476,4271,5095,2403,4192,271,266,461,781,501,1205,685,1863,941,1819,561,627,550,752,682,1618,26041,12482,2098,1101,11157,0,0,0,0
2021-03-10T23:59:59+01:00,0,0,633,718,1026,1674,1279,2408,1765,3628,2777,3944,1307,1208,3863,4626,2309,4035,271,266,460,779,500,1205,685,1863,939,1819,561,627,548,751,682,1618,24062,12476,2097,1098,11041,0,0,0,0
2021-03-09T23:59:59+01:00,0,0,632,713,1018,1657,1268,2393,1762,3617,2770,3939,1303,1207,3863,4625,2308,4035,271,266,460,779,500,1205,685,1863,939,1819,561,627,548,751,682,1618,24059,12476,2096,1098,10955,0,0,0,0
2021-03-08T23:59:59+01:00,0,0,628,684,1007,1632,1253,2360,1754,3584,2749,3924,1302,1205,3863,4625,2308,4035,271,266,460,779,500,1205,685,1863,939,1819,561,626,546,751,682,1618,24055,12473,2095,1098,10763,0,0,0,0
2021-03-07T23:59:59+01:00,0,0,628,681,1003,1628,1253,2357,1753,3581,2749,3922,1302,1205,3863,4625,2308,4035,271,266,460,779,499,1205,685,1863,939,1819,561,626,546,751,682,1618,24052,12472,2095,1098,10746,0,0,0,0
2021-03-06T23:59:59+01:00,0,0,592,634,884,1527,1011,2167,1333,3199,2328,3586,1021,986,3563,4248,2288,4018,271,266,460,779,497,1205,685,1863,939,1818,561,625,544,747,593,1444,23054,12469,2092,828,8239,0,0,0,0
2021-03-05T23:59:59+01:00,0,0,589,634,879,1524,1011,2166,1330,3196,2321,3581,877,889,2569,3056,2117,3786,269,266,455,767,493,1200,677,1846,925,1803,557,621,486,686,288,933,20214,12266,2081,6,8230,0,0,0,0
2021-03-04T23:59:59+01:00,0,0,571,591,842,1394,973,2012,1280,2992,2277,3481,862,880,1388,1621,1830,3422,269,266,454,767,493,1200,677,1846,925,1803,556,620,486,685,288,933,16920,12262,2080,6,7416,0,0,0,0
2021-03-03T23:59:59+01:00,0,0,565,558,819,1329,952,1950,1265,2948,2267,3437,862,879,1388,1621,1830,3422,269,266,454,767,493,1200,677,1845,925,1803,556,620,486,685,288,933,16919,12261,2080,6,7093,0,0,0,0
2021-03-02T23:59:59+01:00,0,0,564,556,816,1328,952,1950,1264,2947,2267,3437,862,879,1388,1621,1830,3422,269,266,453,767,493,1200,677,1845,925,1802,556,620,486,685,288,933,16918,12259,2080,6,7085,0,0,0,0
2021-03-01T23:59:59+01:00,0,0,564,554,815,1328,952,1949,1264,2947,2266,3436,862,878,1388,1620,1830,3422,269,266,453,767,493,1200,676,1844,925,1802,556,620,486,685,288,933,16915,12257,2079,6,7081,0,0,0,0
2021-02-28T23:59:59+01:00,0,0,563,552,815,1328,951,1949,1264,2947,2264,3435,862,876,1388,1620,1830,3422,269,266,453,767,493,1200,676,1843,925,1802,556,620,486,685,288,933,16912,12256,2079,6,7075,0,0,0,0
2021-02-27T23:59:59+01:00,0,0,558,550,804,1318,930,1938,1224,2919,2187,3385,741,760,1119,1330,1323,2549,268,266,453,767,492,1200,674,1842,924,1800,555,617,485,683,288,929,15191,12240,1371,3,7073,0,0,0,0
2021-02-26T23:59:59+01:00,0,0,548,529,775,1254,901,1825,1185,2761,1867,2964,700,732,1119,1330,1322,2548,268,266,453,767,492,1200,674,1842,924,1800,555,617,485,683,288,928,15186,12239,1371,3,5803,0,0,0,0
2021-02-25T23:59:59+01:00,0,0,514,487,713,1136,794,1632,1031,2460,1368,2416,649,687,871,1066,1213,2378,267,265,452,767,492,1199,673,1840,924,1799,555,617,485,683,288,928,14383,12234,1371,0,3661,0,0,0,0
2021-02-24T23:59:59+01:00,0,0,513,486,713,1135,793,1632,1031,2459,1368,2415,649,687,871,1066,1213,2378,267,265,452,767,492,1199,673,1840,924,1799,555,617,485,683,288,928,14383,12234,1370,0,3656,0,0,0,0
2021-02-23T23:59:59+01:00,0,0,511,482,698,1127,784,1621,1014,2445,1352,2405,647,686,869,1065,1212,2377,267,264,452,766,492,1199,673,1839,924,1798,555,617,485,683,288,928,14273,12230,1370,0,3652,0,0,0,0
2021-02-22T23:59:59+01:00,0,0,511,482,698,1127,782,1621,1014,2445,1351,2404,647,684,869,1065,1212,2377,267,264,452,766,492,1199,673,1839,924,1797,555,617,485,683,288,928,14271,12229,1370,0,3648,0,0,0,0
2021-02-21T23:59:59+01:00,0,0,511,482,698,1127,781,1621,1013,2445,1351,2403,646,684,868,1065,1212,2377,267,264,452,766,492,1199,673,1839,924,1797,555,617,485,683,288,928,14269,12229,1370,0,3645,0,0,0,0
2021-02-20T23:59:59+01:00,0,0,495,480,686,1121,761,1616,1000,2443,1324,2383,619,665,559,764,785,1793,266,263,447,764,487,1193,668,1828,918,1794,552,614,480,683,284,923,12605,12164,1369,0,3520,0,0,0,0
2021-02-19T23:59:59+01:00,0,0,397,394,582,995,643,1462,859,2272,1085,2146,572,641,559,764,785,1793,263,263,443,762,485,1184,665,1812,911,1774,548,608,475,676,281,915,12604,12065,1369,0,1976,0,0,0,0
2021-02-18T23:59:59+01:00,0,0,274,269,468,792,504,1215,698,1876,949,1835,569,635,558,764,785,1793,262,261,441,759,483,1180,664,1798,907,1763,542,603,468,669,276,904,12602,11980,1369,0,13,0,0,0,0
2021-02-17T23:59:59+01:00,0,0,274,269,467,792,504,1215,697,1876,948,1835,568,635,558,763,785,1793,261,261,440,756,481,1178,661,1790,904,1756,537,598,459,647,265,885,12600,11879,1369,0,10,0,0,0,0
2021-02-16T23:59:59+01:00,0,0,274,269,465,791,503,1215,697,1876,948,1835,568,635,558,763,785,1793,250,257,434,740,469,1146,654,1714,879,1677,518,569,427,604,248,820,12600,11406,1369,0,6,0,0,0,0
2021-02-15T23:59:59+01:00,0,0,274,269,464,791,503,1214,695,1876,948,1835,568,635,558,763,785,1793,246,253,431,732,463,1121,638,1663,854,1623,497,535,409,560,236,757,12599,11018,1369,0,3,0,0,0,0
2021-02-14T23:59:59+01:00,0,0,274,269,464,791,502,1214,695,1876,948,1835,568,635,558,763,785,1793,246,253,431,732,463,1121,638,1657,852,1614,487,530,405,557,228,749,12598,10963,1369,0,3,0,0,0,0
2021-02-13T23:59:59+01:00,0,0,272,269,464,791,502,1214,694,1875,948,1835,568,635,558,763,785,1793,244,251,431,728,456,1109,629,1636,832,1581,468,505,391,532,215,713,12596,10721,1369,0,1,0,0,0,0
2021-02-12T23:59:59+01:00,0,0,272,269,464,790,502,1214,694,1874,944,1832,568,633,509,717,771,1789,227,243,411,694,435,1021,594,1474,745,1341,385,386,316,420,159,536,12472,9387,1369,0,1,0,0,0,0
2021-02-11T23:59:59+01:00,0,0,270,269,463,790,502,1214,694,1872,944,1829,567,632,506,714,688,1641,205,230,399,663,415,974,560,1380,699,1231,351,338,277,357,132,450,12460,8661,1134,0,1,0,0,0,0
2021-02-10T23:59:59+01:00,0,0,270,269,463,789,502,1214,693,1872,943,1829,566,632,506,713,687,1639,202,226,398,657,411,960,557,1360,687,1196,335,315,255,317,115,388,12453,8379,1134,0,0,0,0,0,0
2021-02-09T23:59:59+01:00,0,0,270,269,463,789,502,1214,692,1872,943,1827,566,632,506,713,687,1639,193,213,387,621,392,893,514,1267,634,1066,261,224,180,206,74,240,12450,7365,1134,0,0,0,0,0,0
2021-02-08T23:59:59+01:00,0,0,270,269,461,789,502,1214,692,1872,943,1827,566,632,506,713,687,1639,190,207,383,607,383,868,489,1217,607,996,230,183,145,156,60,185,12449,6906,1133,0,0,0,0,0,0
2021-02-07T23:59:59+01:00,0,0,270,269,461,789,502,1214,692,1872,943,1826,566,632,506,713,687,1638,189,207,381,603,381,863,484,1207,603,982,224,176,135,138,54,169,12447,6796,1133,0,0,0,0,0,0
2021-02-06T23:59:59+01:00,0,0,270,269,461,789,502,1214,692,1872,943,1826,566,632,504,708,597,1465,189,207,381,603,381,863,484,1207,603,982,224,176,135,138,54,169,12447,6796,863,0,0,0,0,0,0
2021-02-05T23:59:59+01:00,0,0,270,269,459,788,500,1212,689,1871,940,1823,562,628,497,693,291,946,183,198,364,572,368,823,464,1166,585,951,203,159,111,125,49,166,12432,6487,6,0,0,0,0,0,0
2021-02-04T23:59:59+01:00,0,0,270,268,458,782,497,1211,688,1866,935,1822,561,628,496,692,291,946,168,162,295,436,302,667,384,942,511,812,192,154,103,119,42,154,12405,5443,6,0,0,0,0,0,0
2021-02-03T23:59:59+01:00,0,0,269,268,458,780,497,1210,687,1865,935,1822,561,628,496,692,291,946,163,155,249,354,253,580,324,842,460,725,185,149,99,117,41,153,12399,4849,6,0,0,0,0,0,0
2021-02-02T23:59:59+01:00,0,0,269,267,458,777,497,1210,687,1862,935,1820,561,628,496,692,291,946,156,140,190,290,195,492,247,728,378,641,175,145,97,116,41,152,12390,4183,6,0,0,0,0,0,0
2021-02-01T23:59:59+01:00,0,0,269,267,456,776,496,1209,686,1858,932,1815,561,628,495,692,291,946,149,134,152,254,167,433,202,650,321,567,169,134,89,106,36,145,12371,3708,6,0,0,0,0,0,0
2021-01-31T23:59:59+01:00,0,0,269,267,456,776,496,1209,686,1858,932,1815,561,628,495,692,291,946,149,134,152,253,167,432,201,650,321,567,169,134,89,106,36,145,12371,3705,6,0,0,0,0,0,0
2021-01-30T23:59:59+01:00,0,0,269,267,456,776,496,1209,686,1858,928,1815,560,628,493,692,288,946,136,122,135,235,156,404,190,609,303,520,147,123,77,79,29,110,12361,3375,6,0,0,0,0,0,0
2021-01-29T23:59:59+01:00,0,0,266,266,452,773,494,1200,683,1841,921,1795,556,622,488,686,285,938,88,68,93,154,115,246,147,441,213,377,109,82,58,68,24,99,12261,2382,5,0,0,0,0,0,0
2021-01-28T23:59:59+01:00,0,0,266,266,451,773,493,1200,683,1840,921,1793,556,622,488,686,285,938,10,7,13,23,24,46,23,94,50,105,34,32,31,49,18,91,12258,650,3,0,0,0,0,0,0
2021-01-27T23:59:59+01:00,0,0,265,266,451,773,493,1200,683,1839,919,1793,556,622,488,686,285,938,10,7,13,23,23,46,23,92,49,105,34,32,31,49,18,91,12256,646,1,0,0,0,0,0,0
2021-01-26T23:59:59+01:00,0,0,265,266,450,772,493,1199,683,1839,919,1792,556,622,488,686,285,938,10,7,13,23,23,46,23,92,49,105,34,32,31,49,18,91,12252,646,1,0,0,0,0,0,0
2021-01-25T23:59:59+01:00,0,0,265,265,448,772,493,1198,683,1837,919,1792,556,622,487,684,285,938,6,1,5,13,11,21,14,39,23,46,17,16,10,15,6,19,12244,262,0,0,0,0,0,0,0
2021-01-24T23:59:59+01:00,0,0,265,264,448,772,492,1198,683,1836,919,1791,556,622,487,684,285,938,6,1,5,13,11,21,14,39,23,46,17,16,10,15,6,19,12240,262,0,0,0,0,0,0,0
2021-01-23T23:59:59+01:00,0,0,265,264,448,772,492,1197,683,1836,919,1791,556,622,487,684,285,938,6,1,5,13,11,21,14,39,23,46,17,16,10,15,6,19,12239,262,0,0,0,0,0,0,0
2021-01-22T23:59:59+01:00,0,0,263,262,448,772,491,1196,683,1835,919,1791,556,622,487,684,267,894,6,1,5,13,11,21,14,39,23,46,17,16,10,15,6,19,12170,262,0,0,0,0,0,0,0
2021-01-21T23:59:59+01:00,0,0,260,258,446,763,488,1188,680,1813,910,1774,548,613,467,659,256,858,6,1,5,13,11,21,14,39,23,46,17,16,10,15,6,19,11981,262,0,0,0,0,0,0,0
2021-01-20T23:59:59+01:00,0,0,259,256,442,758,486,1186,677,1805,907,1769,542,608,460,640,248,841,6,1,5,13,11,21,14,39,23,46,17,16,10,15,6,19,11884,262,0,0,0,0,0,0,0
2021-01-19T23:59:59+01:00,0,0,254,256,440,750,480,1171,674,1774,896,1727,530,591,449,624,236,806,6,1,5,13,11,21,14,39,23,46,17,16,10,15,6,19,11658,262,0,0,0,0,0,0,0
2021-01-18T23:59:59+01:00,0,0,250,252,437,739,475,1150,656,1737,870,1679,511,558,434,586,224,749,6,1,5,12,11,21,14,39,23,46,17,16,10,15,6,19,11307,261,0,0,0,0,0,0,0
2021-01-17T23:59:59+01:00,0,0,250,251,436,739,475,1149,653,1730,864,1667,495,547,419,564,209,724,6,1,4,12,11,21,14,39,23,46,17,15,10,15,6,19,11172,259,0,0,0,0,0,0,0
2021-01-16T23:59:59+01:00,0,0,242,243,432,719,462,1114,628,1642,817,1518,453,465,390,511,188,669,0,0,0,0,0,0,0,0,0,0,0,0,0,0,0,0,10493,0,0,0,0,0,0,0,0
2021-01-15T23:59:59+01:00,0,0,233,236,424,699,448,1063,608,1542,778,1404,404,408,339,443,170,563,0,0,0,0,0,0,0,0,0,0,0,0,0,0,0,0,9762,0,0,0,0,0,0,0,0
2021-01-14T23:59:59+01:00,0,0,210,223,405,657,426,1001,565,1425,711,1251,349,334,290,350,129,446,0,0,0,0,0,0,0,0,0,0,0,0,0,0,0,0,8772,0,0,0,0,0,0,0,0
2021-01-13T23:59:59+01:00,0,0,208,221,404,650,421,982,560,1403,697,1216,331,310,265,310,112,385,0,0,0,0,0,0,0,0,0,0,0,0,0,0,0,0,8475,0,0,0,0,0,0,0,0
2021-01-12T23:59:59+01:00,0,0,191,210,389,609,390,887,498,1249,618,1027,236,194,160,161,62,193,0,0,0,0,0,0,0,0,0,0,0,0,0,0,0,0,7074,0,0,0,0,0,0,0,0
2021-01-11T23:59:59+01:00,0,0,187,204,385,597,377,860,478,1202,598,973,216,165,128,117,45,145,0,0,0,0,0,0,0,0,0,0,0,0,0,0,0,0,6677,0,0,0,0,0,0,0,0
2021-01-10T23:59:59+01:00,0,0,186,200,373,583,373,847,469,1182,586,954,212,165,125,117,43,143,0,0,0,0,0,0,0,0,0,0,0,0,0,0,0,0,6558,0,0,0,0,0,0,0,0
2021-01-09T23:59:59+01:00,0,0,166,168,327,503,332,729,408,1001,498,805,148,108,73,73,29,105,0,0,0,0,0,0,0,0,0,0,0,0,0,0,0,0,5473,0,0,0,0,0,0,0,0
2021-01-08T23:59:59+01:00,0,0,98,78,231,352,245,435,294,669,340,511,80,67,49,58,22,93,0,0,0,0,0,0,0,0,0,0,0,0,0,0,0,0,3622,0,0,0,0,0,0,0,0
2021-01-07T23:59:59+01:00,0,0,12,11,54,97,72,124,94,194,122,180,41,35,33,50,19,93,0,0,0,0,0,0,0,0,0,0,0,0,0,0,0,0,1231,0,0,0,0,0,0,0,0
2021-01-06T23:59:59+01:00,0,0,8,4,9,23,17,46,23,91,53,109,35,32,32,50,19,93,0,0,0,0,0,0,0,0,0,0,0,0,0,0,0,0,644,0,0,0,0,0,0,0,0
2021-01-05T23:59:59+01:00,0,0,8,4,9,23,17,46,22,91,51,109,35,32,32,50,19,93,0,0,0,0,0,0,0,0,0,0,0,0,0,0,0,0,641,0,0,0,0,0,0,0,0
2021-01-04T23:59:59+01:00,0,0,6,1,5,13,11,23,14,41,23,48,18,16,11,15,6,20,0,0,0,0,0,0,0,0,0,0,0,0,0,0,0,0,271,0,0,0,0,0,0,0,0
2021-01-03T23:59:59+01:00,0,0,6,1,5,13,11,23,14,41,23,48,18,16,11,15,6,20,0,0,0,0,0,0,0,0,0,0,0,0,0,0,0,0,271,0,0,0,0,0,0,0,0
2021-01-02T23:59:59+01:00,0,0,6,1,5,13,11,23,14,41,23,48,18,16,11,15,6,20,0,0,0,0,0,0,0,0,0,0,0,0,0,0,0,0,271,0,0,0,0,0,0,0,0
2021-01-01T23:59:59+01:00,0,0,6,1,5,13,11,23,14,41,23,48,18,16,11,15,6,20,0,0,0,0,0,0,0,0,0,0,0,0,0,0,0,0,271,0,0,0,0,0,0,0,0
2020-12-31T23:59:59+01:00,0,0,6,1,5,13,11,23,14,41,23,48,18,16,11,15,6,20,0,0,0,0,0,0,0,0,0,0,0,0,0,0,0,0,271,0,0,0,0,0,0,0,0
2020-12-30T23:59:59+01:00,0,0,6,1,5,13,11,23,14,41,23,48,18,16,11,15,6,20,0,0,0,0,0,0,0,0,0,0,0,0,0,0,0,0,271,0,0,0,0,0,0,0,0
2020-12-29T23:59:59+01:00,0,0,6,1,5,13,11,23,14,41,23,48,18,16,11,15,6,20,0,0,0,0,0,0,0,0,0,0,0,0,0,0,0,0,271,0,0,0,0,0,0,0,0
2020-12-28T23:59:59+01:00,0,0,6,1,5,13,11,23,14,41,23,48,18,16,11,15,6,20,0,0,0,0,0,0,0,0,0,0,0,0,0,0,0,0,271,0,0,0,0,0,0,0,0
2020-12-27T23:59:59+01:00,0,0,6,1,4,12,11,23,14,41,23,48,18,15,11,15,6,20,0,0,0,0,0,0,0,0,0,0,0,0,0,0,0,0,268,0,0,0,0,0,0,0,0
