Datum,<15_m,<15_w,15-24_1_m,15-24_1_w,25-34_1_m,25-34_1_w,35-44_1_m,35-44_1_w,45-54_1_m,45-54_1_w,55-64_1_m,55-64_1_w,65-74_1_m,65-74_1_w,75-84_1_m,75-84_1_w,>84_1_m,>84_1_w,<24_2_m,<24_2_w,25-34_2_m,25-34_2_w,35-44_2_m,35-44_2_w,45-54_2_m,45-54_2_w,55-64_2_m,55-64_2_w,65-74_2_m,65-74_2_w,75-84_2_m,75-84_2_w,>84_2_m,>84_2_w,bp_1,bp_2,mo_1,mo_2,az_1,az_2,ja,unb_1,unb_2
2021-07-17T23:59:59+02:00,1009,952,11076,10431,14423,13081,16561,16403,19990,20084,21659,20741,14084,15249,9733,11948,2892,5089,7651,7496,10635,9933,13968,14046,18523,18666,19988,19269,13660,14693,9454,11576,2826,4981,162577,142783,21780,17850,35504,32547,5542,2,2
2021-07-16T23:59:59+02:00,1009,952,11066,10424,14421,13077,16559,16399,19989,20084,21659,20740,14084,15249,9733,11948,2892,5089,7598,7461,10545,9866,13833,13939,18426,18587,19894,19163,13592,14629,9430,11536,2822,4974,162554,141798,21780,17850,35504,32452,5534,2,2
2021-07-15T23:59:59+02:00,989,936,11010,10364,14386,13047,16536,16379,19975,20067,21650,20731,14080,15245,9730,11944,2892,5085,7172,7096,8365,8168,13380,13550,18364,18530,19755,19029,13462,14488,9378,11475,2821,4964,162231,135527,21779,17847,35504,32420,5530,2,2
2021-07-14T23:59:59+02:00,964,917,10935,10279,14317,12988,16501,16335,19941,20033,21626,20710,14068,15234,9718,11930,2888,5084,6627,6648,7292,7316,12813,13102,18267,18437,19651,18941,13432,14451,9361,11459,2819,4961,161754,131191,21779,17843,35504,32358,5429,2,2
2021-07-13T23:59:59+02:00,946,896,10855,10207,14272,12945,16474,16306,19918,20011,21615,20697,14061,15224,9715,11923,2886,5082,6375,6360,6848,6938,12510,12836,18253,18417,19606,18905,13319,14342,9358,11455,2819,4958,161326,131160,21776,15604,35504,32354,5425,2,2
2021-07-12T23:59:59+02:00,926,884,10802,10158,14228,12900,16432,16277,19902,19998,21609,20691,14058,15219,9711,11919,2886,5080,6233,6266,6689,6818,12221,12598,17569,17859,19510,18829,13285,14317,9341,11433,2819,4955,161031,128653,21776,15600,35504,32351,5367,2,2
2021-07-11T23:59:59+02:00,926,884,10802,10156,14226,12899,16431,16277,19902,19998,21609,20691,14058,15219,9711,11919,2886,5080,6228,6262,6687,6815,12220,12598,17569,17859,19509,18829,13285,14317,9341,11432,2818,4953,161029,128643,21776,15600,35504,32345,5363,2,2
2021-07-10T23:59:59+02:00,923,879,10795,10144,14219,12894,16423,16277,19900,19992,21604,20686,14058,15218,9711,11919,2886,5080,6219,6254,6678,6810,12218,12595,17568,17855,19504,18826,13284,14317,9341,11432,2818,4953,160966,128595,21776,15600,35504,32345,5360,2,2
2021-07-09T23:59:59+02:00,909,863,10745,10101,14185,12866,16389,16248,19866,19969,21576,20664,14039,15203,9696,11911,2885,5077,5412,5518,6546,6710,12060,12491,17338,17750,19299,18692,13221,14244,9315,11413,2815,4950,160783,125689,21776,15600,35504,31397,5127,2,2
2021-07-08T23:59:59+02:00,907,863,10684,10056,14100,12812,16326,16198,19814,19923,21548,20640,14025,15186,9690,11898,2884,5071,5279,5403,6329,6535,11624,12149,16830,17382,19040,18507,13157,14160,9290,11377,2809,4938,160766,123766,21775,15597,35503,30892,4579,2,2
2021-07-07T23:59:59+02:00,906,863,10682,10050,14097,12809,16325,16198,19814,19921,21548,20640,14025,15186,9690,11898,2884,5071,5136,5220,5863,6123,10428,11168,16777,17316,18986,18462,13140,14138,9281,11374,2805,4928,160757,120107,21771,15596,35503,30889,4574,2,2
2021-07-06T23:59:59+02:00,906,863,10680,10049,14095,12807,16324,16198,19814,19921,21548,20639,14025,15185,9690,11898,2884,5071,5117,5214,5856,6118,10427,11166,16775,17316,18984,18462,13140,14136,9281,11374,2805,4928,160754,120085,21769,15593,35503,30873,4569,2,2
2021-07-05T23:59:59+02:00,906,863,10674,10045,14078,12804,16314,16196,19813,19921,21546,20639,14025,15185,9690,11898,2884,5071,5109,5213,5837,6115,10417,11164,16774,17316,18982,18461,13140,14136,9281,11374,2805,4928,160747,120081,21769,15591,35503,30870,4531,2,2
2021-07-04T23:59:59+02:00,906,863,10664,10035,14076,12800,16313,16196,19813,19921,21546,20639,14025,15185,9690,11898,2884,5071,5076,5171,5751,6038,10290,11050,16768,17313,18982,18459,13136,14134,9279,11370,2803,4927,160740,119605,21769,15590,35503,30862,4511,2,2
2021-07-03T23:59:59+02:00,825,794,8731,8481,12631,11649,15847,15742,19533,19623,21379,20475,13952,15109,9637,11852,2878,5067,4966,5039,5478,5783,10055,10837,16625,17173,18791,18307,13111,14100,9269,11360,2801,4925,152434,118053,21769,15590,35503,30493,4497,2,2
2021-07-02T23:59:59+02:00,825,792,8730,8476,12627,11646,15845,15741,19531,19623,21377,20475,13951,15109,9636,11851,2877,5066,4105,4171,4837,5135,9089,9850,16256,16697,18311,17769,12762,13784,9210,11285,2799,4917,152419,113535,21769,15590,35500,27375,4488,2,2
2021-07-01T23:59:59+02:00,805,772,8521,8307,12546,11567,15812,15712,19520,19609,21367,20457,13947,15106,9631,11843,2874,5060,2272,2453,4406,4762,8599,9427,15630,16155,17761,17334,12705,13718,9180,11229,2785,4887,151725,105919,21769,15588,35500,27336,4460,2,2
2021-06-30T23:59:59+02:00,750,722,8279,8121,12377,11420,15698,15616,19453,19541,21326,20410,13928,15080,9618,11830,2873,5055,2213,2414,4316,4643,8494,9327,15432,16017,17030,16835,12055,13075,9121,11160,2778,4881,150385,105858,21766,15587,35498,23899,4446,2,2
2021-06-29T23:59:59+02:00,750,722,8276,8112,12375,11416,15695,15616,19451,19541,21326,20410,13928,15080,9618,11830,2873,5055,2191,2402,4293,4605,8471,9282,15397,15958,16954,16750,11700,12740,9093,11126,2775,4873,150377,105846,21763,15585,35497,22743,4435,2,2
2021-06-28T23:59:59+02:00,750,722,8273,8108,12368,11411,15693,15616,19450,19541,21326,20410,13927,15080,9618,11830,2873,5055,2183,2373,4246,4487,8396,9122,15276,15680,16786,16478,11395,12439,9071,11099,2774,4869,150361,105836,21763,15585,35497,20824,4428,2,2
2021-06-27T23:59:59+02:00,750,722,8270,8103,12365,11408,15691,15616,19450,19541,21326,20410,13927,15080,9618,11830,2873,5055,2173,2369,4238,4485,8214,8970,15256,15664,16784,16473,11391,12438,9070,11098,2774,4869,150353,105440,21762,15584,35497,20820,4421,2,2
2021-06-26T23:59:59+02:00,742,718,8057,7889,11894,11001,14591,14631,19199,19344,21223,20289,13884,15029,9606,11801,2870,5052,2133,2326,4184,4431,8116,8860,14994,15406,16723,16426,11374,12419,9058,11093,2774,4867,147895,104380,20006,15562,35496,20820,4421,2,2
2021-06-25T23:59:59+02:00,723,700,8030,7866,11879,10991,14591,14625,19192,19339,21219,20288,13884,15029,9605,11799,2870,5052,2003,2148,3897,4126,6592,7426,12354,13219,16648,16338,11347,12389,9047,11069,2769,4852,147757,95534,20006,15480,35496,20787,4421,2,2
2021-06-24T23:59:59+02:00,711,683,7545,7455,10808,10101,14059,14191,19122,19280,21173,20245,13862,15001,9592,11786,2869,5049,1934,2080,3537,3789,5837,6759,12112,13012,16403,16132,11243,12262,8957,10942,2758,4818,143623,94304,20002,13120,35495,20739,4410,2,2
2021-06-23T23:59:59+02:00,711,683,7543,7451,10802,10100,14058,14190,19122,19279,21173,20244,13862,15001,9592,11786,2869,5049,1790,1911,3051,3387,4484,5587,11808,12743,16283,16014,11198,12223,8944,10915,2757,4811,143610,89664,20000,13120,35494,20711,4409,2,2
2021-06-22T23:59:59+02:00,711,683,7495,7422,10729,10050,14035,14164,19106,19264,21162,20236,13855,14992,9589,11783,2869,5049,1740,1880,2969,3333,4446,5554,11780,12704,16215,15963,10989,12032,8693,10614,2747,4780,143596,89645,20000,13116,35494,19574,4102,2,2
2021-06-21T23:59:59+02:00,709,683,7364,7354,10603,9954,13755,13917,18366,18653,21073,20161,13820,14960,9570,11758,2869,5046,1695,1856,2926,3295,4418,5524,11734,12669,16198,15948,10980,12022,8686,10606,2746,4779,141239,89522,19998,13115,35494,19561,3882,2,2
2021-06-20T23:59:59+02:00,709,683,7364,7350,10599,9950,13755,13917,18366,18653,21073,20161,13820,14960,9570,11758,2869,5046,1667,1827,2880,3280,4354,5485,11672,12636,16137,15889,10961,12006,8683,10597,2742,4775,141228,89046,19997,13111,35494,19550,3882,2,2
2021-06-19T23:59:59+02:00,709,682,7328,7313,10493,9860,13574,13762,17953,18317,20890,19988,13802,14934,9558,11738,2866,5040,1636,1792,2839,3232,4274,5411,11336,12346,16099,15851,10952,11994,8681,10592,2740,4773,141183,88033,18246,13082,35494,19549,3882,2,2
2021-06-18T23:59:59+02:00,15,12,6523,6580,10488,9858,13573,13760,17951,18315,20890,19988,13802,14933,9558,11738,2865,5038,1504,1680,2603,3076,3644,4781,10196,11203,15888,15697,10912,11954,8658,10571,2726,4745,138272,83386,18244,13080,35494,19495,3875,2,2
2021-06-17T23:59:59+02:00,13,11,6452,6511,10371,9754,13249,13455,17565,17997,20777,19891,13783,14895,9546,11724,2857,5032,1423,1562,2451,2927,3290,4444,8602,9844,15377,15265,10737,11774,8602,10494,2709,4717,136383,77936,18244,13076,35493,19443,3761,2,2
2021-06-16T23:59:59+02:00,13,11,6445,6507,10360,9751,13247,13453,17564,17996,20776,19891,13783,14895,9545,11723,2857,5032,1373,1514,2349,2853,3106,4265,7518,8903,14880,14877,10654,11663,8566,10446,2698,4701,136355,74114,18242,13074,35493,19419,3757,2,2
2021-06-15T23:59:59+02:00,13,11,6414,6489,10320,9723,13217,13438,17544,17974,20762,19878,13774,14887,9542,11717,2854,5029,1293,1456,2222,2751,2991,4180,6607,8172,14679,14710,10630,11634,8554,10424,2689,4694,136343,74104,18241,10674,35493,19399,3507,2,2
2021-06-14T23:59:59+02:00,13,11,6396,6472,10286,9698,13198,13418,17529,17956,20743,19868,13764,14878,9539,11716,2854,5025,1277,1441,2188,2724,2970,4159,6591,8152,14658,14700,10619,11625,8551,10423,2689,4690,136331,74094,18241,10674,35493,19390,3297,2,2
2021-06-13T23:59:59+02:00,13,11,6395,6472,10282,9696,13197,13416,17529,17956,20743,19868,13763,14878,9539,11716,2854,5025,1273,1435,2185,2715,2960,4149,6574,8135,14557,14635,10606,11602,8545,10411,2686,4690,136322,73802,18241,10674,35493,19385,3295,2,2
2021-06-12T23:59:59+02:00,10,9,5605,5700,10236,9660,13164,13392,17502,17935,20717,19837,13681,14806,9539,11713,2853,5025,1264,1415,2174,2698,2939,4122,6500,8053,14384,14497,10378,11318,8064,9873,2684,4689,134353,73297,18241,10674,35493,17785,3295,2,1
2021-06-11T23:59:59+02:00,9,9,5601,5693,10226,9653,13150,13380,17495,17931,20713,19835,13681,14805,9539,11711,2853,5025,1188,1331,2054,2538,2767,3867,5003,6722,12678,13118,10238,11170,7977,9767,2677,4673,134280,66025,18241,10673,35493,17776,3293,2,1
2021-06-10T23:59:59+02:00,3,3,4603,4739,10059,9525,13039,13298,17240,17696,20475,19656,13672,14794,9533,11701,2850,5022,1131,1270,1940,2432,2608,3690,4397,6086,11515,12130,9939,10846,7893,9682,2665,4648,130957,61211,18240,10673,35493,17771,3216,2,1
2021-06-09T23:59:59+02:00,3,3,4010,4130,9853,9378,12952,13225,16932,17431,20247,19474,13657,14781,9528,11695,2849,5017,1057,1226,1840,2363,2516,3577,4071,5780,11093,11805,9812,10687,7847,9617,2654,4639,128590,61137,18225,8825,35493,17766,2855,2,1
2021-06-08T23:59:59+02:00,3,3,3998,4123,9841,9369,12940,13218,16925,17422,20239,19472,13655,14778,9527,11693,2848,5015,1011,1218,1818,2348,2489,3563,4046,5760,11082,11802,9809,10682,7846,9615,2653,4636,128576,61020,18222,8820,35493,17761,2776,2,1
2021-06-07T23:59:59+02:00,3,3,3984,4115,9808,9356,12930,13200,16902,17411,20223,19461,13652,14774,9524,11689,2846,5013,1000,1211,1785,2337,2480,3544,4022,5747,11064,11788,9806,10677,7843,9612,2651,4634,128564,61011,18220,8817,35492,17756,2616,2,1
2021-06-06T23:59:59+02:00,3,3,3979,4111,9803,9352,12929,13200,16901,17410,20222,19461,13651,14773,9524,11689,2846,5013,997,1208,1774,2335,2474,3535,4010,5740,10938,11645,9795,10671,7842,9612,2651,4634,128552,60691,18220,8816,35491,17748,2605,2,1
2021-06-05T23:59:59+02:00,2,0,3686,3811,7323,7356,12691,13015,16872,17381,20179,19421,13535,14628,9449,11598,2842,5001,920,1136,1609,2234,2309,3456,3784,5600,10044,10804,9413,10217,7731,9457,2643,4614,122603,57420,18220,8816,35491,17260,2474,2,1
2021-06-04T23:59:59+02:00,2,0,3620,3756,7171,7240,12223,12621,16732,17269,19946,19186,13416,14482,9392,11519,2828,4984,893,1070,1578,2129,2271,3289,3708,5342,9406,10128,8569,9199,7456,9054,2639,4603,120206,55952,18220,8814,35491,14099,2468,2,1
2021-06-03T23:59:59+02:00,2,0,3207,3362,7144,7224,12098,12503,16701,17228,19860,19120,13404,14466,9390,11516,2827,4983,864,1003,1532,2005,2193,3089,3518,4960,8829,9508,7809,8328,6985,8440,2636,4595,118968,54321,18218,8813,35487,10799,2360,2,1
2021-06-02T23:59:59+02:00,0,0,2819,3045,6009,6307,11796,12272,16642,17177,19737,19015,13344,14412,9368,11495,2825,4975,848,969,1468,1982,2080,3051,3348,4858,7471,8427,7729,8249,6969,8412,2633,4590,115282,51223,18217,8813,35487,10797,2250,2,1
2021-06-01T23:59:59+02:00,0,0,2532,2733,5539,5884,11480,11990,16618,17154,19686,18978,13221,14289,9361,11491,2824,4972,831,962,1453,1973,2062,3038,3322,4838,7174,8102,7692,8215,6959,8398,2631,4590,115263,50545,15885,8793,35487,10786,2115,2,1
2021-05-31T23:59:59+02:00,0,0,2517,2730,5520,5875,11452,11969,16584,17143,19646,18956,13218,14285,9357,11489,2824,4970,815,955,1435,1963,2030,3018,3286,4824,7133,8081,7689,8210,6955,8396,2631,4588,115256,50535,15881,8787,35487,10777,1909,2,1
2021-05-30T23:59:59+02:00,0,0,2513,2728,5518,5871,11452,11968,16581,17142,19644,18955,13218,14285,9357,11489,2824,4970,814,951,1430,1960,2030,3016,3284,4822,7132,8081,7689,8210,6955,8396,2631,4588,115240,50529,15881,8787,35484,10764,1908,2,1
2021-05-29T23:59:59+02:00,0,0,2497,2714,5352,5717,11385,11909,16573,17136,19636,18954,13217,14283,9355,11489,2824,4970,777,902,1319,1865,1753,2763,2880,4399,6848,7809,7505,7986,6779,8168,2628,4582,114736,49883,15881,8787,35484,8384,1908,2,1
2021-05-28T23:59:59+02:00,0,0,2363,2584,4930,5327,10711,11299,16506,17074,19610,18926,13208,14269,9336,11460,2822,4961,756,879,1260,1811,1663,2691,2747,4294,5269,6117,7342,7790,6737,8112,2625,4572,112115,45597,15881,8787,35484,8376,1904,2,1
2021-05-27T23:59:59+02:00,0,0,2343,2563,4880,5261,10050,10729,16466,17042,19596,18914,13198,14259,9334,11459,2822,4961,702,784,1156,1739,1453,2549,2374,3988,4390,5208,7106,7483,6646,7996,2608,4553,110733,41815,15878,8782,35482,8355,1782,2,1
2021-05-26T23:59:59+02:00,0,0,2306,2501,4707,5081,9615,10364,16414,16988,19528,18860,13184,14240,9324,11457,2818,4948,687,742,1109,1707,1364,2469,2165,3817,4261,5070,6943,7270,6566,7897,2596,4539,109315,40417,15876,8781,35482,8343,1660,2,1
2021-05-25T23:59:59+02:00,0,0,2303,2494,4677,5064,9590,10338,16389,16970,19515,18854,13179,14238,9321,11454,2818,4948,680,728,1062,1689,1312,2424,2095,3757,3722,4493,6641,6927,6532,7860,2595,4537,109311,40409,15874,6827,35482,8334,1483,2,1
2021-05-24T23:59:59+02:00,0,0,2294,2488,4665,5059,9582,10333,16363,16950,19489,18830,13169,14227,9318,11444,2817,4944,671,723,1050,1682,1302,2417,2070,3737,3696,4468,6630,6916,6529,7850,2594,4533,109307,40402,15874,6827,35482,8331,1307,2,1
2021-05-23T23:59:59+02:00,0,0,2278,2455,4577,4986,9448,10211,16360,16949,19489,18829,13167,14225,9315,11440,2815,4943,670,721,1048,1682,1302,2417,2070,3737,3696,4467,6629,6916,6529,7850,2594,4533,108823,40398,15874,6826,35481,8329,1307,2,1
2021-05-22T23:59:59+02:00,0,0,2258,2436,4568,4969,9369,10130,16337,16935,19437,18785,13139,14194,9312,11434,2815,4942,669,719,1047,1679,1299,2414,2067,3732,3680,4454,5799,6023,6458,7769,2586,4528,108396,38460,15874,6826,35481,8329,1307,2,1
2021-05-21T23:59:59+02:00,0,0,2223,2403,4460,4883,9173,9955,16309,16902,19422,18778,13129,14185,9310,11432,2810,4931,657,692,1010,1613,1249,2291,1981,3552,3336,4019,4038,3923,6415,7703,2581,4513,107657,34463,15874,6826,35478,6989,1294,2,1
2021-05-20T23:59:59+02:00,0,0,2194,2363,4377,4822,8952,9729,16259,16849,19369,18726,13098,14150,9293,11415,2809,4927,602,585,885,1300,1077,1886,1758,3016,2776,3339,3203,2970,6370,7654,2577,4508,106805,32635,15871,6825,35469,3860,1185,2,1
2021-05-19T23:59:59+02:00,0,0,2033,2187,3879,4398,7571,8538,15985,16601,19248,18601,13050,14102,9283,11389,2807,4924,587,548,847,1246,1048,1835,1732,2963,2726,3295,3195,2957,6366,7651,2577,4507,102177,32611,15869,6823,35468,3565,1080,2,1
2021-05-18T23:59:59+02:00,0,0,1985,2134,3573,4113,6921,7943,15838,16486,19164,18518,13017,14069,9227,11315,2801,4910,581,544,841,1244,1040,1827,1702,2947,2717,3277,3190,2952,6362,7647,2577,4507,102157,32607,13421,6818,35464,3559,970,2,1
2021-05-17T23:59:59+02:00,0,0,1977,2126,3553,4099,6877,7919,15810,16468,19142,18499,13007,14046,9226,11314,2801,4910,573,537,822,1229,998,1803,1674,2929,2694,3256,3179,2931,6362,7646,2577,4507,102150,32602,13418,6818,35464,3556,740,2,1
2021-05-16T23:59:59+02:00,0,0,1972,2123,3546,4095,6691,7755,15789,16449,19138,18494,13002,14045,9225,11313,2801,4910,573,537,822,1228,997,1802,1674,2929,2692,3256,3179,2931,6362,7646,2577,4507,101730,32600,13417,6818,35460,3554,739,2,1
2021-05-15T23:59:59+02:00,0,0,1944,2087,3508,4058,6605,7651,15520,16181,19082,18452,12983,14026,9216,11308,2801,4908,573,537,822,1227,997,1802,1672,2928,2692,3256,3178,2931,6361,7646,2577,4507,100712,32596,13417,6818,35460,3552,739,2,1
2021-05-14T23:59:59+02:00,0,0,1835,1942,3262,3807,5013,6173,12884,13991,19018,18366,12960,13996,9210,11295,2798,4902,573,536,819,1227,997,1802,1671,2927,2686,3254,3174,2925,6359,7644,2577,4506,91847,32578,13417,6818,35458,3552,728,2,1
2021-05-13T23:59:59+02:00,0,0,1809,1894,3221,3756,4901,6072,12679,13807,18858,18240,12884,13901,9174,11242,2798,4901,567,533,812,1218,987,1790,1652,2908,2579,3161,2513,2121,4907,5843,2568,4487,90633,29567,13320,4801,35456,3551,726,2,1
2021-05-12T23:59:59+02:00,0,0,1809,1894,3220,3756,4901,6072,12679,13807,18857,18240,12884,13901,9174,11242,2798,4901,567,533,812,1218,987,1790,1652,2907,2576,3159,2513,2121,4907,5841,2568,4487,90632,29564,13320,4796,35455,3551,726,2,1
2021-05-11T23:59:59+02:00,0,0,1765,1849,3128,3681,4814,6006,11757,13079,18663,18082,12870,13880,9167,11228,2792,4897,566,531,809,1213,986,1789,1651,2907,2568,3155,2512,2120,4905,5840,2567,4487,90621,29558,10870,4784,35447,3545,718,2,1
2021-05-10T23:59:59+02:00,0,0,1749,1846,3122,3678,4808,6002,11756,13078,18662,18082,12870,13880,9167,11228,2792,4897,565,530,809,1213,986,1789,1650,2907,2568,3155,2511,2119,4905,5840,2567,4487,90608,29557,10867,4784,35422,3541,718,2,1
2021-05-09T23:59:59+02:00,0,0,1713,1799,3070,3663,4738,5967,11689,13057,18599,18023,12850,13861,9164,11219,2790,4895,563,527,801,1212,978,1783,1637,2904,2564,3154,2511,2117,4904,5839,2567,4486,90139,29553,10864,4783,35415,3533,677,2,1
2021-05-08T23:59:59+02:00,0,0,1680,1765,3034,3614,4661,5894,11352,12755,18566,17989,12843,13853,9163,11217,2788,4895,551,526,794,1212,967,1783,1630,2904,2548,3143,2510,2117,4904,5838,2566,4485,89111,29550,10864,4783,35415,3467,677,2,1
2021-05-07T23:59:59+02:00,0,0,1536,1642,2786,3442,3987,5230,10146,11565,18366,17839,12804,13818,9143,11200,2780,4888,454,377,671,982,821,1464,1485,2490,2379,2786,2501,2108,4900,5834,2563,4482,84347,29545,10863,4783,35403,1411,557,2,1
2021-05-06T23:59:59+02:00,0,0,1473,1473,2652,3311,3660,4921,8450,10085,17853,17414,12636,13650,9096,11128,2777,4880,332,318,567,880,685,1375,1239,2276,2165,2591,2449,2076,4898,5827,2563,4481,78829,29526,10862,4782,35386,33,380,2,1
2021-05-05T23:59:59+02:00,0,0,1419,1399,2565,3239,3485,4746,7302,9068,17346,17014,12548,13537,9064,11082,2768,4865,332,318,565,879,684,1373,1193,2224,2155,2585,2445,2074,4898,5823,2563,4477,74954,29519,10858,4781,35378,32,255,2,1
2021-05-04T23:59:59+02:00,0,0,1410,1397,2558,3233,3483,4746,7300,9067,17345,17014,12548,13537,9064,11082,2768,4865,332,317,565,878,682,1373,1193,2224,2155,2585,2444,2074,4898,5823,2563,4476,74947,29516,10847,4781,35367,30,254,2,1
2021-05-03T23:59:59+02:00,0,0,1408,1391,2550,3228,3480,4740,7221,9007,17331,17006,12544,13535,9064,11082,2767,4864,329,311,561,874,677,1368,1114,2164,2142,2577,2440,2072,4898,5823,2562,4475,74938,29515,10847,4781,35367,26,64,2,1
2021-05-02T23:59:59+02:00,0,0,1400,1387,2547,3222,3467,4731,7201,8987,17225,16938,12531,13510,9058,11071,2764,4864,327,310,561,874,677,1368,1114,2163,2140,2577,2440,2072,4897,5821,2562,4475,74628,29510,10846,4780,35366,26,61,2,1
2021-05-01T23:59:59+02:00,0,0,1396,1381,2538,3212,3458,4713,7142,8926,17081,16821,12506,13487,9046,11065,2764,4864,327,310,561,874,677,1368,1114,2163,2140,2577,2440,2072,4895,5821,2561,4473,74125,29505,10846,4780,35366,26,61,2,1
2021-04-30T23:59:59+02:00,0,0,1326,1301,2418,3042,3290,4439,5594,7528,15339,15390,12363,13327,8951,10948,2749,4831,327,310,560,873,676,1368,1111,2161,2137,2575,2439,2063,4882,5812,2553,4455,66614,29488,10846,4779,35366,26,8,2,1
2021-04-29T23:59:59+02:00,0,0,1272,1263,2316,2932,3158,4269,4986,6880,14166,14367,12055,12999,8861,10866,2735,4803,325,309,560,872,676,1367,1110,2161,2135,2573,2437,2059,4881,5809,2552,4453,61709,29468,10846,4776,35363,26,8,2,1
2021-04-28T23:59:59+02:00,0,0,1209,1246,2254,2895,3093,4188,4677,6589,13754,14051,11941,12852,8820,10808,2727,4797,324,309,557,870,673,1367,1108,2160,2134,2566,2434,2057,4878,5805,2549,4450,61592,29464,8943,4750,35363,25,1,2,1
2021-04-27T23:59:59+02:00,0,0,1189,1244,2249,2894,3089,4187,4675,6589,13753,14050,11940,12851,8820,10808,2727,4797,324,309,557,870,672,1365,1108,2160,2133,2566,2434,2055,4878,5805,2549,4450,61560,29462,8938,4746,35361,25,1,2,1
2021-04-26T23:59:59+02:00,0,0,1189,1242,2247,2893,3087,4187,4661,6575,13713,14019,11937,12849,8820,10807,2727,4796,324,309,557,870,672,1365,1108,2160,2131,2565,2434,2055,4878,5805,2549,4450,61553,29461,8934,4745,35259,24,1,2,1
2021-04-25T23:59:59+02:00,0,0,1188,1242,2241,2893,3084,4180,4649,6568,13575,13865,11927,12843,8819,10806,2727,4796,324,309,556,870,671,1364,1106,2158,2131,2565,2434,2055,4878,5805,2549,4450,61228,29457,8931,4742,35241,24,1,2,1
2021-04-24T23:59:59+02:00,0,0,1122,1196,2103,2804,2945,4124,4438,6453,12714,13062,11651,12514,8753,10702,2720,4783,324,309,556,870,670,1363,1106,2158,2131,2564,2433,2055,4874,5804,2549,4450,57910,29450,8930,4742,35241,22,1,2,1
2021-04-23T23:59:59+02:00,0,0,1023,1176,1888,2777,2785,4091,4324,6342,11379,12008,11596,12452,8729,10655,2718,4780,323,309,556,870,669,1363,1105,2158,2129,2564,2432,2055,4873,5799,2549,4449,56437,29444,8930,4741,33354,17,0,2,1
2021-04-22T23:59:59+02:00,0,0,1013,1167,1861,2764,2723,4066,4147,6223,10761,11491,11508,12366,8699,10608,2715,4775,322,308,556,870,669,1362,1103,2158,2128,2564,2432,2053,4871,5797,2549,4449,54742,29437,8929,4736,33214,17,0,2,1
2021-04-21T23:59:59+02:00,0,0,998,1153,1786,2740,2603,4031,4002,6149,9273,10331,11433,12299,8687,10584,2712,4772,321,308,555,870,668,1362,1102,2158,2127,2564,2428,2049,4868,5795,2548,4447,51584,29419,8928,4733,33039,17,0,2,1
2021-04-20T23:59:59+02:00,0,0,998,1152,1785,2739,2600,4028,3998,6148,8977,10008,11406,12275,8683,10575,2712,4771,321,308,555,870,668,1362,1102,2157,2126,2563,2428,2048,4866,5794,2548,4447,50890,29415,8925,4730,33038,17,0,2,1
2021-04-19T23:59:59+02:00,0,0,996,1150,1785,2736,2599,4027,3996,6146,8977,10007,11406,12275,8683,10574,2712,4771,321,308,555,869,668,1362,1100,2157,2125,2563,2428,2048,4866,5794,2548,4447,50882,29412,8920,4729,33036,17,0,2,1
2021-04-18T23:59:59+02:00,0,0,996,1150,1783,2736,2597,4025,3996,6146,8977,10007,11406,12275,8683,10573,2712,4770,321,308,555,869,667,1362,1100,2156,2125,2563,2428,2048,4866,5794,2548,4447,50876,29411,8919,4728,33035,17,0,2,1
2021-04-17T23:59:59+02:00,0,0,996,1149,1780,2730,2520,3935,3940,6064,8960,9989,11283,12123,8680,10571,2712,4769,316,302,551,862,659,1352,1082,2143,2078,2537,2383,1996,4817,5725,2542,4441,50245,29041,8919,4728,33035,16,0,2,1
2021-04-16T23:59:59+02:00,0,0,967,1115,1669,2647,2318,3798,3691,5890,7240,8178,11086,11879,8626,10508,2709,4756,309,297,536,843,627,1315,1000,2086,1854,2378,2234,1887,4630,5457,2483,4325,45904,29027,8844,3222,32327,11,0,2,1
2021-04-15T23:59:59+02:00,0,0,897,1063,1542,2559,2039,3646,3159,5562,6230,7213,10829,11544,8526,10385,2690,4733,309,297,535,842,625,1314,999,2083,1618,2237,2081,1756,4444,5246,2429,4222,42106,28982,8841,2047,31668,7,0,2,1
2021-04-14T23:59:59+02:00,0,0,882,1034,1497,2523,1951,3565,2989,5427,6136,7102,10666,11337,8444,10285,2678,4719,289,287,501,815,554,1255,792,1940,1398,2113,2014,1681,4313,5082,2415,4194,40731,27588,8837,2047,31665,7,0,2,1
2021-04-13T23:59:59+02:00,0,0,877,1028,1485,2520,1928,3546,2957,5393,5615,6526,10366,10998,8413,10251,2677,4718,289,285,501,814,554,1255,792,1940,1398,2112,2011,1680,4313,5082,2415,4191,40724,27586,6911,2038,31661,7,0,2,1
2021-04-12T23:59:59+02:00,0,0,877,1027,1484,2518,1928,3546,2956,5392,5614,6526,10365,10998,8413,10251,2677,4718,289,284,501,814,552,1255,790,1939,1397,2112,2011,1680,4313,5081,2415,4191,40720,27580,6909,2036,31659,7,0,2,1
2021-04-11T23:59:59+02:00,0,0,877,1027,1483,2518,1927,3545,2955,5392,5614,6526,10364,10997,8413,10251,2677,4718,289,284,500,814,551,1255,789,1939,1395,2112,2011,1680,4313,5081,2415,4191,40717,27575,6908,2036,31657,7,0,2,1
2021-04-10T23:59:59+02:00,0,0,875,1024,1480,2514,1910,3533,2887,5326,5486,6428,10134,10780,8361,10201,2673,4717,289,283,500,813,551,1255,788,1939,1395,2112,2007,1676,4308,5072,2414,4188,40148,27546,6908,2036,31271,7,0,2,1
2021-04-09T23:59:59+02:00,0,0,837,991,1383,2458,1806,3474,2758,5272,5347,6363,7756,7954,8297,10107,2663,4699,288,283,497,812,549,1253,785,1939,1393,2108,1987,1654,4286,5054,2411,4183,34675,27438,6907,2036,30581,7,0,2,1
2021-04-08T23:59:59+02:00,0,0,836,989,1379,2455,1804,3471,2749,5263,5336,6350,6968,7039,8255,10057,2660,4695,287,282,497,811,549,1252,784,1939,1391,2107,1985,1654,4285,5051,2411,4183,32824,27425,6907,2035,30573,7,0,2,1
2021-04-07T23:59:59+02:00,0,0,784,966,1304,2383,1717,3403,2556,5156,4596,5867,6302,6399,8197,9996,2654,4689,287,282,497,811,549,1249,784,1939,1391,2107,1985,1654,4284,5051,2411,4183,32820,27424,6906,2034,27241,6,0,2,0
2021-04-06T23:59:59+02:00,0,0,751,959,1285,2348,1693,3362,2526,5110,4522,5791,5940,6042,8176,9972,2649,4683,287,281,497,810,549,1249,784,1939,1390,2107,1985,1653,4284,5051,2411,4183,32816,27422,6906,2032,26085,6,0,2,0
2021-04-05T23:59:59+02:00,0,0,747,928,1244,2224,1621,3197,2407,4840,4362,5519,5633,5737,8159,9946,2647,4679,287,281,497,809,549,1249,784,1939,1390,2107,1985,1653,4284,5051,2411,4183,32815,27421,6906,2032,24167,6,0,2,0
2021-04-04T23:59:59+02:00,0,0,726,903,1153,2008,1487,2931,2193,4406,4012,5020,5389,5514,8127,9892,2646,4671,287,281,496,808,547,1248,783,1938,1316,2070,1622,1379,4126,4870,2367,4118,32811,26219,6906,2032,21359,5,0,2,0
2021-04-03T23:59:59+02:00,0,0,726,903,1152,2007,1486,2931,2192,4406,4012,5020,5389,5513,8127,9892,2646,4671,287,281,496,808,547,1248,783,1938,1316,2070,1622,1379,4126,4870,2367,4118,32807,26219,6906,2032,21358,5,0,2,0
2021-04-02T23:59:59+02:00,0,0,726,902,1152,2007,1486,2931,2192,4406,4011,5020,5389,5512,8126,9891,2645,4669,287,281,496,808,547,1248,783,1938,1315,2070,1622,1379,4126,4870,2367,4118,32806,26218,6906,2032,21351,5,0,2,0
2021-04-01T23:59:59+02:00,0,0,721,900,1149,2001,1478,2923,2178,4388,3920,4935,4896,4913,7421,8997,2643,4664,287,279,495,805,547,1247,780,1936,1277,2042,1473,1284,4027,4769,2356,4105,29903,25678,6880,2026,21342,5,0,2,0
2021-03-31T23:59:59+02:00,0,0,721,899,1147,2000,1474,2918,2174,4387,3902,4924,4723,4696,6655,8063,2633,4642,286,278,495,805,543,1244,775,1929,1172,1965,1079,1020,3621,4312,2249,3931,29785,23737,4856,1963,21315,4,0,2,0
2021-03-30T23:59:59+02:00,0,0,721,899,1146,1997,1462,2909,2165,4378,3858,4898,4524,4515,6406,7766,2624,4626,286,277,495,803,543,1244,775,1928,1172,1965,1079,1020,3621,4312,2248,3931,29782,23733,4851,1963,20259,3,0,2,0
2021-03-29T23:59:59+02:00,0,0,720,897,1146,1997,1460,2909,2165,4378,3855,4896,4521,4513,6403,7757,2622,4608,286,276,495,803,543,1244,774,1927,1172,1965,1079,1019,3621,4312,2248,3931,29775,23729,4846,1963,20224,3,0,2,0
2021-03-28T23:59:59+02:00,0,0,720,897,1146,1994,1458,2907,2164,4375,3854,4896,4520,4513,6400,7753,2622,4607,285,276,493,803,543,1244,773,1927,1172,1965,1079,1018,3621,4312,2248,3931,29773,23725,4841,1962,20210,3,0,2,0
2021-03-27T23:59:59+01:00,0,0,716,892,1142,1986,1450,2897,2145,4359,3812,4870,4471,4456,6355,7694,2615,4593,281,271,479,793,532,1232,725,1891,1011,1873,818,828,3482,4161,2087,3619,29422,22759,4841,1321,20188,3,0,2,0
2021-03-26T23:59:59+01:00,0,0,716,892,1141,1985,1447,2896,2142,4359,3807,4867,4459,4434,6345,7668,2608,4579,280,271,479,791,530,1232,723,1891,1004,1865,681,733,2505,3008,1917,3406,29362,19992,4840,1321,20141,3,0,2,0
2021-03-25T23:59:59+01:00,0,0,715,891,1141,1985,1446,2893,2138,4353,3802,4863,4450,4423,6331,7636,2587,4525,280,271,479,791,529,1229,722,1891,1003,1864,660,726,1327,1564,1636,3046,29349,16694,4835,1321,19993,3,0,2,0
2021-03-24T23:59:59+01:00,0,0,692,880,1103,1955,1375,2833,1932,4205,3578,4737,4390,4363,6196,7468,2573,4493,280,271,479,791,526,1229,721,1891,1002,1864,660,726,1327,1563,1636,3044,27972,16687,4832,1320,19967,3,0,2,0
2021-03-23T23:59:59+01:00,0,0,692,878,1101,1954,1375,2833,1932,4205,3577,4734,4390,4363,6195,7468,2573,4492,280,271,479,791,526,1229,721,1891,1002,1864,660,726,1327,1563,1636,3044,27968,16687,4829,1320,19963,3,0,2,0
2021-03-22T23:59:59+01:00,0,0,692,876,1099,1950,1372,2833,1930,4205,3576,4734,4390,4362,6195,7467,2573,4492,280,271,479,791,526,1228,720,1891,1002,1863,660,726,1327,1563,1636,3044,27964,16684,4828,1320,19952,3,0,2,0
2021-03-21T23:59:59+01:00,0,0,692,876,1098,1947,1372,2831,1929,4204,3575,4733,4390,4362,6194,7467,2573,4492,280,271,479,791,526,1228,720,1891,1002,1863,660,725,1327,1563,1636,3044,27961,16683,4827,1320,19946,3,0,1,0
2021-03-20T23:59:59+01:00,0,0,690,874,1096,1945,1366,2828,1912,4197,3544,4714,4172,4087,5677,6860,2563,4459,275,269,474,785,509,1218,698,1874,964,1834,590,647,1095,1304,1286,2497,27880,14996,4729,1320,18374,3,0,1,0
2021-03-19T23:59:59+01:00,0,0,682,868,1081,1925,1332,2791,1832,4141,3324,4554,4024,3981,5501,6618,2514,4374,275,269,474,785,509,1218,698,1873,963,1834,590,647,1095,1303,1285,2496,27878,14991,3298,1320,18366,3,0,0,0
2021-03-18T23:59:59+01:00,0,0,682,867,1080,1924,1331,2789,1832,4138,3094,4411,3871,3852,5323,6415,2462,4272,275,268,473,785,509,1216,698,1872,962,1833,588,644,857,1048,1175,2329,27866,14211,2113,1319,18364,2,0,0,0
2021-03-17T23:59:59+01:00,0,0,682,867,1079,1924,1331,2788,1832,4138,3094,4411,3871,3850,5322,6415,2462,4272,275,268,473,785,509,1216,698,1872,961,1833,587,644,857,1048,1175,2329,27864,14209,2113,1319,18361,2,0,0,0
2021-03-16T23:59:59+01:00,0,0,681,867,1079,1920,1330,2788,1830,4138,3094,4409,3870,3849,5322,6415,2461,4271,273,264,459,780,500,1204,682,1858,945,1823,585,643,855,1047,1174,2328,27857,14099,2109,1319,18358,2,0,0,0
2021-03-15T23:59:59+01:00,0,0,681,866,1077,1919,1327,2788,1826,4137,3093,4409,3870,3848,5321,6415,2461,4271,273,264,459,780,500,1204,682,1858,944,1822,585,643,855,1047,1174,2328,27852,14097,2107,1319,18350,2,0,0,0
2021-03-14T23:59:59+01:00,0,0,680,864,1074,1916,1324,2785,1824,4135,3088,4408,3870,3848,5321,6415,2461,4271,273,264,459,780,500,1204,682,1858,944,1821,585,643,854,1047,1174,2328,27848,14095,2107,1319,18329,2,0,0,0
2021-03-13T23:59:59+01:00,0,0,678,859,1066,1910,1315,2778,1819,4127,2974,4330,3402,3445,5117,6182,2416,4208,273,264,459,780,500,1204,681,1858,942,1820,561,627,551,752,755,1755,26584,12461,2107,1319,17935,2,0,0,0
2021-03-12T23:59:59+01:00,0,0,648,772,1043,1797,1294,2587,1787,3861,2930,4162,2261,2003,4756,5636,2413,4199,273,264,459,780,500,1204,680,1858,941,1820,561,626,551,752,755,1754,26572,12458,2107,1319,13470,1,0,0,0
2021-03-11T23:59:59+01:00,0,0,638,727,1035,1695,1286,2428,1775,3647,2884,4023,1697,1474,4270,5094,2403,4190,271,264,459,780,500,1204,680,1857,941,1816,561,626,549,751,675,1609,26022,12456,2095,1087,11149,0,0,0,0
2021-03-10T23:59:59+01:00,0,0,633,715,1025,1673,1277,2407,1762,3621,2775,3940,1307,1206,3862,4625,2309,4033,271,264,458,778,499,1204,680,1857,939,1816,561,626,547,749,675,1609,24043,12449,2094,1084,11033,0,0,0,0
2021-03-09T23:59:59+01:00,0,0,632,710,1017,1656,1266,2392,1759,3610,2768,3935,1303,1205,3862,4624,2308,4033,271,264,458,778,499,1204,680,1857,939,1816,561,626,547,749,675,1609,24040,12449,2093,1084,10947,0,0,0,0
2021-03-08T23:59:59+01:00,0,0,628,681,1006,1631,1251,2359,1751,3577,2747,3920,1302,1203,3862,4624,2308,4033,271,264,458,778,499,1204,680,1857,939,1816,561,626,546,749,675,1609,24036,12448,2092,1084,10755,0,0,0,0
2021-03-07T23:59:59+01:00,0,0,628,678,1002,1627,1251,2356,1750,3574,2747,3918,1302,1203,3862,4624,2308,4033,271,264,458,778,498,1204,680,1857,939,1816,561,626,546,749,675,1609,24033,12447,2092,1084,10738,0,0,0,0
2021-03-06T23:59:59+01:00,0,0,592,631,883,1526,1010,2166,1331,3192,2326,3582,1021,984,3562,4247,2288,4016,271,264,458,778,496,1204,680,1857,939,1815,561,625,544,745,586,1437,23035,12444,2089,816,8233,0,0,0,0
2021-03-05T23:59:59+01:00,0,0,589,631,878,1523,1010,2165,1328,3189,2319,3577,877,887,2568,3055,2117,3784,269,264,453,766,492,1199,672,1840,925,1800,557,621,486,685,288,932,20195,12244,2078,5,8224,0,0,0,0
2021-03-04T23:59:59+01:00,0,0,571,588,841,1393,972,2011,1278,2985,2276,3479,862,878,1387,1620,1830,3420,269,264,452,766,492,1199,672,1840,925,1800,556,620,486,684,288,932,16902,12240,2077,5,7412,0,0,0,0
2021-03-03T23:59:59+01:00,0,0,565,555,818,1328,951,1949,1263,2941,2266,3435,862,877,1387,1620,1830,3420,269,264,452,766,492,1199,672,1840,925,1800,556,620,486,684,288,932,16901,12240,2077,5,7089,0,0,0,0
2021-03-02T23:59:59+01:00,0,0,564,553,815,1327,951,1949,1262,2940,2266,3435,862,877,1387,1620,1830,3420,269,264,451,766,492,1199,672,1840,925,1799,556,620,486,684,288,932,16900,12238,2077,5,7081,0,0,0,0
2021-03-01T23:59:59+01:00,0,0,564,551,814,1327,951,1948,1262,2940,2266,3434,862,876,1387,1619,1830,3420,269,264,451,766,492,1199,671,1839,925,1799,556,620,486,684,288,932,16897,12236,2076,5,7078,0,0,0,0
2021-02-28T23:59:59+01:00,0,0,563,549,814,1327,950,1948,1262,2940,2264,3433,862,874,1387,1619,1830,3420,269,264,451,766,492,1199,671,1838,925,1799,556,620,486,684,288,932,16894,12235,2076,5,7072,0,0,0,0
2021-02-27T23:59:59+01:00,0,0,558,547,803,1317,929,1937,1222,2912,2187,3383,741,758,1118,1329,1323,2547,268,264,451,766,491,1199,669,1837,924,1797,555,617,485,682,288,928,15173,12219,1368,2,7070,0,0,0,0
2021-02-26T23:59:59+01:00,0,0,548,526,774,1253,900,1824,1183,2754,1867,2962,700,730,1118,1329,1322,2546,268,264,451,766,491,1199,669,1837,924,1797,555,617,485,682,288,927,15168,12218,1368,2,5800,0,0,0,0
2021-02-25T23:59:59+01:00,0,0,514,484,712,1135,793,1631,1029,2454,1368,2414,649,685,870,1066,1213,2376,267,263,450,766,491,1198,668,1836,924,1796,555,617,485,682,288,927,14367,12213,1368,0,3658,0,0,0,0
2021-02-24T23:59:59+01:00,0,0,513,483,712,1134,792,1631,1029,2453,1368,2413,649,685,870,1066,1213,2376,267,263,450,766,491,1198,668,1836,924,1796,555,617,485,682,288,927,14367,12213,1367,0,3653,0,0,0,0
2021-02-23T23:59:59+01:00,0,0,511,479,697,1126,783,1620,1012,2439,1352,2403,647,684,868,1065,1212,2375,267,262,450,765,491,1198,668,1835,924,1796,555,617,485,682,288,927,14257,12210,1367,0,3649,0,0,0,0
2021-02-22T23:59:59+01:00,0,0,511,479,697,1126,781,1620,1012,2439,1351,2402,647,683,868,1065,1212,2375,267,262,450,765,491,1198,668,1835,924,1795,555,617,485,682,288,927,14255,12209,1367,0,3646,0,0,0,0
2021-02-21T23:59:59+01:00,0,0,511,479,697,1126,780,1620,1011,2439,1351,2401,646,683,867,1065,1212,2375,267,262,450,765,491,1198,668,1835,924,1795,555,617,485,682,288,927,14253,12209,1367,0,3643,0,0,0,0
2021-02-20T23:59:59+01:00,0,0,495,477,685,1120,760,1615,998,2437,1324,2381,619,664,558,764,785,1791,266,261,445,763,486,1192,663,1824,918,1792,552,614,480,682,284,922,12589,12144,1366,0,3518,0,0,0,0
2021-02-19T23:59:59+01:00,0,0,397,391,581,994,642,1461,857,2266,1085,2144,572,640,558,764,785,1791,263,261,441,761,484,1183,660,1808,911,1772,548,608,475,675,281,914,12588,12045,1366,0,1974,0,0,0,0
2021-02-18T23:59:59+01:00,0,0,274,267,467,791,503,1214,696,1871,949,1833,569,634,557,764,785,1791,262,260,439,758,482,1179,659,1794,907,1761,542,603,468,668,276,903,12587,11961,1366,0,12,0,0,0,0
2021-02-17T23:59:59+01:00,0,0,274,267,466,791,503,1214,695,1871,948,1833,568,634,557,763,785,1791,261,260,438,755,480,1177,656,1786,904,1754,537,598,459,646,265,884,12585,11860,1366,0,9,0,0,0,0
2021-02-16T23:59:59+01:00,0,0,274,267,464,790,502,1214,695,1871,948,1833,568,634,557,763,785,1791,250,256,432,739,468,1145,649,1711,879,1675,518,569,427,603,248,819,12585,11388,1366,0,5,0,0,0,0
2021-02-15T23:59:59+01:00,0,0,274,267,463,790,502,1213,693,1871,948,1833,568,634,557,763,785,1791,246,252,429,731,462,1120,633,1660,854,1621,497,535,409,559,236,756,12584,11000,1366,0,2,0,0,0,0
2021-02-14T23:59:59+01:00,0,0,274,267,463,790,501,1213,693,1871,948,1833,568,634,557,763,785,1791,246,252,429,731,462,1120,633,1654,852,1612,487,530,405,556,228,748,12583,10945,1366,0,2,0,0,0,0
2021-02-13T23:59:59+01:00,0,0,272,267,463,790,501,1213,693,1870,948,1833,568,634,557,763,785,1791,244,250,429,727,455,1108,624,1633,832,1579,468,505,391,531,215,712,12581,10703,1366,0,1,0,0,0,0
2021-02-12T23:59:59+01:00,0,0,272,267,463,789,501,1213,693,1869,944,1830,568,632,508,717,771,1787,227,242,409,693,434,1020,589,1471,745,1340,385,386,316,419,159,535,12457,9370,1366,0,1,0,0,0,0
2021-02-11T23:59:59+01:00,0,0,270,267,462,789,501,1213,693,1867,944,1827,567,631,505,714,688,1639,205,230,397,662,414,973,555,1377,699,1230,351,338,277,356,132,449,12445,8645,1131,0,1,0,0,0,0
2021-02-10T23:59:59+01:00,0,0,270,267,462,788,501,1213,692,1867,943,1827,566,631,505,713,687,1637,202,226,396,656,410,959,552,1357,687,1195,335,315,255,316,115,387,12438,8363,1131,0,0,0,0,0,0
2021-02-09T23:59:59+01:00,0,0,270,267,462,788,501,1213,691,1867,943,1825,566,631,505,713,687,1637,193,213,385,621,391,892,509,1264,634,1065,261,224,180,205,74,239,12435,7350,1131,0,0,0,0,0,0
2021-02-08T23:59:59+01:00,0,0,270,267,460,788,501,1213,691,1867,943,1825,566,631,505,713,687,1637,190,207,381,607,382,867,486,1214,607,995,230,183,145,155,60,184,12434,6893,1130,0,0,0,0,0,0
2021-02-07T23:59:59+01:00,0,0,270,267,460,788,501,1213,691,1867,943,1824,566,631,505,713,687,1636,189,207,380,603,380,862,481,1204,603,981,224,176,135,137,54,168,12432,6784,1130,0,0,0,0,0,0
2021-02-06T23:59:59+01:00,0,0,270,267,460,788,501,1213,691,1867,943,1824,566,631,503,708,597,1464,189,207,380,603,380,862,481,1204,603,981,224,176,135,137,54,168,12432,6784,861,0,0,0,0,0,0
2021-02-05T23:59:59+01:00,0,0,270,267,458,787,499,1211,688,1866,940,1821,562,627,496,693,291,945,183,198,363,572,367,822,461,1163,585,950,203,159,111,124,49,165,12417,6475,4,0,0,0,0,0,0
2021-02-04T23:59:59+01:00,0,0,270,266,457,781,496,1210,687,1861,935,1820,561,627,495,692,291,945,168,162,294,436,301,667,381,939,511,811,192,154,103,118,42,153,12390,5432,4,0,0,0,0,0,0
2021-02-03T23:59:59+01:00,0,0,269,266,457,779,496,1209,686,1860,935,1820,561,627,495,692,291,945,163,155,249,354,252,580,322,840,460,724,185,149,99,116,41,152,12384,4841,4,0,0,0,0,0,0
2021-02-02T23:59:59+01:00,0,0,269,265,457,776,496,1209,686,1857,935,1818,561,627,495,692,291,945,156,140,190,290,195,492,245,726,378,641,175,145,97,115,41,151,12375,4177,4,0,0,0,0,0,0
2021-02-01T23:59:59+01:00,0,0,269,265,455,775,495,1208,685,1853,932,1813,561,627,494,692,291,945,149,134,152,254,167,433,200,648,321,567,169,134,89,105,36,144,12356,3702,4,0,0,0,0,0,0
2021-01-31T23:59:59+01:00,0,0,269,265,455,775,495,1208,685,1853,932,1813,561,627,494,692,291,945,149,134,152,253,167,432,199,648,321,567,169,134,89,105,36,144,12356,3699,4,0,0,0,0,0,0
2021-01-30T23:59:59+01:00,0,0,269,265,455,775,495,1208,685,1853,928,1813,560,627,492,692,288,945,136,122,135,235,156,404,188,607,303,520,147,123,77,78,29,110,12346,3370,4,0,0,0,0,0,0
2021-01-29T23:59:59+01:00,0,0,266,265,451,772,493,1199,682,1836,921,1793,556,621,487,686,285,937,88,68,93,154,115,246,145,440,213,377,109,82,58,67,24,99,12246,2378,4,0,0,0,0,0,0
2021-01-28T23:59:59+01:00,0,0,266,265,450,772,492,1199,682,1836,921,1791,556,621,487,686,285,937,10,7,13,23,24,46,22,94,50,105,34,32,31,48,18,91,12243,648,3,0,0,0,0,0,0
2021-01-27T23:59:59+01:00,0,0,265,265,450,772,492,1199,682,1836,919,1791,556,621,487,686,285,937,10,7,13,23,23,46,22,92,49,105,34,32,31,48,18,91,12242,644,1,0,0,0,0,0,0
2021-01-26T23:59:59+01:00,0,0,265,265,449,771,492,1198,682,1836,919,1790,556,621,487,686,285,937,10,7,13,23,23,46,22,92,49,105,34,32,31,48,18,91,12238,644,1,0,0,0,0,0,0
2021-01-25T23:59:59+01:00,0,0,265,264,447,771,492,1197,682,1833,919,1789,556,621,486,684,285,937,6,1,5,13,11,21,13,39,23,46,17,16,10,15,6,19,12228,261,0,0,0,0,0,0,0
2021-01-24T23:59:59+01:00,0,0,265,264,447,771,491,1197,682,1832,919,1788,556,621,486,684,285,937,6,1,5,13,11,21,13,39,23,46,17,16,10,15,6,19,12225,261,0,0,0,0,0,0,0
2021-01-23T23:59:59+01:00,0,0,265,264,447,771,491,1196,682,1832,919,1788,556,621,486,684,285,937,6,1,5,13,11,21,13,39,23,46,17,16,10,15,6,19,12224,261,0,0,0,0,0,0,0
2021-01-22T23:59:59+01:00,0,0,263,262,447,771,490,1195,682,1831,919,1788,556,621,486,684,267,893,6,1,5,13,11,21,13,39,23,46,17,16,10,15,6,19,12155,261,0,0,0,0,0,0,0
2021-01-21T23:59:59+01:00,0,0,260,258,445,762,487,1187,679,1810,910,1771,548,613,467,659,256,857,6,1,5,13,11,21,13,39,23,46,17,16,10,15,6,19,11969,261,0,0,0,0,0,0,0
2021-01-20T23:59:59+01:00,0,0,259,256,441,757,485,1185,676,1802,907,1766,542,608,460,640,248,840,6,1,5,13,11,21,13,39,23,46,17,16,10,15,6,19,11872,261,0,0,0,0,0,0,0
2021-01-19T23:59:59+01:00,0,0,254,256,439,749,479,1170,673,1771,896,1725,530,591,449,624,236,805,6,1,5,13,11,21,13,39,23,46,17,16,10,15,6,19,11647,261,0,0,0,0,0,0,0
2021-01-18T23:59:59+01:00,0,0,250,252,436,738,474,1149,655,1734,870,1677,511,558,434,586,224,748,6,1,5,12,11,21,13,39,23,46,17,16,10,15,6,19,11296,260,0,0,0,0,0,0,0
2021-01-17T23:59:59+01:00,0,0,250,251,435,738,474,1148,652,1727,864,1665,495,547,419,564,209,723,6,1,4,12,11,21,13,39,23,46,17,15,10,15,6,19,11161,258,0,0,0,0,0,0,0
2021-01-16T23:59:59+01:00,0,0,242,243,431,718,461,1113,627,1639,817,1516,453,465,390,511,188,668,0,0,0,0,0,0,0,0,0,0,0,0,0,0,0,0,10482,0,0,0,0,0,0,0,0
2021-01-15T23:59:59+01:00,0,0,233,236,423,698,447,1062,607,1539,778,1402,404,408,339,443,170,562,0,0,0,0,0,0,0,0,0,0,0,0,0,0,0,0,9751,0,0,0,0,0,0,0,0
2021-01-14T23:59:59+01:00,0,0,210,223,404,656,425,1000,564,1422,711,1249,349,334,290,350,129,445,0,0,0,0,0,0,0,0,0,0,0,0,0,0,0,0,8761,0,0,0,0,0,0,0,0
2021-01-13T23:59:59+01:00,0,0,208,221,403,649,420,981,560,1400,697,1214,331,310,265,310,112,384,0,0,0,0,0,0,0,0,0,0,0,0,0,0,0,0,8465,0,0,0,0,0,0,0,0
2021-01-12T23:59:59+01:00,0,0,191,210,388,609,389,886,498,1246,618,1025,236,194,160,161,62,192,0,0,0,0,0,0,0,0,0,0,0,0,0,0,0,0,7065,0,0,0,0,0,0,0,0
2021-01-11T23:59:59+01:00,0,0,187,204,384,597,376,859,478,1199,598,971,216,165,128,117,45,144,0,0,0,0,0,0,0,0,0,0,0,0,0,0,0,0,6668,0,0,0,0,0,0,0,0
2021-01-10T23:59:59+01:00,0,0,186,200,373,583,372,846,469,1179,586,952,212,165,125,117,43,142,0,0,0,0,0,0,0,0,0,0,0,0,0,0,0,0,6550,0,0,0,0,0,0,0,0
2021-01-09T23:59:59+01:00,0,0,166,168,327,503,331,728,408,999,498,803,148,108,73,73,29,105,0,0,0,0,0,0,0,0,0,0,0,0,0,0,0,0,5467,0,0,0,0,0,0,0,0
2021-01-08T23:59:59+01:00,0,0,98,78,231,352,244,435,294,667,340,510,80,67,49,58,22,93,0,0,0,0,0,0,0,0,0,0,0,0,0,0,0,0,3618,0,0,0,0,0,0,0,0
2021-01-07T23:59:59+01:00,0,0,12,11,54,97,72,124,94,193,122,179,41,35,33,50,19,93,0,0,0,0,0,0,0,0,0,0,0,0,0,0,0,0,1229,0,0,0,0,0,0,0,0
2021-01-06T23:59:59+01:00,0,0,8,4,9,23,17,46,23,91,53,109,35,32,32,50,19,93,0,0,0,0,0,0,0,0,0,0,0,0,0,0,0,0,644,0,0,0,0,0,0,0,0
2021-01-05T23:59:59+01:00,0,0,8,4,9,23,17,46,22,91,51,109,35,32,32,50,19,93,0,0,0,0,0,0,0,0,0,0,0,0,0,0,0,0,641,0,0,0,0,0,0,0,0
2021-01-04T23:59:59+01:00,0,0,6,1,5,13,11,23,14,41,23,48,18,16,11,15,6,20,0,0,0,0,0,0,0,0,0,0,0,0,0,0,0,0,271,0,0,0,0,0,0,0,0
2021-01-03T23:59:59+01:00,0,0,6,1,5,13,11,23,14,41,23,48,18,16,11,15,6,20,0,0,0,0,0,0,0,0,0,0,0,0,0,0,0,0,271,0,0,0,0,0,0,0,0
2021-01-02T23:59:59+01:00,0,0,6,1,5,13,11,23,14,41,23,48,18,16,11,15,6,20,0,0,0,0,0,0,0,0,0,0,0,0,0,0,0,0,271,0,0,0,0,0,0,0,0
2021-01-01T23:59:59+01:00,0,0,6,1,5,13,11,23,14,41,23,48,18,16,11,15,6,20,0,0,0,0,0,0,0,0,0,0,0,0,0,0,0,0,271,0,0,0,0,0,0,0,0
2020-12-31T23:59:59+01:00,0,0,6,1,5,13,11,23,14,41,23,48,18,16,11,15,6,20,0,0,0,0,0,0,0,0,0,0,0,0,0,0,0,0,271,0,0,0,0,0,0,0,0
2020-12-30T23:59:59+01:00,0,0,6,1,5,13,11,23,14,41,23,48,18,16,11,15,6,20,0,0,0,0,0,0,0,0,0,0,0,0,0,0,0,0,271,0,0,0,0,0,0,0,0
2020-12-29T23:59:59+01:00,0,0,6,1,5,13,11,23,14,41,23,48,18,16,11,15,6,20,0,0,0,0,0,0,0,0,0,0,0,0,0,0,0,0,271,0,0,0,0,0,0,0,0
2020-12-28T23:59:59+01:00,0,0,6,1,5,13,11,23,14,41,23,48,18,16,11,15,6,20,0,0,0,0,0,0,0,0,0,0,0,0,0,0,0,0,271,0,0,0,0,0,0,0,0
2020-12-27T23:59:59+01:00,0,0,6,1,4,12,11,23,14,41,23,48,18,15,11,15,6,20,0,0,0,0,0,0,0,0,0,0,0,0,0,0,0,0,268,0,0,0,0,0,0,0,0
