Datum,<15_m,<15_w,15-24_1_m,15-24_1_w,25-34_1_m,25-34_1_w,35-44_1_m,35-44_1_w,45-54_1_m,45-54_1_w,55-64_1_m,55-64_1_w,65-74_1_m,65-74_1_w,75-84_1_m,75-84_1_w,>84_1_m,>84_1_w,<24_2_m,<24_2_w,25-34_2_m,25-34_2_w,35-44_2_m,35-44_2_w,45-54_2_m,45-54_2_w,55-64_2_m,55-64_2_w,65-74_2_m,65-74_2_w,75-84_2_m,75-84_2_w,>84_2_m,>84_2_w,bp_1,bp_2,mo_1,mo_2,az_1,az_2,ja,unb_1,unb_2
2021-09-16T23:59:59+02:00,1606,1510,13231,12337,16096,14626,17913,17695,21133,21091,22608,21549,14561,15746,9998,12256,2972,5207,12237,11394,15403,13817,17360,16969,20712,20540,22242,21103,14359,15471,9877,12086,2934,5130,172749,166148,22616,22063,35583,34668,11187,4,3
2021-09-15T23:59:59+02:00,1604,1508,13225,12333,16092,14623,17912,17694,21129,21084,22606,21547,14559,15745,9994,12254,2971,5203,12234,11389,15400,13815,17358,16965,20710,20539,22240,21103,14358,15470,9877,12085,2934,5130,172699,166122,22616,22063,35583,34668,11185,4,3
2021-09-14T23:59:59+02:00,1593,1497,13185,12303,16070,14600,17888,17668,21122,21064,22592,21538,14555,15736,9985,12247,2970,5202,12210,11360,15381,13795,17338,16939,20700,20525,22231,21089,14347,15464,9871,12084,2934,5129,172481,165944,22614,22063,35583,34668,11137,4,3
2021-09-13T23:59:59+02:00,1579,1481,13126,12256,16033,14563,17857,17635,21105,21041,22572,21522,14548,15732,9981,12238,2969,5201,12178,11328,15362,13774,17324,16926,20687,20512,22211,21083,14344,15457,9868,12077,2932,5127,172181,165800,22614,22063,35582,34668,11062,4,3
2021-09-12T23:59:59+02:00,1579,1479,13125,12255,16030,14563,17857,17632,21103,21039,22571,21520,14548,15730,9978,12235,2969,5197,12176,11325,15360,13774,17324,16925,20687,20512,22211,21082,14343,15457,9868,12076,2932,5127,172154,165791,22614,22063,35582,34668,11060,4,3
2021-09-11T23:59:59+02:00,1579,1479,13125,12255,16030,14563,17856,17632,21103,21039,22571,21520,14548,15730,9978,12235,2969,5197,12176,11325,15360,13774,17323,16925,20687,20512,22211,21082,14343,15457,9868,12076,2932,5127,172154,165791,22614,22063,35582,34668,11059,4,3
2021-09-10T23:59:59+02:00,1557,1466,13095,12235,16001,14536,17834,17608,21080,21016,22549,21506,14541,15717,9974,12231,2968,5195,12170,11315,15351,13764,17314,16921,20677,20503,22205,21077,14339,15449,9866,12072,2932,5125,171930,165767,22614,22063,35582,34668,10983,4,3
2021-09-09T23:59:59+02:00,1534,1430,13015,12174,15941,14473,17795,17560,21045,20984,22523,21482,14521,15697,9965,12222,2966,5191,12135,11283,15324,13738,17293,16894,20661,20486,22186,21065,14333,15440,9860,12069,2930,5125,171421,165562,22613,22061,35582,34667,10902,4,3
2021-09-08T23:59:59+02:00,1516,1418,12976,12128,15920,14443,17768,17527,21025,20966,22509,21471,14516,15687,9961,12215,2966,5188,12097,11237,15301,13712,17268,16868,20641,20466,22168,21045,14321,15432,9851,12062,2928,5123,171207,165343,22613,22059,35582,34667,10798,4,3
2021-09-07T23:59:59+02:00,1486,1390,12908,12062,15859,14398,17732,17482,20998,20946,22487,21446,14505,15679,9961,12209,2964,5184,12055,11203,15267,13692,17246,16847,20619,20448,22156,21030,14308,15427,9851,12057,2927,5123,170795,165154,22609,22053,35582,34667,10710,4,3
2021-09-06T23:59:59+02:00,1472,1368,12879,12033,15838,14371,17724,17468,20985,20934,22478,21439,14498,15669,9961,12204,2963,5182,12046,11188,15264,13681,17241,16842,20617,20446,22151,21028,14305,15425,9851,12053,2927,5123,170568,165081,22607,22053,35582,34667,10709,4,3
2021-09-05T23:59:59+02:00,1472,1367,12879,12029,15837,14370,17721,17467,20985,20933,22477,21438,14498,15667,9958,12203,2963,5182,12044,11188,15263,13680,17240,16841,20615,20446,22150,21028,14305,15425,9851,12053,2927,5122,170549,165072,22607,22053,35582,34667,10708,4,3
2021-09-04T23:59:59+02:00,1472,1367,12879,12029,15837,14370,17721,17467,20985,20932,22477,21438,14498,15666,9958,12203,2963,5182,12044,11188,15263,13680,17240,16841,20615,20445,22150,21028,14305,15424,9851,12053,2927,5122,170549,165072,22607,22053,35582,34667,10706,4,3
2021-09-03T23:59:59+02:00,1450,1339,12819,11965,15806,14326,17684,17436,20952,20906,22456,21414,14483,15652,9953,12194,2960,5180,11943,11096,15214,13617,17211,16799,20586,20422,22129,21009,14292,15416,9846,12045,2926,5121,170196,164577,22607,22053,35582,34662,10590,4,3
2021-09-02T23:59:59+02:00,1440,1330,12771,11939,15759,14288,17658,17404,20924,20882,22438,21402,14475,15629,9945,12189,2958,5178,11913,11072,15187,13590,17188,16776,20566,20406,22118,21000,14289,15401,9842,12041,2925,5119,169971,164467,22607,22053,35582,34662,10450,3,3
2021-09-01T23:59:59+02:00,1433,1326,12743,11917,15744,14262,17650,17391,20920,20879,22433,21399,14473,15622,9943,12185,2957,5176,11897,11050,15179,13580,17179,16767,20561,20399,22113,20990,14286,15401,9841,12038,2925,5119,169821,164357,22607,22052,35582,34662,10444,3,3
2021-08-31T23:59:59+02:00,1420,1310,12693,11881,15714,14217,17629,17366,20895,20864,22411,21389,14466,15618,9942,12180,2956,5176,11851,11014,15150,13543,17152,16726,20538,20380,22086,20976,14281,15400,9835,12035,2924,5117,169652,164188,22607,22051,35582,34661,10287,3,3
2021-08-30T23:59:59+02:00,1414,1310,12682,11855,15698,14201,17616,17359,20876,20847,22403,21378,14459,15614,9939,12176,2956,5174,11813,10973,15119,13515,17140,16706,20516,20365,22078,20967,14275,15397,9831,12030,2924,5116,169600,164040,22607,22051,35582,34661,10169,3,3
2021-08-29T23:59:59+02:00,1414,1310,12680,11855,15694,14201,17616,17359,20876,20847,22403,21378,14459,15614,9939,12176,2956,5174,11812,10971,15115,13514,17140,16706,20514,20365,22078,20967,14275,15397,9831,12030,2924,5116,169596,164030,22607,22051,35582,34661,10167,3,3
2021-08-28T23:59:59+02:00,1414,1310,12680,11855,15694,14201,17616,17359,20876,20847,22403,21378,14459,15614,9939,12176,2956,5174,11811,10971,15115,13514,17139,16706,20514,20365,22078,20967,14275,15397,9831,12030,2924,5116,169596,164028,22607,22051,35582,34661,10167,3,3
2021-08-27T23:59:59+02:00,1413,1304,12655,11836,15669,14179,17598,17336,20856,20838,22388,21364,14453,15608,9935,12170,2955,5172,11795,10960,15094,13497,17126,16690,20497,20357,22064,20954,14269,15392,9825,12023,2923,5114,169526,164002,22607,22051,35582,34660,10015,3,3
2021-08-26T23:59:59+02:00,1409,1300,12623,11811,15642,14151,17573,17322,20830,20819,22374,21351,14444,15603,9931,12164,2954,5170,11738,10894,15043,13444,17087,16662,20466,20332,22048,20932,14255,15379,9817,12019,2920,5112,169443,163722,22607,22050,35582,34659,9840,3,3
2021-08-25T23:59:59+02:00,1404,1298,12606,11794,15625,14139,17560,17306,20822,20809,22369,21342,14441,15596,9930,12161,2953,5170,11675,10831,14991,13404,17066,16631,20455,20316,22033,20921,14249,15372,9814,12017,2918,5109,169323,163370,22607,22050,35582,34659,9814,3,3
2021-08-24T23:59:59+02:00,1397,1289,12579,11772,15599,14106,17542,17289,20806,20795,22353,21329,14435,15584,9925,12152,2949,5168,11642,10808,14958,13365,17039,16615,20434,20292,22008,20911,14241,15360,9808,12009,2917,5107,169226,163228,22607,22050,35582,34659,9654,3,3
2021-08-23T23:59:59+02:00,1395,1285,12554,11755,15570,14081,17509,17271,20778,20785,22337,21316,14419,15571,9922,12148,2948,5167,11574,10753,14898,13313,16992,16585,20399,20268,21986,20893,14221,15349,9803,12002,2916,5105,169192,162977,22607,22049,35582,34659,9430,3,3
2021-08-22T23:59:59+02:00,1394,1285,12553,11753,15568,14080,17509,17271,20777,20783,22335,21316,14418,15571,9922,12148,2948,5167,11572,10749,14896,13311,16991,16584,20398,20268,21986,20893,14220,15349,9803,12002,2916,5105,169182,162965,22606,22048,35582,34659,9428,3,3
2021-08-21T23:59:59+02:00,1315,1211,12397,11560,15492,13958,17447,17188,20736,20741,22302,21273,14408,15555,9914,12135,2947,5163,11474,10658,14836,13258,16956,16542,20367,20243,21963,20863,14208,15337,9796,11991,2914,5101,168129,162385,22606,22040,35582,34659,9425,3,3
2021-08-20T23:59:59+02:00,1309,1210,12375,11531,15477,13944,17426,17170,20729,20732,22294,21266,14405,15547,9914,12132,2947,5163,11368,10580,14749,13185,16858,16438,20307,20187,21928,20830,14196,15318,9788,11986,2913,5101,168124,162302,22444,21353,35582,34645,9421,3,3
2021-08-19T23:59:59+02:00,1305,1206,12310,11480,15381,13895,17352,17118,20677,20693,22258,21223,14388,15532,9905,12119,2946,5159,11263,10479,14640,13111,16756,16357,20244,20137,21887,20773,14174,15303,9779,11973,2911,5094,168011,161938,22444,21353,35582,34644,8909,3,3
2021-08-18T23:59:59+02:00,1298,1204,12289,11465,15369,13886,17347,17109,20667,20683,22256,21215,14386,15528,9903,12118,2946,5159,11222,10439,14613,13089,16726,16330,20229,20126,21877,20768,14167,15296,9778,11972,2911,5094,167898,161682,22444,21353,35582,34644,8903,3,3
2021-08-17T23:59:59+02:00,1290,1198,12255,11442,15339,13860,17327,17085,20648,20673,22248,21201,14379,15524,9895,12115,2945,5158,11125,10370,14562,13032,16683,16288,20198,20101,21856,20744,14160,15288,9771,11961,2908,5094,167748,161259,22444,21351,35582,34644,8807,3,3
2021-08-16T23:59:59+02:00,1287,1193,12229,11418,15321,13838,17310,17069,20625,20648,22228,21192,14369,15513,9893,12112,2943,5157,11053,10300,14498,12970,16643,16250,20162,20065,21831,20724,14143,15275,9766,11947,2903,5091,167688,160879,22444,21350,35582,34644,8630,3,3
2021-08-15T23:59:59+02:00,1286,1193,12226,11417,15319,13836,17309,17067,20623,20647,22226,21190,14369,15513,9893,12112,2943,5156,11051,10291,14486,12966,16640,16249,20159,20065,21831,20724,14142,15275,9766,11947,2903,5091,167669,160845,22444,21349,35582,34644,8629,3,3
2021-08-14T23:59:59+02:00,1286,1193,12226,11417,15319,13836,17309,17067,20623,20647,22226,21190,14369,15513,9893,12112,2943,5156,11016,10256,14460,12943,16624,16232,20153,20056,21826,20720,14142,15275,9766,11947,2902,5091,167669,160651,22444,21349,35582,34644,8629,3,3
2021-08-13T23:59:59+02:00,1218,1119,12134,11312,15282,13792,17277,17021,20594,20621,22202,21166,14361,15502,9886,12105,2942,5154,10944,10195,14417,12884,16583,16196,20136,20034,21808,20705,14136,15262,9762,11939,2901,5090,167123,160294,22444,21348,35582,34644,8538,3,3
2021-08-12T23:59:59+02:00,1215,1114,12112,11301,15254,13773,17252,16991,20571,20606,22179,21142,14350,15490,9878,12097,2942,5151,10868,10125,14360,12822,16531,16150,20107,20011,21776,20675,14124,15247,9752,11927,2899,5086,167041,159922,22443,21347,35582,34644,8351,3,3
2021-08-11T23:59:59+02:00,1203,1107,12088,11276,15239,13763,17236,16979,20563,20596,22173,21133,14342,15485,9869,12092,2941,5149,10759,10017,14280,12736,16496,16107,20074,19982,21753,20663,14111,15232,9740,11915,2897,5082,166858,159242,22442,21343,35582,34643,8351,3,3
2021-08-10T23:59:59+02:00,1203,1094,12061,11258,15214,13750,17217,16965,20546,20581,22156,21121,14331,15480,9867,12088,2941,5147,10705,9964,14232,12706,16460,16084,20049,19959,21730,20641,14098,15220,9737,11912,2897,5078,166773,158977,22442,21343,35582,34643,8222,3,3
2021-08-09T23:59:59+02:00,1199,1087,12030,11228,15196,13732,17203,16945,20534,20571,22137,21111,14320,15476,9863,12082,2941,5145,10652,9904,14190,12671,16429,16053,20032,19943,21712,20633,14085,15212,9729,11905,2897,5073,166655,158703,22442,21343,35582,34643,8120,3,3
2021-08-08T23:59:59+02:00,1196,1086,12026,11223,15193,13731,17199,16943,20531,20567,22135,21110,14320,15474,9862,12081,2941,5145,10648,9904,14187,12666,16426,16050,20031,19942,21710,20633,14083,15212,9728,11904,2897,5073,166618,158678,22442,21342,35582,34643,8120,3,3
2021-08-07T23:59:59+02:00,1196,1086,12024,11221,15191,13727,17198,16941,20530,20565,22134,21110,14320,15473,9862,12080,2941,5145,10647,9902,14186,12665,16426,16049,20030,19941,21710,20630,14082,15212,9728,11904,2897,5073,166599,158666,22442,21342,35582,34643,8120,3,3
2021-08-06T23:59:59+02:00,1194,1084,12006,11210,15163,13714,17174,16926,20510,20547,22123,21101,14317,15469,9860,12076,2941,5145,10629,9890,14153,12652,16402,16034,20010,19926,21699,20621,14079,15208,9726,11900,2897,5073,166586,158656,22442,21341,35582,34642,7949,3,3
2021-08-05T23:59:59+02:00,1185,1075,11963,11178,15129,13690,17147,16892,20480,20528,22092,21083,14304,15452,9855,12068,2937,5144,10602,9876,14123,12632,16380,16014,19981,19911,21674,20607,14068,15197,9721,11895,2895,5072,166444,158624,22442,21339,35582,34641,7733,3,3
2021-08-04T23:59:59+02:00,1172,1065,11934,11146,15117,13674,17133,16879,20469,20516,22082,21070,14297,15447,9851,12066,2936,5143,10592,9859,14109,12623,16366,16007,19970,19902,21668,20605,14066,15196,9720,11895,2894,5071,166242,158551,22440,21306,35581,34641,7733,3,3
2021-08-03T23:59:59+02:00,1166,1059,11891,11112,15082,13649,17108,16849,20448,20497,22062,21047,14283,15429,9847,12063,2935,5142,10555,9838,14078,12606,16346,15987,19953,19890,21651,20592,14058,15178,9716,11893,2894,5071,166110,158508,22440,21304,35581,34639,7537,3,3
2021-08-02T23:59:59+02:00,1163,1057,11873,11094,15062,13630,17093,16829,20432,20487,22054,21037,14272,15418,9841,12061,2935,5140,10535,9823,14059,12585,16332,15969,19936,19883,21644,20581,14048,15166,9710,11891,2894,5069,166062,158469,22440,21304,35581,34639,7394,3,3
2021-08-01T23:59:59+02:00,1163,1057,11871,11090,15062,13630,17092,16828,20432,20486,22052,21037,14272,15417,9841,12061,2935,5139,10533,9822,14055,12584,16330,15969,19936,19882,21643,20581,14048,15166,9710,11891,2894,5069,166051,158460,22439,21303,35581,34638,7393,3,3
2021-07-31T23:59:59+02:00,1163,1057,11871,11090,15062,13630,17092,16828,20432,20486,22052,21037,14272,15417,9841,12061,2935,5139,10533,9821,14051,12581,16329,15969,19936,19880,21642,20581,14048,15166,9710,11891,2894,5069,166051,158449,22439,21302,35581,34638,7393,3,3
2021-07-30T23:59:59+02:00,1162,1057,11837,11076,15028,13607,17056,16800,20405,20467,22015,21018,14255,15409,9835,12053,2934,5138,10500,9809,14017,12558,16294,15942,19909,19861,21605,20561,14031,15158,9704,11883,2893,5068,166044,158446,22439,21302,35581,34637,7087,3,3
2021-07-29T23:59:59+02:00,1150,1048,11806,11047,15004,13584,17046,16787,20397,20456,22005,21012,14252,15408,9831,12051,2931,5137,10495,9800,13998,12551,16283,15934,19907,19859,21601,20560,14029,15156,9704,11883,2893,5068,165850,158379,22439,21300,35581,34637,7081,3,3
2021-07-28T23:59:59+02:00,1135,1042,11769,10999,14977,13553,17029,16768,20389,20443,21996,21004,14248,15406,9828,12048,2930,5136,10484,9790,13981,12536,16274,15924,19900,19855,21598,20558,14028,15154,9704,11882,2893,5068,165621,158310,22438,21299,35581,34635,7059,3,3
2021-07-27T23:59:59+02:00,1132,1041,11748,10980,14953,13534,17010,16758,20376,20425,21978,20984,14240,15393,9821,12044,2929,5134,10463,9778,13954,12512,16257,15916,19886,19837,21582,20537,14019,15142,9697,11878,2892,5067,165589,158285,22438,21299,35581,34635,6871,3,3
2021-07-26T23:59:59+02:00,1126,1029,11691,10920,14907,13497,16982,16735,20341,20394,21949,20968,14223,15385,9814,12036,2929,5133,10424,9752,13920,12483,16232,15900,19848,19801,21532,20508,14002,15132,9689,11869,2892,5066,165415,158223,22437,21298,35581,34575,6625,3,3
2021-07-25T23:59:59+02:00,1125,1029,11689,10917,14902,13496,16980,16734,20340,20394,21949,20968,14222,15385,9814,12036,2929,5133,10422,9740,13914,12477,16229,15898,19846,19801,21532,20508,14002,15132,9689,11869,2892,5065,165400,158192,22435,21295,35581,34575,6625,3,3
2021-07-24T23:59:59+02:00,1125,1029,11685,10915,14901,13495,16980,16733,20338,20392,21949,20967,14221,15385,9814,12036,2929,5133,10300,9627,13746,12335,15807,15531,19697,19679,21514,20482,13988,15117,9682,11861,2892,5064,165393,158170,22429,19625,35581,34575,6623,3,3
2021-07-23T23:59:59+02:00,1101,1016,11572,10844,14820,13439,16927,16679,20297,20339,21911,20929,14205,15365,9804,12028,2927,5132,8545,8244,12359,11227,15318,15099,19408,19356,21300,20289,13910,15033,9625,11812,2887,5060,164982,150514,22429,19625,35581,34518,6342,3,3
2021-07-22T23:59:59+02:00,1079,1008,11504,10772,14765,13390,16889,16653,20277,20307,21893,20901,14180,15350,9787,12018,2925,5129,8017,7764,11744,10725,14605,14497,19209,19184,21141,20112,13831,14947,9594,11763,2878,5048,164620,146105,22428,19625,35581,34506,6197,3,3
2021-07-21T23:59:59+02:00,1066,999,11457,10721,14729,13359,16858,16624,20259,20288,21874,20890,14168,15345,9785,12010,2923,5126,8013,7757,11732,10717,14599,14495,19201,19183,21086,20075,13828,14945,9594,11762,2877,5046,164279,146070,22428,19618,35581,34404,6192,3,3
2021-07-20T23:59:59+02:00,1052,984,11403,10680,14698,13330,16825,16603,20233,20265,21849,20869,14158,15333,9783,12004,2922,5125,8002,7750,11717,10707,14592,14488,19192,19179,21079,20071,13827,14943,9594,11762,2877,5046,163955,146035,22428,19618,35581,34396,6151,3,3
2021-07-19T23:59:59+02:00,1039,967,11354,10630,14671,13296,16805,16584,20214,20245,21836,20861,14152,15329,9779,11995,2920,5121,7997,7747,11711,10703,14588,14487,19190,19179,21065,20055,13825,14942,9593,11760,2877,5046,163639,146009,22428,19616,35581,34365,6149,3,3
2021-07-18T23:59:59+02:00,1039,967,11352,10630,14671,13294,16804,16584,20214,20244,21836,20861,14151,15329,9779,11995,2920,5121,7994,7743,11702,10697,14583,14484,19189,19178,21054,20050,13825,14942,9593,11760,2877,5046,163633,145981,22427,19615,35581,34346,6149,3,3
2021-07-17T23:59:59+02:00,1037,967,11307,10602,14614,13250,16768,16554,20179,20230,21810,20837,14140,15316,9776,11992,2920,5120,7919,7684,11557,10568,14390,14317,18766,18859,20856,19875,13797,14901,9578,11737,2873,5040,163607,145975,22418,17958,35581,34346,5812,3,3
2021-07-16T23:59:59+02:00,1016,950,11115,10462,14514,13150,16670,16479,20103,20165,21758,20789,14113,15291,9759,11985,2916,5115,7644,7482,10630,9933,13926,14008,18540,18666,19994,19217,13631,14689,9469,11605,2857,5016,163286,142542,21887,17948,35581,32560,5595,3,3
2021-07-15T23:59:59+02:00,992,934,11057,10397,14476,13119,16642,16455,20088,20146,21748,20780,14109,15287,9755,11981,2916,5111,7213,7114,8426,8210,13465,13616,18478,18609,19853,19081,13498,14546,9416,11543,2856,5006,162937,136202,21886,17944,35581,32522,5588,3,3
2021-07-14T23:59:59+02:00,966,916,10981,10310,14408,13059,16604,16410,20052,20110,21723,20759,14097,15275,9741,11966,2912,5109,6663,6665,7340,7352,12893,13165,18379,18515,19745,18993,13468,14509,9399,11526,2854,5003,162445,131829,21886,17940,35581,32458,5485,3,3
2021-07-13T23:59:59+02:00,948,895,10900,10237,14362,13016,16577,16380,20029,20089,21712,20746,14090,15264,9738,11959,2910,5107,6410,6377,6889,6971,12584,12897,18363,18493,19700,18956,13355,14400,9396,11522,2854,5000,162013,131792,21883,15683,35581,32454,5481,3,3
2021-07-12T23:59:59+02:00,928,883,10846,10187,14316,12970,16535,16351,20013,20076,21706,20740,14087,15259,9734,11955,2910,5105,6269,6281,6729,6849,12291,12654,17669,17929,19603,18876,13321,14375,9379,11500,2854,4997,161713,129252,21883,15679,35581,32450,5423,3,3
2021-07-11T23:59:59+02:00,928,883,10845,10185,14314,12969,16534,16351,20013,20076,21706,20740,14087,15259,9734,11955,2910,5105,6263,6277,6727,6846,12290,12654,17669,17929,19602,18875,13321,14375,9379,11499,2853,4995,161711,129242,21883,15679,35581,32443,5418,3,3
2021-07-10T23:59:59+02:00,925,878,10838,10173,14306,12964,16526,16351,20011,20069,21701,20735,14087,15258,9734,11955,2910,5105,6254,6269,6717,6841,12287,12650,17668,17925,19597,18872,13320,14375,9379,11499,2853,4995,161646,129191,21883,15679,35581,32443,5415,3,3
2021-07-09T23:59:59+02:00,911,862,10788,10129,14273,12936,16492,16322,19977,20046,21673,20713,14068,15243,9719,11947,2909,5102,5445,5533,6586,6741,12129,12546,17438,17820,19392,18739,13257,14302,9353,11480,2850,4992,161462,126284,21883,15679,35581,31495,5183,3,3
2021-07-08T23:59:59+02:00,909,862,10727,10084,14186,12882,16429,16271,19925,20000,21644,20689,14055,15226,9713,11934,2908,5096,5312,5419,6367,6566,11690,12202,16926,17449,19131,18553,13194,14218,9327,11444,2844,4980,161445,124349,21882,15676,35580,30989,4632,3,3
2021-07-07T23:59:59+02:00,908,862,10725,10078,14182,12879,16427,16271,19925,19997,21644,20689,14055,15226,9713,11934,2908,5096,5168,5235,5897,6154,10489,11215,16873,17383,19077,18508,13177,14196,9318,11441,2840,4970,161434,120674,21878,15675,35580,30986,4626,3,3
2021-07-06T23:59:59+02:00,908,862,10723,10077,14179,12877,16425,16271,19925,19997,21644,20688,14055,15225,9713,11934,2908,5096,5149,5229,5890,6148,10488,11213,16871,17383,19075,18508,13177,14194,9318,11441,2840,4970,161429,120651,21876,15672,35580,30970,4621,3,3
2021-07-05T23:59:59+02:00,908,862,10717,10072,14162,12874,16414,16269,19924,19997,21642,20688,14055,15225,9713,11934,2908,5096,5140,5228,5871,6145,10477,11211,16868,17383,19073,18507,13177,14194,9318,11441,2840,4970,161420,120647,21876,15670,35580,30963,4583,3,3
2021-07-04T23:59:59+02:00,908,862,10707,10062,14160,12870,16413,16269,19923,19997,21641,20687,14055,15225,9713,11933,2907,5095,5107,5185,5785,6068,10350,11096,16861,17380,19072,18504,13173,14192,9316,11436,2837,4968,161413,120169,21876,15669,35580,30955,4557,3,3
2021-07-03T23:59:59+02:00,827,793,8772,8506,12706,11714,15943,15815,19640,19698,21472,20522,13981,15149,9659,11887,2901,5091,4998,5053,5510,5812,10113,10881,16717,17239,18881,18352,13148,14158,9306,11426,2835,4966,153076,118610,21876,15669,35580,30585,4543,3,3
2021-07-02T23:59:59+02:00,827,791,8771,8500,12702,11710,15941,15814,19638,19698,21471,20522,13980,15148,9659,11886,2900,5090,4135,4185,4864,5163,9139,9884,16347,16762,18399,17814,12798,13835,9246,11351,2833,4958,153059,114070,21876,15669,35578,27450,4534,3,3
2021-07-01T23:59:59+02:00,807,771,8562,8331,12621,11631,15907,15784,19626,19684,21461,20505,13976,15145,9654,11878,2897,5084,2294,2464,4432,4788,8649,9457,15718,16219,17846,17377,12741,13769,9216,11295,2819,4928,152363,106429,21876,15667,35578,27410,4506,3,2
2021-06-30T23:59:59+02:00,752,721,8317,8144,12449,11483,15792,15688,19559,19616,21421,20458,13957,15119,9641,11865,2896,5079,2235,2425,4341,4669,8544,9357,15520,16080,17112,16875,12087,13124,9157,11226,2812,4922,151014,106367,21873,15666,35577,23960,4492,3,2
2021-06-29T23:59:59+02:00,752,721,8312,8135,12447,11479,15789,15688,19557,19616,21421,20458,13957,15119,9641,11865,2896,5079,2212,2413,4318,4630,8521,9312,15484,16021,17036,16790,11732,12786,9129,11192,2809,4914,151005,106353,21870,15664,35576,22801,4480,3,2
2021-06-28T23:59:59+02:00,752,721,8309,8131,12439,11474,15787,15688,19556,19616,21421,20458,13956,15119,9641,11865,2896,5079,2204,2384,4270,4512,8446,9149,15363,15743,16865,16518,11425,12482,9106,11165,2808,4910,150988,106343,21870,15664,35576,20869,4473,3,2
2021-06-27T23:59:59+02:00,752,721,8306,8125,12435,11471,15785,15688,19554,19616,21421,20458,13956,15119,9641,11864,2896,5079,2194,2380,4261,4510,8263,8995,15342,15727,16863,16513,11421,12481,9105,11163,2808,4910,150979,105944,21868,15663,35576,20865,4463,3,2
2021-06-26T23:59:59+02:00,744,717,8092,7910,11961,11063,14671,14696,19302,19417,21318,20336,13913,15068,9628,11835,2893,5076,2154,2337,4207,4455,8165,8885,15080,15467,16801,16466,11404,12462,9093,11158,2808,4908,148497,104880,20104,15641,35575,20865,4463,3,2
2021-06-25T23:59:59+02:00,725,699,8065,7886,11946,11053,14671,14689,19295,19412,21314,20335,13913,15068,9627,11833,2893,5076,2023,2159,3919,4149,6638,7450,12420,13274,16725,16378,11377,12432,9082,11134,2803,4893,148357,96000,20104,15559,35575,20832,4463,3,2
2021-06-24T23:59:59+02:00,713,682,7578,7474,10867,10155,14137,14252,19224,19352,21266,20292,13891,15039,9614,11820,2892,5073,1954,2091,3558,3809,5873,6781,12176,13063,16479,16171,11273,12305,8992,11007,2792,4859,144194,94764,20100,13181,35574,20784,4452,3,2
2021-06-23T23:59:59+02:00,713,682,7576,7469,10861,10152,14136,14251,19224,19351,21266,20291,13891,15039,9614,11820,2892,5073,1809,1923,3072,3406,4517,5606,11872,12794,16358,16053,11227,12266,8979,10980,2791,4852,144179,90115,20097,13181,35573,20756,4451,3,2
2021-06-22T23:59:59+02:00,713,682,7527,7440,10788,10102,14113,14225,19207,19336,21255,20283,13884,15029,9611,11817,2892,5073,1759,1892,2990,3352,4479,5573,11843,12755,16290,16002,11018,12075,8727,10679,2781,4821,144164,90096,20097,13177,35571,19617,4144,3,2
2021-06-21T23:59:59+02:00,711,682,7396,7371,10658,10004,13833,13976,18456,18720,21165,20206,13849,14997,9592,11792,2892,5070,1714,1867,2947,3314,4450,5543,11797,12720,16273,15986,11009,12064,8720,10671,2780,4820,141780,89970,20095,13176,35571,19604,3923,3,2
2021-06-20T23:59:59+02:00,711,682,7396,7367,10654,10001,13833,13976,18456,18720,21165,20206,13849,14997,9592,11792,2892,5070,1686,1838,2901,3298,4385,5504,11735,12687,16211,15927,10990,12048,8717,10662,2776,4816,141770,89491,20094,13172,35571,19593,3923,3,2
2021-06-19T23:59:59+02:00,711,681,7359,7330,10546,9910,13651,13818,18042,18384,20980,20033,13831,14970,9580,11772,2889,5064,1655,1803,2860,3249,4305,5430,11399,12397,16173,15889,10981,12036,8715,10657,2774,4814,141724,88477,18332,13143,35571,19592,3923,3,2
2021-06-18T23:59:59+02:00,15,12,6552,6597,10540,9909,13650,13816,18040,18382,20980,20033,13831,14969,9580,11771,2888,5062,1523,1691,2624,3093,3673,4797,10253,11252,15962,15733,10939,11996,8692,10635,2760,4786,138809,83813,18331,13141,35571,19538,3915,3,2
2021-06-17T23:59:59+02:00,13,11,6481,6528,10423,9804,13324,13511,17652,18061,20867,19935,13812,14931,9568,11757,2880,5056,1442,1573,2471,2943,3318,4459,8649,9889,15447,15300,10763,11816,8636,10557,2743,4758,136913,78339,18330,13136,35570,19487,3800,3,2
2021-06-16T23:59:59+02:00,13,11,6474,6522,10412,9801,13322,13509,17650,18060,20866,19935,13812,14931,9567,11756,2880,5056,1392,1525,2369,2869,3134,4280,7561,8948,14948,14912,10680,11705,8600,10509,2732,4742,136882,74511,18328,13134,35570,19463,3796,3,2
2021-06-15T23:59:59+02:00,13,11,6442,6503,10372,9773,13292,13494,17630,18038,20852,19921,13803,14923,9564,11750,2877,5053,1312,1466,2242,2767,3018,4195,6642,8216,14746,14745,10656,11676,8587,10487,2723,4735,136868,74500,18327,10723,35569,19443,3545,3,2
2021-06-14T23:59:59+02:00,13,11,6423,6486,10338,9747,13271,13474,17615,18020,20833,19910,13792,14914,9561,11748,2877,5049,1286,1451,2205,2740,2995,4174,6626,8196,14725,14735,10644,11667,8584,10486,2722,4731,136853,74490,18327,10723,35569,19422,3330,3,2
2021-06-13T23:59:59+02:00,13,11,6422,6486,10333,9745,13270,13471,17615,18020,20833,19910,13791,14914,9561,11748,2877,5049,1282,1445,2202,2731,2985,4164,6609,8179,14624,14670,10631,11644,8578,10474,2719,4731,136842,74198,18327,10723,35569,19417,3328,3,2
2021-06-12T23:59:59+02:00,10,9,5630,5714,10285,9709,13236,13447,17588,17999,20807,19879,13709,14841,9561,11745,2876,5049,1274,1426,2190,2714,2964,4137,6535,8096,14451,14533,10403,11360,8097,9936,2717,4730,134867,73694,18327,10723,35569,17817,3328,3,1
2021-06-11T23:59:59+02:00,9,9,5626,5707,10275,9702,13222,13435,17580,17995,20803,19877,13709,14840,9561,11743,2876,5049,1199,1342,2070,2554,2792,3882,5032,6761,12739,13153,10263,11212,8010,9830,2710,4714,134794,66407,18327,10722,35569,17808,3325,3,1
2021-06-10T23:59:59+02:00,3,3,4624,4752,10108,9574,13111,13353,17324,17759,20562,19696,13700,14829,9555,11733,2873,5046,1141,1281,1956,2448,2632,3705,4425,6124,11572,12164,9962,10888,7925,9745,2698,4689,131460,61581,18326,10722,35569,17803,3248,2,1
2021-06-09T23:59:59+02:00,3,3,4031,4143,9901,9425,13022,13280,17013,17493,20334,19514,13685,14816,9550,11727,2872,5041,1067,1237,1855,2379,2539,3592,4099,5817,11146,11837,9833,10728,7879,9679,2687,4680,129085,61504,18311,8866,35569,17797,2886,2,1
2021-06-08T23:59:59+02:00,3,3,4019,4136,9889,9416,13010,13273,17006,17484,20326,19512,13683,14813,9549,11724,2871,5039,1021,1229,1833,2364,2512,3578,4074,5797,11135,11834,9830,10723,7878,9677,2686,4677,129071,61387,18308,8861,35568,17792,2807,2,1
2021-06-07T23:59:59+02:00,3,3,4005,4128,9856,9403,13000,13255,16983,17473,20310,19501,13680,14809,9546,11720,2869,5037,1010,1222,1800,2352,2503,3559,4050,5783,11117,11820,9827,10717,7875,9674,2684,4675,129059,61377,18306,8858,35567,17785,2647,2,1
2021-06-06T23:59:59+02:00,3,3,4000,4124,9851,9399,12999,13255,16981,17472,20309,19501,13679,14808,9546,11720,2869,5037,1007,1219,1789,2350,2497,3550,4036,5776,10990,11675,9816,10710,7874,9674,2684,4675,129047,61052,18306,8857,35566,17777,2635,2,1
2021-06-05T23:59:59+02:00,2,0,3707,3823,7358,7390,12761,13070,16952,17443,20264,19460,13563,14663,9471,11629,2865,5025,929,1147,1624,2249,2331,3471,3810,5636,10092,10834,9432,10255,7762,9519,2676,4655,123068,57772,18306,8857,35566,17288,2504,2,1
2021-06-04T23:59:59+02:00,2,0,3640,3767,7206,7274,12291,12675,16812,17331,20031,19224,13444,14517,9414,11550,2851,5008,901,1081,1593,2144,2292,3303,3734,5378,9451,10157,8587,9236,7486,9114,2672,4644,120666,56298,18306,8855,35566,14122,2497,2,1
2021-06-03T23:59:59+02:00,2,0,3227,3373,7179,7258,12163,12557,16780,17289,19943,19158,13432,14500,9412,11547,2850,5007,872,1013,1547,2020,2213,3102,3544,4996,8873,9537,7826,8364,7014,8498,2669,4636,119422,54666,18303,8853,35562,10816,2388,2,1
2021-06-02T23:59:59+02:00,0,0,2839,3055,6039,6337,11859,12322,16721,17238,19821,19053,13371,14446,9390,11526,2848,4999,856,979,1483,1997,2100,3064,3373,4894,7509,8455,7746,8285,6998,8470,2666,4631,115720,51560,18302,8853,35562,10814,2278,2,1
2021-06-01T23:59:59+02:00,0,0,2550,2743,5563,5911,11537,12038,16697,17214,19770,19016,13248,14323,9383,11522,2847,4996,839,972,1468,1988,2081,3051,3347,4874,7210,8130,7709,8251,6988,8456,2664,4631,115699,50879,15952,8833,35562,10803,2143,2,1
2021-05-31T23:59:59+02:00,0,0,2534,2739,5542,5901,11505,12013,16661,17202,19724,18993,13245,14319,9378,11520,2847,4994,822,964,1447,1977,2045,3028,3310,4860,7164,8108,7706,8246,6983,8454,2664,4629,115688,50867,15948,8827,35561,10794,1918,2,1
2021-05-30T23:59:59+02:00,0,0,2530,2737,5540,5897,11505,12012,16658,17201,19722,18992,13245,14319,9378,11520,2847,4994,821,960,1442,1974,2045,3026,3308,4858,7163,8108,7706,8246,6983,8454,2664,4629,115672,50861,15948,8827,35558,10781,1917,2,1
2021-05-29T23:59:59+02:00,0,0,2514,2723,5374,5742,11438,11953,16650,17195,19714,18991,13244,14317,9376,11520,2847,4994,784,911,1331,1879,1767,2772,2902,4435,6877,7836,7522,8021,6807,8226,2661,4623,115167,50213,15948,8827,35558,8396,1917,2,1
2021-05-28T23:59:59+02:00,0,0,2376,2593,4949,5351,10757,11335,16583,17133,19688,18963,13235,14303,9357,11491,2845,4985,762,888,1272,1825,1677,2700,2769,4330,5295,6141,7359,7825,6765,8170,2658,4613,112524,45921,15948,8827,35558,8388,1912,2,1
2021-05-27T23:59:59+02:00,0,0,2356,2572,4899,5285,10092,10764,16542,17101,19674,18952,13225,14293,9355,11489,2845,4985,708,793,1165,1753,1466,2558,2396,4023,4414,5229,7121,7517,6674,8053,2641,4594,111137,42127,15945,8821,35556,8367,1789,2,1
2021-05-26T23:59:59+02:00,0,0,2318,2510,4726,5105,9655,10396,16490,17047,19606,18898,13211,14274,9345,11487,2841,4972,693,751,1118,1721,1377,2478,2187,3852,4285,5091,6957,7304,6594,7954,2629,4580,109713,40728,15943,8820,35556,8355,1667,2,1
2021-05-25T23:59:59+02:00,0,0,2315,2503,4696,5088,9630,10370,16465,17029,19592,18891,13206,14272,9342,11484,2841,4972,686,737,1070,1703,1325,2433,2117,3792,3744,4514,6655,6961,6560,7917,2628,4578,109708,40720,15941,6864,35555,8345,1490,2,1
2021-05-24T23:59:59+02:00,0,0,2306,2495,4684,5083,9621,10365,16439,17009,19566,18867,13196,14261,9339,11474,2840,4968,677,732,1058,1696,1315,2426,2092,3772,3718,4489,6644,6950,6557,7907,2627,4574,109701,40713,15941,6864,35555,8342,1314,2,1
2021-05-23T23:59:59+02:00,0,0,2290,2463,4596,5009,9487,10243,16436,17008,19566,18866,13194,14259,9336,11470,2838,4967,676,729,1056,1696,1314,2426,2092,3772,3718,4488,6643,6950,6557,7907,2627,4574,109217,40707,15941,6863,35554,8340,1314,2,1
2021-05-22T23:59:59+02:00,0,0,2270,2444,4587,4992,9407,10160,16413,16994,19514,18822,13166,14229,9333,11464,2838,4966,675,727,1055,1693,1311,2423,2089,3767,3702,4475,5812,6050,6485,7826,2619,4569,108788,38760,15941,6863,35554,8340,1314,2,1
2021-05-21T23:59:59+02:00,0,0,2235,2411,4479,4905,9211,9985,16385,16961,19499,18815,13156,14220,9331,11462,2833,4955,663,700,1018,1627,1261,2300,2002,3587,3358,4040,4048,3942,6442,7760,2614,4554,108048,34751,15941,6863,35551,7000,1301,2,1
2021-05-20T23:59:59+02:00,0,0,2206,2371,4396,4844,8989,9755,16335,16908,19446,18763,13125,14185,9314,11445,2832,4951,608,593,893,1314,1088,1895,1780,3051,2798,3358,3212,2988,6397,7710,2610,4549,107191,32921,15938,6862,35542,3868,1192,2,1
2021-05-19T23:59:59+02:00,0,0,2044,2196,3898,4420,7603,8561,16061,16660,19323,18638,13077,14137,9304,11419,2830,4948,593,556,855,1260,1059,1844,1754,2997,2748,3314,3204,2975,6393,7707,2610,4548,102554,32897,15936,6860,35540,3572,1087,2,1
2021-05-18T23:59:59+02:00,0,0,1996,2143,3591,4131,6943,7965,15913,16543,19239,18555,13044,14104,9248,11345,2824,4934,586,552,849,1258,1051,1835,1724,2981,2739,3296,3199,2970,6389,7703,2610,4548,102534,32891,13469,6855,35536,3566,977,2,1
2021-05-17T23:59:59+02:00,0,0,1988,2135,3571,4117,6898,7941,15885,16525,19217,18536,13034,14080,9246,11344,2824,4934,578,545,830,1243,1007,1811,1696,2963,2715,3275,3188,2949,6389,7702,2610,4548,102527,32885,13466,6855,35534,3562,746,2,1
2021-05-16T23:59:59+02:00,0,0,1983,2132,3564,4112,6712,7776,15861,16506,19213,18531,13029,14079,9245,11343,2824,4934,578,545,830,1241,1006,1810,1696,2963,2713,3275,3188,2949,6389,7702,2610,4548,102103,32882,13464,6855,35530,3560,745,2,1
2021-05-15T23:59:59+02:00,0,0,1955,2096,3526,4074,6626,7672,15592,16238,19157,18489,13010,14060,9236,11338,2824,4932,578,545,830,1240,1006,1810,1694,2962,2713,3275,3187,2949,6388,7702,2610,4548,101084,32878,13464,6855,35530,3558,745,2,1
2021-05-14T23:59:59+02:00,0,0,1846,1951,3280,3823,5032,6193,12938,14042,19092,18403,12986,14030,9230,11325,2821,4926,578,544,826,1240,1006,1810,1693,2961,2707,3273,3182,2943,6385,7700,2610,4547,92191,32860,13464,6853,35528,3558,733,2,1
2021-05-13T23:59:59+02:00,0,0,1819,1904,3239,3772,4920,6091,12732,13858,18932,18276,12909,13935,9195,11274,2821,4925,572,541,819,1231,996,1797,1674,2942,2600,3180,2521,2135,4929,5897,2601,4528,90974,29843,13369,4831,35526,3557,731,2,1
2021-05-12T23:59:59+02:00,0,0,1819,1904,3238,3772,4920,6091,12732,13858,18931,18276,12908,13934,9195,11274,2821,4925,572,541,819,1231,996,1797,1674,2941,2597,3178,2521,2135,4929,5895,2601,4528,90971,29840,13369,4826,35525,3557,731,2,1
2021-05-11T23:59:59+02:00,0,0,1775,1859,3146,3697,4832,6025,11802,13129,18737,18117,12893,13913,9188,11260,2815,4921,571,539,816,1226,995,1796,1673,2940,2587,3173,2520,2134,4927,5894,2600,4528,90959,29830,10908,4814,35517,3551,723,2,1
2021-05-10T23:59:59+02:00,0,0,1759,1856,3140,3694,4826,6021,11801,13128,18736,18117,12893,13913,9188,11260,2815,4921,570,537,816,1226,994,1796,1672,2940,2587,3173,2519,2133,4927,5894,2600,4528,90946,29829,10905,4813,35492,3546,723,2,1
2021-05-09T23:59:59+02:00,0,0,1723,1809,3088,3679,4755,5986,11734,13107,18673,18058,12873,13894,9185,11251,2813,4919,568,534,808,1225,984,1790,1659,2937,2583,3172,2519,2131,4926,5893,2600,4527,90476,29825,10902,4812,35485,3536,682,2,1
2021-05-08T23:59:59+02:00,0,0,1690,1775,3052,3629,4678,5913,11397,12805,18640,18024,12866,13886,9184,11249,2811,4919,556,533,801,1225,973,1790,1651,2937,2567,3161,2518,2131,4926,5892,2599,4526,89447,29821,10902,4812,35485,3470,682,2,1
2021-05-07T23:59:59+02:00,0,0,1546,1652,2804,3457,4004,5248,10185,11613,18440,17873,12827,13851,9164,11232,2803,4912,459,384,678,995,827,1471,1506,2522,2398,2804,2509,2122,4922,5888,2596,4523,84673,29816,10901,4812,35473,1413,562,2,1
2021-05-06T23:59:59+02:00,0,0,1483,1483,2670,3326,3677,4938,8481,10130,17924,17448,12659,13683,9117,11160,2800,4904,337,325,574,893,691,1382,1257,2308,2184,2609,2457,2090,4920,5881,2596,4522,79140,29794,10900,4811,35456,35,385,2,1
2021-05-05T23:59:59+02:00,0,0,1428,1406,2583,3254,3501,4763,7329,9113,17417,17048,12571,13570,9085,11114,2791,4889,337,325,572,892,690,1380,1211,2256,2173,2601,2453,2088,4920,5877,2596,4518,75259,29784,10895,4810,35446,34,260,2,1
2021-05-04T23:59:59+02:00,0,0,1417,1404,2575,3247,3499,4763,7327,9112,17416,17048,12571,13570,9085,11114,2791,4889,337,324,572,890,688,1380,1211,2256,2173,2601,2452,2087,4920,5877,2596,4517,75251,29780,10883,4810,35433,31,259,2,1
2021-05-03T23:59:59+02:00,0,0,1415,1398,2567,3242,3496,4757,7248,9052,17402,17040,12566,13568,9085,11114,2790,4888,334,318,568,886,683,1375,1132,2196,2159,2593,2448,2085,4920,5877,2595,4516,75241,29778,10883,4810,35433,27,69,2,1
2021-05-02T23:59:59+02:00,0,0,1407,1394,2564,3236,3483,4748,7228,9032,17296,16972,12553,13543,9079,11103,2787,4888,332,317,568,885,683,1375,1132,2195,2157,2593,2448,2085,4919,5875,2595,4516,74931,29772,10882,4809,35432,27,66,2,1
2021-05-01T23:59:59+02:00,0,0,1403,1388,2554,3226,3474,4730,7169,8971,17152,16855,12528,13520,9067,11097,2787,4888,332,317,568,885,683,1375,1132,2195,2157,2593,2448,2085,4917,5875,2594,4514,74427,29767,10882,4809,35432,27,66,2,1
2021-04-30T23:59:59+02:00,0,0,1333,1308,2433,3056,3305,4455,5617,7569,15405,15423,12385,13359,8972,10980,2772,4855,332,317,567,884,682,1375,1129,2193,2154,2591,2447,2075,4904,5866,2586,4496,66899,29750,10882,4808,35432,27,12,2,1
2021-04-29T23:59:59+02:00,0,0,1278,1270,2330,2946,3172,4285,5008,6920,14228,14399,12074,13031,8881,10898,2758,4827,330,315,567,883,682,1374,1128,2193,2152,2589,2445,2071,4903,5863,2585,4494,61980,29729,10882,4805,35429,27,12,2,1
2021-04-28T23:59:59+02:00,0,0,1215,1253,2268,2908,3107,4204,4699,6628,13811,14082,11959,12884,8840,10838,2750,4821,329,315,564,881,679,1374,1126,2190,2151,2582,2442,2068,4900,5859,2582,4491,61860,29724,8971,4777,35429,26,5,2,1
2021-04-27T23:59:59+02:00,0,0,1195,1251,2263,2907,3103,4203,4697,6628,13810,14081,11958,12883,8840,10838,2750,4821,329,315,564,881,678,1372,1126,2190,2150,2582,2442,2066,4900,5859,2582,4491,61828,29722,8966,4773,35427,26,5,2,1
2021-04-26T23:59:59+02:00,0,0,1195,1249,2261,2906,3099,4203,4683,6614,13770,14049,11955,12880,8839,10836,2750,4820,329,315,564,881,677,1372,1126,2190,2148,2581,2442,2066,4900,5859,2582,4491,61817,29720,8961,4772,35325,26,4,2,1
2021-04-25T23:59:59+02:00,0,0,1194,1249,2255,2906,3096,4196,4670,6607,13632,13894,11945,12874,8838,10835,2750,4820,329,315,563,881,676,1371,1124,2188,2148,2581,2442,2066,4900,5859,2582,4491,61490,29716,8958,4769,35307,26,4,2,1
2021-04-24T23:59:59+02:00,0,0,1128,1203,2117,2817,2956,4140,4459,6491,12767,13091,11667,12544,8772,10731,2743,4807,329,315,563,881,675,1370,1124,2188,2148,2580,2441,2066,4896,5858,2582,4491,58163,29709,8957,4769,35307,24,4,2,1
2021-04-23T23:59:59+02:00,0,0,1029,1183,1902,2790,2796,4107,4345,6379,11422,12035,11612,12482,8748,10684,2741,4804,328,315,563,881,674,1370,1123,2188,2146,2580,2440,2066,4895,5852,2582,4490,56685,29703,8957,4767,33412,19,3,2,1
2021-04-22T23:59:59+02:00,0,0,1019,1174,1875,2777,2734,4082,4168,6260,10803,11518,11524,12395,8718,10637,2738,4799,327,314,563,881,674,1369,1121,2188,2145,2580,2440,2064,4893,5850,2582,4490,54988,29696,8956,4762,33272,19,3,2,1
2021-04-21T23:59:59+02:00,0,0,1004,1160,1800,2753,2614,4047,4022,6186,9309,10358,11449,12326,8706,10613,2735,4796,326,314,562,881,673,1369,1120,2188,2145,2579,2436,2060,4890,5848,2581,4488,51822,29678,8955,4759,33096,19,3,2,1
2021-04-20T23:59:59+02:00,0,0,1004,1159,1799,2752,2611,4043,4018,6185,9012,10034,11422,12302,8702,10603,2733,4795,326,314,562,881,673,1369,1120,2187,2144,2578,2436,2059,4888,5847,2581,4488,51122,29674,8952,4756,33095,19,3,2,1
2021-04-19T23:59:59+02:00,0,0,1002,1157,1799,2749,2610,4042,4015,6183,9011,10033,11422,12302,8702,10602,2733,4795,325,314,561,880,673,1369,1118,2187,2143,2578,2436,2059,4888,5847,2581,4488,51113,29670,8947,4755,33092,18,3,2,1
2021-04-18T23:59:59+02:00,0,0,1002,1156,1797,2749,2608,4040,4015,6183,9011,10033,11422,12302,8702,10600,2733,4794,325,314,561,880,672,1369,1118,2186,2143,2578,2436,2059,4888,5847,2581,4488,51105,29669,8946,4754,33091,18,3,2,1
2021-04-17T23:59:59+02:00,0,0,1002,1155,1794,2743,2531,3949,3958,6101,8994,10015,11299,12150,8699,10598,2733,4793,320,308,557,873,664,1359,1100,2172,2096,2552,2391,2007,4839,5778,2575,4482,50472,29298,8946,4754,33091,17,3,2,1
2021-04-16T23:59:59+02:00,0,0,973,1121,1683,2660,2329,3812,3708,5926,7271,8201,11102,11906,8645,10535,2730,4780,313,303,542,854,632,1322,1018,2115,1871,2392,2241,1898,4651,5509,2516,4366,46124,29284,8871,3243,32382,12,3,2,1
2021-04-15T23:59:59+02:00,0,0,903,1069,1553,2572,2048,3660,3176,5596,6260,7235,10844,11570,8545,10411,2711,4757,313,303,541,853,630,1321,1017,2112,1635,2251,2088,1767,4465,5298,2462,4263,42314,29239,8868,2068,31723,8,3,2,1
2021-04-14T23:59:59+02:00,0,0,888,1040,1507,2536,1960,3579,3006,5461,6166,7124,10680,11363,8463,10311,2699,4743,293,293,507,826,559,1262,809,1969,1414,2127,2021,1692,4333,5134,2448,4235,40938,27842,8863,2068,31720,8,3,2,1
2021-04-13T23:59:59+02:00,0,0,883,1034,1495,2533,1937,3559,2974,5426,5642,6547,10380,11023,8432,10277,2698,4742,293,291,507,825,559,1262,809,1969,1414,2126,2018,1691,4333,5134,2448,4232,40927,27840,6935,2059,31715,8,3,2,1
2021-04-12T23:59:59+02:00,0,0,883,1032,1494,2530,1937,3559,2973,5425,5641,6547,10379,11022,8431,10277,2698,4742,293,290,507,825,557,1262,807,1968,1413,2126,2018,1691,4333,5133,2448,4232,40920,27834,6932,2057,31713,8,3,2,1
2021-04-11T23:59:59+02:00,0,0,883,1032,1492,2530,1935,3557,2972,5425,5641,6547,10378,11020,8431,10277,2698,4742,293,290,506,825,555,1262,806,1968,1411,2126,2018,1691,4333,5133,2448,4232,40917,27829,6931,2057,31708,8,2,2,1
2021-04-10T23:59:59+02:00,0,0,881,1029,1489,2526,1918,3545,2903,5359,5513,6449,10148,10802,8378,10227,2694,4741,293,289,506,824,555,1262,805,1968,1411,2126,2014,1687,4328,5124,2447,4229,40346,27800,6931,2057,31321,8,2,2,1
2021-04-09T23:59:59+02:00,0,0,843,996,1392,2470,1814,3486,2774,5305,5373,6384,7769,7974,8314,10133,2684,4723,292,289,503,823,553,1260,802,1968,1409,2122,1994,1665,4306,5106,2444,4223,34870,27691,6930,2057,30630,8,2,2,1
2021-04-08T23:59:59+02:00,0,0,842,994,1388,2467,1812,3483,2762,5296,5362,6371,6980,7059,8272,10083,2681,4719,290,288,503,822,553,1259,801,1968,1407,2121,1992,1665,4305,5103,2444,4223,33016,27677,6930,2056,30621,8,2,2,1
2021-04-07T23:59:59+02:00,0,0,790,971,1313,2395,1725,3414,2569,5188,4619,5887,6312,6417,8213,10021,2675,4712,290,288,503,822,553,1256,801,1968,1407,2121,1992,1665,4304,5103,2444,4223,33009,27676,6928,2055,27280,7,2,2,0
2021-04-06T23:59:59+02:00,0,0,756,964,1294,2360,1701,3373,2539,5142,4545,5811,5950,6060,8192,9997,2670,4706,290,287,503,821,553,1256,800,1968,1406,2121,1992,1664,4304,5103,2444,4223,33004,27673,6928,2053,26124,7,2,2,0
2021-04-05T23:59:59+02:00,0,0,752,933,1253,2235,1629,3205,2420,4872,4382,5539,5642,5752,8175,9971,2668,4702,290,287,503,820,553,1256,800,1968,1406,2121,1992,1664,4304,5103,2444,4223,33002,27672,6928,2053,24196,7,2,2,0
2021-04-04T23:59:59+02:00,0,0,731,908,1161,2019,1495,2939,2206,4437,4032,5040,5397,5528,8142,9917,2667,4694,290,287,502,819,551,1255,799,1967,1332,2084,1628,1390,4146,4922,2400,4158,32998,26469,6928,2053,21383,6,2,2,0
2021-04-03T23:59:59+02:00,0,0,731,908,1160,2018,1494,2939,2205,4437,4032,5040,5397,5527,8142,9917,2667,4694,290,287,502,819,551,1255,799,1967,1332,2084,1628,1390,4146,4922,2400,4158,32994,26469,6928,2053,21382,6,2,2,0
2021-04-02T23:59:59+02:00,0,0,731,907,1160,2018,1493,2939,2205,4437,4031,5039,5397,5526,8141,9916,2666,4692,290,287,502,819,550,1255,799,1967,1331,2084,1628,1390,4146,4922,2400,4158,32992,26468,6928,2053,21375,6,1,2,0
2021-04-01T23:59:59+02:00,0,0,726,905,1157,2012,1485,2930,2191,4419,3940,4954,4903,4925,7436,9021,2664,4687,290,285,501,816,550,1254,796,1965,1293,2056,1479,1295,4047,4821,2389,4145,30084,25928,6902,2047,21366,6,1,2,0
2021-03-31T23:59:59+02:00,0,0,726,904,1155,2011,1481,2925,2187,4418,3922,4943,4730,4707,6667,8086,2654,4665,289,284,501,816,546,1251,791,1958,1188,1979,1084,1029,3637,4357,2282,3971,29966,23973,4873,1984,21339,5,1,2,0
2021-03-30T23:59:59+02:00,0,0,726,904,1154,2008,1469,2916,2178,4409,3877,4916,4531,4526,6417,7789,2645,4649,289,283,501,814,546,1251,791,1957,1188,1979,1084,1029,3637,4357,2281,3971,29961,23969,4868,1984,20282,4,1,2,0
2021-03-29T23:59:59+02:00,0,0,724,902,1154,2008,1467,2916,2178,4409,3873,4914,4528,4524,6414,7780,2643,4631,289,282,501,814,546,1251,790,1956,1188,1979,1084,1028,3637,4357,2281,3971,29952,23965,4863,1984,20247,4,1,2,0
2021-03-28T23:59:59+02:00,0,0,724,902,1154,2005,1465,2914,2177,4406,3872,4914,4527,4524,6411,7776,2643,4629,288,282,499,814,546,1251,789,1956,1188,1979,1084,1027,3637,4357,2281,3971,29950,23961,4858,1983,20232,4,1,2,0
2021-03-27T23:59:59+01:00,0,0,720,897,1150,1997,1457,2904,2158,4390,3830,4888,4478,4467,6366,7717,2636,4616,284,277,485,804,535,1239,741,1920,1027,1887,823,837,3498,4203,2119,3659,29601,22992,4858,1341,20209,4,1,2,0
2021-03-26T23:59:59+01:00,0,0,720,897,1149,1996,1454,2903,2155,4389,3825,4885,4467,4445,6356,7692,2629,4602,283,277,485,802,533,1239,739,1920,1020,1879,685,742,2519,3046,1948,3446,29544,20217,4856,1341,20161,4,1,2,0
2021-03-25T23:59:59+01:00,0,0,719,896,1149,1996,1453,2900,2151,4383,3820,4881,4458,4434,6343,7661,2608,4548,283,277,485,802,532,1236,738,1919,1018,1878,664,735,1333,1589,1666,3082,29533,16891,4851,1341,20013,4,1,2,0
2021-03-24T23:59:59+01:00,0,0,696,885,1111,1966,1382,2840,1945,4235,3596,4755,4398,4374,6208,7493,2594,4516,283,277,485,801,529,1236,736,1919,1017,1878,664,735,1333,1588,1666,3080,28156,16882,4848,1340,19987,4,1,2,0
2021-03-23T23:59:59+01:00,0,0,696,883,1109,1965,1382,2840,1945,4235,3595,4752,4398,4373,6207,7493,2594,4515,283,277,485,801,529,1235,736,1919,1017,1878,664,735,1333,1588,1666,3080,28151,16881,4845,1340,19983,4,1,2,0
2021-03-22T23:59:59+01:00,0,0,696,881,1107,1961,1379,2840,1943,4235,3594,4752,4398,4372,6207,7492,2594,4515,283,277,485,801,529,1234,735,1919,1017,1877,664,734,1333,1588,1666,3080,28147,16878,4844,1340,19972,3,1,2,0
2021-03-21T23:59:59+01:00,0,0,695,881,1105,1958,1379,2838,1942,4234,3593,4751,4398,4372,6206,7492,2594,4515,282,277,485,801,529,1234,735,1919,1017,1877,664,733,1333,1588,1666,3080,28144,16877,4843,1340,19965,3,0,1,0
2021-03-20T23:59:59+01:00,0,0,693,879,1103,1956,1373,2835,1925,4227,3562,4732,4180,4097,5689,6885,2584,4482,277,275,480,795,512,1224,713,1902,979,1848,594,655,1101,1329,1316,2531,28063,15188,4745,1340,18393,3,0,1,0
2021-03-19T23:59:59+01:00,0,0,685,873,1088,1936,1339,2798,1845,4171,3341,4571,4031,3991,5512,6643,2535,4397,277,275,480,795,512,1224,713,1901,978,1848,594,655,1101,1328,1315,2530,28061,15183,3309,1340,18386,3,0,0,0
2021-03-18T23:59:59+01:00,0,0,684,872,1087,1935,1338,2796,1845,4168,3111,4428,3877,3862,5334,6441,2483,4296,277,274,479,795,512,1222,713,1900,977,1847,592,652,862,1071,1205,2362,28050,14399,2123,1339,18384,2,0,0,0
2021-03-17T23:59:59+01:00,0,0,684,872,1086,1935,1338,2795,1845,4168,3111,4428,3877,3860,5333,6441,2483,4296,277,273,479,795,512,1222,713,1900,976,1847,591,652,862,1071,1205,2362,28048,14397,2123,1338,18381,2,0,0,0
2021-03-16T23:59:59+01:00,0,0,683,872,1086,1931,1337,2795,1842,4168,3111,4426,3876,3859,5333,6441,2482,4295,275,269,465,790,503,1210,697,1886,960,1837,589,651,860,1070,1204,2361,28040,14287,2119,1338,18378,2,0,0,0
2021-03-15T23:59:59+01:00,0,0,683,871,1084,1930,1334,2795,1838,4167,3110,4426,3876,3858,5332,6441,2482,4295,275,269,465,790,503,1210,696,1886,959,1836,589,651,860,1070,1204,2361,28035,14284,2117,1338,18370,2,0,0,0
2021-03-14T23:59:59+01:00,0,0,682,869,1081,1927,1331,2792,1836,4165,3105,4425,3876,3858,5332,6441,2482,4295,275,269,465,790,503,1210,696,1886,959,1835,589,651,859,1070,1204,2361,28031,14282,2117,1338,18349,2,0,0,0
2021-03-13T23:59:59+01:00,0,0,680,864,1073,1921,1322,2785,1831,4157,2991,4347,3407,3455,5127,6208,2437,4231,275,269,465,790,503,1210,695,1886,957,1834,565,635,556,770,772,1771,26765,12613,2117,1338,17954,2,0,0,0
2021-03-12T23:59:59+01:00,0,0,650,777,1050,1808,1301,2594,1799,3891,2947,4179,2266,2011,4766,5661,2434,4222,275,269,465,790,503,1210,694,1886,955,1834,565,634,556,770,772,1770,26753,12609,2117,1338,13486,1,0,0,0
2021-03-11T23:59:59+01:00,0,0,640,732,1042,1706,1293,2435,1787,3677,2901,4040,1702,1482,4280,5119,2424,4213,273,268,465,790,503,1210,694,1885,955,1830,565,634,554,769,689,1625,26203,12606,2105,1103,11165,0,0,0,0
2021-03-10T23:59:59+01:00,0,0,635,720,1032,1684,1284,2414,1774,3651,2792,3957,1312,1214,3872,4650,2330,4056,273,268,464,788,502,1210,694,1885,953,1830,565,634,552,768,689,1625,24224,12600,2104,1100,11049,0,0,0,0
2021-03-09T23:59:59+01:00,0,0,634,715,1024,1667,1273,2399,1771,3640,2785,3952,1308,1213,3872,4649,2329,4056,273,268,464,788,502,1210,694,1885,953,1830,565,634,552,768,689,1625,24221,12600,2103,1100,10963,0,0,0,0
2021-03-08T23:59:59+01:00,0,0,630,686,1013,1642,1258,2366,1763,3607,2764,3937,1307,1211,3872,4649,2329,4056,273,268,464,788,502,1210,694,1885,953,1830,565,633,550,768,689,1625,24217,12597,2102,1100,10771,0,0,0,0
2021-03-07T23:59:59+01:00,0,0,630,683,1009,1638,1258,2363,1762,3604,2764,3935,1307,1211,3872,4649,2329,4056,273,268,464,788,501,1210,694,1885,953,1830,565,633,550,768,689,1625,24214,12596,2102,1100,10754,0,0,0,0
2021-03-06T23:59:59+01:00,0,0,594,636,890,1537,1016,2173,1341,3222,2343,3599,1025,992,3572,4272,2309,4039,273,268,464,788,499,1210,694,1885,953,1829,565,632,548,764,600,1451,23215,12593,2099,830,8246,0,0,0,0
2021-03-05T23:59:59+01:00,0,0,591,636,885,1534,1016,2172,1338,3219,2336,3594,881,895,2577,3076,2138,3807,271,268,459,776,495,1205,685,1868,939,1814,561,628,490,702,293,940,20370,12389,2088,5,8237,0,0,0,0
2021-03-04T23:59:59+01:00,0,0,573,592,848,1404,978,2018,1288,3015,2292,3494,866,886,1391,1637,1851,3442,271,268,458,776,495,1205,685,1868,939,1814,560,627,490,701,293,940,17066,12385,2087,5,7422,0,0,0,0
2021-03-03T23:59:59+01:00,0,0,567,559,825,1339,957,1956,1272,2971,2282,3450,866,885,1391,1637,1851,3442,271,268,458,775,495,1205,685,1867,939,1814,560,627,490,701,293,940,17064,12383,2087,5,7099,0,0,0,0
2021-03-02T23:59:59+01:00,0,0,566,557,822,1338,957,1956,1271,2970,2282,3450,866,885,1391,1637,1851,3442,271,268,457,775,495,1205,685,1867,939,1813,560,627,490,701,293,940,17063,12381,2087,5,7091,0,0,0,0
2021-03-01T23:59:59+01:00,0,0,566,555,821,1338,957,1955,1271,2970,2281,3449,866,884,1391,1636,1851,3442,271,268,457,775,495,1205,684,1866,939,1813,560,627,490,701,293,940,17060,12379,2086,5,7087,0,0,0,0
2021-02-28T23:59:59+01:00,0,0,565,553,821,1338,956,1955,1271,2970,2279,3448,866,882,1391,1636,1851,3442,271,268,457,775,495,1205,684,1865,939,1813,560,627,490,701,293,940,17057,12378,2086,5,7081,0,0,0,0
2021-02-27T23:59:59+01:00,0,0,560,551,810,1328,935,1944,1231,2941,2202,3398,745,765,1122,1346,1344,2569,270,268,456,775,494,1205,682,1864,938,1811,559,625,489,699,292,936,15335,12359,1377,4,7079,0,0,0,0
2021-02-26T23:59:59+01:00,0,0,550,530,781,1264,906,1831,1192,2783,1882,2977,704,737,1122,1346,1343,2568,270,268,456,775,494,1205,682,1864,938,1811,559,625,489,699,292,935,15330,12358,1377,4,5809,0,0,0,0
2021-02-25T23:59:59+01:00,0,0,516,488,719,1146,799,1638,1038,2482,1384,2427,653,692,874,1082,1234,2397,269,267,455,775,494,1204,681,1862,938,1810,559,625,489,699,292,935,14526,12353,1377,1,3666,0,0,0,0
2021-02-24T23:59:59+01:00,0,0,515,487,719,1144,798,1638,1038,2481,1384,2426,653,692,874,1082,1234,2397,269,267,455,775,494,1203,681,1862,938,1810,559,625,489,699,292,935,14525,12353,1376,0,3661,0,0,0,0
2021-02-23T23:59:59+01:00,0,0,513,483,704,1136,789,1627,1021,2467,1368,2416,651,691,872,1081,1233,2396,269,266,455,774,494,1203,681,1861,938,1809,559,625,489,699,292,935,14415,12349,1376,0,3657,0,0,0,0
2021-02-22T23:59:59+01:00,0,0,513,483,703,1136,787,1627,1021,2467,1367,2415,651,689,872,1081,1233,2396,269,266,455,774,494,1203,681,1861,938,1808,559,625,489,699,292,935,14413,12348,1376,0,3652,0,0,0,0
2021-02-21T23:59:59+01:00,0,0,513,483,703,1136,786,1627,1020,2467,1367,2414,650,689,871,1081,1233,2396,269,266,455,774,494,1203,681,1861,938,1808,559,625,489,699,292,935,14411,12348,1376,0,3649,0,0,0,0
2021-02-20T23:59:59+01:00,0,0,497,481,691,1130,766,1622,1007,2465,1340,2394,623,670,562,775,793,1797,268,265,450,772,489,1197,675,1850,932,1805,556,622,484,698,288,930,12714,12281,1375,0,3524,0,0,0,0
2021-02-19T23:59:59+01:00,0,0,399,395,587,1004,648,1468,866,2294,1101,2157,576,646,562,775,793,1797,265,265,446,770,487,1188,672,1834,925,1785,552,616,479,690,285,922,12713,12181,1375,0,1980,0,0,0,0
2021-02-18T23:59:59+01:00,0,0,276,270,473,801,506,1220,705,1898,965,1846,573,640,561,775,793,1797,264,263,444,767,485,1184,671,1820,921,1774,546,611,472,683,280,911,12711,12096,1375,0,13,0,0,0,0
2021-02-17T23:59:59+01:00,0,0,276,270,472,801,506,1220,704,1898,964,1846,572,640,561,774,793,1797,263,263,443,764,483,1182,668,1812,918,1767,541,606,463,661,269,892,12709,11995,1375,0,10,0,0,0,0
2021-02-16T23:59:59+01:00,0,0,276,270,470,800,505,1220,704,1898,964,1846,572,640,561,774,793,1797,252,259,437,748,471,1150,661,1736,893,1688,522,577,431,618,252,827,12709,11522,1375,0,6,0,0,0,0
2021-02-15T23:59:59+01:00,0,0,276,270,469,800,505,1220,702,1898,964,1846,572,640,561,774,793,1797,248,255,434,740,465,1124,645,1685,868,1634,501,543,413,574,240,764,12709,11133,1375,0,3,0,0,0,0
2021-02-14T23:59:59+01:00,0,0,276,270,469,800,504,1220,702,1898,964,1846,572,640,561,774,793,1797,248,255,434,739,465,1124,645,1679,866,1625,491,538,409,571,232,756,12708,11077,1375,0,3,0,0,0,0
2021-02-13T23:59:59+01:00,0,0,274,270,469,800,504,1220,701,1897,964,1846,572,640,561,774,793,1797,246,253,434,735,458,1112,636,1657,846,1592,472,513,395,546,219,720,12706,10834,1375,0,1,0,0,0,0
2021-02-12T23:59:59+01:00,0,0,274,270,468,799,504,1220,701,1896,959,1843,572,638,512,728,779,1793,229,245,415,701,437,1024,601,1494,759,1350,389,393,320,434,163,542,12580,9496,1375,0,1,0,0,0,0
2021-02-11T23:59:59+01:00,0,0,272,270,467,799,504,1220,701,1894,959,1840,571,637,509,725,693,1645,207,232,403,669,417,977,565,1400,713,1239,355,343,279,369,135,453,12568,8756,1137,0,1,0,0,0,0
2021-02-10T23:59:59+01:00,0,0,272,270,467,798,504,1220,700,1894,958,1840,570,637,509,724,692,1643,204,228,402,663,413,963,562,1380,700,1204,338,320,257,327,118,391,12561,8470,1137,0,0,0,0,0,0
2021-02-09T23:59:59+01:00,0,0,272,270,467,798,504,1220,699,1894,958,1838,570,637,509,724,692,1643,195,215,390,627,394,896,519,1285,647,1074,264,227,182,216,77,243,12558,7451,1137,0,0,0,0,0,0
2021-02-08T23:59:59+01:00,0,0,272,270,465,798,504,1220,698,1894,958,1837,570,637,509,724,692,1643,192,209,386,613,384,871,492,1234,614,1001,231,184,146,157,61,185,12555,6960,1136,0,0,0,0,0,0
2021-02-07T23:59:59+01:00,0,0,272,270,465,798,504,1220,698,1894,958,1836,570,637,509,724,692,1642,191,209,384,609,382,866,487,1224,610,987,225,177,136,139,55,169,12553,6850,1136,0,0,0,0,0,0
2021-02-06T23:59:59+01:00,0,0,272,270,465,798,504,1220,698,1894,958,1836,570,637,507,719,602,1469,191,209,384,609,382,866,487,1224,610,987,225,177,136,139,55,169,12553,6850,866,0,0,0,0,0,0
2021-02-05T23:59:59+01:00,0,0,272,270,463,797,502,1218,695,1893,955,1833,566,633,500,704,294,950,185,200,367,578,369,826,467,1182,592,956,204,160,112,126,50,166,12538,6540,7,0,0,0,0,0,0
2021-02-04T23:59:59+01:00,0,0,272,269,462,791,499,1217,694,1888,950,1832,565,633,499,703,294,950,170,164,298,442,303,669,387,958,518,817,193,155,104,120,43,154,12511,5495,7,0,0,0,0,0,0
2021-02-03T23:59:59+01:00,0,0,271,269,462,789,499,1216,693,1885,950,1832,565,633,499,703,294,950,165,157,252,360,254,582,327,857,467,730,186,150,100,118,42,153,12503,4900,7,0,0,0,0,0,0
2021-02-02T23:59:59+01:00,0,0,271,268,462,786,499,1216,693,1882,950,1830,565,633,499,703,294,950,158,142,193,296,196,494,250,743,385,646,176,146,98,117,42,152,12494,4234,7,0,0,0,0,0,0
2021-02-01T23:59:59+01:00,0,0,271,268,460,785,498,1215,692,1878,947,1825,565,633,498,703,294,950,151,136,154,259,168,435,205,665,327,572,170,135,90,107,37,145,12475,3756,7,0,0,0,0,0,0
2021-01-31T23:59:59+01:00,0,0,271,268,460,785,498,1215,692,1878,947,1825,565,633,498,703,294,950,151,136,154,258,168,434,204,665,327,572,170,135,90,107,37,145,12475,3753,7,0,0,0,0,0,0
2021-01-30T23:59:59+01:00,0,0,271,268,460,785,498,1215,692,1878,943,1825,564,633,496,703,291,950,138,124,137,240,157,405,193,624,309,525,148,124,78,80,30,110,12465,3422,7,0,0,0,0,0,0
2021-01-29T23:59:59+01:00,0,0,268,267,456,782,496,1205,689,1861,936,1805,560,627,491,697,288,942,89,69,94,157,116,246,147,452,217,380,109,82,58,69,25,99,12364,2409,6,0,0,0,0,0,0
2021-01-28T23:59:59+01:00,0,0,268,267,455,782,495,1205,689,1860,936,1803,560,627,491,697,288,942,10,7,13,23,24,46,23,94,50,106,34,32,31,49,19,91,12361,652,4,0,0,0,0,0,0
2021-01-27T23:59:59+01:00,0,0,267,267,455,781,495,1204,689,1859,934,1803,560,627,491,697,288,942,10,7,13,23,23,46,23,92,49,106,34,32,31,49,19,91,12358,648,1,0,0,0,0,0,0
2021-01-26T23:59:59+01:00,0,0,267,267,454,780,495,1203,689,1859,934,1802,560,627,491,697,288,942,10,7,13,23,23,46,23,92,49,106,34,32,31,49,19,91,12354,648,1,0,0,0,0,0,0
2021-01-25T23:59:59+01:00,0,0,267,267,452,780,495,1202,689,1857,934,1801,560,627,490,695,288,942,6,1,5,13,11,21,14,39,23,46,17,16,10,15,6,19,12346,262,0,0,0,0,0,0,0
2021-01-24T23:59:59+01:00,0,0,267,266,452,780,494,1202,689,1856,934,1800,560,627,490,695,288,942,6,1,5,13,11,21,14,39,23,46,17,16,10,15,6,19,12342,262,0,0,0,0,0,0,0
2021-01-23T23:59:59+01:00,0,0,267,266,452,780,494,1201,689,1856,934,1800,560,627,490,695,288,942,6,1,5,13,11,21,14,39,23,46,17,16,10,15,6,19,12341,262,0,0,0,0,0,0,0
2021-01-22T23:59:59+01:00,0,0,265,264,452,780,493,1200,689,1855,934,1800,560,627,490,695,270,898,6,1,5,13,11,21,14,39,23,46,17,16,10,15,6,19,12272,262,0,0,0,0,0,0,0
2021-01-21T23:59:59+01:00,0,0,262,260,450,771,490,1192,686,1833,925,1783,552,618,470,670,259,862,6,1,5,13,11,21,14,39,23,46,17,16,10,15,6,19,12083,262,0,0,0,0,0,0,0
2021-01-20T23:59:59+01:00,0,0,261,258,446,766,488,1189,683,1823,922,1778,546,613,463,651,251,845,6,1,5,13,11,21,14,39,23,46,17,16,10,15,6,19,11983,262,0,0,0,0,0,0,0
2021-01-19T23:59:59+01:00,0,0,256,258,444,758,482,1174,680,1792,911,1736,534,596,452,635,239,810,6,1,5,13,11,21,14,39,23,46,17,16,10,15,6,19,11757,262,0,0,0,0,0,0,0
2021-01-18T23:59:59+01:00,0,0,252,254,441,747,477,1153,662,1755,885,1688,515,563,437,596,227,753,6,1,5,12,11,21,14,39,23,46,17,16,10,15,6,19,11405,261,0,0,0,0,0,0,0
2021-01-17T23:59:59+01:00,0,0,252,253,440,746,477,1152,659,1748,879,1676,499,552,422,574,212,728,6,1,4,12,11,21,14,39,23,46,17,15,10,15,6,19,11269,259,0,0,0,0,0,0,0
2021-01-16T23:59:59+01:00,0,0,244,245,436,726,464,1117,634,1659,832,1525,457,470,393,521,190,673,0,0,0,0,0,0,0,0,0,0,0,0,0,0,0,0,10586,0,0,0,0,0,0,0,0
2021-01-15T23:59:59+01:00,0,0,235,238,428,706,450,1066,614,1559,793,1411,408,413,342,453,172,567,0,0,0,0,0,0,0,0,0,0,0,0,0,0,0,0,9855,0,0,0,0,0,0,0,0
2021-01-14T23:59:59+01:00,0,0,212,225,409,664,428,1004,570,1441,720,1255,351,336,292,352,129,447,0,0,0,0,0,0,0,0,0,0,0,0,0,0,0,0,8835,0,0,0,0,0,0,0,0
2021-01-13T23:59:59+01:00,0,0,210,223,408,657,423,985,565,1419,705,1220,333,312,267,312,112,386,0,0,0,0,0,0,0,0,0,0,0,0,0,0,0,0,8537,0,0,0,0,0,0,0,0
2021-01-12T23:59:59+01:00,0,0,193,212,392,615,392,890,502,1265,626,1031,238,196,162,163,62,194,0,0,0,0,0,0,0,0,0,0,0,0,0,0,0,0,7133,0,0,0,0,0,0,0,0
2021-01-11T23:59:59+01:00,0,0,189,206,388,603,378,863,482,1218,606,977,218,166,130,119,45,146,0,0,0,0,0,0,0,0,0,0,0,0,0,0,0,0,6734,0,0,0,0,0,0,0,0
2021-01-10T23:59:59+01:00,0,0,188,202,376,589,374,850,473,1198,594,958,214,166,127,119,43,144,0,0,0,0,0,0,0,0,0,0,0,0,0,0,0,0,6615,0,0,0,0,0,0,0,0
2021-01-09T23:59:59+01:00,0,0,168,169,330,508,333,732,412,1017,505,808,149,108,73,74,29,106,0,0,0,0,0,0,0,0,0,0,0,0,0,0,0,0,5521,0,0,0,0,0,0,0,0
2021-01-08T23:59:59+01:00,0,0,99,78,232,352,245,437,294,674,344,513,80,67,49,59,22,94,0,0,0,0,0,0,0,0,0,0,0,0,0,0,0,0,3639,0,0,0,0,0,0,0,0
2021-01-07T23:59:59+01:00,0,0,12,11,55,97,72,124,94,196,123,180,41,35,33,50,19,94,0,0,0,0,0,0,0,0,0,0,0,0,0,0,0,0,1236,0,0,0,0,0,0,0,0
2021-01-06T23:59:59+01:00,0,0,8,4,9,23,17,46,23,92,54,109,35,32,32,50,19,94,0,0,0,0,0,0,0,0,0,0,0,0,0,0,0,0,647,0,0,0,0,0,0,0,0
2021-01-05T23:59:59+01:00,0,0,8,4,9,23,17,46,22,92,52,109,35,32,32,50,19,94,0,0,0,0,0,0,0,0,0,0,0,0,0,0,0,0,644,0,0,0,0,0,0,0,0
2021-01-04T23:59:59+01:00,0,0,6,1,5,13,11,23,14,41,23,48,18,16,11,15,6,20,0,0,0,0,0,0,0,0,0,0,0,0,0,0,0,0,271,0,0,0,0,0,0,0,0
2021-01-03T23:59:59+01:00,0,0,6,1,5,13,11,23,14,41,23,48,18,16,11,15,6,20,0,0,0,0,0,0,0,0,0,0,0,0,0,0,0,0,271,0,0,0,0,0,0,0,0
2021-01-02T23:59:59+01:00,0,0,6,1,5,13,11,23,14,41,23,48,18,16,11,15,6,20,0,0,0,0,0,0,0,0,0,0,0,0,0,0,0,0,271,0,0,0,0,0,0,0,0
2021-01-01T23:59:59+01:00,0,0,6,1,5,13,11,23,14,41,23,48,18,16,11,15,6,20,0,0,0,0,0,0,0,0,0,0,0,0,0,0,0,0,271,0,0,0,0,0,0,0,0
2020-12-31T23:59:59+01:00,0,0,6,1,5,13,11,23,14,41,23,48,18,16,11,15,6,20,0,0,0,0,0,0,0,0,0,0,0,0,0,0,0,0,271,0,0,0,0,0,0,0,0
2020-12-30T23:59:59+01:00,0,0,6,1,5,13,11,23,14,41,23,48,18,16,11,15,6,20,0,0,0,0,0,0,0,0,0,0,0,0,0,0,0,0,271,0,0,0,0,0,0,0,0
2020-12-29T23:59:59+01:00,0,0,6,1,5,13,11,23,14,41,23,48,18,16,11,15,6,20,0,0,0,0,0,0,0,0,0,0,0,0,0,0,0,0,271,0,0,0,0,0,0,0,0
2020-12-28T23:59:59+01:00,0,0,6,1,5,13,11,23,14,41,23,48,18,16,11,15,6,20,0,0,0,0,0,0,0,0,0,0,0,0,0,0,0,0,271,0,0,0,0,0,0,0,0
2020-12-27T23:59:59+01:00,0,0,6,1,4,12,11,23,14,41,23,48,18,15,11,15,6,20,0,0,0,0,0,0,0,0,0,0,0,0,0,0,0,0,268,0,0,0,0,0,0,0,0
