Datum,<24_1_m,<24_1_w,25-34_1_m,25-34_1_w,35-44_1_m,35-44_1_w,45-54_1_m,45-54_1_w,55-64_1_m,55-64_1_w,65-74_1_m,65-74_1_w,75-84_1_m,75-84_1_w,>84_1_m,>84_1_w,<24_2_m,<24_2_w,25-34_2_m,25-34_2_w,35-44_2_m,35-44_2_w,45-54_2_m,45-54_2_w,55-64_2_m,55-64_2_w,65-74_2_m,65-74_2_w,75-84_2_m,75-84_2_w,>84_2_m,>84_2_w,bp_1,bp_2,mo_1,mo_2,az_1,az_2,ja
2021-06-21T23:59:59+02:00,8981,8928,10920,10165,13867,14245,19208,19271,20311,19589,13382,14663,8868,11095,2364,4349,1928,2186,3026,3309,4568,5862,13010,13650,15350,15231,10934,12091,8035,10000,2241,4094,141014,89201,19969,13069,35379,19401,3844
2021-06-20T23:59:59+02:00,8981,8927,10917,10161,13867,14245,19208,19271,20311,19589,13382,14663,8868,11095,2364,4349,1896,2156,2982,3296,4500,5818,12957,13624,15289,15172,10917,12076,8032,9991,2237,4090,141007,88729,19968,13068,35379,19392,3844
2021-06-19T23:59:59+02:00,8941,8887,10807,10064,13680,14091,18771,18912,20174,19447,13361,14639,8859,11076,2361,4345,1861,2116,2938,3252,4412,5732,12624,13340,15261,15142,10910,12065,8029,9987,2236,4088,140967,87717,18225,13041,35379,19391,3844
2021-06-18T23:59:59+02:00,7443,7484,10804,10063,13679,14089,18769,18911,20174,19447,13361,14639,8859,11076,2360,4343,1713,1991,2692,3093,3710,5011,11537,12273,15100,15023,10880,12034,8013,9974,2228,4069,138058,83091,18224,13039,35379,19371,3840
2021-06-17T23:59:59+02:00,7362,7410,10692,9945,13323,13773,18401,18597,20087,19375,13346,14604,8846,11064,2356,4337,1624,1859,2534,2953,3310,4630,9950,10926,14626,14607,10740,11883,7973,9911,2222,4058,136180,77677,18224,13035,35378,19358,3736
2021-06-16T23:59:59+02:00,7354,7404,10682,9944,13321,13771,18400,18596,20086,19375,13346,14604,8845,11063,2356,4337,1562,1804,2435,2875,3108,4439,8828,9956,14179,14260,10670,11777,7945,9878,2215,4049,136152,73861,18222,13033,35378,19354,3732
2021-06-15T23:59:59+02:00,7319,7383,10642,9919,13294,13754,18379,18575,20072,19363,13340,14596,8842,11059,2354,4336,1474,1737,2304,2777,3004,4346,7903,9218,14006,14114,10650,11751,7934,9861,2207,4046,136140,73853,18220,10654,35378,19336,3489
2021-06-14T23:59:59+02:00,7296,7361,10612,9897,13277,13734,18365,18560,20053,19353,13331,14587,8839,11057,2354,4333,1452,1718,2273,2753,2986,4325,7888,9201,13986,14104,10641,11742,7931,9859,2207,4043,136128,73844,18220,10654,35378,19328,3283
2021-06-13T23:59:59+02:00,7295,7361,10607,9894,13277,13733,18365,18560,20053,19353,13331,14587,8839,11057,2354,4333,1448,1709,2270,2745,2973,4313,7819,9151,13938,14074,10630,11720,7925,9849,2204,4043,136120,73552,18220,10654,35378,19324,3281
2021-06-12T23:59:59+02:00,6488,6576,10576,9871,13247,13707,18341,18540,20013,19311,13265,14528,8839,11056,2353,4333,1439,1689,2258,2729,2952,4282,7739,9061,13760,13936,10375,11412,7483,9352,2203,4042,134165,73049,18220,10654,35378,17728,3281
2021-06-11T23:59:59+02:00,6481,6568,10564,9862,13235,13699,18335,18536,20010,19308,13265,14528,8839,11055,2353,4333,1352,1585,2129,2570,2785,4026,5706,7311,12600,12970,10250,11278,7404,9261,2198,4027,134093,65799,18220,10653,35378,17720,3280
2021-06-10T23:59:59+02:00,5364,5524,10508,9813,13076,13572,18099,18327,19808,19156,13255,14516,8834,11047,2351,4330,1284,1519,2004,2459,2635,3832,4907,6553,11622,12101,9983,10990,7326,9189,2189,4005,130780,61027,18219,10653,35378,17715,3203
2021-06-09T23:59:59+02:00,4740,4892,10320,9680,12994,13499,17762,18041,19613,19004,13246,14503,8830,11040,2350,4327,1205,1468,1900,2390,2539,3716,4552,6228,11223,11794,9872,10843,7284,9129,2182,3998,128412,60956,18204,8810,35378,17710,2847
2021-06-08T23:59:59+02:00,4725,4885,10310,9671,12983,13493,17753,18032,19606,19002,13245,14500,8829,11039,2349,4325,1151,1459,1883,2375,2514,3702,4529,6211,11213,11791,9870,10838,7283,9128,2181,3995,128399,60843,18201,8805,35378,17706,2769
2021-06-07T23:59:59+02:00,4708,4878,10279,9654,12974,13478,17730,18023,19592,18991,13242,14494,8826,11037,2347,4323,1137,1452,1853,2359,2504,3685,4505,6201,11197,11777,9867,10831,7280,9127,2179,3993,128390,60834,18199,8802,35377,17701,2610
2021-06-06T23:59:59+02:00,4701,4874,10276,9650,12972,13478,17730,18022,19591,18991,13241,14493,8826,11037,2347,4323,1132,1449,1844,2357,2495,3674,4496,6195,11072,11633,9855,10826,7280,9127,2179,3993,128378,60514,18199,8801,35376,17693,2599
2021-06-05T23:59:59+02:00,4283,4463,7763,7630,12898,13429,17700,17995,19546,18940,13119,14352,8760,10954,2345,4314,1043,1367,1675,2258,2332,3594,4254,6050,10140,10727,9522,10437,7194,8997,2172,3977,122451,57262,18199,8801,35374,17209,2467
2021-06-04T23:59:59+02:00,4201,4403,7590,7488,12451,13050,17567,17894,19311,18700,13007,14207,8710,10888,2333,4299,1011,1283,1646,2159,2291,3419,4177,5788,9484,10051,8651,9370,6980,8679,2169,3968,120065,55800,18199,8799,35374,14066,2461
2021-06-03T23:59:59+02:00,3787,4006,7555,7470,12337,12939,17531,17854,19225,18623,13002,14204,8708,10885,2333,4298,974,1207,1603,2032,2211,3212,3728,5199,9140,9631,7803,8396,6634,8198,2168,3964,118835,54176,18198,8798,35370,10772,2354
2021-06-02T23:59:59+02:00,3270,3582,6453,6598,12132,12772,17472,17798,19101,18517,12943,14157,8692,10864,2331,4292,955,1172,1528,2008,2098,3172,3554,5089,7789,8551,7734,8326,6621,8175,2166,3959,115163,51085,18197,8798,35370,10770,2244
2021-06-01T23:59:59+02:00,2937,3223,5960,6169,11891,12543,17439,17770,19043,18475,12836,14049,8686,10860,2330,4289,938,1162,1512,2001,2082,3159,3525,5072,7492,8224,7700,8295,6613,8162,2164,3959,115145,50410,15874,8779,35370,10760,2111
2021-05-31T23:59:59+02:00,2920,3219,5942,6159,11861,12521,17407,17758,19003,18456,12834,14045,8682,10857,2330,4288,920,1155,1493,1991,2050,3137,3492,5059,7451,8205,7698,8290,6609,8159,2164,3958,115137,50401,15870,8774,35370,10751,1905
2021-05-30T23:59:59+02:00,2914,3217,5942,6156,11861,12520,17404,17757,19002,18456,12834,14045,8682,10857,2330,4288,918,1152,1489,1988,2050,3135,3491,5058,7450,8205,7698,8290,6609,8159,2164,3958,115123,50398,15870,8774,35368,10738,1904
2021-05-29T23:59:59+02:00,2893,3198,5761,5984,11813,12484,17397,17753,18993,18455,12834,14043,8680,10857,2330,4288,872,1094,1355,1883,1780,2873,3077,4625,7158,7914,7564,8122,6434,7934,2162,3953,114621,49756,15870,8774,35368,8366,1904
2021-05-28T23:59:59+02:00,2716,3024,5318,5596,11204,11914,17331,17694,18971,18427,12824,14028,8663,10829,2328,4281,847,1069,1294,1828,1689,2794,2933,4508,5557,6196,7434,7967,6398,7888,2160,3943,112010,45473,15870,8774,35368,8358,1900
2021-05-27T23:59:59+02:00,2689,2999,5227,5491,10592,11385,17291,17666,18957,18413,12816,14020,8661,10828,2328,4281,785,971,1185,1748,1479,2646,2526,4184,4691,5275,7225,7693,6320,7790,2145,3925,110632,41701,15867,8769,35366,8339,1779
2021-05-26T23:59:59+02:00,2638,2918,5040,5313,10172,11030,17239,17614,18899,18367,12804,14003,8650,10824,2325,4270,768,923,1131,1714,1387,2566,2318,4001,4568,5150,7051,7471,6256,7703,2136,3915,109219,40306,15864,8768,35366,8327,1657
2021-05-25T23:59:59+02:00,2634,2910,5011,5291,10146,11008,17215,17597,18886,18361,12799,14001,8648,10821,2325,4270,761,909,1078,1691,1339,2523,2240,3939,3845,4376,6936,7327,6230,7671,2135,3915,109216,40300,15861,6817,35366,8318,1480
2021-05-24T23:59:59+02:00,2624,2904,5000,5286,10136,11002,17190,17575,18862,18338,12789,13992,8646,10810,2324,4267,751,904,1066,1684,1328,2516,2215,3917,3821,4352,6925,7318,6228,7660,2134,3912,109214,40295,15861,6817,35366,8315,1304
2021-05-23T23:59:59+02:00,2604,2869,4895,5200,10023,10896,17187,17574,18861,18337,12788,13990,8643,10805,2322,4267,749,902,1065,1684,1328,2516,2215,3917,3821,4351,6925,7318,6228,7660,2134,3912,108730,40291,15861,6817,35366,8313,1304
2021-05-22T23:59:59+02:00,2584,2848,4880,5182,9947,10814,17160,17559,18814,18297,12765,13960,8639,10799,2322,4267,748,900,1064,1680,1325,2513,2212,3912,3804,4333,6081,6418,6176,7595,2128,3907,108306,38362,15861,6817,35366,8313,1304
2021-05-21T23:59:59+02:00,2540,2811,4763,5080,9756,10644,17147,17542,18796,18287,12760,13954,8637,10797,2317,4256,735,864,1026,1617,1272,2371,2118,3720,3390,3850,4409,4409,6138,7529,2124,3896,107571,34384,15861,6817,35364,6976,1291
2021-05-20T23:59:59+02:00,2507,2769,4680,5019,9514,10402,17119,17506,18747,18238,12730,13918,8621,10783,2317,4253,666,726,905,1304,1093,1951,1872,3157,2826,3199,3624,3508,6096,7481,2121,3891,106727,32567,15859,6816,35355,3855,1182
2021-05-19T23:59:59+02:00,2319,2578,4139,4551,8018,9141,17021,17379,18628,18118,12690,13875,8612,10757,2316,4252,647,677,868,1256,1063,1901,1847,3105,2779,3156,3616,3497,6092,7479,2121,3890,102106,32543,15857,6814,35354,3560,1077
2021-05-18T23:59:59+02:00,2261,2521,3831,4253,7285,8489,16967,17335,18544,18038,12660,13838,8561,10686,2310,4244,641,672,863,1255,1053,1891,1817,3089,2771,3139,3613,3493,6088,7475,2121,3890,102087,32540,13419,6809,35350,3555,967
2021-05-17T23:59:59+02:00,2253,2512,3807,4240,7244,8460,16940,17322,18522,18014,12651,13819,8560,10686,2310,4244,633,664,840,1241,1013,1862,1789,3076,2748,3114,3604,3476,6088,7474,2121,3890,102080,32535,13417,6809,35350,3552,737
2021-05-16T23:59:59+02:00,2248,2507,3798,4232,7045,8285,16934,17318,18517,18009,12647,13818,8559,10685,2310,4244,633,664,840,1240,1012,1861,1788,3076,2747,3114,3604,3476,6088,7474,2121,3890,101658,32533,13416,6809,35346,3550,736
2021-05-15T23:59:59+02:00,2214,2466,3761,4196,6942,8148,16674,17080,18471,17970,12630,13802,8551,10681,2310,4242,633,663,840,1240,1012,1861,1786,3075,2747,3114,3603,3476,6087,7474,2121,3890,100640,32529,13416,6809,35346,3548,736
2021-05-14T23:59:59+02:00,2094,2303,3404,3853,5216,6557,14288,15098,18419,17906,12610,13768,8544,10671,2306,4239,633,662,838,1240,1012,1861,1785,3074,2741,3113,3599,3468,6085,7473,2121,3890,91790,32512,13416,6809,35344,3548,726
2021-05-13T23:59:59+02:00,2063,2250,3363,3804,5083,6437,14090,14926,18271,17780,12541,13676,8514,10627,2306,4238,627,659,831,1229,1001,1850,1763,3053,2631,3014,2506,2122,5081,6226,2112,3872,90583,29508,13320,4798,35342,3547,724
2021-05-12T23:59:59+02:00,2063,2250,3362,3804,5083,6437,14090,14926,18271,17780,12541,13676,8514,10627,2306,4238,627,659,831,1229,1001,1850,1762,3052,2630,3012,2506,2121,5081,6225,2112,3872,90582,29506,13320,4793,35342,3547,724
2021-05-11T23:59:59+02:00,2014,2200,3264,3727,5004,6371,13152,14180,18107,17645,12527,13656,8508,10616,2300,4235,626,656,828,1225,1000,1850,1760,3052,2623,3008,2505,2120,5079,6224,2111,3872,90575,29501,10881,4781,35334,3541,716
2021-05-10T23:59:59+02:00,1996,2197,3261,3725,4998,6367,13151,14179,18106,17645,12527,13656,8508,10616,2300,4235,625,655,828,1225,1000,1850,1759,3052,2623,3007,2504,2120,5079,6224,2111,3872,90563,29500,10878,4781,35310,3537,716
2021-05-09T23:59:59+02:00,1956,2147,3206,3713,4926,6328,13094,14163,18042,17586,12509,13638,8505,10607,2298,4233,621,652,821,1224,990,1845,1750,3050,2619,3006,2504,2118,5078,6223,2111,3871,90096,29497,10875,4780,35303,3529,677
2021-05-08T23:59:59+02:00,1919,2109,3168,3668,4840,6238,12759,13869,18020,17560,12503,13631,8503,10605,2297,4233,609,651,813,1224,980,1845,1743,3050,2603,2994,2503,2118,5078,6222,2110,3870,89067,29494,10875,4780,35303,3462,677
2021-05-07T23:59:59+02:00,1758,1967,2908,3497,4084,5478,11607,12757,17867,17442,12473,13602,8486,10590,2289,4226,498,475,695,995,827,1514,1596,2618,2445,2691,2500,2115,5076,6218,2107,3867,84309,29489,10874,4780,35290,1410,558
2021-05-06T23:59:59+02:00,1690,1784,2768,3374,3709,5113,9908,11291,17390,17033,12322,13457,8449,10528,2287,4221,371,405,592,897,678,1419,1364,2404,2196,2483,2492,2109,5074,6212,2107,3866,78797,29474,10873,4779,35274,36,380
2021-05-05T23:59:59+02:00,1625,1704,2684,3297,3510,4925,8722,10243,16934,16675,12248,13346,8422,10491,2280,4210,370,405,591,895,675,1415,1317,2355,2188,2476,2489,2108,5074,6206,2107,3864,74925,29467,10869,4778,35267,35,255
2021-05-04T23:59:59+02:00,1612,1702,2681,3291,3508,4925,8720,10242,16933,16675,12248,13346,8422,10491,2280,4210,370,404,591,894,673,1415,1317,2355,2187,2476,2489,2108,5074,6206,2107,3863,74917,29464,10858,4778,35257,33,254
2021-05-03T23:59:59+02:00,1610,1696,2673,3285,3497,4918,8648,10182,16921,16669,12244,13344,8422,10491,2279,4209,367,397,587,890,660,1409,1245,2295,2176,2470,2485,2106,5074,6206,2106,3862,74908,29463,10858,4778,35257,29,65
2021-05-02T23:59:59+02:00,1602,1691,2669,3282,3482,4905,8577,10128,16869,16638,12233,13320,8416,10481,2276,4209,365,396,587,890,660,1408,1245,2295,2174,2470,2485,2105,5073,6205,2106,3862,74602,29458,10857,4777,35257,29,62
2021-05-01T23:59:59+02:00,1597,1684,2660,3272,3473,4884,8514,10064,16726,16524,12210,13299,8406,10476,2276,4209,365,396,587,890,660,1408,1245,2295,2174,2470,2485,2105,5071,6204,2105,3861,74098,29453,10857,4777,35257,29,62
2021-04-30T23:59:59+02:00,1516,1585,2532,3101,3307,4604,6412,8234,15546,15522,12078,13152,8321,10374,2264,4178,365,396,586,889,659,1407,1242,2293,2171,2468,2482,2095,5059,6195,2098,3844,66604,29436,10857,4776,35257,29,8
2021-04-29T23:59:59+02:00,1451,1542,2422,2983,3181,4421,5603,7454,14558,14613,11794,12862,8234,10301,2255,4153,363,395,586,888,659,1406,1240,2293,2170,2466,2479,2091,5059,6192,2097,3842,61709,29416,10857,4773,35253,29,8
2021-04-28T23:59:59+02:00,1383,1521,2356,2948,3114,4336,5264,7141,14168,14310,11691,12725,8196,10249,2251,4148,362,395,582,887,658,1406,1239,2292,2169,2459,2477,2089,5056,6187,2094,3840,61592,29415,8955,4748,35253,28,1
2021-04-27T23:59:59+02:00,1363,1518,2349,2948,3112,4335,5262,7141,14167,14309,11690,12724,8196,10249,2251,4148,362,395,582,887,657,1404,1239,2292,2168,2458,2477,2088,5056,6187,2094,3840,61560,29413,8950,4744,35251,28,1
2021-04-26T23:59:59+02:00,1363,1515,2347,2948,3110,4334,5236,7125,14137,14281,11689,12721,8196,10249,2251,4147,362,395,582,887,657,1404,1239,2292,2167,2457,2477,2088,5056,6187,2094,3840,61553,29413,8946,4743,35149,27,1
2021-04-25T23:59:59+02:00,1361,1515,2342,2948,3105,4327,5225,7118,14002,14129,11679,12716,8196,10249,2251,4147,362,395,582,887,656,1403,1238,2290,2167,2457,2477,2088,5056,6187,2094,3840,61232,29410,8944,4741,35133,27,1
2021-04-24T23:59:59+02:00,1283,1463,2196,2859,2970,4273,5002,6995,13102,13266,11455,12446,8146,10158,2245,4135,362,395,582,887,655,1402,1238,2290,2167,2456,2475,2088,5053,6186,2094,3840,57917,29403,8943,4741,35133,25,1
2021-04-23T23:59:59+02:00,1169,1438,1977,2835,2826,4239,4873,6860,11775,12234,11408,12380,8126,10121,2243,4133,361,395,582,887,654,1402,1236,2290,2165,2456,2475,2087,5052,6182,2094,3838,56446,29397,8943,4739,33248,20,0
2021-04-22T23:59:59+02:00,1156,1429,1950,2820,2761,4213,4423,6532,11415,11913,11338,12309,8099,10074,2241,4131,360,394,582,887,654,1401,1234,2290,2164,2456,2475,2086,5050,6180,2094,3838,54755,29391,8942,4734,33107,20,0
2021-04-21T23:59:59+02:00,1136,1414,1865,2796,2640,4177,4270,6448,9933,10751,11276,12256,8089,10052,2239,4128,360,394,581,887,653,1401,1233,2290,2162,2456,2471,2083,5047,6177,2094,3837,51596,29374,8942,4732,32932,20,0
2021-04-20T23:59:59+02:00,1136,1413,1864,2795,2637,4175,4265,6447,9637,10426,11250,12233,8086,10044,2238,4127,360,394,581,887,653,1401,1233,2289,2161,2455,2470,2082,5046,6176,2094,3837,50903,29370,8939,4729,32931,20,0
2021-04-19T23:59:59+02:00,1134,1411,1863,2792,2637,4173,4263,6446,9637,10425,11250,12232,8086,10044,2238,4127,360,394,581,886,653,1401,1231,2289,2160,2455,2470,2082,5046,6176,2094,3837,50895,29367,8934,4728,32929,20,0
2021-04-18T23:59:59+02:00,1133,1411,1861,2792,2636,4171,4263,6446,9637,10425,11250,12232,8086,10043,2238,4126,360,394,581,886,652,1401,1231,2288,2160,2455,2470,2082,5046,6176,2094,3837,50889,29366,8933,4727,32928,20,0
2021-04-17T23:59:59+02:00,1133,1410,1851,2780,2559,4083,4212,6369,9621,10406,11128,12081,8083,10041,2238,4125,353,385,578,881,645,1392,1206,2273,2113,2429,2426,2026,5002,6113,2089,3831,50259,28996,8933,4727,32928,19,0
2021-04-16T23:59:59+02:00,1100,1371,1732,2693,2340,3933,3969,6187,7878,8570,10967,11883,8037,9986,2236,4114,346,380,560,860,614,1357,1111,2201,1878,2273,2290,1914,4820,5849,2041,3727,45919,28981,8858,3226,32219,14,0
2021-04-15T23:59:59+02:00,1017,1315,1602,2598,2046,3775,3406,5838,6888,7591,10742,11586,7951,9879,2219,4093,346,380,558,859,613,1356,1108,2198,1624,2113,2144,1793,4628,5622,2005,3650,42123,28935,8855,2053,31568,9,0
2021-04-14T23:59:59+02:00,1001,1280,1549,2558,1955,3697,3245,5702,6792,7480,10568,11367,7885,9793,2209,4083,322,369,525,826,541,1295,864,2038,1441,2008,2073,1718,4504,5462,1994,3629,40748,27547,8851,2053,31565,9,0
2021-04-13T23:59:59+02:00,998,1274,1532,2554,1935,3677,3205,5666,6081,6698,10459,11231,7861,9765,2208,4083,322,366,525,826,541,1295,864,2038,1441,2007,2070,1717,4504,5462,1994,3626,40741,27545,6924,2044,31562,9,0
2021-04-12T23:59:59+02:00,998,1273,1531,2552,1935,3677,3204,5665,6080,6698,10458,11231,7861,9765,2208,4083,322,365,525,826,539,1295,862,2037,1440,2007,2070,1717,4504,5461,1994,3626,40737,27539,6922,2042,31560,9,0
2021-04-11T23:59:59+02:00,998,1273,1530,2552,1934,3677,3204,5665,6080,6698,10457,11230,7861,9765,2208,4083,322,365,524,826,539,1295,861,2037,1438,2007,2070,1717,4504,5461,1994,3626,40736,27535,6921,2042,31558,9,0
2021-04-10T23:59:59+02:00,996,1270,1526,2547,1918,3666,3130,5588,5957,6606,10210,11006,7825,9727,2206,4082,322,363,524,826,539,1295,860,2037,1438,2007,2065,1712,4499,5453,1994,3623,40167,27506,6921,2042,31172,9,0
2021-04-09T23:59:59+02:00,949,1229,1433,2493,1808,3614,2999,5526,5786,6485,7874,8238,7769,9635,2197,4068,321,363,519,825,536,1293,856,2036,1437,2003,2044,1687,4477,5437,1993,3620,34698,27398,6920,2042,30485,7,0
2021-04-08T23:59:59+02:00,948,1226,1430,2490,1806,3611,2989,5517,5776,6470,7083,7326,7730,9587,2194,4064,320,363,519,824,536,1292,855,2036,1435,2002,2042,1686,4476,5435,1993,3620,32850,27386,6920,2041,30477,7,0
2021-04-07T23:59:59+02:00,892,1200,1345,2417,1725,3539,2746,5397,4815,5750,6692,6944,7679,9528,2189,4058,320,363,519,823,536,1290,855,2036,1435,2002,2042,1686,4476,5435,1993,3620,32846,27385,6919,2040,27151,6,0
2021-04-06T23:59:59+02:00,855,1192,1327,2380,1704,3499,2713,5349,4688,5615,6385,6649,7659,9506,2186,4052,320,362,519,822,536,1290,855,2036,1435,2002,2042,1685,4476,5435,1993,3620,32842,27383,6919,2039,25998,6,0
2021-04-05T23:59:59+02:00,851,1157,1279,2250,1627,3322,2597,5076,4522,5358,6097,6355,7643,9486,2184,4048,320,362,519,821,536,1290,855,2036,1435,2002,2042,1685,4476,5435,1993,3620,32841,27382,6919,2039,24092,6,0
2021-04-04T23:59:59+02:00,828,1120,1178,2024,1487,3043,2380,4631,4158,4875,5883,6145,7620,9448,2183,4041,320,362,517,820,535,1289,854,2035,1321,1944,1696,1398,4335,5270,1956,3573,32836,26181,6919,2039,21289,5,0
2021-04-03T23:59:59+02:00,828,1120,1178,2024,1486,3043,2379,4631,4158,4875,5883,6144,7620,9448,2183,4041,320,362,517,820,535,1289,854,2035,1321,1944,1696,1398,4335,5270,1956,3573,32834,26181,6919,2039,21288,5,0
2021-04-02T23:59:59+02:00,828,1119,1178,2024,1486,3043,2379,4631,4157,4874,5883,6144,7619,9447,2182,4039,320,362,517,820,535,1289,854,2035,1320,1944,1696,1398,4335,5270,1956,3573,32833,26180,6919,2039,21281,5,0
2021-04-01T23:59:59+02:00,823,1117,1175,2017,1477,3035,2364,4611,4065,4788,4954,4990,7355,9111,2180,4035,319,359,517,818,534,1288,852,2032,1282,1917,1516,1274,4265,5196,1948,3561,29932,25640,6893,2033,21272,5,0
2021-03-31T23:59:59+02:00,822,1116,1174,2015,1473,3031,2358,4609,4047,4772,4780,4772,6592,8184,2171,4014,318,358,515,818,532,1285,846,2024,1149,1827,1129,1001,3852,4716,1879,3440,29815,23715,4871,1970,21244,4,0
2021-03-30T23:59:59+02:00,822,1116,1171,2012,1462,3022,2346,4597,4000,4743,4580,4596,6355,7888,2164,4001,318,357,515,816,532,1285,846,2023,1149,1827,1129,1001,3852,4716,1878,3440,29812,23711,4867,1970,20196,3,0
2021-03-29T23:59:59+02:00,821,1114,1171,2012,1461,3022,2346,4597,3996,4741,4578,4594,6352,7876,2162,3985,318,356,515,816,532,1285,846,2022,1149,1827,1129,1000,3852,4716,1878,3440,29806,23708,4862,1970,20160,3,0
2021-03-28T23:59:59+02:00,821,1114,1171,2008,1459,3021,2345,4594,3996,4741,4577,4593,6349,7873,2162,3984,317,356,513,816,532,1285,845,2022,1149,1827,1129,999,3852,4716,1878,3440,29804,23704,4858,1969,20146,3,0
2021-03-27T23:59:59+01:00,815,1106,1168,2002,1452,3011,2320,4577,3952,4715,4529,4532,6312,7824,2157,3975,313,351,496,805,520,1272,788,1980,978,1717,879,829,3690,4510,1755,3188,29452,22740,4858,1328,20137,3,0
2021-03-26T23:59:59+01:00,815,1106,1167,2000,1449,3011,2317,4577,3946,4709,4517,4511,6303,7800,2149,3961,312,351,496,804,518,1272,786,1979,968,1710,695,705,2694,3313,1652,3044,29391,19968,4857,1328,20090,3,0
2021-03-25T23:59:59+01:00,814,1105,1167,1999,1448,3008,2313,4572,3941,4705,4508,4501,6289,7772,2130,3917,312,351,496,804,517,1271,785,1979,965,1709,670,696,1380,1704,1514,2855,29375,16677,4852,1328,19962,3,0
2021-03-24T23:59:59+01:00,786,1092,1132,1964,1376,2946,2070,4405,3754,4598,4443,4438,6164,7608,2120,3891,312,351,496,804,514,1271,784,1979,964,1709,670,696,1380,1703,1514,2853,27996,16670,4850,1327,19941,3,0
2021-03-23T23:59:59+01:00,786,1090,1130,1963,1376,2946,2070,4404,3753,4596,4442,4438,6164,7608,2120,3890,312,351,496,804,514,1271,784,1979,964,1709,670,696,1380,1703,1514,2853,27992,16670,4847,1327,19937,3,0
2021-03-22T23:59:59+01:00,785,1088,1128,1959,1374,2946,2068,4404,3752,4596,4442,4437,6164,7607,2120,3890,312,351,496,804,514,1270,783,1979,964,1708,670,696,1380,1703,1514,2853,27988,16667,4846,1327,19926,3,0
2021-03-21T23:59:59+01:00,785,1088,1127,1957,1374,2945,2067,4403,3752,4595,4442,4437,6163,7607,2120,3890,312,351,496,804,514,1270,783,1979,964,1708,670,695,1380,1703,1514,2853,27985,16666,4845,1327,19922,3,0
2021-03-20T23:59:59+01:00,783,1086,1124,1955,1369,2942,2050,4393,3715,4568,4186,4131,5690,7040,2111,3857,307,348,489,799,498,1260,757,1958,922,1673,603,625,1133,1418,1188,2336,27903,14984,4745,1327,18352,3,0
2021-03-19T23:59:59+01:00,775,1080,1104,1933,1337,2907,1956,4322,3483,4410,4054,4026,5517,6796,2072,3782,307,348,489,799,498,1260,757,1957,921,1673,603,625,1133,1417,1187,2335,27901,14979,3309,1327,18344,3,0
2021-03-18T23:59:59+01:00,775,1079,1103,1932,1336,2905,1955,4319,3233,4247,3908,3906,5332,6575,2038,3708,307,347,488,799,498,1258,757,1956,920,1672,589,618,867,1101,1116,2234,27889,14199,2120,1326,18342,2,0
2021-03-17T23:59:59+01:00,775,1079,1102,1931,1336,2905,1955,4319,3233,4247,3908,3904,5331,6575,2038,3708,307,347,488,799,498,1258,757,1956,919,1672,588,618,867,1101,1116,2234,27887,14197,2120,1326,18339,2,0
2021-03-16T23:59:59+01:00,774,1078,1102,1928,1335,2905,1953,4319,3233,4245,3907,3903,5331,6574,2037,3708,303,343,474,792,488,1247,741,1943,905,1662,587,618,865,1100,1115,2233,27880,14088,2116,1326,18336,2,0
2021-03-15T23:59:59+01:00,773,1077,1101,1927,1332,2905,1949,4318,3232,4245,3907,3902,5330,6574,2037,3708,303,343,474,792,488,1247,741,1942,904,1662,587,618,865,1100,1115,2233,27875,14086,2114,1326,18328,2,0
2021-03-14T23:59:59+01:00,772,1074,1098,1925,1329,2901,1948,4317,3227,4244,3907,3902,5330,6574,2037,3708,303,343,474,792,488,1247,741,1942,904,1662,587,618,865,1100,1115,2233,27872,14086,2114,1326,18307,2,0
2021-03-13T23:59:59+01:00,770,1069,1090,1920,1321,2893,1942,4310,3065,4134,3457,3482,5148,6374,2000,3661,303,343,474,792,488,1247,740,1942,903,1662,556,596,549,779,716,1691,26606,12453,2114,1326,17916,2,0
2021-03-12T23:59:59+01:00,735,967,1070,1805,1301,2699,1908,4043,2993,3947,2254,1963,4876,5947,1998,3654,303,343,474,792,488,1247,739,1942,903,1662,556,595,549,779,716,1690,26595,12451,2114,1326,13451,1,0
2021-03-11T23:59:59+01:00,723,913,1063,1702,1291,2532,1899,3825,2941,3827,1563,1305,4522,5537,1989,3645,301,343,474,792,488,1247,739,1940,903,1660,556,594,547,778,634,1545,26045,12449,2102,1092,11130,0,0
2021-03-10T23:59:59+01:00,715,894,1054,1684,1282,2510,1885,3801,2806,3732,1175,1027,4104,5041,1929,3539,301,343,473,791,487,1247,739,1940,902,1660,556,594,545,776,634,1545,24063,12443,2101,1090,11014,0,0
2021-03-09T23:59:59+01:00,713,888,1045,1666,1274,2497,1880,3791,2802,3728,1171,1025,4104,5041,1928,3539,301,343,473,791,487,1247,739,1940,902,1660,556,594,545,776,634,1545,24060,12443,2101,1090,10931,0,0
2021-03-08T23:59:59+01:00,708,855,1033,1645,1261,2462,1869,3759,2784,3714,1170,1023,4104,5041,1928,3539,301,343,473,791,487,1247,739,1940,902,1660,556,594,544,776,634,1545,24056,12442,2100,1090,10739,0,0
2021-03-07T23:59:59+01:00,708,852,1029,1641,1261,2459,1868,3756,2784,3712,1170,1023,4104,5041,1928,3539,301,343,473,791,486,1247,739,1940,902,1660,556,594,544,776,634,1545,24053,12441,2100,1090,10722,0,0
2021-03-06T23:59:59+01:00,663,796,890,1532,1027,2255,1421,3357,2344,3346,950,880,3812,4664,1913,3523,301,343,473,791,485,1247,739,1940,902,1659,556,593,542,771,545,1372,23055,12439,2097,820,8221,0,0
2021-03-05T23:59:59+01:00,660,796,886,1529,1027,2254,1417,3353,2336,3342,759,752,2798,3429,1809,3362,299,341,467,780,481,1241,730,1924,889,1643,551,590,479,707,252,870,20210,12240,2087,4,8212,0,0
2021-03-04T23:59:59+01:00,641,742,848,1399,985,2095,1367,3151,2299,3264,740,743,1475,1819,1672,3175,299,341,466,780,481,1241,730,1924,888,1642,550,590,479,706,252,870,16920,12235,2086,4,7409,0,0
2021-03-03T23:59:59+01:00,632,701,824,1338,966,2032,1354,3105,2289,3226,740,743,1475,1819,1672,3175,299,341,466,780,481,1241,730,1924,888,1642,550,590,479,706,252,870,16919,12235,2086,4,7086,0,0
2021-03-02T23:59:59+01:00,629,699,823,1337,966,2032,1353,3104,2289,3226,740,743,1475,1819,1672,3175,299,341,466,780,481,1241,730,1924,888,1641,550,590,479,706,252,870,16918,12234,2086,4,7078,0,0
2021-03-01T23:59:59+01:00,629,697,822,1337,966,2032,1353,3104,2289,3225,740,742,1475,1818,1672,3175,299,341,466,780,481,1241,730,1923,888,1641,550,590,479,706,252,870,16916,12233,2085,4,7075,0,0
2021-02-28T23:59:59+01:00,628,695,822,1337,965,2032,1352,3104,2288,3224,740,741,1475,1818,1672,3175,299,341,466,780,481,1241,730,1922,888,1641,550,590,479,706,252,870,16913,12232,2085,4,7070,0,0
2021-02-27T23:59:59+01:00,623,690,806,1330,945,2021,1307,3070,2209,3165,621,633,1159,1443,1224,2393,298,341,466,780,479,1241,729,1920,887,1640,549,587,478,703,252,867,15193,12216,1378,1,7068,0,0
2021-02-26T23:59:59+01:00,612,661,777,1269,913,1891,1259,2895,1862,2755,620,633,1159,1443,1223,2392,298,341,466,780,479,1241,729,1920,887,1640,549,587,478,703,252,866,15188,12215,1378,1,5798,0,0
2021-02-25T23:59:59+01:00,569,608,719,1148,801,1689,1082,2561,1349,2219,606,626,883,1119,1153,2288,297,340,465,780,479,1240,728,1919,887,1640,549,587,478,703,252,866,14386,12210,1378,0,3656,0,0
2021-02-24T23:59:59+01:00,568,607,719,1147,800,1689,1082,2560,1349,2218,606,626,883,1119,1153,2288,297,340,465,780,479,1240,728,1919,887,1640,549,587,478,703,252,866,14386,12210,1377,0,3651,0,0
2021-02-23T23:59:59+01:00,564,601,704,1138,790,1679,1065,2547,1335,2208,605,626,881,1118,1152,2287,297,339,465,779,479,1240,728,1918,887,1640,549,587,478,703,252,866,14276,12207,1377,0,3647,0,0
2021-02-22T23:59:59+01:00,564,601,704,1138,788,1679,1065,2546,1334,2207,605,626,881,1118,1152,2287,297,339,465,779,479,1240,728,1918,887,1640,549,587,478,703,252,866,14274,12207,1377,0,3644,0,0
2021-02-21T23:59:59+01:00,564,601,704,1138,787,1679,1064,2546,1334,2207,604,626,881,1118,1152,2287,297,339,465,779,479,1240,728,1918,887,1640,549,587,478,703,252,866,14274,12207,1377,0,3641,0,0
2021-02-20T23:59:59+01:00,547,598,692,1131,766,1677,1052,2541,1308,2187,567,603,559,791,745,1733,295,338,461,777,474,1234,723,1907,879,1639,548,584,474,703,248,861,12606,12145,1376,0,3515,0,0
2021-02-19T23:59:59+01:00,437,502,594,1003,641,1517,909,2365,1039,1947,567,603,559,791,745,1733,292,338,457,775,472,1224,720,1890,871,1622,544,577,470,697,245,853,12604,12047,1376,0,1972,0,0
2021-02-18T23:59:59+01:00,306,347,480,806,493,1258,755,1961,911,1676,567,603,558,791,745,1733,291,337,455,772,469,1220,720,1876,867,1610,537,572,464,691,240,842,12603,11963,1376,0,11,0,0
2021-02-17T23:59:59+01:00,306,347,479,806,493,1258,755,1961,910,1676,566,603,558,790,745,1733,290,336,454,770,467,1217,717,1868,864,1604,532,567,454,669,230,823,12601,11862,1376,0,9,0,0
2021-02-16T23:59:59+01:00,306,347,477,805,492,1258,755,1961,910,1676,566,603,558,790,745,1733,278,331,447,754,457,1180,709,1784,839,1537,512,538,419,622,216,762,12601,11385,1376,0,5,0,0
2021-02-15T23:59:59+01:00,306,347,476,805,491,1257,754,1961,910,1676,566,603,558,790,745,1733,274,327,444,745,451,1153,690,1730,815,1483,491,506,400,577,207,706,12600,10999,1376,0,2,0,0
2021-02-14T23:59:59+01:00,306,347,476,805,490,1257,754,1961,910,1676,566,603,558,790,745,1733,274,327,444,745,451,1151,690,1725,812,1475,480,501,397,574,199,697,12599,10942,1376,0,2,0,0
2021-02-13T23:59:59+01:00,304,347,476,805,490,1257,754,1960,910,1676,566,603,558,790,745,1733,272,324,441,742,446,1139,678,1704,794,1442,463,474,380,548,187,662,12597,10696,1376,0,1,0,0
2021-02-12T23:59:59+01:00,304,346,476,805,490,1257,753,1959,907,1673,566,601,501,741,739,1732,255,313,420,706,423,1045,636,1536,710,1205,374,359,310,437,138,495,12473,9362,1376,0,1,0,0
2021-02-11T23:59:59+01:00,302,346,475,805,490,1257,753,1956,907,1671,565,600,498,738,654,1584,232,295,408,674,403,1000,600,1435,665,1103,336,315,274,367,114,418,12461,8639,1139,0,1,0,0
2021-02-10T23:59:59+01:00,302,346,475,804,490,1257,752,1956,906,1671,564,600,498,737,653,1582,229,290,407,669,399,986,597,1409,652,1072,320,292,248,324,100,358,12454,8352,1139,0,0,0,0
2021-02-09T23:59:59+01:00,302,346,475,804,490,1257,751,1956,906,1669,564,600,498,737,653,1582,220,275,394,633,377,919,556,1308,600,952,240,194,173,209,65,221,12451,7336,1139,0,0,0,0
2021-02-08T23:59:59+01:00,302,346,473,804,490,1257,751,1956,906,1669,564,600,498,737,653,1582,217,267,389,618,367,895,535,1252,570,876,211,162,138,161,52,167,12450,6877,1138,0,0,0,0
2021-02-07T23:59:59+01:00,302,346,473,804,490,1257,751,1956,906,1669,564,600,498,737,653,1581,216,267,388,613,366,891,530,1242,564,862,207,153,127,143,47,153,12449,6769,1138,0,0,0,0
2021-02-06T23:59:59+01:00,302,346,473,804,490,1257,751,1956,906,1669,564,600,496,731,563,1408,216,267,388,613,366,891,530,1242,564,862,207,153,127,143,47,153,12449,6769,867,0,0,0,0
2021-02-05T23:59:59+01:00,302,346,470,803,489,1255,748,1954,903,1665,558,597,490,714,255,886,209,255,371,581,352,852,509,1200,547,832,183,138,106,131,43,150,12433,6459,2,0,0,0,0
2021-02-04T23:59:59+01:00,302,345,469,797,486,1254,747,1949,898,1665,557,596,489,713,255,886,189,206,302,447,289,686,423,977,481,713,173,133,96,126,38,139,12406,5418,2,0,0,0,0
2021-02-03T23:59:59+01:00,301,345,469,795,486,1254,746,1948,897,1665,557,596,489,713,255,886,183,191,251,368,245,596,362,876,435,642,166,129,92,124,37,138,12400,4835,2,0,0,0,0
2021-02-02T23:59:59+01:00,301,343,469,793,486,1254,746,1944,897,1663,557,596,489,713,255,886,172,171,192,295,191,514,275,748,361,579,160,126,91,123,37,137,12390,4172,2,0,0,0,0
2021-02-01T23:59:59+01:00,301,343,467,792,485,1252,745,1940,894,1658,557,596,488,713,255,886,165,165,152,257,164,454,226,664,306,517,156,115,85,113,32,130,12370,3701,2,0,0,0,0
2021-01-31T23:59:59+01:00,301,343,467,792,485,1252,745,1940,894,1658,557,596,488,713,255,886,165,165,152,256,164,453,225,664,306,517,156,115,85,113,32,130,12370,3698,2,0,0,0,0
2021-01-30T23:59:59+01:00,301,343,467,792,485,1252,745,1940,889,1658,557,596,486,713,252,886,152,150,133,241,154,423,210,625,288,471,138,104,73,84,27,99,12360,3372,2,0,0,0,0
2021-01-29T23:59:59+01:00,298,343,463,789,483,1242,742,1922,881,1641,553,589,482,708,249,878,99,85,94,156,113,262,163,456,198,342,103,68,56,73,23,89,12261,2380,2,0,0,0,0
2021-01-28T23:59:59+01:00,297,343,463,789,482,1242,742,1922,881,1641,553,589,482,708,249,878,12,12,13,23,22,51,27,100,45,94,40,29,27,55,20,82,12259,652,2,0,0,0,0
2021-01-27T23:59:59+01:00,296,343,463,789,482,1242,742,1922,880,1641,553,589,482,708,249,878,12,12,13,23,21,50,27,97,44,94,40,29,27,55,20,82,12258,646,1,0,0,0,0
2021-01-26T23:59:59+01:00,296,343,463,788,482,1241,742,1922,880,1640,553,589,482,708,249,878,12,12,13,23,21,50,27,97,44,94,40,29,27,55,20,82,12255,646,1,0,0,0,0
2021-01-25T23:59:59+01:00,296,342,461,788,482,1240,742,1920,880,1639,553,589,481,706,249,878,7,4,5,12,10,25,15,39,21,41,19,14,8,18,7,16,12246,261,0,0,0,0,0
2021-01-24T23:59:59+01:00,296,342,461,788,481,1240,742,1919,880,1638,553,589,481,706,249,878,7,4,5,12,10,25,15,39,21,41,19,14,8,18,7,16,12243,261,0,0,0,0,0
2021-01-23T23:59:59+01:00,296,342,461,788,481,1240,742,1919,880,1638,553,589,481,706,249,878,7,4,5,12,10,25,15,39,21,41,19,14,8,18,7,16,12243,261,0,0,0,0,0
2021-01-22T23:59:59+01:00,294,340,461,788,480,1239,742,1918,880,1638,553,589,481,706,231,834,7,4,5,12,10,25,15,39,21,41,19,14,8,18,7,16,12174,261,0,0,0,0,0
2021-01-21T23:59:59+01:00,291,335,459,781,476,1231,740,1897,871,1620,543,581,463,679,220,800,7,4,5,12,10,25,15,39,21,41,19,14,8,18,7,16,11987,261,0,0,0,0,0
2021-01-20T23:59:59+01:00,289,332,456,777,474,1228,737,1889,868,1616,537,576,456,660,212,783,7,4,5,12,10,25,15,39,21,41,19,14,8,18,7,16,11890,261,0,0,0,0,0
2021-01-19T23:59:59+01:00,283,331,454,770,469,1210,733,1853,858,1582,524,558,442,643,204,750,7,4,5,12,10,25,15,39,21,41,19,14,8,18,7,16,11664,261,0,0,0,0,0
2021-01-18T23:59:59+01:00,279,324,451,760,464,1189,714,1812,833,1533,504,526,428,606,194,698,7,3,5,12,10,25,15,39,21,41,19,14,8,18,7,16,11315,260,0,0,0,0,0
2021-01-17T23:59:59+01:00,279,323,451,760,464,1186,711,1806,824,1522,489,513,412,583,181,675,7,3,4,12,10,25,15,39,21,41,19,14,8,18,7,16,11179,259,0,0,0,0,0
2021-01-16T23:59:59+01:00,271,312,443,741,450,1144,683,1714,781,1377,449,433,380,530,163,623,0,0,0,0,0,0,0,0,0,0,0,0,0,0,0,0,10494,0,0,0,0,0,0
2021-01-15T23:59:59+01:00,262,304,434,719,436,1091,662,1607,743,1262,389,380,337,461,148,525,0,0,0,0,0,0,0,0,0,0,0,0,0,0,0,0,9760,0,0,0,0,0,0
2021-01-14T23:59:59+01:00,238,285,416,674,412,1031,617,1478,673,1117,334,313,290,360,110,417,0,0,0,0,0,0,0,0,0,0,0,0,0,0,0,0,8765,0,0,0,0,0,0
2021-01-13T23:59:59+01:00,236,282,415,668,407,1012,611,1450,660,1086,316,289,261,317,96,358,0,0,0,0,0,0,0,0,0,0,0,0,0,0,0,0,8464,0,0,0,0,0,0
2021-01-12T23:59:59+01:00,219,270,397,625,374,913,550,1288,581,901,218,172,153,166,55,179,0,0,0,0,0,0,0,0,0,0,0,0,0,0,0,0,7061,0,0,0,0,0,0
2021-01-11T23:59:59+01:00,215,265,392,610,363,887,529,1239,560,850,198,141,120,123,41,130,0,0,0,0,0,0,0,0,0,0,0,0,0,0,0,0,6663,0,0,0,0,0,0
2021-01-10T23:59:59+01:00,214,258,381,596,359,876,518,1217,549,834,195,141,117,122,39,129,0,0,0,0,0,0,0,0,0,0,0,0,0,0,0,0,6545,0,0,0,0,0,0
2021-01-09T23:59:59+01:00,193,213,334,524,318,753,447,1024,464,702,133,88,68,78,28,95,0,0,0,0,0,0,0,0,0,0,0,0,0,0,0,0,5462,0,0,0,0,0,0
2021-01-08T23:59:59+01:00,113,112,242,356,234,461,321,679,310,443,75,52,44,63,23,84,0,0,0,0,0,0,0,0,0,0,0,0,0,0,0,0,3612,0,0,0,0,0,0
2021-01-07T23:59:59+01:00,18,23,58,98,68,133,102,199,111,152,45,31,28,56,21,84,0,0,0,0,0,0,0,0,0,0,0,0,0,0,0,0,1227,0,0,0,0,0,0
2021-01-06T23:59:59+01:00,9,10,11,22,15,49,28,97,49,98,40,30,28,56,21,84,0,0,0,0,0,0,0,0,0,0,0,0,0,0,0,0,647,0,0,0,0,0,0
2021-01-05T23:59:59+01:00,9,10,11,22,15,49,27,97,48,98,40,30,28,56,21,84,0,0,0,0,0,0,0,0,0,0,0,0,0,0,0,0,645,0,0,0,0,0,0
2021-01-04T23:59:59+01:00,7,4,5,12,10,27,16,41,23,42,19,14,9,18,7,17,0,0,0,0,0,0,0,0,0,0,0,0,0,0,0,0,271,0,0,0,0,0,0
2021-01-03T23:59:59+01:00,7,4,5,12,10,27,16,41,23,42,19,14,9,18,7,17,0,0,0,0,0,0,0,0,0,0,0,0,0,0,0,0,271,0,0,0,0,0,0
2021-01-02T23:59:59+01:00,7,4,5,12,10,27,16,41,23,42,19,14,9,18,7,17,0,0,0,0,0,0,0,0,0,0,0,0,0,0,0,0,271,0,0,0,0,0,0
2021-01-01T23:59:59+01:00,7,4,5,12,10,27,16,41,23,42,19,14,9,18,7,17,0,0,0,0,0,0,0,0,0,0,0,0,0,0,0,0,271,0,0,0,0,0,0
2020-12-31T23:59:59+01:00,7,4,5,12,10,27,16,41,23,42,19,14,9,18,7,17,0,0,0,0,0,0,0,0,0,0,0,0,0,0,0,0,271,0,0,0,0,0,0
2020-12-30T23:59:59+01:00,7,4,5,12,10,27,16,41,23,42,19,14,9,18,7,17,0,0,0,0,0,0,0,0,0,0,0,0,0,0,0,0,271,0,0,0,0,0,0
2020-12-29T23:59:59+01:00,7,4,5,12,10,27,16,41,23,42,19,14,9,18,7,17,0,0,0,0,0,0,0,0,0,0,0,0,0,0,0,0,271,0,0,0,0,0,0
2020-12-28T23:59:59+01:00,7,4,5,12,10,27,16,41,23,42,19,14,9,18,7,17,0,0,0,0,0,0,0,0,0,0,0,0,0,0,0,0,271,0,0,0,0,0,0
2020-12-27T23:59:59+01:00,7,3,4,12,10,27,16,41,23,42,19,14,9,18,7,17,0,0,0,0,0,0,0,0,0,0,0,0,0,0,0,0,269,0,0,0,0,0,0
