Datum,<15_1_m,<15_1_w,15-24_1_m,15-24_1_w,25-34_1_m,25-34_1_w,35-44_1_m,35-44_1_w,45-54_1_m,45-54_1_w,55-64_1_m,55-64_1_w,65-74_1_m,65-74_1_w,75-84_1_m,75-84_1_w,>84_1_m,>84_1_w,<15_2_m,<15_2_w,15-24_2_m,15-24_2_w,25-34_2_m,25-34_2_w,35-44_2_m,35-44_2_w,45-54_2_m,45-54_2_w,55-64_2_m,55-64_2_w,65-74_2_m,65-74_2_w,75-84_2_m,75-84_2_w,>84_2_m,>84_2_w,bp_1,bp_2,mo_1,mo_2,az_1,az_2,ja,unb_1,unb_2
2021-11-20T23:59:59+01:00,2652,2587,16430,14886,18864,17115,19945,19556,22679,22502,23616,22407,15002,16230,10247,12529,3137,5465,2035,1938,14185,13133,17045,15405,18606,18227,21601,21414,22891,21704,14686,15855,10079,12312,3054,5324,194371,179585,23247,22598,35589,34651,12647,12,13
2021-11-19T23:59:59+01:00,2639,2580,16422,14883,18864,17112,19937,19551,22676,22499,23611,22404,15000,16230,10247,12528,3136,5465,2032,1936,14180,13129,17041,15401,18605,18226,21598,21413,22889,21702,14685,15853,10077,12312,3053,5323,194308,179548,23246,22597,35589,34651,12646,12,13
2021-11-18T23:59:59+01:00,2567,2506,16323,14769,18780,16997,19862,19468,22621,22443,23571,22360,14983,16192,10239,12517,3135,5457,2020,1919,14141,13083,16982,15372,18554,18201,21563,21386,22867,21690,14684,15847,10075,12309,3051,5320,193350,179164,23212,22592,35589,34651,12644,12,13
2021-11-17T23:59:59+01:00,2525,2464,16223,14681,18704,16906,19789,19401,22571,22392,23527,22327,14959,16169,10230,12503,3132,5449,2005,1904,14106,13064,16965,15351,18539,18186,21549,21377,22854,21682,14679,15841,10070,12305,3050,5319,192515,178947,23210,22592,35589,34651,12643,12,13
2021-11-16T23:59:59+01:00,2502,2435,16163,14623,18651,16842,19754,19359,22539,22357,23499,22308,14950,16155,10225,12494,3130,5446,1999,1898,14093,13056,16954,15337,18529,18174,21543,21372,22847,21679,14675,15840,10070,12304,3050,5318,192000,178840,23205,22591,35589,34651,12643,12,13
2021-11-15T23:59:59+01:00,2480,2393,16075,14563,18574,16766,19696,19305,22497,22318,23476,22291,14941,16141,10218,12482,3128,5444,1996,1892,14081,13047,16938,15330,18525,18167,21531,21361,22838,21676,14670,15838,10069,12301,3050,5314,191364,178731,23202,22591,35589,34651,12638,12,13
2021-11-14T23:59:59+01:00,2453,2361,15960,14475,18474,16691,19640,19254,22448,22281,23429,22252,14931,16129,10212,12477,3125,5442,1995,1888,14073,13040,16934,15326,18516,18159,21526,21361,22833,21670,14669,15837,10068,12301,3050,5314,190635,178676,23184,22589,35589,34651,12631,12,13
2021-11-13T23:59:59+01:00,2453,2360,15958,14474,18470,16688,19640,19252,22448,22281,23429,22248,14931,16129,10211,12477,3124,5442,1995,1888,14073,13039,16934,15326,18516,18157,21526,21361,22833,21670,14669,15837,10068,12301,3050,5314,190619,178675,23183,22589,35589,34651,12629,12,13
2021-11-12T23:59:59+01:00,2404,2301,15723,14313,18314,16567,19535,19142,22369,22197,23377,22207,14918,16114,10204,12470,3122,5438,1960,1862,14001,12982,16875,15280,18480,18126,21500,21341,22815,21657,14663,15831,10066,12298,3050,5313,189362,178242,23146,22570,35588,34651,12624,12,13
2021-11-11T23:59:59+01:00,2315,2215,15404,14072,18076,16366,19374,18974,22254,22069,23321,22143,14883,16085,10192,12453,3119,5433,1948,1845,13942,12944,16830,15253,18458,18105,21478,21311,22796,21641,14658,15825,10060,12294,3049,5312,187516,177913,23032,22555,35588,34651,12617,12,13
2021-11-10T23:59:59+01:00,2280,2191,15141,13865,17872,16188,19234,18844,22135,21974,23238,22081,14862,16056,10182,12438,3116,5428,1930,1827,13868,12894,16775,15209,18420,18076,21458,21295,22784,21627,14650,15815,10057,12289,3048,5309,185937,177506,22996,22553,35588,34651,12608,12,13
2021-11-09T23:59:59+01:00,2252,2164,15107,13831,17857,16159,19210,18817,22115,21959,23223,22072,14856,16052,10179,12434,3113,5424,1923,1822,13852,12878,16765,15194,18409,18065,21449,21284,22776,21623,14644,15811,10056,12286,3047,5308,185665,177393,22993,22553,35588,34651,12582,12,13
2021-11-08T23:59:59+01:00,2250,2152,15089,13811,17838,16138,19196,18804,22105,21943,23214,22064,14853,16051,10179,12432,3112,5423,1920,1816,13839,12853,16756,15184,18404,18057,21444,21278,22772,21615,14643,15811,10056,12285,3046,5306,185495,177289,22993,22550,35588,34651,12582,12,13
2021-11-07T23:59:59+01:00,2241,2146,15076,13796,17828,16133,19192,18794,22095,21935,23207,22057,14852,16049,10176,12429,3110,5422,1919,1814,13836,12848,16755,15181,18404,18049,21443,21274,22772,21614,14643,15811,10055,12285,3046,5306,185379,177259,22993,22550,35588,34651,12582,12,13
2021-11-06T23:59:59+01:00,2240,2145,15072,13796,17826,16130,19190,18794,22093,21935,23206,22056,14851,16049,10176,12429,3110,5422,1919,1814,13835,12846,16753,15180,18402,18048,21443,21272,22772,21614,14643,15811,10055,12285,3046,5306,185361,177248,22993,22550,35588,34651,12582,12,13
2021-11-05T23:59:59+01:00,2200,2095,14919,13684,17704,16013,19093,18723,22017,21877,23171,22025,14839,16030,10172,12426,3108,5420,1892,1788,13755,12791,16713,15155,18376,18020,21430,21258,22758,21605,14641,15804,10052,12283,3045,5304,184388,176889,22974,22547,35588,34651,12570,12,13
2021-11-04T23:59:59+01:00,2148,2051,14734,13555,17532,15897,18969,18627,21931,21806,23132,21997,14831,16021,10164,12419,3107,5417,1874,1761,13699,12735,16673,15114,18340,17977,21402,21239,22738,21589,14634,15794,10049,12281,3042,5301,183279,176496,22926,22533,35588,34651,12549,12,13
2021-11-03T23:59:59+01:00,2132,2028,14687,13514,17483,15862,18946,18604,21909,21779,23121,21984,14825,16020,10163,12418,3107,5417,1852,1740,13623,12687,16606,15066,18305,17942,21368,21213,22709,21569,14627,15783,10042,12274,3041,5298,182967,176022,22920,22531,35588,34651,12528,12,13
2021-11-02T23:59:59+01:00,2113,2018,14665,13493,17460,15838,18932,18589,21888,21767,23116,21980,14820,16017,10162,12418,3107,5415,1830,1728,13595,12654,16583,15047,18283,17919,21353,21200,22702,21552,14624,15780,10040,12269,3041,5298,182772,175779,22916,22529,35588,34651,12526,12,13
2021-11-01T23:59:59+01:00,2113,2014,14652,13486,17449,15829,18925,18585,21880,21758,23113,21977,14820,16017,10161,12416,3107,5415,1824,1724,13580,12639,16572,15041,18276,17913,21344,21196,22701,21548,14623,15779,10039,12267,3041,5298,182714,175711,22916,22527,35588,34651,12503,12,13
2021-10-31T23:59:59+01:00,2113,2014,14652,13486,17449,15829,18925,18585,21880,21758,23113,21977,14820,16016,10161,12416,3107,5415,1824,1724,13580,12639,16572,15041,18276,17913,21344,21196,22701,21548,14623,15779,10039,12267,3041,5298,182713,175711,22916,22527,35588,34651,12503,12,13
2021-10-30T23:59:59+02:00,2113,2014,14651,13486,17449,15829,18925,18585,21878,21758,23113,21977,14819,16015,10161,12415,3107,5415,1822,1723,13580,12639,16571,15041,18276,17912,21343,21195,22701,21548,14623,15778,10039,12267,3040,5298,182707,175702,22916,22527,35588,34651,12503,12,13
2021-10-29T23:59:59+02:00,2103,2001,14565,13429,17353,15780,18845,18551,21831,21729,23090,21960,14817,16011,10161,12414,3106,5415,1816,1721,13562,12628,16561,15031,18263,17905,21335,21188,22699,21541,14622,15777,10037,12266,3040,5298,182166,175602,22913,22526,35588,34651,12498,12,13
2021-10-28T23:59:59+02:00,2088,1974,14456,13344,17225,15704,18767,18497,21764,21675,23055,21937,14810,16005,10157,12413,3106,5409,1803,1709,13525,12598,16523,15000,18231,17875,21315,21166,22681,21531,14614,15768,10035,12260,3040,5297,181483,175376,22913,22525,35588,34651,12406,12,13
2021-10-27T23:59:59+02:00,2076,1970,14431,13328,17200,15681,18742,18481,21746,21665,23043,21932,14809,15998,10150,12405,3104,5409,1795,1704,13484,12561,16493,14983,18207,17855,21293,21153,22668,21524,14611,15759,10031,12255,3040,5295,181328,175175,22911,22525,35588,34651,12347,12,13
2021-10-26T23:59:59+02:00,2070,1965,14426,13321,17198,15673,18730,18475,21741,21663,23039,21930,14806,15998,10150,12405,3104,5408,1787,1698,13466,12538,16488,14972,18202,17848,21286,21147,22666,21522,14608,15757,10026,12252,3039,5295,181263,175062,22909,22525,35588,34651,12346,12,13
2021-10-25T23:59:59+02:00,2070,1965,14421,13319,17195,15672,18729,18472,21738,21662,23038,21930,14806,15998,10150,12404,3103,5408,1786,1698,13463,12537,16485,14971,18201,17846,21283,21146,22665,21522,14608,15757,10026,12251,3038,5295,181259,175061,22909,22525,35588,34651,12328,12,13
2021-10-24T23:59:59+02:00,2070,1963,14418,13318,17192,15672,18728,18471,21738,21662,23038,21929,14804,15998,10150,12404,3103,5407,1785,1698,13463,12537,16484,14971,18200,17846,21282,21146,22663,21520,14606,15754,10025,12248,3036,5286,181246,175034,22908,22525,35588,34651,12327,12,13
2021-10-23T23:59:59+02:00,2070,1963,14417,13318,17191,15671,18728,18471,21737,21662,23038,21929,14804,15998,10150,12404,3103,5406,1785,1698,13463,12537,16484,14971,18200,17846,21282,21146,22663,21520,14606,15754,10025,12248,3036,5286,181241,175034,22908,22525,35588,34651,12327,12,13
2021-10-22T23:59:59+02:00,2050,1937,14357,13275,17134,15621,18688,18439,21705,21636,23019,21918,14798,15991,10149,12404,3103,5405,1771,1684,13431,12510,16463,14952,18185,17827,21271,21129,22657,21512,14605,15750,10022,12247,3035,5285,180813,174827,22906,22519,35588,34651,12326,12,13
2021-10-21T23:59:59+02:00,2041,1921,14290,13236,17072,15577,18647,18408,21682,21609,22993,21902,14794,15989,10146,12399,3101,5402,1761,1670,13387,12488,16431,14923,18163,17802,21262,21118,22645,21495,14600,15744,10020,12239,3034,5284,180433,174595,22904,22519,35588,34651,12288,12,13
2021-10-20T23:59:59+02:00,2026,1910,14268,13224,17059,15558,18636,18393,21673,21600,22985,21899,14791,15984,10145,12393,3099,5400,1746,1646,13323,12436,16397,14887,18137,17761,21249,21098,22626,21479,14594,15733,10014,12235,3032,5279,180272,174206,22904,22519,35588,34651,12283,12,13
2021-10-19T23:59:59+02:00,2012,1900,14253,13210,17048,15544,18631,18387,21667,21595,22976,21893,14786,15976,10142,12392,3099,5399,1735,1644,13301,12408,16382,14864,18127,17748,21236,21086,22617,21469,14593,15724,10008,12232,3030,5278,180162,174039,22904,22519,35588,34651,12260,12,13
2021-10-18T23:59:59+02:00,1998,1887,14234,13187,17033,15534,18626,18381,21660,21586,22971,21890,14782,15973,10142,12391,3099,5398,1726,1633,13278,12375,16365,14836,18113,17739,21227,21078,22611,21468,14587,15724,10003,12226,3028,5277,180048,173891,22903,22502,35588,34651,12237,12,13
2021-10-17T23:59:59+02:00,1997,1885,14234,13185,17033,15534,18626,18379,21658,21581,22971,21887,14782,15970,10142,12390,3098,5398,1725,1630,13277,12370,16359,14832,18111,17733,21224,21073,22609,21465,14586,15723,10002,12224,3026,5274,180026,173840,22903,22502,35588,34651,12237,12,13
2021-10-16T23:59:59+02:00,1997,1885,14234,13185,17033,15534,18626,18379,21658,21581,22971,21887,14782,15970,10142,12390,3098,5398,1725,1630,13277,12370,16359,14831,18111,17733,21224,21073,22609,21465,14585,15723,10002,12224,3026,5274,180026,173838,22903,22502,35588,34651,12237,12,13
2021-10-15T23:59:59+02:00,1990,1872,14192,13152,17001,15505,18606,18361,21643,21569,22962,21880,14781,15966,10141,12386,3098,5396,1681,1602,13211,12305,16312,14779,18076,17704,21196,21041,22588,21447,14574,15710,9998,12217,3025,5269,179804,173368,22884,22474,35588,34651,12229,12,13
2021-10-14T23:59:59+02:00,1978,1859,14138,13114,16953,15462,18578,18333,21620,21556,22948,21866,14771,15956,10139,12383,3094,5391,1622,1551,13095,12176,16255,14699,18013,17631,21156,20991,22555,21407,14558,15694,9991,12205,3023,5264,179465,172591,22865,22407,35588,34651,12225,12,12
2021-10-13T23:59:59+02:00,1968,1848,14107,13078,16931,15427,18554,18313,21609,21546,22936,21860,14766,15949,10137,12380,3094,5386,1601,1534,13050,12122,16213,14641,17975,17588,21137,20970,22535,21392,14548,15683,9987,12199,3019,5258,179246,172188,22865,22407,35588,34651,12194,12,12
2021-10-12T23:59:59+02:00,1961,1839,14084,13067,16913,15416,18549,18301,21602,21539,22931,21852,14763,15947,10137,12378,3094,5385,1593,1519,13023,12094,16191,14619,17963,17573,21128,20961,22525,21386,14540,15678,9985,12198,3018,5256,179143,172014,22865,22407,35588,34651,12166,12,12
2021-10-11T23:59:59+02:00,1948,1834,14064,13042,16905,15412,18542,18290,21596,21533,22926,21848,14761,15945,10136,12375,3094,5384,1589,1508,12995,12072,16173,14597,17945,17548,21117,20945,22521,21375,14535,15674,9981,12195,3018,5255,179025,171812,22865,22407,35588,34651,12161,12,12
2021-10-10T23:59:59+02:00,1944,1833,14057,13035,16895,15409,18535,18284,21594,21530,22924,21844,14760,15944,10136,12375,3094,5384,1585,1502,12983,12057,16157,14591,17937,17541,21115,20941,22516,21367,14532,15669,9980,12192,3017,5254,178994,171733,22865,22406,35588,34651,12134,12,12
2021-10-09T23:59:59+02:00,1944,1833,14056,13034,16894,15409,18535,18284,21594,21529,22924,21844,14760,15944,10136,12375,3094,5384,1585,1502,12983,12057,16157,14591,17937,17541,21115,20941,22516,21367,14532,15669,9980,12192,3017,5254,178990,171733,22865,22406,35588,34651,12134,12,12
2021-10-08T23:59:59+02:00,1931,1820,14004,13007,16865,15395,18516,18263,21574,21512,22910,21830,14755,15942,10131,12373,3094,5383,1562,1479,12936,12018,16131,14559,17904,17511,21090,20905,22497,21356,14528,15662,9978,12186,3017,5251,178722,171368,22865,22405,35588,34651,12134,12,12
2021-10-07T23:59:59+02:00,1909,1802,13955,12959,16826,15367,18484,18232,21547,21490,22892,21819,14750,15934,10124,12365,3093,5380,1529,1435,12870,11935,16079,14492,17858,17465,21055,20864,22478,21335,14515,15646,9969,12176,3016,5245,178358,170773,22865,22405,35588,34651,12121,12,12
2021-10-06T23:59:59+02:00,1901,1794,13913,12918,16821,15361,18481,18225,21544,21485,22885,21812,14747,15930,10122,12362,3092,5380,1512,1426,12835,11904,16074,14469,17850,17448,21043,20858,22473,21332,14514,15638,9967,12173,3016,5243,178210,170590,22862,22405,35588,34651,12117,12,12
2021-10-05T23:59:59+02:00,1887,1780,13879,12886,16790,15332,18453,18211,21524,21467,22878,21800,14735,15920,10118,12357,3092,5379,1495,1408,12774,11844,16026,14421,17811,17412,21018,20831,22453,21307,14501,15625,9966,12167,3014,5241,178004,170209,22860,22402,35588,34651,12040,12,12
2021-10-04T23:59:59+02:00,1874,1767,13856,12857,16775,15321,18442,18195,21515,21460,22870,21791,14731,15917,10115,12356,3092,5378,1489,1392,12729,11813,15998,14391,17798,17392,21006,20812,22449,21294,14496,15616,9965,12163,3012,5238,177859,169979,22860,22402,35588,34651,12009,12,12
2021-10-03T23:59:59+02:00,1873,1767,13854,12856,16774,15318,18442,18194,21513,21459,22869,21791,14731,15917,10115,12356,3092,5378,1489,1392,12728,11810,15993,14388,17797,17390,21005,20809,22449,21292,14496,15616,9963,12163,3012,5238,177848,169959,22860,22402,35588,34650,12007,12,12
2021-10-02T23:59:59+02:00,1872,1767,13853,12856,16774,15318,18442,18194,21513,21457,22868,21791,14731,15916,10115,12356,3091,5378,1489,1392,12727,11810,15993,14388,17797,17390,21005,20809,22449,21292,14496,15615,9963,12162,3012,5238,177841,169956,22860,22402,35588,34650,12007,12,12
2021-10-01T23:59:59+02:00,1864,1755,13816,12826,16735,15296,18418,18168,21492,21436,22853,21788,14727,15915,10112,12354,3090,5377,1477,1384,12694,11786,15961,14361,17774,17370,20982,20794,22434,21284,14492,15614,9961,12161,3011,5238,177626,169761,22859,22402,35588,34650,11953,12,12
2021-09-30T23:59:59+02:00,1846,1737,13745,12783,16673,15250,18383,18127,21464,21414,22830,21767,14713,15907,10109,12346,3088,5375,1457,1351,12615,11724,15900,14296,17747,17320,20943,20767,22402,21269,14473,15599,9956,12154,3010,5236,177272,169313,22859,22402,35588,34650,11842,12,12
2021-09-29T23:59:59+02:00,1835,1725,13692,12745,16633,15216,18354,18097,21441,21396,22815,21747,14707,15899,10105,12340,3086,5374,1444,1336,12572,11688,15864,14256,17723,17295,20928,20750,22395,21262,14472,15593,9954,12148,3009,5233,176980,169074,22859,22402,35588,34650,11784,12,12
2021-09-28T23:59:59+02:00,1826,1721,13680,12717,16628,15204,18342,18087,21433,21387,22810,21745,14705,15893,10101,12337,3083,5370,1415,1313,12535,11651,15843,14235,17707,17275,20913,20735,22389,21253,14469,15590,9954,12144,3007,5231,176843,168814,22859,22402,35588,34650,11781,12,12
2021-09-27T23:59:59+02:00,1819,1715,13663,12686,16615,15184,18331,18073,21420,21378,22806,21737,14703,15888,10098,12334,3081,5369,1403,1303,12522,11619,15819,14221,17696,17263,20909,20729,22383,21247,14464,15582,9953,12142,3006,5228,176681,168649,22857,22402,35588,34650,11776,12,12
2021-09-26T23:59:59+02:00,1810,1712,13647,12672,16604,15175,18323,18068,21414,21364,22796,21733,14702,15884,10095,12327,3078,5364,1402,1298,12510,11610,15812,14217,17692,17262,20907,20725,22381,21245,14463,15581,9951,12140,3005,5228,176551,168592,22857,22401,35588,34650,11774,12,12
2021-09-25T23:59:59+02:00,1810,1712,13647,12672,16604,15175,18323,18068,21414,21364,22796,21733,14702,15884,10095,12327,3078,5364,1402,1298,12510,11609,15812,14217,17692,17262,20907,20725,22381,21245,14463,15581,9951,12140,3005,5228,176551,168591,22857,22401,35588,34650,11774,12,12
2021-09-24T23:59:59+02:00,1798,1706,13610,12616,16569,15138,18298,18047,21392,21341,22778,21723,14698,15879,10093,12324,3078,5363,1386,1284,12480,11566,15782,14185,17671,17235,20887,20711,22365,21233,14455,15572,9945,12134,3004,5226,176310,168359,22856,22401,35588,34650,11699,12,12
2021-09-23T23:59:59+02:00,1774,1686,13551,12555,16518,15079,18255,18007,21355,21309,22757,21693,14690,15869,10090,12318,3077,5357,1377,1277,12443,11537,15759,14158,17650,17221,20862,20698,22349,21221,14446,15563,9938,12131,3003,5222,175864,168158,22856,22401,35588,34650,11634,12,12
2021-09-22T23:59:59+02:00,1761,1671,13496,12509,16490,15046,18236,17971,21344,21288,22744,21683,14675,15860,10085,12314,3072,5353,1373,1272,12404,11513,15734,14138,17631,17193,20853,20676,22339,21210,14437,15551,9935,12126,3003,5222,175528,167918,22855,22401,35588,34650,11629,12,12
2021-09-21T23:59:59+02:00,1755,1667,13460,12487,16456,15018,18218,17941,21331,21269,22737,21674,14672,15852,10077,12311,3071,5348,1369,1265,12375,11490,15717,14113,17614,17169,20841,20665,22333,21200,14435,15546,9934,12120,3002,5221,175347,167793,22855,22399,35588,34650,11555,12,12
2021-09-20T23:59:59+02:00,1748,1661,13440,12460,16438,14994,18198,17926,21316,21260,22735,21667,14666,15845,10075,12303,3071,5346,1366,1261,12364,11480,15712,14098,17604,17159,20836,20659,22333,21195,14430,15537,9932,12118,3002,5219,175211,167737,22840,22394,35587,34650,11512,12,12
2021-09-19T23:59:59+02:00,1745,1655,13422,12444,16414,14971,18183,17922,21309,21252,22726,21657,14657,15840,10071,12298,3069,5341,1365,1261,12358,11477,15696,14081,17592,17157,20831,20653,22326,21191,14422,15535,9930,12114,3001,5218,175126,167728,22840,22393,35586,34650,11425,12,12
2021-09-18T23:59:59+02:00,1745,1652,13412,12439,16408,14965,18178,17916,21308,21250,22724,21656,14657,15840,10071,12298,3069,5340,1288,1186,12220,11305,15620,13969,17535,17087,20786,20615,22302,21163,14411,15520,9920,12102,3001,5216,175084,166772,22840,22393,35586,34650,11419,12,12
2021-09-17T23:59:59+02:00,1702,1605,13303,12340,16348,14882,18119,17852,21265,21201,22695,21630,14646,15824,10063,12286,3067,5334,1281,1181,12172,11257,15581,13937,17481,17036,20772,20591,22286,21145,14407,15508,9915,12096,3000,5215,174474,166684,22737,22150,35586,34650,11365,12,12
2021-09-16T23:59:59+02:00,1668,1561,13215,12244,16293,14801,18059,17791,21221,21146,22665,21594,14631,15805,10047,12274,3064,5330,1272,1176,12144,11233,15566,13920,17460,17012,20769,20573,22277,21134,14405,15504,9911,12094,3000,5214,173762,166528,22737,22150,35586,34650,11324,12,12
2021-09-15T23:59:59+02:00,1647,1543,13164,12206,16258,14770,18036,17756,21199,21120,22655,21581,14623,15792,10037,12267,3060,5320,1270,1168,12118,11216,15538,13897,17445,16984,20754,20558,22266,21123,14397,15499,9907,12093,3000,5210,173461,166381,22737,22150,35586,34650,11250,12,12
2021-09-14T23:59:59+02:00,1636,1531,13118,12169,16234,14746,18012,17729,21190,21098,22640,21572,14617,15781,10027,12258,3059,5319,1258,1161,12087,11179,15518,13874,17421,16957,20740,20542,22257,21108,14386,15493,9900,12093,3000,5209,173210,166167,22736,22150,35586,34650,11204,12,12
2021-09-13T23:59:59+02:00,1621,1514,13056,12120,16197,14708,17979,17694,21171,21073,22619,21555,14609,15776,10022,12250,3057,5318,1250,1155,12049,11148,15494,13849,17406,16944,20728,20528,22237,21102,14383,15485,9897,12086,2998,5207,172887,166003,22736,22150,35585,34650,11131,12,12
2021-09-12T23:59:59+02:00,1621,1512,13055,12117,16194,14708,17978,17691,21169,21072,22618,21553,14609,15775,10019,12246,3057,5314,1250,1155,12046,11144,15492,13849,17405,16943,20728,20528,22237,21101,14382,15485,9897,12085,2998,5207,172859,165992,22736,22150,35585,34650,11128,12,12
2021-09-11T23:59:59+02:00,1621,1512,13055,12117,16194,14708,17977,17691,21169,21072,22618,21553,14609,15775,10019,12246,3057,5314,1250,1155,12045,11144,15492,13849,17404,16943,20728,20528,22237,21101,14382,15485,9897,12085,2998,5207,172859,165991,22736,22150,35585,34650,11127,12,12
2021-09-10T23:59:59+02:00,1586,1479,13005,12075,16152,14660,17944,17653,21136,21036,22590,21535,14601,15761,10015,12241,3056,5311,1249,1154,12039,11134,15481,13837,17394,16938,20717,20517,22231,21096,14377,15477,9895,12081,2998,5204,172464,165957,22736,22149,35585,34650,11051,12,12
2021-09-09T23:59:59+02:00,1542,1425,12895,11987,16077,14563,17891,17588,21087,20989,22554,21505,14578,15733,10003,12231,3054,5308,1233,1132,11998,11097,15452,13806,17373,16909,20700,20499,22209,21081,14371,15466,9890,12075,2995,5204,171722,165712,22734,22148,35585,34649,10969,12,12
2021-09-08T23:59:59+02:00,1523,1412,12856,11941,16054,14532,17864,17555,21066,20970,22540,21492,14573,15723,9999,12224,3054,5305,1217,1125,11960,11053,15428,13778,17347,16882,20679,20479,22190,21061,14359,15458,9881,12068,2993,5202,171501,165488,22734,22147,35585,34649,10864,11,12
2021-09-07T23:59:59+02:00,1491,1384,12776,11871,15978,14486,17819,17504,21034,20949,22518,21465,14560,15715,9999,12218,3052,5300,1208,1115,11911,11018,15380,13755,17317,16860,20655,20459,22177,21046,14346,15452,9881,12063,2992,5202,171058,165288,22730,22141,35585,34649,10747,11,12
2021-09-06T23:59:59+02:00,1477,1362,12749,11842,15957,14459,17811,17490,21020,20937,22509,21457,14554,15705,9999,12213,3051,5297,1207,1112,11902,11004,15377,13744,17313,16856,20653,20457,22171,21043,14343,15450,9881,12059,2992,5202,170829,165217,22729,22141,35585,34649,10747,11,12
2021-09-05T23:59:59+02:00,1477,1361,12749,11839,15956,14457,17807,17488,21020,20936,22507,21456,14554,15703,9996,12212,3051,5297,1207,1112,11900,11004,15376,13742,17311,16854,20651,20457,22170,21043,14343,15450,9881,12059,2992,5201,170810,165208,22729,22141,35585,34649,10743,11,12
2021-09-04T23:59:59+02:00,1477,1361,12749,11839,15956,14457,17807,17488,21020,20935,22507,21456,14554,15702,9996,12212,3051,5297,1207,1112,11900,11004,15376,13742,17311,16854,20651,20456,22170,21043,14343,15449,9881,12059,2992,5201,170810,165208,22729,22141,35585,34649,10741,11,12
2021-09-03T23:59:59+02:00,1454,1333,12686,11775,15922,14410,17769,17453,20988,20907,22484,21431,14539,15688,9990,12203,3048,5295,1160,1047,11797,10911,15326,13681,17282,16811,20622,20432,22148,21024,14330,15441,9876,12051,2991,5200,170437,164708,22729,22141,35585,34644,10625,11,12
2021-09-02T23:59:59+02:00,1444,1324,12635,11749,15874,14370,17743,17420,20959,20884,22464,21419,14531,15665,9981,12197,3046,5293,1150,1046,11766,10889,15297,13654,17259,16786,20602,20416,22137,21015,14327,15426,9872,12047,2990,5198,170205,164600,22729,22141,35585,34644,10480,11,12
2021-09-01T23:59:59+02:00,1437,1320,12604,11728,15859,14345,17736,17407,20956,20881,22459,21416,14529,15658,9979,12193,3045,5291,1145,1043,11755,10870,15288,13642,17250,16779,20597,20410,22133,21008,14325,15426,9871,12045,2990,5198,170056,164503,22728,22141,35585,34644,10475,11,12
2021-08-31T23:59:59+02:00,1424,1305,12550,11692,15830,14297,17710,17382,20931,20866,22437,21406,14522,15654,9978,12188,3044,5291,1141,1037,11707,10836,15257,13602,17223,16743,20574,20390,22108,20993,14320,15425,9866,12042,2989,5197,169879,164339,22728,22140,35585,34644,10315,11,12
2021-08-30T23:59:59+02:00,1417,1303,12537,11667,15813,14281,17695,17370,20909,20848,22428,21395,14515,15649,9974,12183,3044,5289,1129,1026,11671,10797,15227,13574,17211,16719,20551,20375,22100,20983,14314,15422,9862,12037,2989,5196,169808,164191,22728,22140,35585,34644,10196,11,12
2021-08-29T23:59:59+02:00,1417,1303,12535,11667,15810,14281,17694,17370,20908,20848,22428,21395,14515,15649,9974,12183,3044,5289,1128,1026,11670,10795,15223,13573,17211,16719,20549,20375,22100,20983,14314,15422,9862,12037,2989,5196,169803,164182,22728,22140,35585,34644,10194,11,12
2021-08-28T23:59:59+02:00,1417,1303,12535,11667,15810,14281,17694,17370,20908,20848,22428,21395,14515,15649,9974,12183,3044,5289,1128,1026,11669,10795,15223,13573,17210,16719,20549,20375,22100,20983,14314,15422,9862,12037,2989,5196,169803,164180,22728,22140,35585,34644,10194,11,12
2021-08-27T23:59:59+02:00,1416,1297,12510,11648,15786,14259,17675,17347,20888,20839,22412,21381,14509,15643,9970,12177,3043,5287,1125,1023,11653,10784,15201,13557,17195,16703,20532,20367,22085,20970,14308,15417,9856,12030,2988,5194,169734,164153,22728,22140,35585,34643,10040,11,12
2021-08-26T23:59:59+02:00,1412,1293,12473,11622,15751,14231,17648,17333,20861,20820,22397,21368,14500,15638,9966,12171,3042,5285,1113,1010,11591,10719,15142,13504,17153,16674,20500,20341,22068,20948,14294,15404,9848,12026,2985,5192,169650,163870,22728,22139,35585,34643,9848,11,12
2021-08-25T23:59:59+02:00,1407,1290,12456,11605,15731,14217,17635,17317,20853,20810,22391,21358,14498,15631,9965,12168,3041,5285,1096,996,11529,10657,15090,13463,17132,16643,20489,20324,22053,20937,14289,15397,9845,12024,2983,5189,169524,163521,22728,22139,35585,34643,9821,11,12
2021-08-24T23:59:59+02:00,1399,1281,12428,11583,15704,14182,17618,17300,20837,20796,22374,21345,14492,15619,9960,12159,3037,5283,1089,990,11496,10634,15056,13424,17106,16627,20468,20301,22028,20927,14281,15385,9839,12016,2982,5187,169422,163380,22728,22139,35585,34643,9662,11,12
2021-08-23T23:59:59+02:00,1397,1277,12399,11566,15673,14156,17585,17282,20807,20786,22358,21331,14475,15606,9957,12155,3036,5282,1075,984,11429,10577,14995,13371,17060,16598,20432,20277,22006,20909,14261,15374,9834,12009,2981,5185,169382,163130,22727,22138,35585,34643,9434,11,12
2021-08-22T23:59:59+02:00,1396,1277,12398,11563,15670,14155,17585,17282,20806,20784,22357,21331,14474,15606,9957,12155,3036,5282,1074,984,11429,10573,14992,13369,17059,16596,20431,20277,22005,20909,14260,15374,9834,12009,2981,5185,169371,163118,22727,22137,35585,34643,9431,11,12
2021-08-21T23:59:59+02:00,1317,1202,12239,11371,15592,14031,17522,17196,20764,20742,22325,21287,14464,15590,9949,12142,3035,5278,1044,958,11332,10482,14928,13315,17022,16553,20400,20252,21982,20879,14248,15362,9827,11998,2979,5181,168306,162529,22727,22130,35585,34643,9428,11,12
2021-08-20T23:59:59+02:00,1311,1202,12216,11344,15576,14016,17499,17177,20757,20732,22316,21280,14461,15582,9949,12139,3035,5278,1036,953,11225,10407,14837,13240,16921,16446,20339,20197,21947,20846,14236,15343,9819,11993,2978,5181,168302,162445,22559,21434,35585,34629,9424,11,12
2021-08-19T23:59:59+02:00,1307,1198,12151,11293,15480,13966,17422,17122,20705,20693,22279,21236,14443,15567,9940,12126,3034,5274,1024,940,11122,10309,14728,13165,16821,16369,20279,20149,21907,20793,14213,15328,9810,11980,2976,5174,168186,162108,22559,21434,35585,34628,8905,11,12
2021-08-18T23:59:59+02:00,1300,1196,12130,11279,15469,13954,17415,17112,20695,20682,22277,21228,14441,15562,9938,12125,3034,5274,1012,934,11080,10269,14697,13140,16790,16341,20264,20137,21897,20789,14206,15321,9809,11979,2976,5174,168067,161842,22559,21434,35585,34628,8899,11,12
2021-08-17T23:59:59+02:00,1291,1190,12097,11254,15440,13928,17394,17087,20676,20671,22268,21213,14433,15557,9930,12122,3033,5273,998,922,10984,10201,14642,13082,16746,16298,20233,20113,21875,20766,14199,15313,9802,11968,2973,5174,167911,161417,22559,21432,35585,34627,8801,11,12
2021-08-16T23:59:59+02:00,1288,1186,12073,11229,15420,13906,17378,17071,20652,20647,22249,21204,14423,15546,9928,12119,3031,5272,978,904,10915,10128,14581,13018,16707,16260,20196,20078,21851,20746,14182,15300,9797,11954,2968,5171,167849,161036,22559,21431,35585,34627,8628,11,12
2021-08-15T23:59:59+02:00,1287,1186,12070,11228,15418,13904,17377,17070,20651,20646,22247,21203,14423,15546,9928,12119,3031,5271,977,904,10913,10118,14569,13012,16703,16258,20193,20077,21851,20746,14182,15300,9797,11954,2968,5171,167833,160997,22559,21430,35585,34627,8627,11,12
2021-08-14T23:59:59+02:00,1287,1186,12070,11227,15418,13904,17377,17070,20651,20646,22247,21203,14423,15546,9928,12119,3031,5271,964,900,10878,10083,14543,12989,16687,16241,20187,20068,21846,20742,14182,15300,9797,11954,2967,5171,167833,160803,22559,21430,35584,34627,8627,11,12
2021-08-13T23:59:59+02:00,1219,1112,11977,11122,15380,13860,17345,17024,20622,20620,22221,21179,14415,15535,9921,12112,3030,5269,942,890,10806,10022,14499,12931,16646,16204,20170,20046,21828,20727,14176,15287,9793,11946,2966,5170,167282,160444,22559,21429,35584,34627,8537,11,12
2021-08-12T23:59:59+02:00,1216,1107,11955,11112,15353,13840,17322,16995,20599,20604,22198,21155,14404,15523,9913,12104,3030,5266,928,877,10733,9952,14442,12867,16595,16159,20141,20023,21796,20697,14163,15272,9783,11934,2964,5166,167199,160072,22559,21428,35584,34627,8353,11,12
2021-08-11T23:59:59+02:00,1204,1100,11933,11088,15339,13830,17306,16982,20590,20594,22192,21145,14396,15518,9904,12099,3029,5264,884,852,10623,9847,14361,12778,16559,16114,20107,19995,21772,20685,14150,15257,9771,11921,2962,5162,167016,159384,22559,21425,35584,34626,8353,11,12
2021-08-10T23:59:59+02:00,1204,1088,11909,11071,15315,13814,17285,16968,20573,20580,22175,21133,14385,15513,9902,12095,3029,5262,872,841,10568,9794,14314,12742,16521,16091,20082,19972,21748,20663,14137,15245,9768,11918,2962,5158,166931,159107,22559,21425,35584,34626,8226,11,12
2021-08-09T23:59:59+02:00,1200,1081,11877,11041,15295,13795,17269,16948,20561,20570,22157,21123,14374,15509,9898,12089,3029,5260,863,827,10516,9735,14271,12707,16487,16060,20064,19956,21730,20655,14124,15237,9760,11911,2962,5153,166811,158835,22559,21425,35584,34625,8121,11,12
2021-08-08T23:59:59+02:00,1196,1080,11873,11036,15292,13794,17265,16945,20558,20566,22155,21122,14374,15507,9897,12088,3029,5260,863,827,10512,9734,14267,12702,16483,16057,20063,19955,21728,20654,14122,15237,9760,11911,2962,5153,166772,158810,22559,21422,35584,34625,8121,11,12
2021-08-07T23:59:59+02:00,1196,1080,11871,11034,15290,13789,17264,16943,20557,20564,22154,21122,14374,15506,9897,12087,3029,5260,863,827,10511,9733,14266,12701,16483,16055,20062,19954,21728,20651,14121,15237,9760,11911,2962,5153,166752,158798,22559,21422,35584,34625,8121,11,12
2021-08-06T23:59:59+02:00,1194,1078,11853,11024,15261,13776,17239,16928,20537,20546,22143,21112,14371,15502,9895,12083,3029,5260,863,827,10492,9722,14232,12688,16458,16039,20042,19939,21717,20642,14117,15233,9758,11907,2962,5153,166738,158786,22559,21421,35584,34624,7948,11,12
2021-08-05T23:59:59+02:00,1185,1069,11812,10992,15227,13753,17212,16894,20507,20526,22112,21093,14358,15483,9890,12075,3025,5259,863,827,10465,9709,14202,12668,16439,16019,20011,19924,21692,20627,14106,15222,9753,11902,2959,5152,166595,158755,22559,21419,35584,34623,7731,11,12
2021-08-04T23:59:59+02:00,1172,1060,11783,10960,15214,13736,17197,16881,20496,20514,22101,21080,14351,15478,9886,12073,3024,5258,862,827,10455,9693,14188,12659,16424,16012,20001,19916,21686,20625,14104,15221,9752,11902,2958,5151,166390,158680,22557,21390,35583,34623,7731,11,12
2021-08-03T23:59:59+02:00,1166,1055,11740,10926,15176,13711,17173,16849,20475,20494,22081,21058,14339,15460,9882,12070,3023,5257,861,822,10417,9673,14155,12642,16405,15992,19984,19904,21669,20612,14097,15203,9748,11900,2958,5151,166257,158637,22557,21388,35583,34621,7535,11,12
2021-08-02T23:59:59+02:00,1163,1053,11721,10909,15155,13689,17157,16830,20457,20484,22072,21047,14328,15449,9876,12068,3023,5255,861,821,10398,9658,14135,12619,16389,15973,19964,19895,21661,20600,14088,15191,9742,11898,2958,5149,166207,158595,22557,21387,35583,34620,7386,11,12
2021-08-01T23:59:59+02:00,1163,1053,11720,10905,15155,13689,17156,16829,20457,20483,22070,21047,14328,15448,9876,12068,3023,5254,861,821,10397,9657,14129,12618,16386,15973,19964,19894,21660,20599,14088,15191,9742,11898,2958,5149,166196,158583,22556,21385,35583,34619,7386,11,12
2021-07-31T23:59:59+02:00,1163,1053,11720,10905,15155,13689,17156,16829,20457,20483,22070,21047,14328,15448,9876,12068,3023,5254,861,821,10397,9656,14125,12615,16386,15973,19964,19892,21660,20599,14088,15191,9742,11898,2958,5149,166196,158574,22556,21384,35583,34619,7386,11,12
2021-07-30T23:59:59+02:00,1163,1053,11686,10891,15121,13666,17121,16801,20430,20464,22032,21028,14311,15440,9870,12060,3022,5253,861,819,10364,9644,14091,12591,16351,15945,19937,19873,21622,20579,14070,15183,9736,11890,2957,5148,166192,158570,22556,21384,35583,34617,7078,11,12
2021-07-29T23:59:59+02:00,1151,1045,11654,10862,15098,13644,17111,16788,20422,20453,22023,21022,14308,15439,9867,12058,3019,5252,860,817,10359,9635,14071,12583,16339,15936,19934,19871,21617,20578,14068,15180,9736,11890,2957,5148,166002,158497,22556,21382,35583,34616,7072,11,12
2021-07-28T23:59:59+02:00,1136,1039,11619,10817,15069,13614,17092,16769,20414,20440,22012,21014,14304,15437,9864,12056,3018,5251,859,816,10347,9625,14050,12567,16327,15926,19926,19867,21614,20576,14067,15178,9736,11889,2957,5148,165775,158419,22555,21381,35583,34614,7049,11,12
2021-07-27T23:59:59+02:00,1133,1038,11595,10802,15046,13595,17073,16760,20401,20421,21994,20995,14296,15424,9857,12052,3017,5249,858,816,10321,9615,14024,12542,16309,15917,19912,19848,21597,20555,14059,15166,9729,11885,2956,5147,165750,158392,22555,21381,35583,34614,6857,11,12
2021-07-26T23:59:59+02:00,1127,1026,11540,10741,15002,13557,17046,16738,20366,20390,21965,20979,14279,15415,9850,12044,3017,5248,858,814,10283,9589,13990,12512,16284,15901,19874,19813,21546,20526,14042,15156,9721,11876,2956,5146,165579,158330,22554,21380,35583,34554,6611,11,12
2021-07-25T23:59:59+02:00,1126,1025,11538,10737,14998,13556,17045,16737,20365,20390,21965,20979,14278,15415,9850,12044,3017,5248,858,814,10280,9576,13984,12505,16279,15899,19872,19813,21546,20526,14042,15156,9721,11876,2956,5145,165565,158295,22551,21376,35583,34554,6611,11,12
2021-07-24T23:59:59+02:00,1126,1025,11535,10735,14996,13554,17045,16736,20363,20388,21965,20978,14278,15415,9850,12044,3017,5248,858,814,10161,9467,13816,12363,15856,15534,19722,19690,21528,20500,14028,15141,9714,11868,2956,5144,165558,158272,22545,19713,35583,34554,6609,11,12
2021-07-23T23:59:59+02:00,1102,1012,11421,10661,14913,13494,16992,16681,20321,20335,21926,20940,14262,15395,9839,12036,3015,5247,785,744,8420,8106,12414,11257,15366,15096,19430,19365,21313,20309,13950,15057,9656,11818,2951,5140,165137,150635,22545,19712,35583,34497,6321,11,12
2021-07-22T23:59:59+02:00,1080,1005,11353,10593,14855,13446,16954,16655,20301,20304,21909,20915,14237,15380,9822,12026,3013,5244,706,670,7893,7634,11795,10757,14649,14495,19235,19192,21155,20133,13871,14971,9624,11769,2942,5128,164781,146238,22545,19710,35583,34484,6175,11,12
2021-07-21T23:59:59+02:00,1067,996,11308,10543,14816,13413,16923,16626,20283,20286,21891,20904,14226,15375,9820,12018,3011,5242,706,670,7888,7626,11782,10747,14642,14493,19228,19191,21100,20096,13868,14969,9624,11768,2941,5126,164442,146200,22545,19701,35583,34382,6170,11,12
2021-07-20T23:59:59+02:00,1054,981,11257,10504,14785,13386,16890,16609,20258,20266,21866,20886,14215,15362,9818,12012,3010,5241,706,670,7877,7620,11768,10739,14635,14486,19218,19187,21092,20092,13867,14967,9624,11768,2941,5126,164136,146168,22545,19701,35583,34374,6128,11,12
2021-07-19T23:59:59+02:00,1041,965,11207,10454,14756,13352,16868,16590,20238,20246,21853,20878,14209,15358,9814,12003,3008,5237,706,670,7872,7617,11762,10735,14631,14485,19215,19187,21078,20076,13865,14965,9623,11766,2941,5126,163816,146141,22545,19699,35583,34343,6125,11,12
2021-07-18T23:59:59+02:00,1041,965,11206,10454,14756,13350,16866,16588,20238,20244,21853,20878,14208,15358,9814,12003,3008,5237,706,670,7869,7613,11753,10728,14627,14482,19214,19186,21067,20071,13865,14965,9623,11766,2941,5126,163806,146113,22545,19698,35583,34324,6125,11,12
2021-07-17T23:59:59+02:00,1039,965,11160,10427,14696,13306,16828,16559,20202,20230,21827,20855,14197,15345,9811,12000,3008,5236,706,670,7794,7554,11608,10597,14434,14315,18787,18866,20869,19897,13837,14924,9608,11743,2938,5120,163777,146105,22538,18040,35582,34324,5786,11,12
2021-07-16T23:59:59+02:00,1018,948,10967,10289,14593,13208,16727,16481,20125,20165,21775,20807,14170,15320,9796,11993,3004,5231,691,649,7523,7355,10684,9966,13968,14004,18561,18670,20007,19238,13671,14710,9499,11611,2922,5096,163453,142673,22000,18030,35582,32537,5573,11,12
2021-07-15T23:59:59+02:00,994,932,10910,10226,14555,13177,16702,16460,20110,20148,21765,20798,14165,15316,9791,11989,3004,5227,686,642,7097,6987,8456,8232,13506,13611,18500,18612,19865,19101,13538,14568,9446,11549,2921,5086,163114,136302,21999,18025,35582,32499,5565,11,12
2021-07-14T23:59:59+02:00,968,914,10833,10140,14489,13117,16663,16415,20073,20112,21739,20776,14153,15304,9778,11974,3000,5225,643,602,6552,6535,7369,7369,12934,13162,18402,18518,19758,19012,13508,14531,9429,11532,2919,5083,162623,131929,21999,18021,35582,32436,5460,11,12
2021-07-13T23:59:59+02:00,949,893,10752,10068,14444,13073,16636,16384,20050,20091,21728,20763,14146,15293,9775,11967,2998,5223,643,602,6302,6258,6911,6983,12621,12894,18385,18496,19713,18975,13394,14422,9426,11528,2919,5080,162189,131884,21996,15768,35582,32431,5457,11,12
2021-07-12T23:59:59+02:00,929,881,10699,10018,14397,13028,16594,16354,20035,20079,21721,20757,14144,15287,9771,11963,2998,5220,634,596,6163,6164,6753,6863,12326,12649,17690,17929,19615,18895,13360,14396,9409,11506,2919,5076,161892,129343,21995,15764,35582,32427,5397,11,12
2021-07-11T23:59:59+02:00,929,881,10698,10017,14395,13027,16593,16354,20034,20079,21721,20757,14143,15287,9771,11963,2998,5220,634,596,6159,6160,6750,6860,12325,12649,17690,17929,19614,18894,13360,14396,9409,11505,2918,5074,161888,129333,21995,15764,35582,32420,5393,11,12
2021-07-10T23:59:59+02:00,926,876,10691,10004,14388,13020,16586,16354,20032,20072,21715,20752,14143,15286,9771,11963,2998,5220,634,595,6152,6152,6740,6855,12322,12645,17689,17924,19609,18891,13359,14396,9409,11505,2918,5074,161822,129283,21994,15764,35582,32420,5390,11,12
2021-07-09T23:59:59+02:00,912,860,10641,9961,14354,12992,16550,16324,19997,20050,21687,20730,14124,15271,9756,11955,2997,5217,24,17,5342,5419,6608,6755,12162,12541,17457,17819,19403,18759,13295,14323,9382,11486,2915,5071,161638,126378,21993,15764,35582,31468,5156,11,12
2021-07-08T23:59:59+02:00,910,860,10581,9917,14268,12937,16486,16274,19946,20003,21659,20706,14109,15254,9750,11942,2996,5211,16,11,5212,5310,6392,6579,11724,12199,16948,17446,19143,18572,13232,14239,9356,11450,2909,5059,161616,124453,21992,15761,35582,30961,4610,11,12
2021-07-07T23:59:59+02:00,909,860,10578,9910,14264,12932,16484,16272,19946,20000,21658,20705,14109,15254,9750,11942,2996,5211,13,10,5071,5128,5916,6169,10519,11215,16894,17381,19088,18527,13215,14216,9347,11447,2905,5049,161598,120779,21989,15759,35582,30958,4602,11,12
2021-07-06T23:59:59+02:00,909,860,10575,9909,14258,12929,16482,16272,19946,20000,21658,20704,14109,15252,9750,11942,2996,5211,13,10,5052,5121,5909,6162,10519,11215,16892,17381,19085,18527,13215,14213,9347,11447,2905,5049,161589,120754,21984,15756,35582,30942,4598,11,12
2021-07-05T23:59:59+02:00,909,860,10569,9904,14240,12926,16472,16270,19945,20000,21656,20704,14109,15252,9750,11942,2996,5211,13,10,5043,5118,5889,6159,10509,11212,16889,17381,19083,18526,13215,14213,9347,11447,2904,5049,161579,120746,21984,15753,35582,30935,4561,11,12
2021-07-04T23:59:59+02:00,909,860,10559,9894,14239,12921,16471,16270,19944,19999,21655,20703,14109,15252,9750,11941,2995,5210,13,10,5010,5078,5803,6081,10382,11098,16882,17378,19082,18521,13210,14211,9345,11442,2901,5047,161570,120267,21983,15752,35582,30926,4537,11,12
2021-07-03T23:59:59+02:00,828,791,8643,8369,12770,11764,16001,15813,19659,19699,21486,20539,14035,15176,9696,11895,2989,5206,7,8,4901,4952,5530,5825,10144,10883,16737,17239,18891,18370,13185,14177,9335,11432,2899,5045,153260,118712,21983,15752,35582,30559,4525,11,12
2021-07-02T23:59:59+02:00,828,789,8642,8363,12764,11760,15998,15812,19657,19699,21486,20539,14034,15175,9696,11894,2988,5205,6,7,4049,4100,4889,5175,9164,9889,16366,16762,18408,17832,12836,13856,9275,11356,2897,5036,153242,114193,21981,15752,35581,27430,4516,11,12
2021-07-01T23:59:59+02:00,808,770,8434,8196,12682,11682,15964,15780,19645,19685,21475,20522,14030,15171,9691,11886,2985,5199,1,1,2237,2425,4455,4800,8670,9456,15736,16220,17855,17392,12778,13790,9245,11301,2882,5006,152546,106614,21981,15749,35581,27388,4488,11,11
2021-06-30T23:59:59+02:00,753,720,8188,8013,12508,11531,15850,15685,19580,19618,21436,20475,14011,15145,9678,11873,2984,5194,0,1,2181,2389,4364,4683,8563,9357,15538,16081,17119,16890,12125,13144,9186,11232,2875,5000,151199,106549,21979,15748,35580,23945,4475,11,11
2021-06-29T23:59:59+02:00,753,720,8180,8006,12504,11523,15846,15685,19578,19618,21436,20475,14011,15145,9678,11873,2984,5194,0,1,2158,2377,4341,4641,8540,9310,15502,16022,17043,16805,11770,12806,9158,11198,2872,4992,151183,106532,21976,15745,35579,22786,4462,11,11
2021-06-28T23:59:59+02:00,753,720,8176,8002,12495,11516,15841,15684,19578,19618,21436,20475,14010,15144,9678,11873,2984,5194,0,1,2150,2351,4294,4526,8465,9148,15381,15742,16876,16534,11462,12502,9135,11171,2871,4988,151162,106520,21975,15745,35579,20869,4452,11,11
2021-06-27T23:59:59+02:00,753,720,8173,7996,12490,11512,15838,15683,19575,19618,21436,20475,14010,15144,9678,11872,2984,5194,0,1,2140,2347,4284,4523,8283,8993,15360,15726,16874,16529,11456,12501,9134,11169,2871,4988,151151,106121,21973,15743,35578,20864,4440,11,11
2021-06-26T23:59:59+02:00,745,716,7962,7786,12014,11104,14721,14692,19325,19418,21333,20356,13967,15093,9665,11843,2981,5191,0,1,2100,2305,4228,4468,8185,8884,15098,15467,16812,16482,11438,12482,9122,11164,2871,4986,148672,105056,20214,15722,35577,20864,4440,11,11
2021-06-25T23:59:59+02:00,726,698,7935,7762,12000,11093,14721,14685,19318,19413,21329,20355,13967,15093,9664,11841,2981,5191,0,0,1970,2128,3938,4162,6660,7448,12438,13270,16735,16393,11410,12453,9111,11141,2865,4972,148532,96171,20214,15641,35577,20832,4440,11,10
2021-06-24T23:59:59+02:00,714,681,7452,7350,10918,10188,14188,14249,19247,19351,21281,20312,13945,15064,9651,11828,2980,5188,0,0,1905,2060,3577,3821,5891,6774,12190,13059,16489,16185,11306,12326,9021,11014,2854,4938,144364,94934,20209,13254,35576,20783,4429,11,10
2021-06-23T23:59:59+02:00,714,681,7450,7345,10912,10184,14187,14248,19247,19350,21281,20311,13945,15064,9651,11828,2980,5188,0,0,1761,1897,3092,3421,4541,5601,11887,12793,16368,16067,11260,12286,9008,10987,2853,4931,144348,90306,20206,13250,35575,20759,4428,11,10
2021-06-22T23:59:59+02:00,714,681,7401,7316,10840,10135,14161,14222,19230,19335,21270,20304,13939,15054,9648,11825,2980,5188,0,0,1711,1866,3011,3367,4501,5567,11858,12754,16300,16016,11052,12095,8756,10686,2843,4900,144333,90286,20206,13244,35573,19621,4122,11,10
2021-06-21T23:59:59+02:00,712,681,7270,7248,10710,10035,13880,13970,18477,18716,21180,20227,13904,15022,9629,11800,2980,5185,0,0,1667,1840,2968,3330,4471,5536,11811,12720,16283,15999,11043,12084,8749,10678,2842,4899,141939,90158,20203,13241,35573,19609,3902,11,10
2021-06-20T23:59:59+02:00,712,681,7270,7242,10704,10032,13879,13970,18477,18716,21180,20227,13904,15022,9629,11800,2980,5185,0,0,1639,1811,2920,3313,4406,5497,11749,12687,16221,15939,11024,12068,8746,10669,2838,4896,141924,89677,20202,13235,35573,19599,3902,11,10
2021-06-19T23:59:59+02:00,712,680,7236,7205,10598,9942,13698,13812,18061,18379,20995,20054,13886,14995,9617,11780,2977,5179,0,0,1608,1777,2881,3266,4326,5426,11413,12397,16183,15901,11015,12057,8744,10664,2836,4894,141881,88671,18441,13207,35573,19598,3902,11,10
2021-06-18T23:59:59+02:00,15,13,6428,6472,10590,9941,13697,13810,18059,18376,20995,20054,13886,14994,9617,11779,2976,5177,0,0,1479,1666,2642,3109,3695,4795,10269,11252,15971,15745,10973,12017,8721,10643,2822,4865,138964,84012,18440,13205,35573,19544,3893,11,10
2021-06-17T23:59:59+02:00,13,12,6357,6404,10472,9835,13373,13507,17672,18053,20883,19956,13867,14956,9605,11765,2968,5171,0,0,1398,1548,2486,2960,3338,4457,8657,9889,15457,15313,10797,11837,8665,10565,2805,4837,137071,78529,18439,13199,35572,19493,3778,11,10
2021-06-16T23:59:59+02:00,13,12,6350,6398,10460,9831,13370,13505,17669,18052,20882,19955,13867,14956,9604,11764,2968,5171,0,0,1345,1503,2384,2883,3154,4278,7566,8948,14957,14926,10715,11726,8629,10518,2794,4821,137036,74701,18436,13195,35572,19467,3774,11,10
2021-06-15T23:59:59+02:00,13,12,6318,6380,10418,9801,13340,13489,17649,18032,20868,19941,13858,14948,9601,11758,2965,5168,0,0,1264,1446,2257,2780,3037,4192,6641,8210,14755,14759,10690,11697,8616,10496,2785,4814,137020,74688,18435,10771,35571,19447,3523,11,10
2021-06-14T23:59:59+02:00,13,12,6300,6361,10383,9775,13319,13469,17632,18014,20849,19930,13847,14939,9598,11756,2965,5163,0,0,1238,1430,2221,2753,3015,4171,6625,8190,14734,14749,10677,11688,8613,10495,2784,4809,137002,74678,18434,10771,35571,19426,3307,11,10
2021-06-13T23:59:59+02:00,13,12,6299,6360,10380,9773,13319,13465,17632,18014,20849,19930,13846,14939,9598,11756,2965,5163,0,0,1234,1425,2217,2744,3005,4161,6608,8173,14633,14684,10664,11665,8607,10483,2781,4809,136992,74386,18434,10771,35571,19421,3305,11,10
2021-06-12T23:59:59+02:00,10,10,5519,5601,10335,9734,13285,13440,17604,17993,20822,19899,13764,14867,9598,11753,2964,5163,0,0,1226,1407,2204,2727,2985,4135,6534,8089,14461,14546,10435,11380,8126,9945,2779,4808,135040,73880,18434,10771,35571,17821,3305,11,10
2021-06-11T23:59:59+02:00,9,10,5515,5594,10325,9727,13270,13428,17597,17988,20817,19897,13764,14866,9598,11751,2964,5163,0,0,1151,1324,2085,2568,2814,3881,5025,6752,12740,13164,10295,11234,8039,9839,2772,4792,134965,66581,18434,10770,35571,17812,3302,11,10
2021-06-10T23:59:59+02:00,3,4,4527,4655,10157,9600,13157,13343,17341,17753,20577,19714,13754,14855,9592,11741,2961,5160,0,0,1096,1263,1970,2462,2650,3704,4418,6112,11571,12173,9994,10909,7954,9754,2760,4767,131658,61746,18430,10769,35571,17807,3225,10,10
2021-06-09T23:59:59+02:00,3,4,3943,4071,9952,9452,13067,13271,17029,17486,20349,19531,13739,14842,9587,11735,2960,5155,0,0,1023,1219,1870,2392,2555,3591,4091,5808,11146,11847,9864,10751,7908,9688,2749,4758,129314,61664,18415,8921,35571,17799,2866,10,10
2021-06-08T23:59:59+02:00,3,4,3931,4065,9939,9440,13055,13264,17022,17477,20341,19529,13737,14839,9586,11732,2959,5153,0,0,977,1211,1847,2375,2526,3577,4065,5788,11134,11844,9860,10745,7907,9686,2748,4756,129297,61542,18412,8913,35570,17794,2787,10,10
2021-06-07T23:59:59+02:00,3,4,3917,4056,9906,9428,13045,13245,16999,17464,20324,19518,13733,14835,9583,11728,2957,5151,0,0,966,1203,1812,2362,2516,3558,4041,5774,11116,11830,9857,10739,7904,9683,2746,4754,129281,61531,18410,8910,35568,17783,2627,10,10
2021-06-06T23:59:59+02:00,3,4,3913,4052,9900,9423,13043,13245,16996,17463,20323,19516,13731,14834,9583,11728,2957,5151,0,0,963,1200,1800,2360,2510,3549,4027,5766,10988,11686,9846,10732,7903,9683,2746,4754,129265,61205,18409,8909,35566,17774,2615,10,10
2021-06-05T23:59:59+02:00,2,1,3621,3753,7404,7418,12803,13060,16967,17433,20279,19475,13615,14690,9508,11637,2953,5139,0,0,888,1129,1639,2260,2344,3468,3800,5624,10086,10844,9458,10276,7790,9527,2738,4734,123289,57928,18409,8909,35566,17274,2484,10,10
2021-06-04T23:59:59+02:00,2,1,3555,3697,7252,7303,12332,12663,16828,17320,20044,19238,13497,14545,9450,11558,2939,5122,0,0,863,1064,1609,2155,2305,3301,3724,5366,9445,10164,8613,9255,7514,9122,2734,4723,120886,56451,18409,8907,35565,14112,2477,9,10
2021-06-03T23:59:59+02:00,2,1,3147,3312,7224,7287,12205,12545,16796,17278,19956,19171,13485,14528,9448,11555,2938,5121,0,0,836,995,1563,2031,2224,3101,3535,4985,8868,9549,7852,8383,7040,8506,2731,4715,119657,54823,18405,8905,35561,10809,2367,9,10
2021-06-02T23:59:59+02:00,0,1,2765,2998,6066,6352,11899,12308,16736,17227,19833,19065,13422,14472,9426,11534,2936,5113,0,0,821,960,1497,2007,2110,3063,3364,4882,7503,8465,7772,8304,7024,8478,2727,4710,115922,51710,18404,8905,35561,10805,2257,9,10
2021-06-01T23:59:59+02:00,0,1,2482,2698,5584,5920,11573,12024,16712,17204,19782,19028,13299,14349,9419,11530,2935,5110,0,0,804,953,1481,1996,2089,3050,3338,4863,7203,8141,7733,8270,7014,8463,2726,4710,115898,51024,16062,8885,35561,10795,2120,9,10
2021-05-31T23:59:59+02:00,0,1,2467,2694,5564,5912,11545,12002,16676,17192,19741,19006,13296,14345,9415,11528,2935,5108,0,0,788,945,1462,1986,2058,3030,3302,4849,7162,8119,7729,8265,7010,8461,2726,4708,115885,51009,16058,8879,35560,10787,1915,9,10
2021-05-30T23:59:59+02:00,0,1,2464,2692,5561,5908,11544,12001,16673,17191,19739,19005,13296,14345,9415,11528,2935,5108,0,0,787,941,1456,1982,2055,3028,3300,4847,7161,8119,7729,8265,7010,8460,2726,4708,115869,51000,16058,8879,35557,10772,1913,9,10
2021-05-29T23:59:59+02:00,0,1,2450,2678,5396,5754,11477,11944,16665,17185,19732,19004,13295,14343,9413,11528,2935,5108,0,0,751,891,1343,1887,1776,2776,2894,4425,6876,7847,7545,8041,6833,8232,2723,4702,115371,50353,16058,8879,35557,8387,1913,9,10
2021-05-28T23:59:59+02:00,0,1,2318,2553,4976,5361,10786,11325,16599,17123,19706,18975,13286,14329,9394,11499,2933,5099,0,0,730,868,1283,1833,1687,2706,2760,4320,5288,6152,7380,7845,6791,8176,2720,4692,112731,46058,16058,8878,35557,8377,1908,9,10
2021-05-27T23:59:59+02:00,0,1,2298,2533,4925,5294,10119,10756,16559,17091,19691,18964,13276,14319,9392,11497,2933,5099,0,0,677,776,1177,1759,1477,2566,2387,4014,4406,5240,7143,7534,6699,8059,2703,4673,111341,42266,16055,8872,35555,8355,1787,9,10
2021-05-26T23:59:59+02:00,0,1,2260,2472,4752,5116,9683,10395,16507,17038,19623,18910,13262,14300,9381,11495,2929,5086,0,0,661,733,1127,1725,1388,2486,2178,3842,4277,5102,6980,7320,6619,7960,2691,4659,109931,40862,16050,8871,35555,8340,1665,9,10
2021-05-25T23:59:59+02:00,0,1,2257,2463,4722,5099,9657,10369,16482,17020,19609,18903,13257,14298,9378,11492,2929,5086,0,0,654,720,1082,1707,1334,2440,2108,3782,3735,4524,6678,6977,6585,7923,2690,4657,109924,40853,16048,6916,35554,8330,1487,9,10
2021-05-24T23:59:59+02:00,0,1,2249,2456,4710,5093,9648,10363,16455,16999,19582,18878,13246,14286,9375,11482,2928,5082,0,0,645,715,1070,1700,1324,2433,2083,3762,3709,4499,6666,6966,6582,7913,2689,4653,109913,40846,16045,6916,35554,8325,1312,9,10
2021-05-23T23:59:59+02:00,0,1,2233,2426,4621,5019,9514,10241,16452,16998,19581,18876,13244,14283,9372,11478,2926,5081,0,0,644,712,1068,1699,1323,2433,2083,3762,3709,4496,6665,6966,6582,7913,2689,4653,109428,40838,16044,6915,35553,8322,1312,9,10
2021-05-22T23:59:59+02:00,0,1,2213,2407,4612,5002,9434,10160,16429,16984,19529,18833,13216,14253,9369,11472,2926,5080,0,0,643,710,1067,1696,1321,2430,2080,3757,3693,4482,5832,6066,6510,7832,2681,4648,109002,38889,16044,6915,35553,8322,1312,9,10
2021-05-21T23:59:59+02:00,0,1,2179,2374,4502,4915,9234,9983,16401,16951,19514,18826,13206,14244,9367,11470,2921,5069,0,0,632,683,1030,1628,1271,2307,1993,3577,3347,4047,4067,3957,6466,7766,2676,4633,108256,34877,16044,6915,35549,6979,1299,9,10
2021-05-20T23:59:59+02:00,0,1,2150,2333,4418,4854,9012,9750,16351,16899,19461,18775,13177,14210,9349,11453,2920,5064,0,0,578,580,905,1315,1099,1901,1771,3040,2788,3363,3227,3001,6419,7715,2672,4628,107399,33039,16040,6914,35540,3850,1189,9,10
2021-05-19T23:59:59+02:00,0,1,1990,2165,3918,4434,7632,8557,16078,16653,19338,18651,13129,14163,9339,11427,2918,5061,0,0,563,545,869,1258,1069,1851,1745,2986,2738,3319,3219,2989,6415,7712,2672,4627,102785,33013,16037,6912,35538,3557,1085,9,10
2021-05-18T23:59:59+02:00,0,1,1944,2114,3611,4144,6968,7957,15928,16537,19254,18568,13094,14128,9282,11353,2912,5047,0,0,556,542,862,1255,1060,1842,1715,2970,2729,3300,3214,2984,6411,7708,2672,4627,102761,33006,13564,6907,35533,3549,975,9,10
2021-05-17T23:59:59+02:00,0,1,1936,2106,3592,4130,6923,7933,15900,16519,19233,18549,13084,14106,9280,11352,2912,5047,0,0,548,535,842,1239,1017,1818,1687,2952,2706,3279,3202,2965,6411,7707,2672,4627,102754,33000,13561,6906,35531,3543,748,9,10
2021-05-16T23:59:59+02:00,0,1,1931,2103,3585,4124,6736,7769,15877,16500,19228,18544,13078,14105,9279,11351,2912,5047,0,0,548,535,841,1236,1016,1817,1687,2951,2704,3279,3202,2965,6411,7707,2672,4627,102330,32997,13557,6906,35527,3538,747,9,10
2021-05-15T23:59:59+02:00,0,1,1903,2067,3545,4086,6650,7666,15607,16232,19172,18502,13058,14086,9270,11346,2912,5045,0,0,548,535,841,1235,1016,1817,1685,2950,2704,3279,3201,2965,6410,7707,2672,4627,101308,32993,13557,6906,35527,3536,747,9,10
2021-05-14T23:59:59+02:00,0,1,1795,1923,3297,3838,5061,6185,12952,14032,19107,18416,13033,14056,9263,11333,2909,5039,0,0,548,534,837,1235,1016,1817,1684,2949,2698,3277,3196,2959,6407,7704,2672,4626,92414,32974,13557,6904,35525,3536,735,9,10
2021-05-13T23:59:59+02:00,0,1,1769,1875,3258,3789,4949,6083,12746,13848,18947,18288,12957,13961,9230,11282,2909,5038,0,0,542,531,829,1226,1006,1804,1665,2930,2591,3184,2533,2152,4951,5905,2663,4608,91199,29958,13466,4885,35523,3534,733,9,10
2021-05-12T23:59:59+02:00,0,1,1769,1875,3256,3788,4949,6083,12746,13848,18946,18288,12956,13960,9230,11282,2909,5038,0,0,542,531,829,1226,1005,1804,1665,2929,2588,3182,2532,2151,4951,5903,2663,4608,91194,29952,13466,4880,35522,3534,733,9,10
2021-05-11T23:59:59+02:00,0,1,1725,1832,3165,3710,4858,6016,11810,13114,18751,18129,12941,13939,9223,11268,2903,5034,0,0,541,529,826,1221,1004,1803,1664,2928,2578,3177,2531,2149,4949,5902,2662,4608,91180,29941,10992,4868,35513,3528,725,9,10
2021-05-10T23:59:59+02:00,0,1,1708,1829,3158,3705,4851,6012,11809,13113,18750,18129,12941,13939,9223,11268,2903,5034,0,0,540,527,826,1221,1003,1803,1663,2928,2578,3177,2530,2148,4949,5902,2662,4608,91166,29940,10985,4867,35488,3523,725,9,10
2021-05-09T23:59:59+02:00,0,1,1672,1783,3104,3689,4781,5977,11742,13092,18687,18069,12920,13920,9220,11258,2901,5032,0,0,537,524,815,1220,995,1797,1650,2925,2574,3176,2529,2146,4948,5901,2662,4607,90692,29933,10981,4866,35481,3512,685,9,10
2021-05-08T23:59:59+02:00,0,1,1639,1749,3068,3641,4704,5906,11405,12790,18654,18035,12913,13913,9219,11256,2899,5032,0,0,526,523,808,1220,984,1797,1642,2924,2558,3164,2528,2146,4948,5900,2661,4606,89668,29928,10981,4866,35481,3446,685,9,10
2021-05-07T23:59:59+02:00,0,1,1498,1626,2817,3470,4031,5243,10195,11596,18453,17884,12874,13878,9199,11239,2891,5025,0,0,437,373,685,993,838,1480,1496,2508,2389,2806,2519,2136,4944,5896,2658,4603,84896,29921,10980,4866,35469,1398,566,9,10
2021-05-06T23:59:59+02:00,0,1,1435,1457,2683,3338,3703,4932,8482,10113,17936,17460,12706,13710,9152,11167,2888,5017,0,0,323,316,579,893,702,1390,1249,2294,2175,2610,2467,2103,4942,5889,2658,4602,79352,29897,10979,4865,35452,32,388,9,10
2021-05-05T23:59:59+02:00,0,1,1379,1382,2596,3266,3526,4757,7327,9095,17428,17062,12619,13597,9120,11122,2879,5002,0,0,323,316,576,892,701,1388,1202,2241,2163,2602,2463,2101,4941,5885,2658,4598,75471,29884,10973,4864,35443,30,262,9,10
2021-05-04T23:59:59+02:00,0,1,1366,1380,2589,3258,3523,4756,7325,9094,17427,17061,12619,13597,9120,11122,2879,5002,0,0,323,315,575,891,699,1388,1202,2241,2163,2602,2462,2100,4941,5885,2658,4597,75459,29879,10961,4864,35429,28,261,9,10
2021-05-03T23:59:59+02:00,0,1,1364,1374,2580,3252,3520,4750,7247,9034,17413,17053,12615,13595,9120,11122,2878,5001,0,0,320,309,571,886,696,1383,1124,2181,2149,2594,2458,2098,4941,5885,2657,4596,75450,29877,10961,4864,35428,26,71,9,10
2021-05-02T23:59:59+02:00,0,1,1356,1370,2577,3246,3507,4741,7227,9014,17307,16985,12602,13570,9114,11111,2875,5001,0,0,318,308,570,885,695,1382,1124,2180,2146,2594,2458,2098,4940,5883,2657,4596,75140,29868,10960,4863,35427,25,68,9,10
2021-05-01T23:59:59+02:00,0,1,1352,1364,2568,3236,3497,4723,7169,8953,17164,16867,12577,13546,9102,11105,2875,5001,0,0,318,308,570,885,695,1382,1124,2180,2146,2594,2458,2098,4938,5882,2656,4594,74637,29862,10959,4863,35427,25,68,9,10
2021-04-30T23:59:59+02:00,0,1,1282,1286,2447,3069,3329,4450,5610,7550,15408,15431,12434,13386,9006,10988,2860,4968,0,0,318,308,569,884,694,1382,1121,2178,2143,2591,2457,2088,4924,5873,2648,4576,67098,29845,10959,4862,35427,25,12,9,10
2021-04-29T23:59:59+02:00,0,1,1228,1246,2345,2959,3193,4280,4999,6899,14229,14405,12122,13057,8915,10906,2846,4940,0,0,315,306,569,883,694,1381,1120,2178,2141,2589,2455,2084,4923,5869,2647,4574,62167,29823,10958,4859,35425,25,11,9,10
2021-04-28T23:59:59+02:00,0,1,1166,1229,2283,2919,3127,4199,4689,6609,13813,14089,12003,12912,8874,10847,2838,4934,0,0,314,306,566,880,690,1381,1118,2175,2139,2582,2452,2081,4920,5864,2644,4571,62044,29817,9051,4830,35424,24,4,9,8
2021-04-27T23:59:59+02:00,0,1,1147,1226,2277,2917,3122,4197,4687,6609,13812,14088,12002,12911,8874,10847,2838,4934,0,0,314,306,566,880,689,1379,1118,2175,2138,2582,2452,2079,4920,5864,2644,4571,62011,29815,9043,4826,35422,24,4,9,8
2021-04-26T23:59:59+02:00,0,1,1147,1223,2275,2916,3118,4197,4673,6595,13771,14055,11998,12908,8874,10846,2838,4933,0,0,314,306,566,879,688,1379,1118,2175,2136,2581,2452,2079,4919,5863,2644,4571,61997,29811,9039,4824,35320,24,3,9,8
2021-04-25T23:59:59+02:00,0,1,1146,1223,2268,2916,3115,4190,4660,6587,13633,13901,11988,12902,8873,10845,2838,4933,0,0,314,306,565,879,687,1378,1116,2173,2136,2581,2452,2079,4919,5863,2644,4571,61669,29807,9036,4821,35302,24,3,9,8
2021-04-24T23:59:59+02:00,0,1,1083,1178,2133,2829,2974,4133,4449,6470,12763,13096,11711,12572,8807,10742,2831,4920,0,0,314,306,565,879,686,1377,1116,2173,2136,2581,2451,2079,4915,5862,2644,4571,58345,29800,9035,4821,35300,23,3,9,8
2021-04-23T23:59:59+02:00,0,1,985,1158,1918,2801,2814,4099,4335,6357,11418,12036,11656,12509,8784,10695,2829,4917,0,0,313,306,565,879,685,1377,1115,2173,2134,2581,2450,2079,4914,5856,2644,4569,56858,29794,9034,4818,33409,18,2,9,8
2021-04-22T23:59:59+02:00,0,1,975,1149,1892,2787,2749,4073,4159,6238,10799,11524,11567,12421,8753,10648,2826,4912,0,0,312,305,565,879,685,1376,1113,2173,2133,2581,2450,2077,4912,5854,2644,4569,55162,29787,9033,4813,33267,18,2,9,8
2021-04-21T23:59:59+02:00,0,1,960,1134,1816,2762,2630,4038,4013,6163,9302,10363,11490,12352,8741,10624,2822,4909,0,0,311,305,564,879,684,1376,1111,2173,2133,2580,2446,2073,4909,5853,2643,4567,51986,29768,9032,4811,33091,18,2,9,8
2021-04-20T23:59:59+02:00,0,1,960,1133,1814,2760,2626,4034,4009,6162,9004,10040,11463,12327,8737,10614,2821,4908,0,0,311,305,564,879,684,1376,1111,2172,2132,2579,2446,2072,4907,5851,2642,4567,51283,29762,9029,4808,33090,18,2,9,8
2021-04-19T23:59:59+02:00,0,1,958,1130,1814,2757,2625,4033,4006,6159,9003,10039,11463,12327,8737,10613,2820,4908,0,0,311,305,562,878,684,1376,1110,2172,2130,2579,2446,2072,4907,5851,2642,4567,51273,29757,9024,4808,33085,17,2,9,8
2021-04-18T23:59:59+02:00,0,1,958,1129,1811,2757,2623,4031,4005,6159,9003,10039,11463,12327,8737,10611,2820,4907,0,0,311,305,562,878,683,1376,1110,2171,2130,2579,2446,2072,4907,5850,2642,4567,51264,29755,9023,4807,33083,17,2,9,8
2021-04-17T23:59:59+02:00,0,1,958,1128,1808,2751,2547,3940,3948,6077,8986,10021,11340,12175,8734,10609,2820,4906,0,0,306,299,558,871,675,1366,1092,2158,2083,2553,2400,2019,4857,5781,2636,4560,50632,29381,9023,4807,33083,16,2,9,8
2021-04-16T23:59:59+02:00,0,1,929,1094,1699,2668,2346,3806,3698,5902,7257,8209,11141,11930,8679,10546,2817,4892,0,0,299,295,543,852,642,1330,1010,2102,1857,2392,2250,1906,4670,5512,2574,4438,46282,29366,8948,3285,32373,11,2,9,8
2021-04-15T23:59:59+02:00,0,1,860,1044,1570,2580,2066,3653,3165,5573,6246,7243,10884,11591,8578,10423,2798,4869,0,0,298,295,542,851,640,1329,1009,2099,1622,2251,2098,1774,4483,5299,2520,4334,42474,29319,8945,2108,31714,7,2,9,8
2021-04-14T23:59:59+02:00,0,1,845,1015,1524,2543,1977,3572,2995,5437,6152,7130,10721,11383,8496,10323,2786,4855,0,0,278,286,508,824,569,1269,801,1956,1404,2127,2031,1699,4353,5135,2506,4306,41093,27927,8940,2108,31711,7,2,9,8
2021-04-13T23:59:59+02:00,0,1,840,1010,1512,2540,1953,3552,2964,5402,5628,6552,10421,11044,8465,10289,2785,4854,0,0,278,284,508,823,569,1269,801,1956,1403,2126,2028,1698,4353,5134,2506,4303,41081,27923,7014,2099,31706,7,2,9,8
2021-04-12T23:59:59+02:00,0,1,840,1008,1511,2537,1953,3552,2963,5401,5627,6552,10420,11043,8464,10289,2785,4854,0,0,278,283,508,823,567,1269,799,1955,1402,2126,2028,1698,4353,5133,2506,4303,41074,27917,7011,2097,31704,7,2,9,8
2021-04-11T23:59:59+02:00,0,1,840,1008,1508,2537,1951,3550,2962,5401,5626,6552,10418,11041,8464,10289,2785,4854,0,0,278,282,507,822,565,1269,798,1955,1400,2126,2028,1698,4353,5133,2506,4303,41067,27911,7010,2096,31700,7,1,9,8
2021-04-10T23:59:59+02:00,0,1,838,1005,1505,2533,1934,3538,2894,5336,5500,6455,10188,10822,8411,10239,2781,4853,0,0,278,281,507,821,564,1269,797,1955,1400,2126,2024,1694,4348,5124,2505,4300,40495,27881,7010,2096,31318,7,1,9,8
2021-04-09T23:59:59+02:00,0,1,800,972,1408,2478,1829,3480,2765,5282,5360,6390,7804,7993,8344,10145,2771,4835,0,0,278,281,505,820,562,1267,794,1955,1398,2122,2004,1672,4326,5105,2502,4295,35011,27774,7008,2096,30628,7,1,9,8
2021-04-08T23:59:59+02:00,0,1,799,969,1404,2475,1827,3477,2753,5273,5349,6376,7010,7075,8301,10094,2768,4832,0,0,275,280,505,819,562,1266,793,1955,1396,2121,2002,1672,4325,5102,2502,4295,33145,27759,7008,2095,30620,7,1,9,8
2021-04-07T23:59:59+02:00,0,1,749,949,1330,2405,1741,3408,2562,5166,4605,5892,6342,6433,8242,10033,2761,4826,0,0,275,280,505,819,562,1263,793,1955,1396,2121,2002,1672,4324,5102,2502,4294,33139,27757,7006,2094,27290,6,1,9,7
2021-04-06T23:59:59+02:00,0,1,717,942,1311,2369,1717,3367,2532,5120,4531,5815,5979,6077,8221,10009,2756,4820,0,0,275,279,505,818,562,1263,792,1955,1396,2121,2001,1671,4324,5102,2502,4294,33132,27754,7006,2093,26136,6,1,9,6
2021-04-05T23:59:59+02:00,0,1,714,914,1270,2246,1645,3202,2411,4850,4371,5544,5670,5768,8204,9983,2754,4816,0,0,275,279,505,817,562,1263,792,1955,1396,2121,2001,1671,4324,5102,2502,4294,33128,27753,7005,2093,24220,6,1,9,6
2021-04-04T23:59:59+02:00,0,1,695,889,1177,2032,1512,2938,2196,4415,4020,5045,5425,5543,8171,9929,2753,4808,0,0,275,279,504,816,560,1262,791,1954,1322,2084,1638,1397,4164,4921,2457,4228,33124,26547,7005,2093,21410,5,1,9,6
2021-04-03T23:59:59+02:00,0,1,695,889,1176,2031,1511,2938,2195,4415,4020,5045,5425,5542,8171,9929,2753,4808,0,0,275,279,504,816,560,1262,791,1954,1322,2084,1638,1397,4164,4921,2457,4228,33120,26547,7005,2093,21409,5,1,9,6
2021-04-02T23:59:59+02:00,0,1,695,888,1176,2031,1510,2938,2195,4415,4019,5044,5424,5541,8170,9927,2752,4806,0,0,275,279,504,816,559,1262,791,1954,1321,2084,1638,1397,4164,4921,2457,4228,33118,26546,7005,2093,21400,5,0,9,6
2021-04-01T23:59:59+02:00,0,1,690,886,1172,2025,1502,2929,2181,4397,3928,4958,4930,4939,7464,9030,2750,4801,0,0,275,277,503,813,559,1261,788,1953,1283,2056,1488,1300,4064,4820,2446,4215,30206,26004,6978,2087,21390,5,0,9,5
2021-03-31T23:59:59+02:00,0,1,690,885,1170,2024,1498,2924,2177,4396,3910,4947,4754,4719,6694,8097,2737,4780,0,0,274,276,502,812,555,1257,783,1947,1179,1979,1090,1034,3652,4354,2337,4040,30085,24037,4949,2025,21360,4,0,9,5
2021-03-30T23:59:59+02:00,0,1,690,885,1168,2021,1485,2915,2168,4387,3865,4920,4555,4538,6444,7800,2728,4764,0,0,274,275,502,810,554,1257,783,1946,1179,1979,1090,1034,3652,4354,2336,4039,30080,24031,4944,2025,20301,3,0,9,5
2021-03-29T23:59:59+02:00,0,1,690,883,1167,2021,1483,2915,2168,4387,3860,4918,4551,4536,6441,7791,2726,4745,0,0,274,274,502,810,554,1257,782,1945,1179,1979,1090,1033,3652,4354,2336,4038,30069,24026,4939,2025,20266,3,0,9,5
2021-03-28T23:59:59+02:00,0,1,689,883,1167,2017,1481,2913,2167,4384,3859,4918,4550,4536,6438,7787,2726,4743,0,0,273,274,501,810,554,1257,781,1945,1179,1979,1090,1032,3652,4354,2336,4038,30067,24023,4934,2024,20249,3,0,9,5
2021-03-27T23:59:59+01:00,0,1,685,878,1163,2009,1473,2903,2148,4369,3817,4892,4500,4478,6392,7729,2719,4730,0,0,269,269,487,800,543,1245,733,1910,1018,1886,828,843,3512,4199,2175,3722,29716,23051,4934,1380,20227,3,0,9,5
2021-03-26T23:59:59+01:00,0,1,685,878,1162,2007,1468,2902,2145,4368,3812,4889,4489,4456,6385,7714,2710,4716,0,0,268,269,487,798,541,1245,731,1910,1011,1878,690,748,2530,3037,2003,3508,29671,20266,4932,1380,20177,3,0,7,5
2021-03-25T23:59:59+01:00,0,1,684,877,1161,2006,1467,2899,2141,4362,3808,4885,4480,4445,6372,7685,2685,4662,0,0,268,269,487,798,540,1242,730,1909,1009,1876,668,741,1348,1591,1720,3143,29664,16952,4927,1380,20022,3,0,7,4
2021-03-24T23:59:59+01:00,0,1,660,867,1123,1975,1396,2838,1934,4217,3585,4758,4419,4386,6237,7519,2671,4630,0,0,268,269,487,797,537,1242,728,1909,1008,1876,668,741,1348,1591,1719,3141,28290,16943,4925,1379,19994,3,0,7,4
2021-03-23T23:59:59+01:00,0,1,660,865,1121,1974,1396,2838,1934,4217,3583,4755,4419,4385,6236,7519,2671,4629,0,0,268,269,487,797,537,1241,728,1909,1008,1876,668,740,1348,1591,1719,3141,28284,16942,4922,1379,19990,3,0,7,3
2021-03-22T23:59:59+01:00,0,1,660,863,1119,1970,1393,2838,1933,4217,3582,4755,4419,4384,6236,7518,2671,4629,0,0,268,269,487,797,537,1240,727,1909,1008,1875,668,739,1348,1591,1719,3141,28280,16939,4922,1379,19979,2,0,7,3
2021-03-21T23:59:59+01:00,0,1,660,863,1117,1969,1393,2836,1932,4216,3581,4754,4419,4384,6235,7518,2671,4629,0,0,268,269,487,797,537,1240,727,1908,1008,1875,668,738,1348,1591,1719,3141,28277,16937,4921,1379,19973,2,0,7,3
2021-03-20T23:59:59+01:00,0,1,658,862,1115,1967,1388,2833,1915,4209,3550,4735,4200,4108,5718,6909,2661,4593,0,0,263,267,482,792,520,1229,706,1892,972,1847,602,660,1117,1334,1364,2595,28194,15259,4819,1378,18402,2,0,7,3
2021-03-19T23:59:59+01:00,0,1,650,856,1101,1946,1354,2797,1835,4154,3328,4573,4051,3998,5542,6666,2608,4503,0,0,263,267,482,792,520,1229,706,1890,971,1847,602,660,1117,1333,1363,2594,28191,15254,3372,1377,18394,2,0,6,3
2021-03-18T23:59:59+01:00,0,1,649,855,1100,1945,1353,2795,1835,4150,3099,4429,3897,3868,5362,6464,2555,4401,0,0,263,266,481,792,520,1227,706,1889,970,1846,600,657,878,1075,1251,2426,28182,14467,2179,1376,18391,1,0,6,3
2021-03-17T23:59:59+01:00,0,1,649,855,1099,1945,1352,2794,1835,4150,3099,4429,3897,3866,5361,6464,2555,4401,0,0,263,265,481,792,520,1227,706,1889,969,1846,598,656,878,1074,1251,2426,28180,14464,2179,1375,18387,1,0,6,1
2021-03-16T23:59:59+01:00,0,1,649,855,1099,1941,1350,2794,1832,4150,3099,4427,3896,3865,5361,6463,2555,4400,0,0,261,261,467,787,511,1215,690,1875,953,1836,596,655,876,1073,1250,2425,28172,14354,2175,1375,18384,1,0,6,1
2021-03-15T23:59:59+01:00,0,1,648,854,1097,1940,1347,2794,1828,4149,3098,4427,3896,3864,5360,6462,2555,4400,0,0,261,261,467,787,511,1214,689,1875,952,1834,596,655,876,1073,1250,2425,28165,14349,2173,1375,18376,1,0,6,1
2021-03-14T23:59:59+01:00,0,1,647,851,1093,1936,1344,2791,1826,4147,3093,4426,3896,3864,5360,6462,2555,4400,0,0,261,261,467,787,511,1214,689,1875,952,1833,596,655,875,1073,1250,2425,28160,14347,2172,1375,18354,1,0,6,1
2021-03-13T23:59:59+01:00,0,1,645,846,1085,1930,1334,2784,1820,4139,2979,4348,3420,3460,5151,6227,2509,4336,0,0,261,261,467,787,511,1214,688,1875,950,1832,572,639,571,775,817,1844,26888,12687,2172,1375,17948,1,0,6,1
2021-03-12T23:59:59+01:00,0,1,618,760,1061,1817,1313,2595,1788,3874,2935,4180,2275,2016,4789,5679,2506,4327,0,0,261,261,467,787,511,1214,687,1875,949,1832,572,638,570,775,817,1843,26876,12683,2172,1375,13480,0,0,6,1
2021-03-11T23:59:59+01:00,0,1,609,715,1054,1713,1304,2438,1776,3662,2888,4041,1710,1484,4302,5138,2496,4317,0,0,258,260,467,787,511,1214,687,1874,949,1828,572,638,569,774,733,1697,26322,12679,2159,1138,11161,0,0,6,1
2021-03-10T23:59:59+01:00,0,1,603,705,1041,1688,1294,2417,1763,3636,2780,3958,1317,1216,3891,4666,2401,4159,0,0,258,260,466,785,510,1214,687,1874,947,1828,572,638,567,773,733,1697,24330,12673,2158,1135,11042,0,0,6,1
2021-03-09T23:59:59+01:00,0,1,602,702,1033,1671,1283,2402,1760,3625,2773,3953,1312,1215,3890,4665,2400,4158,0,0,258,260,466,785,510,1214,687,1874,947,1828,572,638,567,771,733,1697,24326,12672,2157,1135,10957,0,0,5,0
2021-03-08T23:59:59+01:00,0,1,597,673,1022,1644,1267,2369,1752,3592,2752,3938,1311,1212,3890,4665,2400,4157,0,0,258,260,466,785,509,1214,686,1873,947,1828,572,637,565,771,733,1697,24320,12668,2156,1133,10761,0,0,5,0
2021-03-07T23:59:59+01:00,0,1,597,670,1017,1640,1267,2366,1751,3589,2752,3936,1311,1212,3890,4665,2400,4157,0,0,258,260,466,785,508,1214,686,1873,947,1828,572,637,565,771,732,1697,24318,12666,2156,1133,10742,0,0,5,0
2021-03-06T23:59:59+01:00,0,1,562,622,896,1539,1023,2177,1330,3208,2332,3599,1030,994,3589,4287,2380,4139,0,0,258,260,466,785,506,1214,686,1873,947,1827,572,636,563,767,643,1515,23317,12662,2153,856,8233,0,0,5,0
2021-03-05T23:59:59+01:00,0,1,560,622,891,1535,1023,2175,1327,3205,2325,3594,886,897,2593,3088,2206,3907,0,0,257,260,461,773,503,1209,678,1856,933,1812,567,632,503,707,329,997,20465,12460,2142,17,8223,0,0,5,0
2021-03-04T23:59:59+01:00,0,1,543,579,855,1404,984,2023,1277,3001,2282,3493,872,888,1410,1648,1914,3540,0,0,257,260,459,773,503,1209,678,1856,933,1812,566,631,503,706,329,997,17157,12455,2141,17,7411,0,0,5,0
2021-03-03T23:59:59+01:00,0,1,537,548,832,1339,962,1961,1261,2958,2272,3449,872,887,1410,1648,1913,3540,0,0,257,260,459,772,503,1209,678,1855,933,1812,566,631,503,706,329,997,17153,12453,2141,17,7091,0,0,5,0
2021-03-02T23:59:59+01:00,0,1,536,546,830,1337,961,1960,1260,2957,2272,3449,872,886,1410,1648,1913,3540,0,0,257,260,458,771,502,1209,678,1855,932,1811,565,631,503,706,329,997,17152,12449,2141,15,7081,0,0,4,0
2021-03-01T23:59:59+01:00,0,1,536,544,828,1336,961,1958,1260,2957,2271,3448,872,885,1410,1647,1913,3540,0,0,257,260,458,770,502,1208,677,1854,932,1811,565,631,503,706,329,997,17148,12445,2140,15,7075,0,0,4,0
2021-02-28T23:59:59+01:00,0,1,535,542,827,1335,960,1958,1260,2956,2269,3447,872,883,1410,1647,1913,3540,0,0,257,260,458,770,502,1208,677,1853,932,1810,565,631,503,706,329,997,17145,12444,2140,14,7066,0,0,4,0
2021-02-27T23:59:59+01:00,0,1,530,540,816,1326,939,1946,1221,2929,2194,3398,754,766,1141,1357,1401,2662,0,0,256,260,457,770,501,1208,675,1852,931,1808,564,628,502,704,327,993,15427,12423,1426,13,7064,0,0,4,0
2021-02-26T23:59:59+01:00,0,1,521,519,787,1259,910,1833,1182,2771,1873,2977,713,738,1141,1357,1400,2661,0,0,256,260,457,770,501,1208,675,1852,931,1808,564,628,502,704,327,992,15421,12422,1426,13,5792,0,0,4,0
2021-02-25T23:59:59+01:00,0,1,487,479,725,1142,804,1640,1028,2469,1374,2425,661,693,892,1090,1289,2488,0,0,255,259,456,770,500,1206,674,1848,931,1806,564,628,502,704,327,992,14608,12415,1426,7,3650,0,0,3,0
2021-02-24T23:59:59+01:00,0,1,486,478,725,1140,803,1640,1028,2468,1374,2424,661,693,892,1090,1289,2488,0,0,255,258,456,770,500,1204,671,1847,931,1806,564,628,502,704,327,992,14607,12415,1425,0,3645,0,0,3,0
2021-02-23T23:59:59+01:00,0,1,484,474,709,1131,794,1629,1011,2453,1358,2413,659,692,890,1089,1288,2487,0,0,255,257,456,769,500,1204,671,1846,931,1805,564,628,502,704,327,992,14497,12411,1424,0,3638,0,0,3,0
2021-02-22T23:59:59+01:00,0,1,484,474,707,1131,792,1629,1011,2453,1357,2412,659,690,890,1088,1288,2487,0,0,255,257,456,769,500,1204,671,1846,931,1804,564,628,502,704,327,992,14494,12410,1424,0,3632,0,0,3,0
2021-02-21T23:59:59+01:00,0,1,484,474,706,1131,791,1629,1010,2453,1357,2411,658,690,889,1088,1288,2487,0,0,255,257,455,769,500,1204,671,1846,931,1803,564,628,502,704,327,992,14492,12408,1424,0,3628,0,0,3,0
2021-02-20T23:59:59+01:00,0,1,469,472,694,1125,771,1624,997,2451,1330,2390,631,671,580,785,846,1896,0,0,254,257,450,767,495,1198,666,1835,925,1800,561,625,497,703,323,987,12804,12343,1423,0,3503,0,0,3,0
2021-02-19T23:59:59+01:00,0,1,376,387,590,999,653,1470,857,2280,1091,2152,584,647,579,785,846,1896,0,0,251,257,446,765,493,1188,663,1819,918,1780,557,619,491,696,320,977,12802,12240,1423,0,1965,0,0,3,0
2021-02-18T23:59:59+01:00,0,1,265,263,475,798,514,1225,696,1884,956,1841,581,641,578,785,846,1895,0,0,250,255,444,762,491,1184,662,1804,914,1769,550,614,484,689,314,966,12799,12152,1423,0,19,0,0,3,0
2021-02-17T23:59:59+01:00,0,1,265,263,473,798,514,1223,695,1884,955,1841,579,640,578,784,846,1895,0,0,248,255,443,759,489,1182,659,1796,910,1762,545,609,474,667,303,946,12797,12047,1423,0,13,0,0,1,0
2021-02-16T23:59:59+01:00,0,1,265,263,471,797,513,1223,695,1884,955,1841,579,640,578,783,846,1895,0,0,238,251,437,743,477,1150,652,1719,885,1682,526,580,440,621,283,875,12796,11559,1423,0,9,0,0,1,0
2021-02-15T23:59:59+01:00,0,1,265,263,470,797,513,1223,693,1884,955,1841,579,640,578,783,846,1895,0,0,234,247,434,735,471,1123,636,1666,859,1628,505,546,422,577,267,810,12796,11160,1423,0,6,0,0,1,0
2021-02-14T23:59:59+01:00,0,1,265,263,470,797,513,1223,693,1884,955,1841,579,640,578,783,846,1895,0,0,234,247,434,734,470,1123,636,1660,857,1619,494,541,418,574,258,801,12796,11100,1423,0,6,0,0,1,0
2021-02-13T23:59:59+01:00,0,1,264,263,470,797,513,1223,692,1882,955,1841,579,640,578,783,846,1895,0,0,232,245,433,730,463,1111,627,1640,837,1586,474,513,401,548,245,763,12795,10848,1423,0,3,0,0,1,0
2021-02-12T23:59:59+01:00,0,1,264,263,470,796,513,1223,692,1881,950,1838,579,638,528,737,832,1891,0,0,216,237,412,696,442,1023,592,1478,751,1346,390,390,326,433,186,575,12669,9493,1423,0,3,0,0,1,0
2021-02-11T23:59:59+01:00,0,1,261,263,467,796,513,1223,692,1879,950,1835,578,637,525,734,744,1742,0,0,195,224,400,663,422,976,558,1383,705,1236,356,341,285,365,156,484,12656,8749,1181,0,2,0,0,1,0
2021-02-10T23:59:59+01:00,0,1,260,263,467,795,513,1223,691,1879,949,1835,577,637,525,733,743,1740,0,0,192,220,398,655,418,962,555,1364,693,1201,339,318,262,324,133,418,12648,8452,1181,0,1,0,0,1,0
2021-02-09T23:59:59+01:00,0,1,260,263,467,795,513,1222,690,1879,949,1833,577,637,525,733,743,1740,0,0,184,207,385,619,399,897,513,1270,640,1072,264,225,183,211,89,254,12644,7412,1181,0,1,0,0,1,0
2021-02-08T23:59:59+01:00,0,1,260,263,465,795,513,1221,689,1879,949,1831,577,637,525,732,743,1740,0,0,184,201,380,605,387,871,488,1220,613,1002,233,183,147,159,71,194,12639,6938,1180,0,1,0,0,0,0
2021-02-07T23:59:59+01:00,0,1,259,263,465,795,513,1221,689,1879,949,1830,577,637,525,732,743,1739,0,0,183,201,378,601,384,866,482,1208,607,986,227,176,137,141,64,177,12637,6818,1180,0,0,0,0,0,0
2021-02-06T23:59:59+01:00,0,1,259,263,465,795,513,1221,689,1879,949,1830,577,637,523,727,653,1561,0,0,183,201,378,601,384,866,482,1208,607,986,227,176,137,141,64,177,12637,6818,905,0,0,0,0,0,0
2021-02-05T23:59:59+01:00,0,1,259,263,463,794,512,1219,686,1877,946,1827,572,633,515,712,336,1029,0,0,177,192,361,570,371,825,464,1168,588,953,208,160,117,129,59,174,12623,6516,21,0,0,0,0,0,0
2021-02-04T23:59:59+01:00,0,1,259,262,462,789,509,1218,685,1872,941,1826,571,633,514,711,336,1029,0,0,162,159,291,433,306,668,384,942,513,815,196,155,108,123,52,162,12597,5469,21,0,0,0,0,0,0
2021-02-03T23:59:59+01:00,0,1,258,262,462,787,509,1217,684,1870,941,1826,571,633,514,711,336,1029,0,0,158,151,246,352,258,581,324,841,461,727,188,150,103,121,51,161,12590,4873,21,0,0,0,0,0,0
2021-02-02T23:59:59+01:00,0,1,258,261,462,784,508,1217,684,1868,941,1824,571,633,514,711,336,1029,0,0,151,137,188,289,200,493,248,727,379,643,178,146,100,120,50,160,12582,4209,20,0,0,0,0,0,0
2021-02-01T23:59:59+01:00,0,1,258,261,460,783,506,1216,683,1864,938,1819,571,633,513,711,336,1029,0,0,145,131,150,252,167,435,203,649,322,568,173,135,91,109,44,153,12562,3727,20,0,0,0,0,0,0
2021-01-31T23:59:59+01:00,0,1,258,261,460,783,506,1216,683,1863,938,1819,571,633,513,711,336,1029,0,0,145,131,150,251,167,434,202,649,322,568,173,135,91,109,44,153,12561,3724,20,0,0,0,0,0,0
2021-01-30T23:59:59+01:00,0,1,258,261,460,783,506,1216,683,1863,934,1819,570,633,511,711,333,1029,0,0,133,120,135,234,156,405,191,608,303,521,150,124,79,80,35,113,12551,3387,20,0,0,0,0,0,0
2021-01-29T23:59:59+01:00,0,1,255,260,456,780,504,1206,680,1846,927,1799,566,627,505,705,328,1019,0,0,89,66,94,154,115,248,148,440,214,378,112,83,60,69,30,102,12445,2402,19,0,0,0,0,0,0
2021-01-28T23:59:59+01:00,0,0,255,260,455,780,502,1206,680,1844,927,1796,566,627,505,705,328,1019,0,0,10,7,13,23,24,48,24,94,50,107,37,33,33,50,24,94,12442,671,13,0,0,0,0,0,0
2021-01-27T23:59:59+01:00,0,0,253,259,455,778,502,1204,677,1842,925,1796,566,627,505,705,328,1019,0,0,10,7,13,23,23,48,24,92,49,107,37,33,33,50,24,94,12437,667,4,0,0,0,0,0,0
2021-01-26T23:59:59+01:00,0,0,253,259,454,776,502,1203,677,1841,925,1795,566,627,505,705,328,1019,0,0,10,7,13,23,23,48,24,92,49,107,37,33,33,50,24,94,12433,667,2,0,0,0,0,0,0
2021-01-25T23:59:59+01:00,0,0,253,259,452,776,502,1202,677,1838,924,1793,566,627,505,703,327,1019,0,0,6,1,5,13,11,23,15,39,23,47,18,16,11,16,7,22,12423,273,0,0,0,0,0,0,0
2021-01-24T23:59:59+01:00,0,0,253,258,452,776,501,1202,677,1837,924,1792,566,627,505,703,327,1019,0,0,6,1,5,13,11,23,15,39,23,47,18,16,11,16,7,22,12419,273,0,0,0,0,0,0,0
2021-01-23T23:59:59+01:00,0,0,253,258,452,776,501,1201,677,1837,924,1792,566,627,505,703,327,1019,0,0,6,1,5,13,11,23,15,39,23,47,18,16,11,16,7,22,12418,273,0,0,0,0,0,0,0
2021-01-22T23:59:59+01:00,0,0,251,256,451,775,500,1200,677,1836,924,1792,566,627,505,703,309,974,0,0,6,1,5,13,11,23,15,39,23,47,18,16,11,16,7,22,12346,273,0,0,0,0,0,0,0
2021-01-21T23:59:59+01:00,0,0,249,252,449,765,497,1192,674,1813,915,1775,557,618,486,678,294,936,0,0,6,1,5,13,11,22,15,39,23,47,18,16,11,16,7,22,12150,272,0,0,0,0,0,0,0
2021-01-20T23:59:59+01:00,0,0,248,250,445,760,495,1188,671,1805,911,1770,551,613,478,659,286,917,0,0,6,1,5,13,11,22,15,39,23,47,18,16,11,16,7,22,12047,272,0,0,0,0,0,0,0
2021-01-19T23:59:59+01:00,0,0,243,250,442,752,489,1172,668,1772,900,1728,538,596,465,640,273,877,0,0,6,1,5,13,11,22,15,39,23,47,18,16,11,16,7,22,11805,272,0,0,0,0,0,0,0
2021-01-18T23:59:59+01:00,0,0,239,246,438,739,482,1150,650,1735,874,1681,519,563,448,601,257,818,0,0,6,1,5,12,11,21,15,39,23,46,18,16,11,16,7,22,11440,269,0,0,0,0,0,0,0
2021-01-17T23:59:59+01:00,0,0,239,245,436,738,481,1149,647,1728,868,1670,504,554,434,581,243,794,0,0,6,1,4,12,11,21,15,39,23,46,18,15,11,16,7,22,11311,267,0,0,0,0,0,0,0
2021-01-16T23:59:59+01:00,0,0,231,237,431,718,468,1114,622,1641,822,1521,461,469,401,527,221,734,0,0,0,0,0,0,0,0,0,0,0,0,0,0,0,0,0,0,10618,0,0,0,0,0,0,0,0
2021-01-15T23:59:59+01:00,0,0,224,231,423,698,453,1061,602,1541,783,1407,412,411,349,456,200,621,0,0,0,0,0,0,0,0,0,0,0,0,0,0,0,0,0,0,9872,0,0,0,0,0,0,0,0
2021-01-14T23:59:59+01:00,0,0,203,218,403,654,430,999,561,1423,715,1254,356,336,298,362,155,488,0,0,0,0,0,0,0,0,0,0,0,0,0,0,0,0,0,0,8855,0,0,0,0,0,0,0,0
2021-01-13T23:59:59+01:00,0,0,201,216,402,646,425,980,556,1402,701,1219,337,312,272,321,131,422,0,0,0,0,0,0,0,0,0,0,0,0,0,0,0,0,0,0,8543,0,0,0,0,0,0,0,0
2021-01-12T23:59:59+01:00,0,0,185,204,385,605,395,886,494,1247,622,1029,238,194,162,164,77,207,0,0,0,0,0,0,0,0,0,0,0,0,0,0,0,0,0,0,7094,0,0,0,0,0,0,0,0
2021-01-11T23:59:59+01:00,0,0,181,198,381,593,376,858,474,1200,602,974,218,164,129,117,55,150,0,0,0,0,0,0,0,0,0,0,0,0,0,0,0,0,0,0,6670,0,0,0,0,0,0,0,0
2021-01-10T23:59:59+01:00,0,0,180,194,369,578,372,845,465,1180,588,955,214,164,125,117,53,148,0,0,0,0,0,0,0,0,0,0,0,0,0,0,0,0,0,0,6547,0,0,0,0,0,0,0,0
2021-01-09T23:59:59+01:00,0,0,161,161,324,498,331,728,405,999,497,805,151,109,77,74,37,109,0,0,0,0,0,0,0,0,0,0,0,0,0,0,0,0,0,0,5466,0,0,0,0,0,0,0,0
2021-01-08T23:59:59+01:00,0,0,95,74,229,347,244,436,292,668,340,510,82,68,53,59,28,97,0,0,0,0,0,0,0,0,0,0,0,0,0,0,0,0,0,0,3622,0,0,0,0,0,0,0,0
2021-01-07T23:59:59+01:00,0,0,12,10,54,96,72,126,93,194,122,180,44,36,36,51,25,97,0,0,0,0,0,0,0,0,0,0,0,0,0,0,0,0,0,0,1248,0,0,0,0,0,0,0,0
2021-01-06T23:59:59+01:00,0,0,8,4,9,23,17,49,24,90,53,108,38,33,35,51,25,97,0,0,0,0,0,0,0,0,0,0,0,0,0,0,0,0,0,0,664,0,0,0,0,0,0,0,0
2021-01-05T23:59:59+01:00,0,0,8,4,9,23,17,48,23,90,51,108,38,33,34,51,25,97,0,0,0,0,0,0,0,0,0,0,0,0,0,0,0,0,0,0,659,0,0,0,0,0,0,0,0
2021-01-04T23:59:59+01:00,0,0,6,1,5,13,11,25,15,41,23,49,19,16,12,16,7,23,0,0,0,0,0,0,0,0,0,0,0,0,0,0,0,0,0,0,282,0,0,0,0,0,0,0,0
2021-01-03T23:59:59+01:00,0,0,6,1,5,13,11,25,15,41,23,49,19,16,12,16,7,23,0,0,0,0,0,0,0,0,0,0,0,0,0,0,0,0,0,0,282,0,0,0,0,0,0,0,0
2021-01-02T23:59:59+01:00,0,0,6,1,5,13,11,25,15,41,23,49,19,16,12,16,7,23,0,0,0,0,0,0,0,0,0,0,0,0,0,0,0,0,0,0,282,0,0,0,0,0,0,0,0
2021-01-01T23:59:59+01:00,0,0,6,1,5,13,11,24,15,41,23,49,19,16,12,16,7,23,0,0,0,0,0,0,0,0,0,0,0,0,0,0,0,0,0,0,281,0,0,0,0,0,0,0,0
2020-12-31T23:59:59+01:00,0,0,6,1,5,13,11,24,15,41,23,49,19,16,12,16,7,23,0,0,0,0,0,0,0,0,0,0,0,0,0,0,0,0,0,0,281,0,0,0,0,0,0,0,0
2020-12-30T23:59:59+01:00,0,0,6,1,5,13,11,24,15,41,23,49,19,16,12,16,7,23,0,0,0,0,0,0,0,0,0,0,0,0,0,0,0,0,0,0,281,0,0,0,0,0,0,0,0
2020-12-29T23:59:59+01:00,0,0,6,1,5,13,11,23,15,41,23,49,19,16,12,16,7,23,0,0,0,0,0,0,0,0,0,0,0,0,0,0,0,0,0,0,280,0,0,0,0,0,0,0,0
2020-12-28T23:59:59+01:00,0,0,6,1,5,13,11,23,15,41,23,48,19,16,12,16,7,23,0,0,0,0,0,0,0,0,0,0,0,0,0,0,0,0,0,0,279,0,0,0,0,0,0,0,0
2020-12-27T23:59:59+01:00,0,0,6,1,4,12,11,23,15,41,23,48,19,15,12,16,7,23,0,0,0,0,0,0,0,0,0,0,0,0,0,0,0,0,0,0,276,0,0,0,0,0,0,0,0
