Datum,<15_m,<15_w,15-24_1_m,15-24_1_w,25-34_1_m,25-34_1_w,35-44_1_m,35-44_1_w,45-54_1_m,45-54_1_w,55-64_1_m,55-64_1_w,65-74_1_m,65-74_1_w,75-84_1_m,75-84_1_w,>84_1_m,>84_1_w,<24_2_m,<24_2_w,25-34_2_m,25-34_2_w,35-44_2_m,35-44_2_w,45-54_2_m,45-54_2_w,55-64_2_m,55-64_2_w,65-74_2_m,65-74_2_w,75-84_2_m,75-84_2_w,>84_2_m,>84_2_w,bp_1,bp_2,mo_1,mo_2,az_1,az_2,ja,unb_1,unb_2
2021-09-05T23:59:59+02:00,1469,1360,12844,12007,15800,14346,17684,17427,20952,20884,22428,21405,14475,15646,9933,12171,2942,5158,12019,11162,15232,13642,17199,16798,20579,20392,22101,20998,14282,15406,9822,12014,2904,5094,170179,164667,22581,22032,35548,34638,10620,3,3
2021-09-04T23:59:59+02:00,1469,1360,12844,12007,15800,14346,17684,17427,20952,20883,22428,21405,14475,15646,9933,12171,2942,5158,12019,11162,15232,13642,17199,16798,20579,20391,22101,20998,14282,15406,9822,12014,2904,5094,170179,164667,22581,22032,35548,34638,10619,3,3
2021-09-03T23:59:59+02:00,1447,1332,12784,11943,15769,14302,17647,17396,20919,20857,22407,21381,14460,15632,9928,12162,2939,5156,11918,11073,15185,13581,17170,16757,20551,20368,22080,20979,14269,15398,9817,12006,2903,5093,169826,164181,22581,22032,35548,34633,10503,3,3
2021-09-02T23:59:59+02:00,1437,1323,12743,11918,15732,14265,17623,17366,20894,20836,22391,21371,14452,15610,9920,12157,2937,5154,11891,11052,15165,13556,17150,16736,20534,20356,22069,20971,14266,15384,9813,12003,2902,5091,169618,164087,22581,22032,35548,34633,10379,3,3
2021-09-01T23:59:59+02:00,1430,1319,12716,11896,15718,14240,17615,17353,20890,20833,22386,21368,14450,15603,9918,12153,2936,5152,11879,11034,15159,13547,17141,16729,20529,20351,22065,20964,14264,15384,9812,12001,2902,5091,169471,163999,22581,22031,35548,34633,10373,3,3
2021-08-31T23:59:59+02:00,1417,1304,12667,11861,15691,14196,17594,17328,20865,20818,22364,21359,14443,15599,9917,12148,2935,5152,11833,11001,15134,13511,17118,16694,20509,20335,22040,20950,14259,15383,9807,11998,2901,5090,169308,163857,22581,22030,35548,34632,10218,3,3
2021-08-30T23:59:59+02:00,1411,1304,12656,11835,15675,14180,17581,17321,20846,20801,22356,21348,14436,15595,9914,12144,2935,5150,11796,10960,15103,13484,17106,16675,20487,20320,22032,20941,14253,15380,9803,11993,2901,5089,169256,163712,22581,22030,35548,34632,10100,3,3
2021-08-29T23:59:59+02:00,1411,1304,12654,11835,15671,14180,17581,17321,20846,20801,22356,21348,14436,15595,9914,12144,2935,5150,11795,10958,15099,13483,17106,16675,20485,20320,22032,20941,14253,15380,9803,11993,2901,5089,169252,163703,22581,22030,35548,34632,10098,3,3
2021-08-28T23:59:59+02:00,1411,1304,12654,11835,15671,14180,17581,17321,20846,20801,22356,21348,14436,15595,9914,12144,2935,5150,11794,10958,15099,13483,17106,16675,20485,20320,22032,20941,14253,15380,9803,11993,2901,5089,169252,163702,22581,22030,35548,34632,10098,3,3
2021-08-27T23:59:59+02:00,1410,1298,12629,11816,15647,14158,17563,17298,20826,20792,22341,21334,14430,15589,9910,12138,2934,5148,11778,10947,15077,13468,17093,16659,20468,20312,22018,20928,14247,15375,9797,11986,2900,5087,169183,163677,22581,22030,35548,34631,9946,3,3
2021-08-26T23:59:59+02:00,1406,1294,12597,11791,15620,14130,17538,17285,20800,20773,22327,21321,14421,15584,9905,12132,2933,5146,11721,10881,15026,13415,17054,16632,20437,20287,22002,20906,14233,15362,9790,11982,2897,5085,169099,163398,22581,22029,35548,34630,9772,3,3
2021-08-25T23:59:59+02:00,1401,1292,12580,11774,15603,14118,17525,17269,20792,20763,22322,21312,14418,15577,9904,12129,2932,5146,11659,10818,14974,13375,17033,16602,20426,20271,21987,20895,14228,15355,9787,11980,2895,5082,168979,163049,22581,22029,35548,34630,9746,3,3
2021-08-24T23:59:59+02:00,1394,1283,12553,11752,15577,14085,17507,17252,20776,20749,22306,21299,14412,15565,9899,12120,2928,5144,11627,10795,14941,13337,17006,16586,20405,20249,21962,20885,14220,15343,9781,11972,2894,5080,168882,162911,22581,22029,35548,34630,9587,3,3
2021-08-23T23:59:59+02:00,1392,1279,12528,11735,15548,14060,17474,17234,20748,20739,22290,21286,14396,15552,9896,12116,2927,5143,11559,10740,14881,13286,16960,16557,20370,20225,21940,20867,14200,15332,9776,11965,2893,5078,168848,162663,22581,22028,35548,34630,9363,3,3
2021-08-22T23:59:59+02:00,1391,1279,12528,11733,15546,14059,17474,17234,20747,20737,22288,21286,14395,15552,9896,12116,2927,5143,11557,10736,14879,13284,16959,16556,20369,20225,21940,20867,14200,15332,9776,11965,2893,5078,168838,162652,22581,22027,35548,34630,9361,3,3
2021-08-21T23:59:59+02:00,1312,1205,12372,11540,15470,13937,17412,17151,20706,20695,22255,21243,14385,15536,9888,12103,2926,5139,11459,10645,14819,13231,16924,16515,20338,20200,21918,20837,14188,15320,9769,11954,2891,5074,167785,162074,22581,22019,35548,34630,9358,3,3
2021-08-20T23:59:59+02:00,1306,1204,12350,11511,15455,13923,17391,17133,20699,20686,22248,21236,14382,15528,9888,12100,2926,5139,11353,10567,14732,13158,16826,16411,20278,20145,21884,20804,14176,15301,9762,11949,2890,5074,167780,161993,22419,21332,35548,34616,9355,3,3
2021-08-19T23:59:59+02:00,1302,1201,12286,11460,15359,13874,17317,17081,20647,20647,22212,21193,14365,15513,9879,12087,2925,5135,11250,10468,14623,13086,16729,16336,20218,20097,21845,20752,14154,15286,9753,11936,2888,5067,167669,161658,22419,21332,35548,34615,8844,3,3
2021-08-18T23:59:59+02:00,1296,1199,12265,11446,15347,13865,17312,17072,20637,20637,22210,21185,14363,15509,9877,12086,2925,5135,11209,10429,14596,13064,16699,16309,20203,20086,21835,20747,14147,15280,9752,11935,2888,5067,167558,161404,22419,21332,35548,34615,8838,3,3
2021-08-17T23:59:59+02:00,1288,1193,12231,11423,15318,13839,17292,17048,20620,20627,22202,21171,14356,15505,9869,12083,2924,5134,11112,10361,14545,13007,16656,16267,20172,20063,21814,20723,14140,15272,9744,11925,2885,5067,167411,160985,22419,21329,35548,34615,8742,3,3
2021-08-16T23:59:59+02:00,1285,1188,12206,11399,15300,13817,17275,17032,20597,20602,22182,21162,14346,15494,9867,12080,2922,5133,11041,10291,14483,12945,16616,16229,20136,20027,21789,20703,14123,15259,9739,11911,2880,5064,167351,160607,22419,21328,35548,34615,8566,3,3
2021-08-15T23:59:59+02:00,1284,1188,12203,11398,15298,13815,17274,17030,20595,20601,22180,21160,14346,15494,9867,12080,2922,5132,11039,10282,14471,12941,16613,16228,20133,20027,21789,20703,14122,15259,9739,11911,2880,5064,167332,160573,22419,21327,35548,34615,8565,3,3
2021-08-14T23:59:59+02:00,1284,1188,12203,11398,15298,13815,17274,17030,20595,20601,22180,21160,14346,15494,9867,12080,2922,5132,11005,10247,14445,12918,16597,16211,20127,20018,21784,20699,14122,15259,9739,11911,2879,5064,167332,160380,22419,21327,35548,34615,8565,3,3
2021-08-13T23:59:59+02:00,1216,1114,12111,11293,15262,13771,17242,16985,20566,20576,22157,21136,14338,15483,9860,12073,2921,5130,10933,10186,14403,12860,16556,16175,20110,19997,21765,20684,14116,15246,9735,11903,2878,5063,166788,160023,22419,21326,35548,34615,8476,3,3
2021-08-12T23:59:59+02:00,1213,1109,12089,11282,15234,13752,17217,16955,20543,20561,22134,21112,14327,15471,9852,12065,2921,5127,10858,10117,14346,12798,16504,16129,20081,19976,21734,20654,14104,15231,9725,11891,2876,5059,166706,159657,22418,21325,35548,34615,8289,3,3
2021-08-11T23:59:59+02:00,1201,1102,12065,11257,15219,13742,17202,16944,20535,20551,22128,21103,14319,15466,9844,12060,2920,5125,10750,10010,14265,12714,16470,16086,20048,19947,21711,20642,14091,15216,9715,11879,2874,5055,166526,158983,22417,21321,35548,34614,8289,3,3
2021-08-10T23:59:59+02:00,1201,1090,12038,11240,15194,13729,17183,16930,20518,20537,22112,21091,14308,15461,9842,12056,2920,5123,10696,9958,14217,12684,16434,16063,20023,19924,21688,20620,14078,15204,9712,11876,2874,5051,166445,158719,22417,21321,35548,34614,8160,3,3
2021-08-09T23:59:59+02:00,1197,1083,12008,11210,15176,13711,17169,16910,20506,20528,22093,21081,14297,15457,9838,12050,2920,5121,10643,9899,14175,12649,16403,16032,20006,19908,21670,20612,14065,15196,9704,11869,2874,5046,166329,158447,22417,21321,35548,34614,8058,3,3
2021-08-08T23:59:59+02:00,1194,1082,12004,11205,15173,13710,17165,16908,20503,20525,22091,21080,14297,15455,9837,12049,2920,5121,10639,9899,14172,12644,16400,16029,20005,19907,21669,20612,14063,15196,9704,11869,2874,5046,166293,158425,22417,21320,35548,34614,8058,3,3
2021-08-07T23:59:59+02:00,1194,1082,12002,11203,15171,13706,17164,16906,20502,20523,22090,21080,14297,15454,9837,12048,2920,5121,10638,9897,14171,12643,16400,16029,20004,19906,21669,20609,14062,15196,9704,11869,2874,5046,166274,158414,22417,21320,35548,34614,8058,3,3
2021-08-06T23:59:59+02:00,1192,1080,11984,11192,15143,13693,17140,16891,20482,20505,22079,21071,14294,15450,9835,12044,2920,5121,10620,9885,14138,12630,16376,16014,19984,19891,21658,20600,14059,15192,9702,11865,2874,5046,166261,158404,22417,21319,35548,34613,7887,3,3
2021-08-05T23:59:59+02:00,1183,1071,11941,11160,15109,13670,17113,16857,20452,20486,22048,21053,14281,15433,9830,12036,2916,5120,10593,9871,14109,12610,16357,15994,19955,19876,21634,20586,14048,15181,9697,11860,2872,5045,166119,158376,22417,21317,35548,34612,7672,3,3
2021-08-04T23:59:59+02:00,1170,1062,11912,11130,15097,13654,17099,16844,20441,20474,22038,21040,14274,15428,9826,12034,2915,5119,10584,9854,14095,12601,16344,15987,19945,19867,21628,20584,14046,15180,9696,11860,2871,5044,165920,158303,22415,21287,35547,34612,7672,3,3
2021-08-03T23:59:59+02:00,1164,1056,11869,11096,15062,13629,17074,16814,20420,20455,22018,21018,14261,15410,9822,12031,2914,5118,10547,9833,14064,12585,16324,15967,19928,19855,21611,20571,14038,15162,9692,11858,2871,5044,165790,158261,22415,21285,35547,34610,7476,3,3
2021-08-02T23:59:59+02:00,1161,1054,11852,11078,15042,13610,17059,16794,20404,20445,22010,21008,14250,15399,9816,12029,2914,5116,10527,9818,14045,12564,16310,15949,19911,19848,21604,20560,14028,15150,9686,11856,2871,5042,165743,158222,22415,21285,35547,34610,7333,3,3
2021-08-01T23:59:59+02:00,1161,1054,11850,11074,15042,13610,17058,16793,20404,20444,22008,21008,14250,15398,9816,12029,2914,5115,10525,9817,14041,12563,16308,15949,19911,19847,21603,20560,14028,15150,9686,11856,2871,5042,165732,158213,22414,21284,35547,34609,7332,3,3
2021-07-31T23:59:59+02:00,1161,1054,11850,11074,15042,13610,17058,16793,20404,20444,22008,21008,14250,15398,9816,12029,2914,5115,10525,9816,14037,12560,16307,15949,19911,19845,21602,20560,14028,15150,9686,11856,2871,5042,165732,158202,22414,21283,35547,34609,7332,3,3
2021-07-30T23:59:59+02:00,1160,1054,11816,11060,15008,13587,17022,16765,20377,20425,21971,20989,14233,15390,9810,12021,2913,5114,10492,9804,14003,12537,16272,15922,19884,19826,21565,20540,14011,15142,9680,11848,2870,5041,165725,158199,22414,21283,35547,34608,7026,3,3
2021-07-29T23:59:59+02:00,1148,1046,11785,11031,14984,13564,17012,16752,20369,20414,21962,20983,14230,15389,9807,12019,2910,5113,10487,9795,13984,12530,16261,15914,19882,19824,21561,20539,14009,15140,9680,11848,2870,5041,165534,158132,22414,21281,35547,34608,7020,3,3
2021-07-28T23:59:59+02:00,1133,1040,11750,10985,14958,13535,16995,16734,20361,20401,21953,20975,14226,15387,9805,12017,2909,5112,10476,9786,13967,12515,16252,15905,19875,19820,21558,20537,14008,15138,9680,11847,2870,5041,165315,158065,22413,21280,35547,34606,6998,3,3
2021-07-27T23:59:59+02:00,1130,1039,11730,10969,14934,13516,16976,16725,20348,20383,21936,20956,14218,15374,9798,12013,2908,5110,10455,9774,13940,12491,16235,15897,19861,19802,21542,20517,13999,15126,9673,11843,2869,5040,165290,158041,22413,21280,35547,34606,6810,3,3
2021-07-26T23:59:59+02:00,1124,1027,11674,10910,14890,13479,16951,16703,20313,20352,21907,20940,14201,15366,9791,12005,2908,5109,10416,9748,13907,12462,16210,15881,19824,19766,21492,20488,13982,15116,9665,11834,2869,5039,165124,157981,22412,21279,35547,34546,6564,3,3
2021-07-25T23:59:59+02:00,1123,1027,11672,10907,14885,13478,16949,16702,20312,20352,21907,20940,14201,15366,9791,12005,2908,5109,10414,9736,13901,12458,16208,15880,19823,19766,21492,20488,13982,15116,9665,11834,2869,5038,165110,157955,22410,21276,35547,34546,6564,3,3
2021-07-24T23:59:59+02:00,1123,1027,11668,10905,14884,13477,16949,16701,20310,20350,21907,20939,14200,15366,9791,12005,2908,5109,10292,9623,13733,12316,15786,15514,19674,19644,21474,20462,13968,15101,9658,11826,2869,5037,165103,157933,22404,19607,35547,34546,6562,3,3
2021-07-23T23:59:59+02:00,1099,1014,11555,10834,14805,13421,16896,16647,20269,20298,21869,20901,14184,15346,9781,11997,2906,5108,8537,8240,12347,11209,15298,15082,19385,19322,21260,20269,13890,15017,9601,11777,2864,5033,164693,150279,22404,19607,35547,34489,6283,3,3
2021-07-22T23:59:59+02:00,1077,1007,11487,10763,14750,13372,16859,16621,20251,20269,21855,20877,14169,15333,9770,11990,2904,5106,8009,7760,11734,10708,14587,14481,19188,19154,21104,20094,13821,14933,9576,11731,2855,5022,164338,145878,22403,19607,35547,34477,6169,3,3
2021-07-21T23:59:59+02:00,1065,998,11442,10714,14714,13341,16830,16593,20233,20252,21837,20866,14157,15328,9768,11982,2902,5104,8005,7753,11722,10700,14581,14479,19180,19153,21049,20057,13818,14931,9576,11730,2854,5020,164009,145843,22403,19600,35547,34375,6164,3,3
2021-07-20T23:59:59+02:00,1052,983,11390,10673,14683,13312,16797,16575,20210,20231,21813,20848,14147,15316,9766,11976,2901,5103,7994,7747,11707,10692,14574,14472,19171,19149,21042,20053,13817,14929,9576,11730,2854,5020,163700,145811,22403,19600,35547,34367,6123,3,3
2021-07-19T23:59:59+02:00,1039,967,11341,10623,14656,13278,16777,16556,20191,20211,21800,20840,14141,15312,9762,11967,2899,5099,7989,7744,11701,10688,14570,14471,19169,19149,21028,20037,13815,14928,9575,11728,2854,5020,163385,145785,22403,19598,35547,34336,6121,3,3
2021-07-18T23:59:59+02:00,1039,967,11339,10623,14656,13276,16776,16556,20191,20210,21800,20840,14140,15312,9762,11967,2899,5099,7986,7740,11692,10682,14565,14468,19168,19149,21017,20032,13815,14928,9575,11728,2854,5020,163379,145757,22402,19597,35547,34318,6121,3,3
2021-07-17T23:59:59+02:00,1037,967,11294,10595,14599,13232,16740,16526,20156,20196,21774,20816,14129,15299,9759,11964,2899,5098,7911,7681,11548,10553,14372,14301,18745,18830,20819,19857,13787,14887,9560,11705,2850,5014,163353,145751,22393,17941,35547,34318,5784,3,3
2021-07-16T23:59:59+02:00,1016,950,11102,10455,14499,13132,16642,16451,20080,20131,21722,20768,14102,15274,9742,11957,2895,5093,7636,7479,10621,9918,13908,13992,18519,18638,19958,19201,13621,14675,9451,11573,2834,4990,163032,142319,21862,17931,35547,32535,5567,3,3
2021-07-15T23:59:59+02:00,992,934,11045,10393,14462,13101,16617,16430,20066,20114,21712,20759,14098,15270,9738,11953,2895,5089,7205,7111,8417,8195,13447,13600,18457,18581,19817,19066,13488,14532,9398,11511,2833,4980,162697,135980,21861,17927,35547,32497,5560,3,3
2021-07-14T23:59:59+02:00,966,916,10969,10306,14393,13041,16579,16386,20031,20078,21687,20738,14086,15258,9726,11938,2891,5087,6656,6662,7332,7339,12875,13150,18359,18487,19709,18978,13458,14495,9381,11494,2831,4977,162207,131612,21861,17923,35547,32433,5458,3,3
2021-07-13T23:59:59+02:00,948,895,10888,10233,14348,12998,16552,16356,20008,20057,21676,20725,14079,15247,9723,11931,2889,5085,6403,6374,6881,6958,12567,12882,18343,18466,19664,18942,13345,14386,9378,11490,2831,4974,161776,131577,21858,15667,35547,32429,5454,3,3
2021-07-12T23:59:59+02:00,928,883,10834,10184,14302,12953,16510,16327,19992,20044,21670,20719,14076,15242,9719,11927,2889,5083,6262,6278,6721,6836,12274,12639,17649,17902,19567,18863,13311,14361,9361,11468,2831,4971,161478,129037,21858,15663,35547,32426,5396,3,3
2021-07-11T23:59:59+02:00,928,883,10833,10182,14300,12952,16509,16327,19992,20044,21670,20719,14076,15242,9719,11927,2889,5083,6256,6274,6719,6833,12273,12639,17649,17902,19566,18862,13311,14361,9361,11467,2830,4969,161476,129027,21858,15663,35547,32419,5391,3,3
2021-07-10T23:59:59+02:00,925,878,10826,10170,14292,12947,16501,16327,19990,20037,21665,20714,14076,15241,9719,11927,2889,5083,6247,6266,6709,6828,12270,12635,17648,17898,19561,18859,13310,14361,9361,11467,2830,4969,161411,128976,21858,15663,35547,32419,5388,3,3
2021-07-09T23:59:59+02:00,911,862,10776,10126,14259,12919,16467,16298,19956,20014,21637,20692,14057,15226,9704,11919,2888,5080,5438,5530,6578,6728,12112,12531,17418,17793,19356,18726,13247,14288,9335,11448,2827,4966,161227,126069,21858,15663,35547,31471,5156,3,3
2021-07-08T23:59:59+02:00,909,862,10715,10081,14172,12865,16404,16247,19904,19968,21608,20668,14044,15209,9698,11906,2887,5074,5305,5416,6359,6553,11673,12187,16906,17422,19096,18540,13184,14204,9309,11412,2821,4954,161210,124135,21857,15660,35546,30965,4605,3,3
2021-07-07T23:59:59+02:00,908,862,10713,10075,14168,12862,16402,16247,19904,19965,21608,20668,14044,15209,9698,11906,2887,5074,5161,5232,5889,6141,10473,11201,16853,17356,19042,18495,13167,14182,9300,11409,2817,4944,161199,120462,21853,15659,35546,30962,4599,3,3
2021-07-06T23:59:59+02:00,908,862,10711,10074,14165,12860,16400,16247,19904,19965,21608,20667,14044,15208,9698,11906,2887,5074,5142,5226,5882,6136,10472,11199,16851,17356,19040,18495,13167,14180,9300,11409,2817,4944,161194,120440,21851,15656,35546,30946,4594,3,3
2021-07-05T23:59:59+02:00,908,862,10705,10069,14148,12857,16389,16245,19903,19965,21606,20667,14044,15208,9698,11906,2887,5074,5133,5225,5863,6133,10461,11197,16848,17356,19038,18494,13167,14180,9300,11409,2817,4944,161185,120436,21851,15654,35546,30939,4556,3,3
2021-07-04T23:59:59+02:00,908,862,10695,10059,14146,12853,16388,16245,19902,19965,21605,20666,14044,15208,9698,11905,2886,5073,5100,5182,5777,6056,10334,11082,16841,17353,19037,18491,13163,14178,9298,11404,2814,4942,161178,119958,21851,15653,35546,30931,4530,3,3
2021-07-03T23:59:59+02:00,827,793,8761,8503,12693,11698,15919,15791,19619,19666,21436,20501,13970,15132,9644,11859,2880,5069,4991,5050,5502,5801,10097,10867,16697,17212,18846,18339,13138,14144,9288,11394,2812,4940,152845,118400,21851,15653,35546,30561,4516,3,3
2021-07-02T23:59:59+02:00,827,791,8760,8497,12689,11694,15917,15790,19617,19666,21435,20501,13969,15132,9643,11858,2879,5068,4129,4182,4857,5152,9126,9873,16327,16735,18364,17801,12788,13822,9229,11319,2810,4932,152828,113864,21851,15653,35544,27432,4507,3,3
2021-07-01T23:59:59+02:00,807,771,8551,8328,12608,11615,15884,15760,19606,19652,21425,20484,13965,15129,9638,11850,2876,5062,2291,2461,4425,4778,8636,9446,15698,16192,17811,17364,12731,13756,9199,11263,2796,4902,152134,106227,21851,15651,35544,27392,4479,3,2
2021-06-30T23:59:59+02:00,752,721,8307,8141,12436,11467,15769,15664,19539,19584,21385,20438,13946,15103,9625,11837,2875,5057,2232,2422,4334,4659,8531,9346,15500,16053,17078,16863,12078,13112,9140,11194,2789,4896,150786,106165,21848,15650,35544,23946,4465,3,2
2021-06-29T23:59:59+02:00,752,721,8302,8132,12434,11463,15766,15664,19537,19584,21385,20438,13946,15103,9625,11837,2875,5057,2209,2410,4311,4620,8508,9301,15464,15994,17002,16778,11723,12774,9112,11160,2786,4888,150777,106151,21845,15648,35543,22787,4453,3,2
2021-06-28T23:59:59+02:00,752,721,8299,8128,12426,11458,15764,15664,19536,19584,21385,20438,13945,15103,9625,11837,2875,5057,2201,2381,4263,4502,8433,9141,15343,15716,16834,16506,11416,12471,9089,11133,2785,4884,150760,106141,21845,15648,35543,20862,4446,3,2
2021-06-27T23:59:59+02:00,752,721,8296,8122,12422,11455,15762,15664,19534,19584,21385,20438,13945,15103,9625,11836,2875,5057,2191,2377,4254,4500,8250,8987,15322,15700,16832,16501,11412,12470,9088,11131,2785,4884,150751,105742,21843,15647,35543,20858,4436,3,2
2021-06-26T23:59:59+02:00,744,717,8082,7907,11949,11047,14652,14674,19282,19386,21282,20316,13902,15052,9612,11807,2872,5054,2151,2334,4200,4445,8152,8877,15060,15440,16770,16454,11395,12451,9076,11126,2785,4882,148275,104678,20081,15625,35542,20858,4436,3,2
2021-06-25T23:59:59+02:00,725,699,8055,7883,11934,11037,14652,14668,19275,19381,21277,20315,13902,15052,9611,11805,2872,5054,2020,2156,3912,4139,6625,7442,12402,13248,16695,16366,11368,12421,9065,11102,2780,4867,148135,95802,20081,15543,35542,20825,4436,3,2
2021-06-24T23:59:59+02:00,713,682,7569,7471,10856,10142,14118,14233,19204,19322,21229,20272,13880,15023,9598,11792,2871,5051,1951,2088,3551,3799,5861,6773,12158,13039,16449,16159,11264,12294,8975,10975,2769,4833,143980,94567,20077,13167,35541,20777,4425,3,2
2021-06-23T23:59:59+02:00,713,682,7567,7466,10850,10139,14117,14232,19204,19320,21229,20271,13880,15023,9598,11792,2871,5051,1806,1920,3065,3396,4505,5598,11854,12770,16328,16041,11218,12255,8962,10948,2768,4826,143964,89918,20074,13167,35540,20749,4424,3,2
2021-06-22T23:59:59+02:00,713,682,7518,7437,10777,10089,14094,14206,19188,19305,21218,20263,13873,15013,9595,11789,2871,5051,1756,1889,2983,3342,4467,5565,11825,12731,16260,15990,11009,12064,8710,10647,2758,4795,143949,89899,20074,13163,35539,19610,4117,3,2
2021-06-21T23:59:59+02:00,711,682,7387,7368,10647,9992,13814,13957,18437,18689,21128,20186,13838,14981,9576,11764,2871,5048,1711,1864,2940,3304,4438,5535,11779,12696,16243,15974,11000,12053,8703,10639,2757,4794,141566,89773,20072,13162,35539,19597,3896,3,2
2021-06-20T23:59:59+02:00,711,682,7387,7364,10643,9989,13814,13957,18437,18689,21128,20186,13838,14981,9576,11764,2871,5048,1683,1835,2894,3288,4373,5496,11717,12663,16181,15915,10981,12037,8700,10630,2753,4790,141556,89294,20071,13158,35539,19586,3896,3,2
2021-06-19T23:59:59+02:00,711,681,7350,7327,10536,9898,13632,13799,18023,18353,20943,20013,13820,14954,9564,11744,2868,5042,1652,1800,2853,3239,4293,5422,11381,12373,16143,15877,10972,12025,8698,10625,2751,4788,141510,88280,18310,13129,35539,19585,3896,3,2
2021-06-18T23:59:59+02:00,15,12,6543,6594,10530,9897,13631,13797,18021,18351,20943,20013,13820,14953,9564,11743,2867,5040,1520,1688,2617,3083,3662,4790,10238,11228,15932,15721,10930,11985,8675,10603,2737,4760,138595,83621,18309,13127,35539,19531,3888,3,2
2021-06-17T23:59:59+02:00,13,11,6472,6525,10414,9793,13305,13492,17633,18030,20831,19915,13801,14915,9552,11729,2859,5034,1439,1570,2464,2934,3309,4452,8635,9865,15417,15288,10755,11805,8619,10525,2720,4732,136700,78150,18309,13123,35538,19480,3774,3,2
2021-06-16T23:59:59+02:00,13,11,6465,6519,10403,9790,13303,13490,17631,18029,20830,19915,13801,14915,9551,11728,2859,5034,1389,1522,2362,2860,3125,4273,7547,8924,14918,14900,10672,11694,8583,10477,2709,4716,136669,74322,18307,13121,35538,19456,3770,3,2
2021-06-15T23:59:59+02:00,13,11,6433,6500,10363,9762,13273,13475,17611,18007,20816,19901,13792,14907,9548,11722,2856,5031,1309,1463,2235,2758,3009,4188,6628,8192,14716,14733,10648,11665,8571,10455,2700,4709,136655,74311,18306,10710,35537,19436,3520,3,2
2021-06-14T23:59:59+02:00,13,11,6414,6483,10329,9736,13252,13455,17596,17989,20797,19890,13782,14898,9545,11720,2856,5027,1283,1448,2198,2731,2986,4167,6612,8172,14695,14723,10637,11656,8568,10454,2700,4705,136640,74301,18306,10710,35537,19415,3307,3,2
2021-06-13T23:59:59+02:00,13,11,6413,6483,10324,9734,13251,13452,17596,17989,20797,19890,13781,14898,9545,11720,2856,5027,1279,1442,2195,2722,2976,4157,6595,8155,14594,14658,10624,11633,8562,10442,2697,4705,136629,74009,18306,10710,35537,19410,3305,3,2
2021-06-12T23:59:59+02:00,10,9,5622,5711,10276,9698,13217,13428,17569,17968,20771,19859,13699,14825,9545,11717,2855,5027,1270,1423,2183,2705,2955,4130,6521,8072,14421,14521,10396,11349,8081,9904,2695,4704,134655,73504,18306,10710,35537,17810,3305,3,1
2021-06-11T23:59:59+02:00,9,9,5618,5704,10266,9691,13203,13416,17561,17964,20767,19857,13699,14824,9545,11715,2855,5027,1195,1339,2063,2545,2783,3875,5020,6738,12709,13141,10256,11201,7994,9798,2688,4688,134582,66220,18306,10709,35537,17801,3302,3,1
2021-06-10T23:59:59+02:00,3,3,4616,4749,10099,9563,13092,13334,17305,17728,20526,19676,13690,14813,9539,11705,2852,5024,1137,1278,1949,2439,2623,3698,4413,6101,11542,12152,9955,10877,7910,9713,2676,4663,131248,61395,18305,10709,35537,17796,3225,2,1
2021-06-09T23:59:59+02:00,3,3,4023,4140,9892,9415,13004,13261,16994,17462,20298,19494,13675,14800,9534,11699,2851,5019,1063,1234,1848,2370,2531,3585,4087,5794,11117,11825,9826,10717,7864,9647,2665,4654,128874,61318,18290,8854,35537,17790,2864,2,1
2021-06-08T23:59:59+02:00,3,3,4011,4133,9880,9406,12992,13254,16987,17453,20290,19492,13673,14797,9533,11696,2850,5017,1017,1226,1826,2355,2504,3571,4062,5774,11106,11822,9823,10712,7863,9645,2664,4651,128860,61201,18287,8849,35536,17785,2785,2,1
2021-06-07T23:59:59+02:00,3,3,3997,4125,9847,9393,12982,13236,16964,17442,20274,19481,13670,14793,9530,11692,2848,5015,1006,1219,1793,2343,2495,3552,4038,5760,11088,11808,9820,10706,7860,9642,2662,4649,128848,61191,18285,8846,35535,17778,2625,2,1
2021-06-06T23:59:59+02:00,3,3,3992,4121,9842,9389,12981,13236,16963,17441,20273,19481,13669,14792,9530,11692,2848,5015,1003,1216,1782,2341,2489,3543,4025,5753,10961,11663,9809,10699,7859,9642,2662,4649,128836,60866,18285,8845,35534,17770,2614,2,1
2021-06-05T23:59:59+02:00,2,0,3698,3820,7349,7380,12743,13051,16934,17412,20228,19441,13553,14647,9455,11601,2844,5003,925,1144,1617,2240,2323,3464,3799,5613,10065,10822,9425,10244,7748,9487,2654,4629,122857,57588,18285,8845,35534,17282,2483,2,1
2021-06-04T23:59:59+02:00,2,0,3631,3765,7197,7264,12273,12656,16794,17300,19995,19206,13434,14501,9398,11522,2830,4986,897,1078,1586,2135,2284,3296,3723,5355,9425,10145,8580,9225,7472,9082,2650,4618,120457,56115,18285,8843,35534,14116,2476,2,1
2021-06-03T23:59:59+02:00,2,0,3218,3371,7170,7248,12145,12538,16762,17258,19908,19140,13422,14484,9396,11519,2829,4985,868,1010,1540,2011,2205,3096,3533,4973,8848,9525,7819,8353,7000,8466,2647,4610,119213,54484,18283,8841,35530,10811,2367,2,1
2021-06-02T23:59:59+02:00,0,0,2830,3053,6030,6327,11841,12303,16703,17207,19786,19035,13361,14430,9374,11498,2827,4977,852,976,1476,1988,2092,3058,3362,4871,7485,8443,7739,8274,6984,8438,2644,4605,115511,51379,18282,8841,35530,10809,2257,2,1
2021-06-01T23:59:59+02:00,0,0,2543,2741,5554,5901,11520,12020,16679,17184,19735,18998,13238,14307,9367,11494,2826,4974,835,969,1461,1979,2073,3045,3336,4851,7187,8118,7702,8240,6974,8424,2642,4605,115492,50699,15935,8821,35530,10798,2122,2,1
2021-05-31T23:59:59+02:00,0,0,2528,2738,5535,5892,11492,11999,16645,17173,19695,18976,13235,14303,9363,11492,2826,4972,819,962,1442,1969,2040,3025,3300,4837,7146,8097,7699,8235,6970,8422,2642,4603,115485,50687,15931,8815,35530,10789,1916,2,1
2021-05-30T23:59:59+02:00,0,0,2524,2736,5533,5888,11492,11998,16642,17172,19693,18975,13235,14303,9363,11492,2826,4972,818,958,1437,1966,2040,3023,3298,4835,7145,8097,7699,8235,6970,8422,2642,4603,115469,50681,15931,8815,35527,10776,1915,2,1
2021-05-29T23:59:59+02:00,0,0,2508,2722,5367,5734,11425,11939,16634,17166,19685,18974,13234,14301,9361,11492,2826,4972,781,909,1326,1871,1762,2769,2892,4412,6859,7825,7515,8010,6794,8194,2639,4597,114965,50033,15931,8815,35527,8391,1915,2,1
2021-05-28T23:59:59+02:00,0,0,2373,2592,4942,5343,10746,11321,16567,17104,19659,18946,13225,14287,9342,11463,2824,4963,759,886,1267,1817,1672,2697,2759,4307,5278,6131,7352,7814,6752,8138,2636,4587,112327,45743,15931,8815,35527,8383,1910,2,1
2021-05-27T23:59:59+02:00,0,0,2353,2571,4892,5277,10082,10750,16527,17072,19645,18935,13215,14277,9340,11461,2824,4963,705,791,1160,1745,1461,2555,2386,4000,4397,5219,7115,7506,6661,8021,2619,4568,110942,41950,15928,8809,35525,8362,1787,2,1
2021-05-26T23:59:59+02:00,0,0,2315,2509,4719,5097,9647,10383,16475,17018,19577,18881,13201,14258,9330,11459,2820,4950,690,749,1113,1713,1372,2475,2177,3829,4268,5081,6951,7293,6581,7922,2607,4554,109521,40551,15926,8808,35525,8350,1665,2,1
2021-05-25T23:59:59+02:00,0,0,2312,2502,4689,5080,9622,10357,16450,17000,19564,18874,13196,14256,9327,11456,2820,4950,683,735,1066,1695,1320,2430,2107,3769,3728,4504,6649,6950,6547,7885,2606,4552,109517,40543,15924,6853,35524,8341,1488,2,1
2021-05-24T23:59:59+02:00,0,0,2303,2494,4677,5075,9613,10352,16424,16980,19538,18850,13186,14245,9324,11446,2819,4946,674,730,1054,1688,1310,2423,2082,3749,3702,4479,6638,6939,6544,7875,2605,4548,109510,40536,15924,6853,35524,8338,1312,2,1
2021-05-23T23:59:59+02:00,0,0,2287,2462,4589,5001,9479,10230,16421,16979,19538,18849,13184,14243,9321,11442,2817,4945,673,727,1052,1688,1309,2423,2082,3749,3702,4478,6637,6939,6544,7875,2605,4548,109026,40530,15924,6852,35523,8336,1312,2,1
2021-05-22T23:59:59+02:00,0,0,2267,2443,4580,4984,9399,10148,16398,16965,19486,18805,13156,14213,9318,11436,2817,4944,672,725,1051,1685,1306,2420,2079,3744,3686,4465,5806,6040,6472,7794,2597,4543,108598,38584,15924,6852,35523,8336,1312,2,1
2021-05-21T23:59:59+02:00,0,0,2232,2410,4472,4897,9203,9973,16370,16932,19471,18798,13146,14204,9316,11434,2812,4933,660,698,1014,1619,1256,2297,1992,3564,3342,4030,4043,3933,6429,7728,2592,4528,107858,34577,15924,6852,35520,6996,1299,2,1
2021-05-20T23:59:59+02:00,0,0,2203,2370,4389,4836,8982,9743,16320,16879,19418,18746,13115,14169,9299,11417,2811,4929,605,591,889,1306,1084,1892,1770,3028,2782,3348,3207,2979,6384,7678,2588,4523,107002,32747,15921,6851,35511,3865,1190,2,1
2021-05-19T23:59:59+02:00,0,0,2041,2195,3891,4412,7597,8550,16046,16631,19295,18621,13067,14121,9289,11391,2809,4926,590,554,851,1252,1055,1841,1744,2974,2732,3304,3199,2966,6380,7675,2588,4522,102366,32723,15919,6849,35510,3569,1085,2,1
2021-05-18T23:59:59+02:00,0,0,1993,2142,3584,4123,6938,7954,15898,16515,19211,18538,13034,14088,9233,11317,2803,4912,583,550,845,1250,1047,1833,1714,2958,2723,3286,3194,2961,6376,7671,2588,4522,102346,32718,13454,6844,35506,3563,975,2,1
2021-05-17T23:59:59+02:00,0,0,1985,2134,3564,4109,6893,7930,15870,16497,19189,18519,13024,14064,9231,11316,2803,4912,575,543,826,1235,1003,1809,1686,2940,2699,3265,3183,2940,6376,7670,2588,4522,102339,32712,13451,6844,35504,3559,744,2,1
2021-05-16T23:59:59+02:00,0,0,1980,2131,3557,4105,6707,7765,15847,16478,19185,18514,13019,14063,9230,11315,2803,4912,575,543,826,1233,1002,1808,1686,2940,2697,3265,3183,2940,6376,7670,2588,4522,101916,32709,13450,6844,35500,3557,743,2,1
2021-05-15T23:59:59+02:00,0,0,1952,2095,3519,4067,6621,7661,15578,16210,19129,18472,13000,14044,9221,11310,2803,4910,575,543,826,1232,1002,1808,1684,2939,2697,3265,3182,2940,6375,7670,2588,4522,100897,32705,13450,6844,35500,3555,743,2,1
2021-05-14T23:59:59+02:00,0,0,1843,1950,3273,3816,5027,6182,12925,14014,19065,18386,12976,14014,9215,11297,2800,4904,575,542,823,1232,1002,1808,1683,2938,2691,3263,3177,2934,6372,7668,2588,4521,92006,32687,13450,6843,35498,3555,731,2,1
2021-05-13T23:59:59+02:00,0,0,1816,1903,3232,3765,4915,6080,12719,13830,18905,18259,12900,13919,9180,11245,2800,4903,569,539,816,1223,992,1795,1664,2919,2584,3170,2516,2128,4919,5866,2579,4502,90789,29673,13355,4824,35496,3554,729,2,1
2021-05-12T23:59:59+02:00,0,0,1816,1903,3231,3765,4915,6080,12719,13830,18904,18259,12899,13918,9180,11245,2800,4903,569,539,816,1223,992,1795,1664,2918,2581,3168,2516,2128,4919,5864,2579,4502,90786,29670,13355,4819,35495,3554,729,2,1
2021-05-11T23:59:59+02:00,0,0,1772,1858,3139,3690,4827,6014,11789,13101,18710,18100,12885,13897,9173,11231,2794,4899,568,537,813,1218,991,1794,1663,2917,2571,3164,2515,2127,4917,5863,2578,4502,90775,29661,10894,4807,35487,3548,721,2,1
2021-05-10T23:59:59+02:00,0,0,1756,1855,3133,3687,4821,6010,11788,13100,18709,18100,12885,13897,9173,11231,2794,4899,567,535,813,1218,990,1794,1662,2917,2571,3164,2514,2126,4917,5863,2578,4502,90762,29660,10891,4806,35462,3543,721,2,1
2021-05-09T23:59:59+02:00,0,0,1720,1808,3081,3672,4750,5975,11721,13079,18646,18041,12865,13878,9170,11222,2792,4897,565,532,805,1217,982,1788,1649,2914,2567,3163,2514,2124,4916,5862,2578,4501,90292,29656,10888,4805,35455,3535,680,2,1
2021-05-08T23:59:59+02:00,0,0,1687,1774,3045,3622,4673,5902,11384,12777,18613,18007,12858,13870,9169,11220,2790,4897,553,531,798,1217,971,1788,1641,2914,2551,3152,2513,2124,4916,5861,2577,4500,89263,29652,10888,4805,35455,3469,680,2,1
2021-05-07T23:59:59+02:00,0,0,1543,1651,2797,3450,3999,5238,10175,11585,18413,17856,12819,13835,9149,11203,2782,4890,456,382,675,987,825,1469,1496,2499,2382,2795,2504,2115,4912,5857,2574,4497,84493,29647,10887,4805,35443,1412,560,2,1
2021-05-06T23:59:59+02:00,0,0,1480,1482,2663,3319,3672,4928,8472,10103,17897,17431,12651,13667,9102,11131,2779,4882,334,323,571,885,689,1380,1247,2285,2168,2600,2452,2083,4910,5850,2574,4496,78962,29625,10886,4804,35426,34,383,2,1
2021-05-05T23:59:59+02:00,0,0,1425,1405,2576,3247,3496,4753,7320,9086,17390,17031,12563,13554,9070,11085,2770,4867,334,323,569,884,688,1378,1201,2233,2157,2592,2448,2081,4910,5846,2574,4492,75081,29615,10881,4803,35416,33,258,2,1
2021-05-04T23:59:59+02:00,0,0,1414,1403,2569,3240,3494,4753,7318,9085,17389,17031,12563,13554,9070,11085,2770,4867,334,322,569,883,686,1378,1201,2233,2157,2592,2447,2080,4910,5846,2574,4491,75073,29611,10870,4803,35403,31,257,2,1
2021-05-03T23:59:59+02:00,0,0,1412,1397,2561,3235,3491,4747,7239,9025,17375,17023,12559,13552,9070,11085,2769,4866,331,316,565,879,681,1373,1122,2173,2143,2584,2443,2078,4910,5846,2573,4490,75064,29609,10870,4803,35403,27,67,2,1
2021-05-02T23:59:59+02:00,0,0,1404,1393,2558,3229,3478,4738,7219,9005,17269,16955,12546,13527,9064,11074,2766,4866,329,315,565,878,681,1373,1122,2172,2141,2584,2443,2078,4909,5844,2573,4490,74754,29603,10869,4802,35402,27,64,2,1
2021-05-01T23:59:59+02:00,0,0,1400,1387,2548,3219,3469,4720,7160,8944,17125,16838,12521,13504,9052,11068,2766,4866,329,315,565,878,681,1373,1122,2172,2141,2584,2443,2078,4907,5844,2572,4488,74250,29598,10869,4802,35402,27,64,2,1
2021-04-30T23:59:59+02:00,0,0,1330,1307,2427,3049,3300,4445,5609,7543,15378,15406,12378,13343,8957,10951,2751,4833,329,315,564,877,680,1373,1119,2170,2138,2582,2442,2068,4894,5835,2564,4470,66724,29581,10869,4801,35402,27,10,2,1
2021-04-29T23:59:59+02:00,0,0,1275,1269,2324,2939,3167,4275,5000,6894,14201,14382,12067,13015,8866,10869,2737,4805,327,313,564,876,680,1372,1118,2170,2136,2580,2440,2064,4893,5832,2563,4468,61805,29560,10869,4798,35399,27,10,2,1
2021-04-28T23:59:59+02:00,0,0,1212,1252,2262,2901,3102,4194,4691,6602,13786,14065,11952,12868,8825,10810,2729,4799,326,313,561,874,677,1372,1116,2168,2135,2573,2437,2061,4890,5828,2560,4465,61687,29555,8959,4771,35399,26,3,2,1
2021-04-27T23:59:59+02:00,0,0,1192,1250,2257,2900,3098,4193,4689,6602,13785,14064,11951,12867,8825,10810,2729,4799,326,313,561,874,676,1370,1116,2168,2134,2573,2437,2059,4890,5828,2560,4465,61655,29553,8954,4767,35397,26,3,2,1
2021-04-26T23:59:59+02:00,0,0,1192,1248,2255,2899,3095,4193,4675,6588,13745,14032,11948,12864,8825,10809,2729,4798,326,313,561,874,676,1370,1116,2168,2132,2572,2437,2059,4890,5828,2560,4465,61645,29551,8950,4766,35295,26,3,2,1
2021-04-25T23:59:59+02:00,0,0,1191,1248,2249,2899,3092,4186,4662,6581,13607,13878,11938,12858,8824,10808,2729,4798,326,313,560,874,675,1369,1114,2166,2132,2572,2437,2059,4890,5828,2560,4465,61319,29547,8947,4763,35277,26,3,2,1
2021-04-24T23:59:59+02:00,0,0,1125,1202,2111,2810,2952,4130,4451,6466,12744,13075,11660,12529,8758,10704,2722,4785,326,313,560,874,674,1368,1114,2166,2132,2571,2436,2059,4886,5827,2560,4465,57996,29540,8946,4763,35277,24,3,2,1
2021-04-23T23:59:59+02:00,0,0,1026,1182,1896,2783,2792,4097,4337,6355,11400,12020,11605,12467,8734,10657,2720,4782,325,313,560,874,673,1368,1113,2166,2130,2571,2435,2059,4885,5821,2560,4464,56519,29534,8946,4761,33384,19,2,2,1
2021-04-22T23:59:59+02:00,0,0,1016,1173,1869,2770,2730,4072,4160,6236,10781,11503,11517,12381,8704,10610,2717,4777,324,312,560,874,673,1367,1111,2166,2129,2571,2435,2057,4883,5819,2560,4464,54823,29527,8945,4756,33244,19,2,2,1
2021-04-21T23:59:59+02:00,0,0,1001,1159,1794,2746,2610,4037,4014,6162,9287,10343,11442,12314,8692,10586,2714,4774,323,312,559,874,672,1367,1110,2166,2129,2571,2431,2053,4880,5817,2559,4462,51658,29510,8944,4753,33069,19,2,2,1
2021-04-20T23:59:59+02:00,0,0,1001,1158,1793,2745,2607,4034,4010,6161,8990,10020,11415,12290,8688,10577,2714,4773,323,312,559,874,672,1367,1110,2165,2128,2570,2431,2052,4878,5816,2559,4462,50963,29506,8941,4750,33068,19,2,2,1
2021-04-19T23:59:59+02:00,0,0,999,1156,1793,2742,2606,4033,4008,6159,8990,10019,11415,12290,8688,10576,2714,4773,322,312,558,873,672,1367,1108,2165,2127,2570,2431,2052,4878,5816,2559,4462,50955,29502,8936,4749,33066,18,2,2,1
2021-04-18T23:59:59+02:00,0,0,999,1155,1791,2742,2604,4031,4008,6159,8990,10019,11415,12290,8688,10575,2714,4772,322,312,558,873,671,1367,1108,2164,2127,2570,2431,2052,4878,5816,2559,4462,50948,29501,8935,4748,33065,18,2,2,1
2021-04-17T23:59:59+02:00,0,0,999,1154,1788,2736,2527,3940,3951,6077,8973,10001,11292,12138,8685,10573,2714,4771,317,306,554,866,663,1357,1090,2151,2080,2544,2386,2000,4829,5747,2553,4456,50315,29131,8935,4748,33065,17,2,2,1
2021-04-16T23:59:59+02:00,0,0,970,1120,1677,2653,2325,3803,3701,5903,7251,8187,11095,11894,8631,10510,2711,4758,310,301,539,847,631,1320,1008,2094,1855,2384,2236,1891,4642,5478,2494,4340,45969,29117,8860,3238,32356,12,2,2,1
2021-04-15T23:59:59+02:00,0,0,900,1068,1547,2565,2044,3651,3169,5574,6240,7221,10838,11558,8531,10387,2692,4735,310,301,538,846,629,1319,1007,2091,1619,2243,2083,1760,4456,5267,2440,4237,42162,29072,8857,2063,31697,8,2,2,1
2021-04-14T23:59:59+02:00,0,0,885,1039,1502,2529,1956,3570,2999,5439,6146,7110,10674,11351,8449,10287,2680,4721,290,291,504,819,558,1260,800,1948,1399,2119,2016,1685,4325,5103,2426,4209,40786,27678,8853,2063,31694,8,2,2,1
2021-04-13T23:59:59+02:00,0,0,880,1033,1490,2526,1933,3551,2967,5404,5623,6534,10374,11012,8418,10253,2679,4720,290,289,504,818,558,1260,800,1948,1399,2118,2013,1684,4325,5103,2426,4206,40777,27676,6926,2054,31690,8,2,2,1
2021-04-12T23:59:59+02:00,0,0,880,1031,1489,2523,1933,3551,2966,5403,5622,6534,10373,11012,8418,10253,2679,4720,290,288,504,818,556,1260,798,1947,1398,2118,2013,1684,4325,5102,2426,4206,40772,27670,6923,2052,31688,8,2,2,1
2021-04-11T23:59:59+02:00,0,0,880,1031,1488,2523,1931,3550,2965,5403,5622,6534,10372,11011,8418,10253,2679,4720,290,288,503,818,554,1260,797,1947,1396,2118,2013,1684,4325,5102,2426,4206,40769,27665,6922,2052,31686,8,1,2,1
2021-04-10T23:59:59+02:00,0,0,878,1028,1485,2519,1914,3538,2896,5337,5494,6436,10142,10794,8365,10203,2675,4719,290,287,503,817,554,1260,796,1947,1396,2118,2009,1680,4320,5093,2425,4203,40199,27636,6922,2052,31299,8,1,2,1
2021-04-09T23:59:59+02:00,0,0,840,995,1388,2463,1810,3479,2767,5283,5354,6371,7763,7966,8301,10109,2665,4701,289,287,500,816,552,1258,793,1947,1394,2114,1989,1658,4298,5075,2422,4198,34723,27528,6921,2052,30608,8,1,2,1
2021-04-08T23:59:59+02:00,0,0,839,993,1384,2460,1808,3476,2755,5274,5343,6358,6975,7051,8259,10059,2662,4697,287,286,500,815,552,1257,792,1947,1392,2113,1987,1658,4297,5072,2422,4198,32869,27514,6921,2051,30600,8,1,2,1
2021-04-07T23:59:59+02:00,0,0,787,970,1309,2388,1721,3408,2562,5166,4601,5874,6307,6409,8201,9998,2656,4691,287,286,500,815,552,1254,792,1947,1392,2113,1987,1658,4296,5072,2422,4198,32864,27513,6920,2050,27261,7,1,2,0
2021-04-06T23:59:59+02:00,0,0,753,963,1290,2353,1697,3367,2532,5120,4527,5798,5945,6052,8180,9974,2651,4685,287,285,500,814,552,1254,791,1947,1391,2113,1987,1657,4296,5072,2422,4198,32859,27510,6920,2048,26105,7,1,2,0
2021-04-05T23:59:59+02:00,0,0,749,932,1249,2228,1625,3202,2413,4850,4367,5526,5637,5745,8163,9948,2649,4681,287,285,500,813,552,1254,791,1947,1391,2113,1987,1657,4296,5072,2422,4198,32857,27509,6920,2048,24184,7,1,2,0
2021-04-04T23:59:59+02:00,0,0,728,907,1157,2012,1491,2936,2199,4415,4017,5027,5392,5521,8131,9894,2648,4673,287,285,499,812,550,1253,790,1946,1317,2076,1623,1383,4138,4891,2378,4133,32853,26306,6920,2048,21372,6,1,2,0
2021-04-03T23:59:59+02:00,0,0,728,907,1156,2011,1490,2936,2198,4415,4017,5027,5392,5520,8131,9894,2648,4673,287,285,499,812,550,1253,790,1946,1317,2076,1623,1383,4138,4891,2378,4133,32849,26306,6920,2048,21371,6,1,2,0
2021-04-02T23:59:59+02:00,0,0,728,906,1156,2011,1489,2936,2198,4415,4016,5026,5392,5519,8130,9893,2647,4671,287,285,499,812,549,1253,790,1946,1316,2076,1623,1383,4138,4891,2378,4133,32847,26305,6920,2048,21364,6,0,2,0
2021-04-01T23:59:59+02:00,0,0,723,904,1153,2005,1481,2927,2184,4397,3925,4941,4898,4918,7425,8999,2645,4666,287,283,498,809,549,1252,787,1944,1278,2048,1474,1288,4039,4790,2367,4120,29940,25765,6894,2042,21355,6,0,2,0
2021-03-31T23:59:59+02:00,0,0,723,903,1151,2004,1477,2922,2180,4396,3907,4930,4725,4700,6657,8064,2635,4644,286,282,498,809,545,1249,782,1937,1173,1971,1079,1023,3630,4327,2260,3946,29822,23813,4866,1979,21328,5,0,2,0
2021-03-30T23:59:59+02:00,0,0,723,903,1150,2001,1465,2913,2171,4387,3862,4903,4526,4519,6407,7767,2626,4628,286,281,498,807,545,1249,782,1936,1173,1971,1079,1023,3630,4327,2259,3946,29817,23809,4861,1979,20271,4,0,2,0
2021-03-29T23:59:59+02:00,0,0,721,901,1150,2001,1463,2913,2171,4387,3858,4901,4523,4517,6404,7758,2624,4610,286,280,498,807,545,1249,781,1935,1173,1971,1079,1022,3630,4327,2259,3946,29808,23805,4856,1979,20236,4,0,2,0
2021-03-28T23:59:59+02:00,0,0,721,901,1150,1998,1461,2911,2170,4384,3857,4901,4522,4517,6401,7754,2624,4609,285,280,496,807,545,1249,780,1935,1173,1971,1079,1021,3630,4327,2259,3946,29806,23801,4851,1978,20222,4,0,2,0
2021-03-27T23:59:59+01:00,0,0,717,896,1146,1990,1453,2901,2151,4368,3815,4875,4473,4460,6356,7696,2617,4596,281,275,482,797,534,1237,732,1899,1012,1879,818,831,3491,4173,2097,3634,29457,22832,4851,1336,20200,4,0,2,0
2021-03-26T23:59:59+01:00,0,0,717,896,1145,1989,1450,2900,2148,4367,3810,4872,4461,4438,6346,7671,2610,4582,280,275,482,795,532,1237,730,1899,1005,1871,681,736,2513,3016,1927,3421,29399,20060,4849,1336,20152,4,0,2,0
2021-03-25T23:59:59+01:00,0,0,716,895,1145,1989,1449,2897,2144,4361,3805,4868,4452,4427,6333,7639,2589,4528,280,275,482,795,531,1234,729,1898,1003,1870,660,729,1329,1567,1646,3057,29387,16745,4844,1336,20004,4,0,2,0
2021-03-24T23:59:59+01:00,0,0,693,884,1107,1959,1378,2837,1938,4213,3581,4742,4392,4367,6198,7471,2575,4496,280,275,482,794,528,1234,727,1898,1002,1870,660,729,1329,1566,1646,3055,28010,16736,4841,1335,19978,4,0,2,0
2021-03-23T23:59:59+01:00,0,0,693,882,1105,1958,1378,2837,1938,4213,3580,4739,4392,4366,6197,7471,2575,4495,280,275,482,794,528,1233,727,1898,1002,1870,660,729,1329,1566,1646,3055,28005,16735,4838,1335,19974,4,0,2,0
2021-03-22T23:59:59+01:00,0,0,693,880,1103,1954,1375,2837,1936,4213,3579,4739,4392,4365,6197,7470,2575,4495,280,275,482,794,528,1232,726,1898,1002,1869,660,728,1329,1566,1646,3055,28001,16732,4837,1335,19963,3,0,2,0
2021-03-21T23:59:59+01:00,0,0,693,880,1101,1951,1375,2835,1935,4212,3578,4738,4392,4365,6196,7470,2575,4495,280,275,482,794,528,1232,726,1898,1002,1869,660,727,1329,1566,1646,3055,27998,16731,4836,1335,19956,3,0,1,0
2021-03-20T23:59:59+01:00,0,0,691,878,1099,1949,1369,2832,1918,4205,3547,4719,4174,4090,5679,6863,2565,4462,275,273,477,788,511,1222,704,1881,964,1840,590,649,1097,1307,1296,2508,27917,15044,4738,1335,18384,3,0,1,0
2021-03-19T23:59:59+01:00,0,0,683,872,1084,1929,1335,2795,1838,4149,3326,4558,4025,3984,5503,6621,2516,4377,275,273,477,788,511,1222,704,1880,963,1840,590,649,1097,1306,1295,2507,27915,15039,3303,1335,18377,3,0,0,0
2021-03-18T23:59:59+01:00,0,0,682,871,1083,1928,1334,2793,1838,4146,3096,4415,3872,3855,5325,6419,2464,4276,275,272,476,788,511,1220,704,1879,962,1839,588,646,858,1049,1185,2339,27904,14255,2118,1334,18375,2,0,0,0
2021-03-17T23:59:59+01:00,0,0,682,871,1082,1928,1334,2792,1838,4146,3096,4415,3872,3853,5324,6419,2464,4276,275,271,476,788,511,1220,704,1879,961,1839,587,646,858,1049,1185,2339,27902,14253,2118,1333,18372,2,0,0,0
2021-03-16T23:59:59+01:00,0,0,681,871,1082,1924,1333,2792,1835,4146,3096,4413,3871,3852,5324,6419,2463,4275,273,267,462,783,502,1208,688,1865,945,1829,585,645,856,1048,1184,2338,27894,14143,2114,1333,18369,2,0,0,0
2021-03-15T23:59:59+01:00,0,0,681,870,1080,1923,1330,2792,1831,4145,3095,4413,3871,3851,5323,6419,2463,4275,273,267,462,783,502,1208,687,1865,944,1828,585,645,856,1048,1184,2338,27889,14140,2112,1333,18361,2,0,0,0
2021-03-14T23:59:59+01:00,0,0,680,868,1077,1920,1327,2789,1829,4143,3090,4412,3871,3851,5323,6419,2463,4275,273,267,462,783,502,1208,687,1865,944,1827,585,645,855,1048,1184,2338,27885,14138,2112,1333,18340,2,0,0,0
2021-03-13T23:59:59+01:00,0,0,678,863,1069,1914,1318,2782,1824,4135,2976,4334,3402,3448,5119,6186,2418,4212,273,267,462,783,502,1208,686,1865,942,1826,561,629,552,753,764,1764,26620,12502,2112,1333,17946,2,0,0,0
2021-03-12T23:59:59+01:00,0,0,648,776,1046,1801,1297,2591,1792,3869,2932,4166,2261,2005,4758,5640,2415,4203,273,267,462,783,502,1208,685,1865,941,1826,561,628,552,753,764,1763,26608,12499,2112,1333,13480,1,0,0,0
2021-03-11T23:59:59+01:00,0,0,638,731,1038,1699,1289,2432,1780,3655,2886,4027,1697,1476,4272,5098,2405,4194,271,266,462,783,502,1208,685,1864,941,1822,561,628,550,752,684,1618,26058,12496,2100,1101,11159,0,0,0,0
2021-03-10T23:59:59+01:00,0,0,633,719,1028,1677,1280,2411,1767,3629,2777,3944,1307,1208,3864,4629,2311,4037,271,266,461,781,501,1208,685,1864,939,1822,561,628,548,751,684,1618,24079,12490,2099,1098,11043,0,0,0,0
2021-03-09T23:59:59+01:00,0,0,632,714,1020,1660,1269,2396,1764,3618,2770,3939,1303,1207,3864,4628,2310,4037,271,266,461,781,501,1208,685,1864,939,1822,561,628,548,751,684,1618,24076,12490,2098,1098,10957,0,0,0,0
2021-03-08T23:59:59+01:00,0,0,628,685,1009,1635,1254,2363,1756,3585,2749,3924,1302,1205,3864,4628,2310,4037,271,266,461,781,501,1208,685,1864,939,1822,561,627,546,751,684,1618,24072,12487,2097,1098,10765,0,0,0,0
2021-03-07T23:59:59+01:00,0,0,628,682,1005,1631,1254,2360,1755,3582,2749,3922,1302,1205,3864,4628,2310,4037,271,266,461,781,500,1208,685,1864,939,1822,561,627,546,751,684,1618,24069,12486,2097,1098,10748,0,0,0,0
2021-03-06T23:59:59+01:00,0,0,592,635,886,1530,1012,2170,1335,3200,2328,3586,1021,986,3564,4251,2290,4020,271,266,461,781,498,1208,685,1864,939,1821,561,626,544,747,595,1444,23071,12483,2094,828,8241,0,0,0,0
2021-03-05T23:59:59+01:00,0,0,589,635,881,1527,1012,2169,1332,3197,2321,3581,877,889,2570,3056,2119,3788,269,266,456,769,494,1203,677,1847,925,1806,557,622,486,686,289,933,20228,12280,2083,5,8232,0,0,0,0
2021-03-04T23:59:59+01:00,0,0,571,591,844,1397,974,2015,1282,2993,2277,3481,862,880,1388,1621,1832,3423,269,266,455,769,494,1203,677,1847,925,1806,556,621,486,685,289,933,16932,12276,2082,5,7417,0,0,0,0
2021-03-03T23:59:59+01:00,0,0,565,558,821,1332,953,1953,1266,2949,2267,3437,862,879,1388,1621,1832,3423,269,266,455,769,494,1203,677,1846,925,1806,556,621,486,685,289,933,16930,12275,2082,5,7094,0,0,0,0
2021-03-02T23:59:59+01:00,0,0,564,556,818,1331,953,1953,1265,2948,2267,3437,862,879,1388,1621,1832,3423,269,266,454,769,494,1203,677,1846,925,1805,556,621,486,685,289,933,16929,12273,2082,5,7086,0,0,0,0
2021-03-01T23:59:59+01:00,0,0,564,554,817,1331,953,1952,1265,2948,2266,3436,862,878,1388,1620,1832,3423,269,266,454,769,494,1203,676,1845,925,1805,556,621,486,685,289,933,16926,12271,2081,5,7082,0,0,0,0
2021-02-28T23:59:59+01:00,0,0,563,552,817,1331,952,1952,1265,2948,2264,3435,862,876,1388,1620,1832,3423,269,266,454,769,494,1203,676,1844,925,1805,556,621,486,685,289,933,16923,12270,2081,5,7076,0,0,0,0
2021-02-27T23:59:59+01:00,0,0,558,550,806,1321,931,1941,1225,2920,2187,3385,741,760,1119,1330,1325,2550,268,266,454,769,493,1203,674,1843,924,1803,555,618,485,683,289,929,15202,12252,1373,4,7074,0,0,0,0
2021-02-26T23:59:59+01:00,0,0,548,529,777,1257,902,1828,1186,2762,1867,2964,700,732,1119,1330,1324,2549,268,266,454,769,493,1203,674,1843,924,1803,555,618,485,683,289,928,15197,12251,1373,4,5804,0,0,0,0
2021-02-25T23:59:59+01:00,0,0,514,487,715,1139,795,1635,1032,2461,1368,2416,649,687,871,1066,1215,2378,267,265,453,769,493,1202,673,1841,924,1802,555,618,485,683,289,928,14393,12246,1373,1,3662,0,0,0,0
2021-02-24T23:59:59+01:00,0,0,513,486,715,1137,794,1635,1032,2460,1368,2415,649,687,871,1066,1215,2378,267,265,453,769,493,1201,673,1841,924,1802,555,618,485,683,289,928,14392,12246,1372,0,3657,0,0,0,0
2021-02-23T23:59:59+01:00,0,0,511,482,700,1129,785,1624,1015,2446,1352,2405,647,686,869,1065,1214,2377,267,264,453,768,493,1201,673,1840,924,1801,555,618,485,683,289,928,14282,12242,1372,0,3653,0,0,0,0
2021-02-22T23:59:59+01:00,0,0,511,482,699,1129,783,1624,1015,2446,1351,2404,647,684,869,1065,1214,2377,267,264,453,768,493,1201,673,1840,924,1800,555,618,485,683,289,928,14280,12241,1372,0,3648,0,0,0,0
2021-02-21T23:59:59+01:00,0,0,511,482,699,1129,782,1624,1014,2446,1351,2403,646,684,868,1065,1214,2377,267,264,453,768,493,1201,673,1840,924,1800,555,618,485,683,289,928,14278,12241,1372,0,3645,0,0,0,0
2021-02-20T23:59:59+01:00,0,0,495,480,687,1123,762,1619,1001,2444,1324,2383,619,665,559,764,786,1793,266,263,448,766,488,1195,668,1829,918,1797,552,615,480,683,285,923,12613,12176,1371,0,3520,0,0,0,0
2021-02-19T23:59:59+01:00,0,0,397,394,583,997,644,1465,860,2273,1085,2146,572,641,559,764,786,1793,263,263,444,764,486,1186,665,1813,911,1777,548,609,475,676,282,915,12612,12077,1371,0,1976,0,0,0,0
2021-02-18T23:59:59+01:00,0,0,274,269,469,794,505,1218,699,1877,949,1835,569,635,558,764,786,1793,262,261,442,761,484,1182,664,1799,907,1766,542,604,468,669,277,904,12610,11992,1371,0,13,0,0,0,0
2021-02-17T23:59:59+01:00,0,0,274,269,468,794,505,1218,698,1877,948,1835,568,635,558,763,786,1793,261,261,441,758,482,1180,661,1791,904,1759,537,599,459,647,266,885,12608,11891,1371,0,10,0,0,0,0
2021-02-16T23:59:59+01:00,0,0,274,269,466,793,504,1218,698,1877,948,1835,568,635,558,763,786,1793,250,257,435,742,470,1148,654,1715,879,1680,518,570,427,604,249,820,12608,11418,1371,0,6,0,0,0,0
2021-02-15T23:59:59+01:00,0,0,274,269,465,793,504,1218,696,1877,948,1835,568,635,558,763,786,1793,246,253,432,734,464,1122,638,1664,854,1626,497,536,409,560,237,757,12608,11029,1371,0,3,0,0,0,0
2021-02-14T23:59:59+01:00,0,0,274,269,465,793,503,1218,696,1877,948,1835,568,635,558,763,786,1793,246,253,432,733,464,1122,638,1658,852,1617,487,531,405,557,229,749,12607,10973,1371,0,3,0,0,0,0
2021-02-13T23:59:59+01:00,0,0,272,269,465,793,503,1218,695,1876,948,1835,568,635,558,763,786,1793,244,251,432,729,457,1110,629,1637,832,1584,468,506,391,532,216,713,12605,10731,1371,0,1,0,0,0,0
2021-02-12T23:59:59+01:00,0,0,272,269,465,792,503,1218,695,1875,944,1832,568,633,509,717,772,1789,227,243,412,695,436,1022,594,1475,745,1343,385,386,316,420,160,536,12481,9395,1371,0,1,0,0,0,0
2021-02-11T23:59:59+01:00,0,0,270,269,464,792,503,1218,695,1873,944,1829,567,632,506,714,689,1641,205,230,400,664,416,975,560,1381,699,1232,351,338,277,357,133,450,12469,8668,1136,0,1,0,0,0,0
2021-02-10T23:59:59+01:00,0,0,270,269,464,791,503,1218,694,1873,943,1829,566,632,506,713,688,1639,202,226,399,658,412,961,557,1361,687,1197,335,315,255,317,116,388,12462,8386,1136,0,0,0,0,0,0
2021-02-09T23:59:59+01:00,0,0,270,269,464,791,503,1218,693,1873,943,1827,566,632,506,713,688,1639,193,213,387,622,393,894,514,1268,634,1067,261,224,180,206,75,240,12459,7371,1136,0,0,0,0,0,0
2021-02-08T23:59:59+01:00,0,0,270,269,462,791,503,1218,692,1873,943,1827,566,632,506,713,688,1639,190,207,383,608,383,869,489,1218,607,997,230,183,145,156,61,185,12457,6911,1135,0,0,0,0,0,0
2021-02-07T23:59:59+01:00,0,0,270,269,462,791,503,1218,692,1873,943,1826,566,632,506,713,688,1638,189,207,381,604,381,864,484,1208,603,983,224,176,135,138,55,169,12455,6801,1135,0,0,0,0,0,0
2021-02-06T23:59:59+01:00,0,0,270,269,462,791,503,1218,692,1873,943,1826,566,632,504,708,598,1465,189,207,381,604,381,864,484,1208,603,983,224,176,135,138,55,169,12455,6801,865,0,0,0,0,0,0
2021-02-05T23:59:59+01:00,0,0,270,269,460,790,501,1216,689,1872,940,1823,562,628,497,693,291,946,183,198,364,573,368,824,464,1167,585,952,203,159,111,125,50,166,12440,6492,7,0,0,0,0,0,0
2021-02-04T23:59:59+01:00,0,0,270,268,459,784,498,1215,688,1867,935,1822,561,628,496,692,291,946,168,162,295,437,302,668,384,943,511,813,192,154,103,119,43,154,12413,5448,7,0,0,0,0,0,0
2021-02-03T23:59:59+01:00,0,0,269,268,459,782,498,1214,687,1866,935,1822,561,628,496,692,291,946,163,155,249,355,253,581,324,842,460,726,185,149,99,117,42,153,12407,4853,7,0,0,0,0,0,0
2021-02-02T23:59:59+01:00,0,0,269,267,459,779,498,1214,687,1863,935,1820,561,628,496,692,291,946,156,140,190,291,195,493,247,728,378,642,175,145,97,116,42,152,12398,4187,7,0,0,0,0,0,0
2021-02-01T23:59:59+01:00,0,0,269,267,457,778,497,1213,686,1859,932,1815,561,628,495,692,291,946,149,134,152,254,167,434,202,650,321,568,169,134,89,106,37,145,12379,3711,7,0,0,0,0,0,0
2021-01-31T23:59:59+01:00,0,0,269,267,457,778,497,1213,686,1859,932,1815,561,628,495,692,291,946,149,134,152,253,167,433,201,650,321,568,169,134,89,106,37,145,12379,3708,7,0,0,0,0,0,0
2021-01-30T23:59:59+01:00,0,0,269,267,457,778,497,1213,686,1859,928,1815,560,628,493,692,288,946,136,122,135,235,156,404,190,609,303,521,147,123,77,79,30,110,12369,3377,7,0,0,0,0,0,0
2021-01-29T23:59:59+01:00,0,0,266,266,453,775,495,1203,683,1842,921,1795,556,622,488,686,285,938,88,68,93,154,115,246,147,441,213,378,109,82,58,68,25,99,12268,2384,6,0,0,0,0,0,0
2021-01-28T23:59:59+01:00,0,0,266,266,452,775,494,1203,683,1841,921,1793,556,622,488,686,285,938,10,7,13,23,24,46,23,94,50,106,34,32,31,49,19,91,12265,652,4,0,0,0,0,0,0
2021-01-27T23:59:59+01:00,0,0,265,266,452,775,494,1202,683,1840,919,1793,556,622,488,686,285,938,10,7,13,23,23,46,23,92,49,106,34,32,31,49,19,91,12263,648,1,0,0,0,0,0,0
2021-01-26T23:59:59+01:00,0,0,265,266,451,774,494,1201,683,1840,919,1792,556,622,488,686,285,938,10,7,13,23,23,46,23,92,49,106,34,32,31,49,19,91,12259,648,1,0,0,0,0,0,0
2021-01-25T23:59:59+01:00,0,0,265,266,449,774,494,1200,683,1838,919,1792,556,622,487,684,285,938,6,1,5,13,11,21,14,39,23,46,17,16,10,15,6,19,12252,262,0,0,0,0,0,0,0
2021-01-24T23:59:59+01:00,0,0,265,265,449,774,493,1200,683,1837,919,1791,556,622,487,684,285,938,6,1,5,13,11,21,14,39,23,46,17,16,10,15,6,19,12248,262,0,0,0,0,0,0,0
2021-01-23T23:59:59+01:00,0,0,265,265,449,774,493,1199,683,1837,919,1791,556,622,487,684,285,938,6,1,5,13,11,21,14,39,23,46,17,16,10,15,6,19,12247,262,0,0,0,0,0,0,0
2021-01-22T23:59:59+01:00,0,0,263,263,449,774,492,1198,683,1836,919,1791,556,622,487,684,267,894,6,1,5,13,11,21,14,39,23,46,17,16,10,15,6,19,12178,262,0,0,0,0,0,0,0
2021-01-21T23:59:59+01:00,0,0,260,259,447,765,489,1190,680,1814,910,1774,548,613,467,659,256,858,6,1,5,13,11,21,14,39,23,46,17,16,10,15,6,19,11989,262,0,0,0,0,0,0,0
2021-01-20T23:59:59+01:00,0,0,259,257,443,760,487,1187,677,1806,907,1769,542,608,460,640,248,841,6,1,5,13,11,21,14,39,23,46,17,16,10,15,6,19,11891,262,0,0,0,0,0,0,0
2021-01-19T23:59:59+01:00,0,0,254,257,441,752,481,1172,674,1775,896,1727,530,591,449,624,236,806,6,1,5,13,11,21,14,39,23,46,17,16,10,15,6,19,11665,262,0,0,0,0,0,0,0
2021-01-18T23:59:59+01:00,0,0,250,253,438,741,476,1151,656,1738,870,1679,511,558,434,586,224,749,6,1,5,12,11,21,14,39,23,46,17,16,10,15,6,19,11314,261,0,0,0,0,0,0,0
2021-01-17T23:59:59+01:00,0,0,250,252,437,740,476,1150,653,1731,864,1667,495,547,419,564,209,724,6,1,4,12,11,21,14,39,23,46,17,15,10,15,6,19,11178,259,0,0,0,0,0,0,0
2021-01-16T23:59:59+01:00,0,0,242,244,433,720,463,1115,628,1643,817,1518,453,465,390,511,188,669,0,0,0,0,0,0,0,0,0,0,0,0,0,0,0,0,10499,0,0,0,0,0,0,0,0
2021-01-15T23:59:59+01:00,0,0,233,237,425,700,449,1064,608,1543,778,1404,404,408,339,443,170,563,0,0,0,0,0,0,0,0,0,0,0,0,0,0,0,0,9768,0,0,0,0,0,0,0,0
2021-01-14T23:59:59+01:00,0,0,210,224,406,658,427,1002,565,1426,711,1251,349,334,290,350,129,446,0,0,0,0,0,0,0,0,0,0,0,0,0,0,0,0,8778,0,0,0,0,0,0,0,0
2021-01-13T23:59:59+01:00,0,0,208,222,405,651,422,983,560,1404,697,1216,331,310,265,310,112,385,0,0,0,0,0,0,0,0,0,0,0,0,0,0,0,0,8481,0,0,0,0,0,0,0,0
2021-01-12T23:59:59+01:00,0,0,191,211,389,610,391,888,498,1250,618,1027,236,194,160,161,62,193,0,0,0,0,0,0,0,0,0,0,0,0,0,0,0,0,7079,0,0,0,0,0,0,0,0
2021-01-11T23:59:59+01:00,0,0,187,205,385,598,377,861,478,1203,598,973,216,165,128,117,45,145,0,0,0,0,0,0,0,0,0,0,0,0,0,0,0,0,6681,0,0,0,0,0,0,0,0
2021-01-10T23:59:59+01:00,0,0,186,201,373,584,373,848,469,1183,586,954,212,165,125,117,43,143,0,0,0,0,0,0,0,0,0,0,0,0,0,0,0,0,6562,0,0,0,0,0,0,0,0
2021-01-09T23:59:59+01:00,0,0,166,168,327,504,332,730,408,1002,498,805,148,108,73,73,29,105,0,0,0,0,0,0,0,0,0,0,0,0,0,0,0,0,5476,0,0,0,0,0,0,0,0
2021-01-08T23:59:59+01:00,0,0,98,78,231,352,245,436,294,670,340,511,80,67,49,58,22,93,0,0,0,0,0,0,0,0,0,0,0,0,0,0,0,0,3624,0,0,0,0,0,0,0,0
2021-01-07T23:59:59+01:00,0,0,12,11,54,97,72,124,94,195,122,180,41,35,33,50,19,93,0,0,0,0,0,0,0,0,0,0,0,0,0,0,0,0,1232,0,0,0,0,0,0,0,0
2021-01-06T23:59:59+01:00,0,0,8,4,9,23,17,46,23,91,53,109,35,32,32,50,19,93,0,0,0,0,0,0,0,0,0,0,0,0,0,0,0,0,644,0,0,0,0,0,0,0,0
2021-01-05T23:59:59+01:00,0,0,8,4,9,23,17,46,22,91,51,109,35,32,32,50,19,93,0,0,0,0,0,0,0,0,0,0,0,0,0,0,0,0,641,0,0,0,0,0,0,0,0
2021-01-04T23:59:59+01:00,0,0,6,1,5,13,11,23,14,41,23,48,18,16,11,15,6,20,0,0,0,0,0,0,0,0,0,0,0,0,0,0,0,0,271,0,0,0,0,0,0,0,0
2021-01-03T23:59:59+01:00,0,0,6,1,5,13,11,23,14,41,23,48,18,16,11,15,6,20,0,0,0,0,0,0,0,0,0,0,0,0,0,0,0,0,271,0,0,0,0,0,0,0,0
2021-01-02T23:59:59+01:00,0,0,6,1,5,13,11,23,14,41,23,48,18,16,11,15,6,20,0,0,0,0,0,0,0,0,0,0,0,0,0,0,0,0,271,0,0,0,0,0,0,0,0
2021-01-01T23:59:59+01:00,0,0,6,1,5,13,11,23,14,41,23,48,18,16,11,15,6,20,0,0,0,0,0,0,0,0,0,0,0,0,0,0,0,0,271,0,0,0,0,0,0,0,0
2020-12-31T23:59:59+01:00,0,0,6,1,5,13,11,23,14,41,23,48,18,16,11,15,6,20,0,0,0,0,0,0,0,0,0,0,0,0,0,0,0,0,271,0,0,0,0,0,0,0,0
2020-12-30T23:59:59+01:00,0,0,6,1,5,13,11,23,14,41,23,48,18,16,11,15,6,20,0,0,0,0,0,0,0,0,0,0,0,0,0,0,0,0,271,0,0,0,0,0,0,0,0
2020-12-29T23:59:59+01:00,0,0,6,1,5,13,11,23,14,41,23,48,18,16,11,15,6,20,0,0,0,0,0,0,0,0,0,0,0,0,0,0,0,0,271,0,0,0,0,0,0,0,0
2020-12-28T23:59:59+01:00,0,0,6,1,5,13,11,23,14,41,23,48,18,16,11,15,6,20,0,0,0,0,0,0,0,0,0,0,0,0,0,0,0,0,271,0,0,0,0,0,0,0,0
2020-12-27T23:59:59+01:00,0,0,6,1,4,12,11,23,14,41,23,48,18,15,11,15,6,20,0,0,0,0,0,0,0,0,0,0,0,0,0,0,0,0,268,0,0,0,0,0,0,0,0
