Datum,<15_1_m,<15_1_w,15-24_1_m,15-24_1_w,25-34_1_m,25-34_1_w,35-44_1_m,35-44_1_w,45-54_1_m,45-54_1_w,55-64_1_m,55-64_1_w,65-74_1_m,65-74_1_w,75-84_1_m,75-84_1_w,>84_1_m,>84_1_w,<15_2_m,<15_2_w,15-24_2_m,15-24_2_w,25-34_2_m,25-34_2_w,35-44_2_m,35-44_2_w,45-54_2_m,45-54_2_w,55-64_2_m,55-64_2_w,65-74_2_m,65-74_2_w,75-84_2_m,75-84_2_w,>84_2_m,>84_2_w,bp_1,bp_2,mo_1,mo_2,az_1,az_2,ja,unb_1,unb_2
2021-11-24T23:59:59+01:00,2776,2735,16664,15054,19061,17327,20142,19740,22813,22631,23713,22508,15067,16304,10275,12564,3147,5481,2058,1970,14288,13217,17171,15511,18700,18299,21680,21478,22934,21744,14711,15873,10085,12321,3055,5326,196408,180426,23311,22635,35597,34657,12689,13,14
2021-11-23T23:59:59+01:00,2757,2713,16649,15044,19056,17313,20131,19730,22804,22624,23706,22500,15061,16294,10273,12559,3145,5480,2050,1963,14270,13198,17146,15497,18692,18289,21669,21472,22930,21742,14707,15869,10084,12320,3055,5326,196247,180284,23309,22635,35597,34657,12689,13,14
2021-11-22T23:59:59+01:00,2736,2695,16621,15022,19032,17286,20102,19707,22786,22604,23691,22486,15054,16284,10271,12551,3142,5477,2048,1958,14261,13193,17137,15485,18677,18279,21657,21465,22924,21740,14705,15869,10084,12319,3055,5326,195972,180203,23308,22635,35597,34657,12673,13,14
2021-11-21T23:59:59+01:00,2725,2678,16599,15008,19006,17262,20082,19686,22772,22589,23674,22473,15048,16274,10266,12545,3141,5474,2046,1956,14258,13187,17132,15475,18673,18272,21653,21463,22922,21734,14701,15867,10084,12315,3054,5326,195735,180147,23305,22634,35597,34655,12668,13,14
2021-11-20T23:59:59+01:00,2701,2649,16557,14983,18974,17235,20058,19660,22753,22573,23661,22458,15035,16264,10262,12539,3139,5472,2045,1953,14249,13184,17128,15470,18671,18271,21650,21458,22919,21733,14701,15867,10083,12315,3053,5326,195411,180111,23302,22630,35597,34655,12666,13,14
2021-11-19T23:59:59+01:00,2644,2586,16438,14906,18894,17148,19982,19580,22708,22519,23633,22422,15014,16239,10252,12533,3137,5467,2033,1939,14193,13150,17068,15432,18644,18255,21630,21437,22911,21723,14700,15861,10081,12313,3052,5325,194567,179786,23278,22629,35597,34655,12663,13,14
2021-11-18T23:59:59+01:00,2570,2510,16337,14790,18804,17030,19905,19494,22652,22462,23592,22376,14996,16200,10244,12522,3136,5459,2021,1922,14152,13102,17007,15402,18593,18228,21594,21409,22887,21710,14698,15854,10079,12310,3050,5322,193584,179390,23244,22624,35597,34655,12657,13,14
2021-11-17T23:59:59+01:00,2527,2468,16237,14700,18727,16939,19832,19427,22602,22411,23549,22343,14972,16175,10234,12507,3133,5451,2006,1907,14116,13083,16990,15381,18578,18213,21580,21400,22873,21703,14693,15848,10074,12306,3049,5321,192743,179172,23241,22624,35597,34655,12656,13,14
2021-11-16T23:59:59+01:00,2504,2436,16175,14641,18674,16874,19797,19385,22570,22376,23521,22323,14963,16161,10229,12498,3130,5448,2000,1901,14103,13075,16979,15367,18568,18201,21574,21395,22866,21700,14689,15847,10074,12304,3049,5319,192219,179063,23236,22623,35597,34655,12656,13,14
2021-11-15T23:59:59+01:00,2482,2393,16087,14581,18597,16796,19738,19330,22528,22337,23498,22306,14954,16147,10222,12487,3128,5446,1997,1895,14091,13066,16963,15360,18564,18193,21562,21384,22857,21697,14684,15845,10073,12301,3049,5315,191579,178953,23233,22623,35597,34655,12651,13,14
2021-11-14T23:59:59+01:00,2455,2361,15972,14493,18497,16721,19682,19280,22479,22300,23451,22267,14944,16135,10216,12482,3125,5444,1996,1891,14082,13059,16959,15356,18555,18184,21557,21383,22852,21691,14683,15844,10072,12301,3049,5315,190851,178895,23215,22621,35597,34655,12644,13,14
2021-11-13T23:59:59+01:00,2455,2360,15970,14492,18493,16718,19682,19278,22479,22300,23451,22263,14944,16135,10215,12482,3124,5444,1996,1891,14082,13058,16959,15356,18555,18182,21557,21383,22852,21691,14683,15844,10072,12301,3049,5315,190835,178894,23214,22621,35597,34655,12642,13,14
2021-11-12T23:59:59+01:00,2406,2302,15735,14332,18338,16597,19577,19168,22400,22216,23399,22222,14931,16120,10208,12475,3122,5440,1961,1864,14010,13000,16900,15309,18519,18151,21531,21363,22834,21678,14677,15838,10070,12298,3049,5314,189581,178459,23177,22601,35596,34655,12637,13,14
2021-11-11T23:59:59+01:00,2317,2216,15416,14091,18099,16396,19417,19000,22285,22088,23343,22158,14896,16091,10196,12457,3119,5435,1949,1847,13951,12962,16853,15280,18496,18130,21508,21333,22815,21662,14671,15832,10064,12294,3048,5313,187734,178124,23063,22585,35596,34655,12630,13,14
2021-11-10T23:59:59+01:00,2282,2192,15153,13884,17894,16218,19276,18869,22166,21993,23260,22096,14875,16062,10186,12442,3116,5430,1931,1829,13877,12911,16798,15236,18457,18101,21487,21316,22803,21647,14663,15822,10061,12289,3047,5310,186152,177712,23027,22583,35596,34655,12621,13,14
2021-11-09T23:59:59+01:00,2254,2165,15119,13850,17879,16189,19252,18842,22145,21978,23245,22087,14869,16058,10183,12438,3113,5426,1924,1824,13861,12895,16788,15221,18446,18090,21478,21305,22795,21643,14657,15818,10060,12286,3046,5309,185879,177599,23024,22583,35596,34655,12595,13,14
2021-11-08T23:59:59+01:00,2252,2153,15100,13830,17860,16168,19238,18829,22135,21962,23236,22079,14866,16057,10183,12435,3112,5425,1921,1818,13848,12870,16779,15211,18441,18082,21472,21298,22791,21635,14656,15818,10060,12285,3045,5307,185707,177493,23024,22580,35596,34655,12595,13,14
2021-11-07T23:59:59+01:00,2242,2147,15087,13815,17850,16163,19234,18821,22125,21957,23229,22072,14865,16055,10180,12432,3110,5424,1920,1816,13845,12865,16778,15209,18441,18074,21471,21294,22791,21634,14656,15818,10059,12285,3045,5307,185595,177464,23024,22580,35596,34655,12595,13,14
2021-11-06T23:59:59+01:00,2241,2146,15083,13815,17848,16160,19232,18821,22123,21957,23228,22071,14864,16055,10180,12432,3110,5424,1920,1816,13844,12863,16776,15208,18439,18073,21471,21292,22791,21634,14656,15818,10059,12285,3045,5307,185577,177453,23024,22580,35596,34655,12595,13,14
2021-11-05T23:59:59+01:00,2201,2096,14930,13703,17726,16042,19135,18750,22047,21899,23193,22040,14852,16036,10176,12429,3108,5422,1893,1790,13764,12808,16736,15183,18413,18045,21458,21278,22777,21625,14654,15811,10056,12283,3044,5305,184603,177094,23005,22577,35596,34655,12583,13,14
2021-11-04T23:59:59+01:00,2149,2052,14744,13574,17554,15924,19011,18653,21961,21828,23154,22012,14844,16027,10168,12422,3107,5419,1875,1763,13708,12752,16696,15142,18377,18002,21430,21259,22756,21609,14647,15801,10053,12281,3041,5302,183490,176700,22957,22563,35596,34655,12562,13,14
2021-11-03T23:59:59+01:00,2133,2029,14697,13533,17505,15889,18988,18630,21939,21801,23143,21999,14838,16026,10167,12421,3107,5419,1853,1742,13631,12704,16628,15093,18342,17967,21396,21233,22727,21589,14640,15790,10046,12274,3040,5299,183178,176223,22951,22561,35596,34655,12541,13,14
2021-11-02T23:59:59+01:00,2114,2019,14675,13512,17482,15865,18974,18615,21918,21789,23138,21995,14833,16023,10166,12421,3107,5417,1831,1730,13603,12671,16605,15074,18320,17944,21381,21220,22720,21572,14637,15787,10044,12269,3040,5299,182983,175980,22947,22559,35596,34655,12539,13,14
2021-11-01T23:59:59+01:00,2114,2015,14662,13505,17471,15856,18967,18611,21910,21780,23135,21992,14833,16023,10165,12419,3107,5417,1825,1726,13588,12656,16594,15068,18313,17938,21372,21216,22719,21568,14636,15786,10043,12267,3040,5299,182925,175912,22947,22557,35596,34655,12516,13,14
2021-10-31T23:59:59+01:00,2114,2015,14662,13505,17471,15856,18967,18611,21910,21780,23135,21992,14833,16022,10165,12419,3107,5417,1825,1726,13588,12656,16594,15068,18313,17938,21372,21216,22719,21568,14636,15786,10043,12267,3040,5299,182924,175912,22947,22557,35596,34655,12516,13,14
2021-10-30T23:59:59+02:00,2114,2015,14661,13505,17471,15856,18967,18611,21908,21780,23135,21992,14832,16021,10165,12418,3107,5417,1823,1725,13588,12656,16593,15068,18313,17937,21371,21215,22719,21568,14636,15785,10043,12267,3039,5299,182918,175903,22947,22557,35596,34655,12516,13,14
2021-10-29T23:59:59+02:00,2104,2002,14575,13448,17375,15807,18886,18577,21861,21751,23112,21975,14830,16017,10165,12417,3106,5417,1817,1723,13570,12644,16583,15057,18300,17930,21363,21207,22716,21561,14635,15784,10041,12266,3039,5299,182376,175799,22944,22556,35596,34655,12511,13,14
2021-10-28T23:59:59+02:00,2089,1975,14465,13363,17247,15731,18808,18523,21794,21697,23076,21953,14823,16011,10161,12416,3106,5411,1804,1711,13533,12614,16545,15026,18268,17900,21343,21186,22697,21550,14626,15775,10039,12260,3039,5298,181692,175571,22944,22555,35596,34655,12419,13,14
2021-10-27T23:59:59+02:00,2077,1971,14440,13347,17222,15708,18783,18507,21776,21687,23064,21948,14822,16004,10154,12408,3104,5411,1796,1706,13492,12577,16515,15009,18244,17880,21321,21173,22684,21543,14623,15766,10035,12255,3039,5296,181537,175370,22942,22555,35596,34655,12360,13,14
2021-10-26T23:59:59+02:00,2071,1966,14435,13340,17220,15700,18771,18501,21771,21685,23060,21946,14818,16004,10154,12408,3104,5410,1788,1700,13474,12554,16509,14998,18239,17873,21314,21167,22682,21541,14620,15764,10030,12252,3038,5296,181471,175256,22940,22555,35596,34655,12359,13,14
2021-10-25T23:59:59+02:00,2071,1966,14430,13338,17217,15699,18770,18498,21768,21684,23059,21946,14818,16004,10154,12407,3103,5410,1787,1700,13471,12553,16506,14997,18238,17871,21311,21166,22681,21541,14620,15764,10030,12251,3037,5296,181467,175255,22940,22555,35596,34655,12341,13,14
2021-10-24T23:59:59+02:00,2071,1964,14427,13337,17214,15699,18769,18497,21768,21684,23059,21945,14816,16004,10154,12407,3103,5409,1786,1700,13471,12553,16505,14997,18237,17871,21310,21166,22679,21539,14618,15761,10029,12248,3035,5287,181454,175228,22939,22555,35596,34655,12340,13,14
2021-10-23T23:59:59+02:00,2071,1964,14426,13337,17213,15698,18769,18497,21767,21684,23059,21945,14816,16004,10154,12407,3103,5408,1786,1700,13471,12553,16505,14997,18237,17871,21310,21166,22679,21539,14618,15761,10029,12248,3035,5287,181449,175228,22939,22555,35596,34655,12340,13,14
2021-10-22T23:59:59+02:00,2051,1937,14366,13294,17156,15648,18728,18465,21735,21658,23040,21934,14810,15997,10153,12407,3103,5407,1772,1686,13439,12526,16484,14978,18222,17852,21299,21149,22673,21531,14617,15757,10026,12247,3034,5286,181019,175021,22937,22549,35596,34655,12339,13,14
2021-10-21T23:59:59+02:00,2042,1921,14299,13255,17094,15603,18688,18434,21712,21631,23014,21918,14806,15995,10150,12402,3101,5404,1762,1672,13394,12504,16452,14949,18200,17826,21290,21138,22661,21514,14612,15751,10024,12239,3033,5285,180639,174787,22935,22549,35596,34655,12301,13,14
2021-10-20T23:59:59+02:00,2027,1910,14277,13243,17081,15584,18677,18419,21703,21623,23006,21915,14803,15990,10149,12396,3099,5402,1747,1648,13330,12452,16418,14913,18174,17785,21277,21118,22642,21498,14606,15740,10018,12235,3031,5280,180479,174398,22935,22549,35596,34655,12296,13,14
2021-10-19T23:59:59+02:00,2013,1900,14261,13229,17070,15570,18672,18413,21697,21618,22997,21909,14798,15982,10146,12395,3099,5401,1736,1646,13308,12424,16403,14890,18164,17772,21264,21106,22633,21488,14605,15731,10012,12232,3029,5279,180368,174231,22935,22549,35596,34655,12273,13,14
2021-10-18T23:59:59+02:00,1999,1887,14242,13206,17054,15560,18667,18407,21690,21609,22992,21906,14794,15979,10146,12394,3099,5400,1727,1635,13285,12391,16386,14862,18149,17763,21255,21098,22627,21487,14599,15731,10007,12226,3027,5278,180253,174082,22934,22532,35596,34655,12250,13,14
2021-10-17T23:59:59+02:00,1998,1885,14242,13204,17054,15560,18667,18405,21688,21604,22992,21903,14794,15976,10146,12393,3098,5400,1726,1632,13284,12386,16380,14858,18147,17757,21252,21093,22625,21484,14598,15730,10006,12224,3025,5275,180231,174031,22934,22532,35596,34655,12250,13,14
2021-10-16T23:59:59+02:00,1998,1885,14242,13204,17054,15560,18667,18405,21688,21604,22992,21903,14794,15976,10146,12393,3098,5400,1726,1632,13284,12386,16380,14857,18147,17757,21252,21093,22625,21484,14597,15730,10006,12224,3025,5275,180231,174029,22934,22532,35596,34655,12250,13,14
2021-10-15T23:59:59+02:00,1991,1872,14200,13170,17022,15531,18647,18387,21672,21592,22983,21896,14793,15972,10145,12389,3098,5398,1682,1604,13218,12320,16333,14805,18112,17728,21224,21061,22604,21466,14586,15717,10002,12217,3024,5270,180008,173558,22914,22504,35596,34655,12242,13,14
2021-10-14T23:59:59+02:00,1979,1859,14146,13132,16974,15488,18618,18359,21649,21579,22969,21882,14783,15962,10143,12386,3094,5393,1623,1553,13102,12191,16276,14724,18049,17655,21184,21011,22571,21426,14570,15701,9995,12205,3022,5265,179669,172780,22894,22437,35596,34655,12238,13,13
2021-10-13T23:59:59+02:00,1969,1848,14115,13096,16952,15453,18594,18339,21638,21569,22957,21876,14778,15955,10141,12383,3094,5389,1602,1535,13057,12137,16234,14666,18011,17612,21165,20990,22551,21410,14560,15690,9991,12199,3018,5259,179451,172375,22894,22437,35596,34655,12207,13,13
2021-10-12T23:59:59+02:00,1962,1839,14092,13085,16934,15441,18588,18327,21631,21562,22952,21868,14775,15953,10141,12381,3094,5388,1594,1520,13030,12109,16212,14644,17998,17597,21156,20981,22541,21404,14552,15685,9989,12198,3017,5257,179347,172201,22894,22437,35596,34655,12178,13,13
2021-10-11T23:59:59+02:00,1949,1834,14072,13060,16926,15437,18581,18316,21625,21556,22947,21864,14773,15951,10140,12378,3094,5387,1590,1509,13002,12087,16194,14622,17980,17572,21145,20965,22537,21393,14547,15681,9985,12195,3017,5256,179229,171999,22894,22437,35596,34655,12173,13,13
2021-10-10T23:59:59+02:00,1945,1833,14065,13053,16915,15434,18574,18310,21623,21553,22944,21860,14772,15950,10140,12378,3094,5387,1586,1503,12990,12072,16177,14616,17972,17565,21143,20961,22531,21385,14544,15676,9984,12192,3016,5255,179198,171920,22894,22436,35596,34655,12144,13,13
2021-10-09T23:59:59+02:00,1945,1833,14064,13052,16914,15434,18574,18310,21623,21552,22944,21860,14772,15950,10140,12378,3094,5387,1586,1503,12990,12072,16177,14616,17972,17565,21143,20961,22531,21385,14544,15676,9984,12192,3016,5255,179194,171920,22894,22436,35596,34655,12144,13,13
2021-10-08T23:59:59+02:00,1932,1820,14011,13025,16885,15420,18555,18289,21603,21535,22930,21846,14767,15948,10135,12376,3094,5386,1563,1480,12943,12032,16151,14584,17939,17535,21118,20925,22512,21374,14540,15669,9982,12186,3016,5252,178925,171554,22894,22435,35596,34655,12144,13,13
2021-10-07T23:59:59+02:00,1910,1802,13962,12977,16846,15392,18522,18258,21576,21513,22911,21835,14762,15940,10128,12368,3093,5383,1530,1435,12876,11948,16098,14517,17893,17489,21083,20884,22493,21353,14527,15653,9973,12176,3015,5246,178559,170955,22894,22435,35596,34655,12131,13,13
2021-10-06T23:59:59+02:00,1902,1794,13920,12936,16841,15386,18519,18251,21573,21508,22904,21828,14759,15936,10126,12365,3092,5383,1513,1426,12841,11917,16093,14493,17885,17472,21071,20878,22488,21350,14526,15645,9971,12173,3015,5244,178411,170771,22891,22435,35596,34655,12127,13,13
2021-10-05T23:59:59+02:00,1888,1780,13886,12904,16810,15357,18491,18237,21553,21490,22897,21816,14747,15926,10122,12360,3092,5382,1496,1408,12780,11857,16045,14445,17846,17436,21046,20851,22468,21325,14513,15632,9970,12167,3013,5242,178205,170390,22889,22432,35596,34655,12050,13,13
2021-10-04T23:59:59+02:00,1875,1767,13863,12875,16795,15346,18480,18221,21544,21483,22889,21807,14743,15923,10119,12359,3092,5381,1490,1392,12735,11826,16017,14414,17832,17416,21034,20832,22464,21312,14508,15623,9969,12163,3011,5239,178060,170158,22889,22432,35596,34655,12019,13,13
2021-10-03T23:59:59+02:00,1874,1767,13861,12874,16794,15343,18480,18220,21542,21482,22888,21807,14743,15923,10119,12359,3092,5380,1490,1392,12734,11823,16012,14411,17831,17414,21033,20829,22464,21310,14508,15623,9967,12163,3011,5238,178049,170138,22889,22432,35596,34654,12016,13,13
2021-10-02T23:59:59+02:00,1873,1767,13860,12874,16794,15343,18480,18220,21542,21480,22887,21807,14743,15922,10119,12359,3091,5380,1490,1392,12733,11823,16012,14411,17831,17414,21033,20829,22464,21310,14508,15622,9967,12162,3011,5238,178042,170135,22889,22432,35596,34654,12016,13,13
2021-10-01T23:59:59+02:00,1865,1755,13823,12843,16755,15320,18456,18194,21521,21458,22871,21803,14739,15921,10116,12357,3090,5379,1478,1384,12700,11799,15980,14384,17808,17394,21010,20814,22449,21301,14504,15621,9965,12161,3010,5238,177823,169940,22888,22432,35596,34654,11961,13,13
2021-09-30T23:59:59+02:00,1847,1737,13752,12800,16693,15274,18421,18153,21493,21436,22847,21782,14725,15913,10114,12350,3088,5377,1458,1351,12620,11737,15919,14319,17781,17344,20971,20787,22417,21286,14485,15606,9960,12154,3009,5236,177470,169491,22888,22432,35596,34654,11850,13,13
2021-09-29T23:59:59+02:00,1836,1725,13699,12762,16653,15240,18392,18123,21470,21418,22832,21762,14719,15905,10110,12344,3086,5376,1445,1336,12577,11701,15883,14278,17757,17319,20956,20770,22410,21279,14484,15600,9958,12148,3008,5233,177178,169251,22888,22432,35596,34654,11792,13,13
2021-09-28T23:59:59+02:00,1827,1721,13687,12734,16647,15228,18380,18113,21462,21409,22827,21760,14717,15899,10106,12341,3083,5372,1416,1313,12540,11664,15862,14257,17741,17299,20941,20755,22404,21270,14481,15597,9958,12144,3006,5231,177040,168991,22888,22432,35596,34654,11789,13,13
2021-09-27T23:59:59+02:00,1820,1715,13670,12703,16634,15208,18369,18099,21449,21400,22823,21752,14715,15894,10103,12338,3081,5371,1404,1303,12527,11632,15838,14243,17730,17287,20937,20749,22398,21264,14476,15589,9957,12142,3005,5228,176878,168826,22886,22432,35596,34654,11784,13,13
2021-09-26T23:59:59+02:00,1811,1712,13654,12688,16623,15199,18361,18094,21443,21386,22813,21748,14714,15890,10100,12331,3078,5366,1403,1298,12515,11623,15831,14239,17726,17286,20935,20745,22396,21262,14475,15588,9955,12140,3004,5228,176747,168769,22886,22431,35596,34654,11782,13,13
2021-09-25T23:59:59+02:00,1811,1712,13654,12688,16623,15199,18361,18094,21443,21386,22813,21748,14714,15890,10100,12331,3078,5366,1403,1298,12515,11622,15831,14239,17726,17286,20935,20745,22396,21262,14475,15588,9955,12140,3004,5228,176747,168768,22886,22431,35596,34654,11782,13,13
2021-09-24T23:59:59+02:00,1799,1706,13617,12632,16588,15162,18336,18073,21421,21363,22795,21738,14710,15885,10098,12328,3078,5365,1387,1284,12484,11579,15801,14206,17705,17259,20915,20731,22380,21250,14467,15579,9949,12134,3003,5226,176506,168534,22885,22431,35596,34654,11707,13,13
2021-09-23T23:59:59+02:00,1775,1686,13558,12571,16537,15103,18293,18033,21384,21331,22774,21708,14702,15875,10095,12321,3077,5358,1378,1277,12447,11550,15778,14179,17684,17245,20890,20718,22364,21238,14458,15570,9942,12131,3002,5222,176058,168333,22885,22431,35596,34654,11642,13,13
2021-09-22T23:59:59+02:00,1762,1671,13503,12525,16509,15070,18274,17997,21373,21310,22761,21698,14687,15866,10090,12317,3072,5354,1374,1272,12408,11526,15753,14159,17665,17217,20881,20696,22354,21227,14449,15558,9939,12126,3002,5222,175722,168093,22884,22431,35596,34654,11637,13,13
2021-09-21T23:59:59+02:00,1756,1667,13467,12503,16475,15042,18256,17967,21360,21291,22754,21689,14684,15858,10082,12314,3071,5349,1370,1265,12379,11503,15736,14134,17648,17193,20869,20685,22348,21217,14447,15553,9938,12120,3001,5221,175541,167968,22884,22429,35596,34654,11563,13,13
2021-09-20T23:59:59+02:00,1749,1661,13447,12477,16457,15018,18236,17952,21344,21281,22752,21682,14677,15851,10080,12306,3071,5347,1367,1261,12368,11491,15731,14119,17638,17183,20864,20678,22347,21212,14441,15544,9936,12118,3001,5219,175403,167908,22869,22424,35596,34654,11519,13,13
2021-09-19T23:59:59+02:00,1746,1655,13429,12461,16433,14995,18221,17948,21337,21273,22743,21672,14668,15846,10076,12301,3069,5342,1366,1261,12362,11488,15715,14102,17626,17181,20859,20672,22340,21208,14433,15542,9934,12114,3000,5218,175318,167899,22869,22423,35595,34654,11432,13,13
2021-09-18T23:59:59+02:00,1746,1652,13419,12456,16427,14989,18216,17942,21336,21271,22741,21671,14668,15846,10076,12301,3069,5341,1289,1186,12224,11316,15639,13990,17569,17110,20814,20634,22316,21180,14422,15527,9924,12102,3000,5216,175276,166942,22869,22423,35595,34654,11426,13,13
2021-09-17T23:59:59+02:00,1703,1605,13310,12357,16367,14906,18157,17878,21293,21222,22712,21645,14657,15830,10068,12289,3067,5335,1282,1181,12176,11268,15600,13958,17515,17059,20800,20610,22300,21162,14418,15515,9919,12096,2999,5215,174666,166854,22766,22180,35595,34654,11372,13,13
2021-09-16T23:59:59+02:00,1669,1561,13220,12261,16311,14824,18097,17817,21249,21167,22682,21609,14642,15811,10052,12277,3064,5331,1273,1176,12148,11244,15585,13941,17494,17035,20797,20592,22291,21151,14416,15511,9915,12094,2999,5214,173950,166698,22766,22180,35595,34654,11331,13,13
2021-09-15T23:59:59+02:00,1648,1543,13169,12223,16276,14793,18072,17782,21227,21141,22672,21596,14634,15798,10042,12270,3060,5321,1271,1168,12122,11227,15557,13918,17479,17007,20782,20577,22280,21139,14408,15506,9911,12093,2999,5210,173647,166550,22766,22180,35595,34654,11257,13,13
2021-09-14T23:59:59+02:00,1637,1531,13123,12186,16252,14769,18048,17755,21218,21119,22657,21587,14628,15787,10032,12261,3059,5320,1259,1161,12091,11190,15537,13895,17455,16980,20768,20561,22271,21124,14397,15500,9904,12093,2999,5209,173396,166336,22765,22180,35595,34654,11211,13,13
2021-09-13T23:59:59+02:00,1622,1514,13061,12137,16215,14731,18015,17720,21198,21094,22636,21570,14620,15782,10027,12253,3057,5319,1250,1155,12053,11159,15513,13870,17440,16967,20756,20547,22251,21118,14394,15492,9901,12086,2997,5207,173072,166171,22765,22180,35594,34654,11138,13,13
2021-09-12T23:59:59+02:00,1622,1512,13060,12134,16212,14731,18014,17717,21196,21093,22635,21568,14620,15781,10024,12249,3057,5315,1250,1155,12050,11155,15511,13870,17439,16966,20756,20547,22251,21117,14393,15492,9901,12085,2997,5207,173044,166160,22765,22180,35594,34654,11135,13,13
2021-09-11T23:59:59+02:00,1622,1512,13060,12134,16212,14731,18013,17717,21196,21093,22635,21568,14620,15781,10024,12249,3057,5315,1250,1155,12049,11155,15511,13870,17438,16966,20756,20547,22251,21117,14393,15492,9901,12085,2997,5207,173044,166159,22765,22180,35594,34654,11134,13,13
2021-09-10T23:59:59+02:00,1587,1479,13010,12092,16170,14683,17980,17679,21163,21057,22607,21550,14612,15767,10020,12244,3056,5312,1249,1154,12043,11145,15500,13858,17428,16961,20745,20536,22245,21112,14388,15484,9899,12081,2997,5204,172649,166125,22765,22179,35594,34654,11058,13,13
2021-09-09T23:59:59+02:00,1543,1425,12901,12004,16095,14586,17927,17614,21114,21010,22571,21520,14589,15739,10008,12234,3054,5309,1233,1132,12003,11108,15471,13827,17407,16932,20728,20518,22223,21097,14382,15473,9894,12075,2994,5204,171907,165880,22763,22178,35594,34653,10977,13,13
2021-09-08T23:59:59+02:00,1524,1412,12862,11958,16072,14555,17900,17581,21093,20991,22557,21507,14584,15729,10004,12227,3054,5306,1217,1125,11965,11064,15447,13799,17381,16905,20707,20498,22204,21076,14369,15465,9885,12068,2992,5202,171686,165654,22763,22177,35594,34653,10872,12,13
2021-09-07T23:59:59+02:00,1492,1384,12782,11888,15996,14509,17855,17530,21061,20970,22535,21480,14571,15721,10004,12221,3052,5301,1208,1115,11916,11029,15399,13776,17351,16883,20683,20478,22191,21061,14356,15459,9885,12063,2991,5202,171243,165454,22759,22171,35594,34653,10755,12,13
2021-09-06T23:59:59+02:00,1478,1362,12755,11859,15975,14482,17847,17516,21047,20958,22526,21472,14565,15711,10004,12216,3051,5298,1207,1112,11907,11015,15396,13765,17347,16879,20681,20476,22185,21058,14353,15457,9885,12059,2991,5202,171014,165383,22758,22171,35594,34653,10755,12,13
2021-09-05T23:59:59+02:00,1478,1361,12755,11856,15974,14480,17843,17514,21047,20957,22524,21471,14565,15709,10001,12215,3051,5298,1207,1112,11905,11015,15395,13763,17345,16877,20679,20476,22184,21058,14353,15457,9885,12059,2991,5201,170995,165374,22758,22171,35594,34653,10751,12,13
2021-09-04T23:59:59+02:00,1478,1361,12755,11856,15974,14480,17843,17514,21047,20956,22524,21471,14565,15708,10001,12215,3051,5298,1207,1112,11905,11015,15395,13763,17345,16877,20679,20475,22184,21058,14353,15456,9885,12059,2991,5201,170995,165374,22758,22171,35594,34653,10749,12,13
2021-09-03T23:59:59+02:00,1455,1333,12692,11792,15940,14433,17805,17479,21015,20928,22501,21446,14550,15694,9995,12206,3048,5296,1160,1047,11801,10922,15345,13702,17316,16834,20650,20451,22162,21039,14340,15448,9880,12051,2990,5200,170622,164873,22758,22171,35594,34648,10633,12,13
2021-09-02T23:59:59+02:00,1445,1324,12641,11766,15892,14393,17779,17446,20986,20905,22481,21434,14542,15671,9986,12200,3046,5294,1150,1046,11770,10900,15316,13675,17293,16809,20630,20435,22151,21030,14337,15433,9876,12047,2989,5198,170390,164765,22758,22171,35594,34648,10488,12,13
2021-09-01T23:59:59+02:00,1438,1320,12610,11745,15877,14368,17772,17433,20983,20902,22476,21431,14540,15664,9984,12196,3045,5292,1145,1043,11759,10881,15307,13663,17284,16802,20625,20429,22147,21023,14335,15433,9875,12045,2989,5198,170241,164668,22757,22171,35594,34648,10483,12,13
2021-08-31T23:59:59+02:00,1425,1305,12556,11709,15848,14320,17745,17408,20958,20887,22454,21421,14533,15660,9983,12191,3044,5292,1141,1037,11711,10847,15276,13623,17257,16766,20602,20409,22122,21008,14330,15432,9870,12042,2988,5197,170063,164504,22757,22170,35594,34648,10323,12,13
2021-08-30T23:59:59+02:00,1418,1303,12543,11682,15831,14304,17730,17396,20936,20868,22444,21410,14526,15655,9979,12186,3044,5290,1129,1026,11675,10808,15246,13595,17245,16742,20579,20394,22114,20998,14324,15429,9866,12037,2988,5196,169988,164356,22757,22170,35594,34648,10204,12,13
2021-08-29T23:59:59+02:00,1418,1303,12541,11682,15828,14304,17729,17396,20935,20868,22444,21410,14526,15655,9979,12186,3044,5290,1128,1026,11674,10806,15242,13594,17245,16742,20577,20394,22114,20998,14324,15429,9866,12037,2988,5196,169983,164347,22757,22170,35594,34648,10202,12,13
2021-08-28T23:59:59+02:00,1418,1303,12541,11682,15828,14304,17729,17396,20935,20868,22444,21410,14526,15655,9979,12186,3044,5290,1128,1026,11673,10806,15242,13594,17244,16742,20577,20394,22114,20998,14324,15429,9866,12037,2988,5196,169983,164345,22757,22170,35594,34648,10202,12,13
2021-08-27T23:59:59+02:00,1417,1297,12516,11663,15804,14282,17710,17373,20915,20859,22427,21396,14520,15649,9975,12180,3043,5288,1125,1023,11657,10795,15220,13578,17229,16726,20560,20386,22098,20985,14318,15424,9860,12030,2987,5194,169914,164318,22757,22170,35594,34647,10047,12,13
2021-08-26T23:59:59+02:00,1413,1293,12478,11637,15768,14254,17683,17359,20888,20839,22412,21383,14511,15644,9971,12174,3042,5286,1113,1010,11594,10730,15160,13525,17187,16697,20528,20359,22081,20963,14304,15411,9852,12026,2984,5192,169830,164035,22757,22169,35594,34647,9852,12,13
2021-08-25T23:59:59+02:00,1407,1290,12461,11620,15748,14239,17670,17343,20880,20829,22406,21372,14509,15637,9970,12171,3041,5286,1096,996,11532,10668,15108,13484,17166,16666,20517,20342,22066,20952,14299,15404,9849,12024,2982,5189,169701,163686,22757,22169,35594,34647,9825,12,13
2021-08-24T23:59:59+02:00,1399,1281,12433,11598,15721,14204,17653,17326,20864,20815,22389,21359,14503,15625,9965,12162,3037,5284,1089,990,11499,10645,15074,13445,17140,16650,20496,20319,22041,20942,14291,15392,9843,12016,2981,5187,169599,163545,22757,22169,35594,34647,9666,12,13
2021-08-23T23:59:59+02:00,1397,1277,12404,11581,15690,14178,17620,17308,20834,20805,22373,21345,14486,15612,9962,12158,3036,5283,1075,984,11432,10588,15013,13392,17094,16621,20460,20295,22019,20924,14271,15381,9838,12009,2980,5185,169559,163295,22756,22168,35594,34647,9438,12,13
2021-08-22T23:59:59+02:00,1396,1277,12403,11578,15687,14177,17620,17308,20833,20803,22372,21345,14484,15612,9962,12158,3036,5283,1074,984,11432,10584,15010,13390,17093,16619,20459,20295,22018,20924,14270,15381,9838,12009,2980,5185,169547,163283,22756,22167,35594,34647,9435,12,13
2021-08-21T23:59:59+02:00,1317,1202,12244,11385,15609,14052,17557,17221,20791,20761,22340,21301,14474,15596,9954,12145,3035,5279,1044,958,11335,10493,14946,13336,17056,16576,20428,20270,21995,20894,14258,15369,9831,11998,2978,5181,168479,162694,22756,22160,35594,34647,9432,12,13
2021-08-20T23:59:59+02:00,1311,1202,12221,11358,15593,14037,17534,17202,20784,20751,22331,21294,14471,15588,9954,12142,3035,5279,1036,953,11228,10418,14855,13261,16955,16468,20367,20215,21960,20861,14246,15350,9822,11993,2977,5181,168475,162610,22588,21462,35594,34633,9428,12,13
2021-08-19T23:59:59+02:00,1307,1198,12155,11307,15497,13987,17456,17147,20732,20712,22294,21251,14453,15573,9945,12129,3034,5275,1024,940,11124,10320,14746,13186,16854,16391,20307,20167,21920,20809,14223,15335,9813,11980,2975,5174,168359,162273,22588,21462,35594,34632,8908,12,13
2021-08-18T23:59:59+02:00,1300,1196,12134,11293,15486,13975,17449,17137,20722,20701,22292,21243,14451,15568,9943,12128,3034,5275,1012,934,11082,10280,14715,13161,16823,16363,20292,20155,21909,20805,14216,15328,9812,11979,2975,5174,168240,162006,22588,21462,35594,34632,8902,12,13
2021-08-17T23:59:59+02:00,1291,1190,12101,11268,15457,13949,17428,17112,20703,20690,22283,21228,14443,15563,9935,12125,3033,5274,998,922,10986,10212,14660,13103,16779,16320,20261,20131,21887,20782,14209,15320,9805,11968,2972,5174,168084,161581,22588,21460,35594,34631,8804,12,13
2021-08-16T23:59:59+02:00,1288,1186,12077,11243,15437,13927,17412,17096,20679,20666,22264,21219,14433,15552,9933,12122,3031,5273,978,904,10917,10139,14599,13039,16740,16282,20224,20096,21863,20762,14192,15307,9800,11954,2967,5171,168022,161200,22588,21459,35594,34631,8631,12,13
2021-08-15T23:59:59+02:00,1287,1186,12074,11242,15435,13925,17411,17095,20678,20665,22262,21218,14433,15552,9933,12122,3031,5272,977,904,10915,10129,14587,13033,16736,16280,20221,20095,21863,20762,14192,15307,9800,11954,2967,5171,168006,161161,22588,21458,35594,34631,8630,12,13
2021-08-14T23:59:59+02:00,1287,1186,12074,11241,15435,13925,17411,17095,20678,20665,22262,21218,14433,15552,9933,12122,3031,5272,964,900,10880,10094,14560,13010,16720,16263,20215,20086,21858,20758,14192,15307,9800,11954,2966,5171,168006,160966,22588,21458,35593,34631,8630,12,13
2021-08-13T23:59:59+02:00,1219,1112,11981,11136,15397,13881,17379,17049,20649,20639,22236,21194,14425,15541,9926,12115,3030,5270,942,890,10808,10033,14516,12951,16679,16226,20198,20064,21840,20743,14186,15294,9796,11946,2965,5170,167455,160606,22588,21457,35593,34631,8540,12,13
2021-08-12T23:59:59+02:00,1216,1107,11959,11126,15370,13861,17356,17020,20626,20623,22213,21170,14414,15529,9918,12107,3030,5267,928,877,10735,9963,14459,12886,16628,16181,20169,20041,21808,20713,14173,15279,9786,11934,2963,5166,167372,160233,22588,21456,35593,34631,8356,12,13
2021-08-11T23:59:59+02:00,1204,1100,11937,11102,15356,13851,17340,17007,20617,20613,22207,21160,14406,15524,9909,12102,3029,5265,884,852,10625,9857,14378,12797,16592,16136,20135,20012,21784,20701,14160,15264,9774,11921,2961,5162,167189,159543,22588,21453,35593,34630,8356,12,13
2021-08-10T23:59:59+02:00,1204,1088,11913,11085,15332,13835,17319,16993,20600,20599,22190,21148,14395,15519,9907,12098,3029,5263,872,841,10570,9804,14331,12761,16554,16113,20110,19989,21760,20679,14147,15252,9771,11918,2961,5158,167104,159266,22588,21453,35593,34630,8229,12,13
2021-08-09T23:59:59+02:00,1200,1081,11881,11055,15312,13816,17303,16973,20588,20589,22172,21138,14384,15515,9903,12092,3029,5261,863,827,10518,9745,14288,12726,16520,16082,20092,19973,21742,20671,14134,15244,9763,11911,2961,5153,166984,158994,22588,21453,35593,34629,8124,12,13
2021-08-08T23:59:59+02:00,1196,1080,11877,11050,15309,13815,17299,16970,20585,20585,22170,21137,14384,15513,9902,12091,3029,5261,863,827,10514,9744,14284,12721,16516,16079,20091,19972,21740,20670,14132,15244,9763,11911,2961,5153,166945,158969,22588,21450,35593,34629,8124,12,13
2021-08-07T23:59:59+02:00,1196,1080,11875,11048,15307,13810,17298,16968,20584,20583,22169,21137,14384,15512,9902,12090,3029,5261,863,827,10513,9743,14283,12720,16516,16077,20090,19971,21740,20667,14131,15244,9763,11911,2961,5153,166925,158957,22588,21450,35593,34629,8124,12,13
2021-08-06T23:59:59+02:00,1194,1078,11857,11038,15278,13797,17273,16953,20564,20565,22158,21127,14381,15508,9900,12086,3029,5261,863,827,10494,9732,14249,12707,16491,16061,20070,19956,21729,20658,14127,15240,9761,11907,2961,5153,166911,158945,22588,21449,35593,34628,7951,12,13
2021-08-05T23:59:59+02:00,1185,1069,11816,11006,15244,13774,17245,16919,20534,20545,22127,21108,14368,15489,9895,12078,3025,5260,863,827,10467,9719,14219,12687,16471,16041,20038,19941,21704,20643,14116,15229,9756,11902,2958,5152,166768,158914,22588,21446,35593,34627,7733,12,13
2021-08-04T23:59:59+02:00,1172,1060,11787,10974,15231,13757,17230,16906,20523,20533,22116,21095,14361,15484,9891,12076,3024,5259,862,827,10457,9703,14205,12677,16456,16034,20028,19933,21698,20641,14114,15228,9755,11902,2957,5151,166563,158838,22586,21417,35592,34627,7733,12,13
2021-08-03T23:59:59+02:00,1166,1055,11744,10940,15193,13732,17206,16874,20501,20513,22096,21073,14349,15466,9887,12073,3023,5258,861,822,10419,9683,14172,12660,16437,16014,20010,19921,21681,20628,14107,15210,9751,11900,2957,5151,166430,158795,22586,21415,35592,34625,7536,12,13
2021-08-02T23:59:59+02:00,1163,1053,11725,10923,15172,13710,17190,16855,20483,20503,22087,21062,14338,15455,9881,12071,3023,5256,861,821,10400,9668,14152,12637,16421,15995,19990,19912,21673,20616,14098,15198,9745,11898,2957,5149,166380,158753,22586,21414,35592,34624,7387,12,13
2021-08-01T23:59:59+02:00,1163,1053,11724,10919,15172,13710,17189,16854,20483,20502,22085,21062,14338,15454,9881,12071,3023,5255,861,821,10399,9667,14146,12636,16418,15995,19990,19911,21672,20615,14098,15198,9745,11898,2957,5149,166369,158741,22585,21412,35592,34623,7387,12,13
2021-07-31T23:59:59+02:00,1163,1053,11724,10919,15172,13710,17189,16854,20483,20502,22085,21062,14338,15454,9881,12071,3023,5255,861,821,10399,9666,14142,12633,16418,15995,19990,19909,21672,20615,14098,15198,9745,11898,2957,5149,166369,158732,22585,21411,35592,34623,7387,12,13
2021-07-30T23:59:59+02:00,1163,1053,11690,10905,15138,13687,17154,16826,20456,20483,22047,21043,14321,15446,9875,12063,3022,5254,861,819,10366,9654,14108,12609,16383,15967,19963,19890,21634,20595,14080,15190,9739,11890,2956,5148,166365,158728,22585,21411,35592,34621,7079,12,13
2021-07-29T23:59:59+02:00,1151,1045,11658,10875,15115,13665,17144,16813,20448,20472,22038,21037,14318,15445,9872,12061,3019,5253,860,817,10361,9645,14088,12601,16371,15958,19960,19888,21629,20594,14078,15187,9739,11890,2956,5148,166174,158655,22585,21409,35592,34620,7073,12,13
2021-07-28T23:59:59+02:00,1136,1039,11623,10830,15086,13635,17125,16794,20440,20459,22027,21029,14314,15443,9869,12059,3018,5252,859,816,10349,9635,14067,12585,16359,15948,19952,19884,21626,20592,14077,15185,9739,11889,2956,5148,165947,158577,22584,21408,35592,34618,7050,12,13
2021-07-27T23:59:59+02:00,1133,1038,11599,10815,15063,13617,17106,16784,20427,20440,22009,21009,14305,15430,9862,12055,3017,5250,858,816,10323,9625,14041,12561,16341,15938,19938,19865,21609,20571,14069,15173,9732,11885,2955,5147,165920,158550,22584,21408,35592,34618,6858,12,13
2021-07-26T23:59:59+02:00,1127,1026,11544,10754,15018,13579,17078,16762,20392,20409,21980,20993,14288,15421,9855,12047,3017,5249,858,814,10285,9599,14007,12531,16315,15922,19900,19830,21558,20542,14051,15163,9724,11876,2955,5146,165748,158487,22583,21407,35592,34558,6611,12,13
2021-07-25T23:59:59+02:00,1126,1025,11542,10750,15014,13578,17077,16761,20391,20409,21980,20993,14287,15421,9855,12047,3017,5249,858,814,10282,9586,14001,12524,16310,15920,19898,19830,21558,20542,14051,15163,9724,11876,2955,5145,165734,158452,22580,21403,35592,34558,6611,12,13
2021-07-24T23:59:59+02:00,1126,1025,11539,10748,15012,13576,17077,16760,20389,20407,21980,20992,14287,15421,9855,12047,3017,5249,858,814,10163,9477,13833,12382,15887,15554,19748,19707,21540,20516,14037,15148,9717,11868,2955,5144,165727,158430,22574,19738,35592,34558,6609,12,13
2021-07-23T23:59:59+02:00,1102,1012,11425,10674,14929,13516,17024,16705,20347,20354,21941,20954,14271,15401,9844,12039,3015,5248,785,744,8422,8114,12430,11276,15395,15115,19456,19382,21325,20325,13959,15064,9659,11818,2950,5140,165306,150787,22574,19737,35592,34501,6321,12,13
2021-07-22T23:59:59+02:00,1080,1005,11357,10606,14871,13468,16986,16679,20327,20323,21924,20929,14246,15386,9827,12029,3013,5245,706,670,7895,7641,11807,10776,14675,14512,19261,19210,21166,20149,13880,14978,9627,11769,2941,5128,164950,146379,22574,19735,35592,34488,6176,12,13
2021-07-21T23:59:59+02:00,1067,996,11312,10556,14832,13435,16955,16650,20309,20305,21906,20918,14235,15381,9825,12021,3011,5243,706,670,7890,7633,11794,10766,14668,14510,19254,19209,21111,20112,13877,14976,9627,11768,2940,5126,164611,146341,22574,19726,35592,34386,6171,12,13
2021-07-20T23:59:59+02:00,1054,981,11261,10516,14801,13408,16922,16633,20284,20285,21880,20900,14224,15368,9823,12015,3010,5242,706,670,7879,7627,11780,10758,14661,14503,19244,19205,21103,20108,13876,14974,9627,11768,2940,5126,164303,146309,22574,19726,35592,34378,6129,12,13
2021-07-19T23:59:59+02:00,1041,965,11211,10466,14772,13374,16900,16614,20264,20265,21867,20892,14218,15364,9819,12006,3008,5238,706,670,7874,7624,11774,10754,14657,14502,19241,19205,21089,20092,13874,14972,9626,11766,2940,5126,163983,146282,22574,19724,35592,34347,6126,12,13
2021-07-18T23:59:59+02:00,1041,965,11210,10466,14772,13372,16898,16612,20264,20263,21867,20892,14217,15364,9819,12006,3008,5238,706,670,7871,7620,11765,10747,14653,14499,19239,19204,21078,20087,13874,14972,9626,11766,2940,5126,163973,146253,22574,19723,35592,34328,6126,12,13
2021-07-17T23:59:59+02:00,1039,965,11164,10439,14713,13328,16860,16583,20228,20249,21841,20869,14206,15351,9816,12003,3008,5237,706,670,7795,7561,11621,10616,14460,14332,18811,18884,20879,19912,13846,14931,9611,11743,2937,5120,163944,146245,22567,18061,35591,34328,5788,12,13
2021-07-16T23:59:59+02:00,1018,948,10971,10301,14610,13229,16759,16505,20151,20184,21789,20821,14179,15326,9801,11996,3004,5232,691,649,7524,7362,10697,9984,13993,14021,18585,18688,20017,19253,13680,14717,9502,11611,2921,5096,163619,142811,22029,18051,35591,32541,5575,12,13
2021-07-15T23:59:59+02:00,994,932,10914,10238,14572,13197,16734,16484,20136,20167,21779,20812,14174,15322,9796,11992,3004,5228,686,642,7098,6993,8465,8245,13530,13628,18524,18629,19875,19116,13547,14575,9449,11549,2920,5086,163279,136428,22028,18046,35591,32503,5567,12,13
2021-07-14T23:59:59+02:00,968,914,10837,10152,14506,13136,16695,16439,20099,20130,21753,20790,14162,15310,9783,11977,3000,5226,643,602,6553,6539,7376,7378,12957,13179,18426,18535,19769,19027,13517,14538,9432,11532,2918,5083,162786,132046,22028,18042,35591,32441,5462,12,13
2021-07-13T23:59:59+02:00,949,893,10756,10080,14461,13092,16668,16408,20076,20109,21742,20777,14155,15299,9780,11970,2998,5224,643,602,6303,6262,6917,6990,12643,12911,18409,18513,19724,18990,13402,14429,9429,11528,2918,5080,162352,132001,22025,15784,35591,32436,5459,12,13
2021-07-12T23:59:59+02:00,929,881,10702,10030,14414,13047,16626,16378,20061,20097,21735,20771,14153,15293,9776,11966,2998,5221,634,596,6164,6168,6759,6870,12348,12665,17712,17946,19626,18910,13368,14403,9412,11506,2918,5076,162054,129457,22024,15780,35591,32432,5399,12,13
2021-07-11T23:59:59+02:00,929,881,10701,10029,14412,13046,16625,16378,20060,20097,21735,20771,14152,15293,9776,11966,2998,5221,634,596,6160,6164,6756,6867,12347,12665,17712,17946,19625,18909,13367,14403,9412,11505,2917,5074,162050,129446,22024,15780,35591,32425,5395,12,13
2021-07-10T23:59:59+02:00,926,876,10694,10016,14405,13039,16618,16378,20058,20090,21729,20766,14152,15292,9776,11966,2998,5221,634,595,6153,6156,6746,6862,12344,12661,17711,17941,19620,18906,13366,14403,9412,11505,2917,5074,161984,129396,22023,15780,35591,32425,5392,12,13
2021-07-09T23:59:59+02:00,912,860,10644,9973,14371,13011,16582,16348,20023,20068,21701,20744,14133,15277,9761,11958,2997,5218,24,17,5343,5422,6613,6762,12184,12557,17479,17836,19414,18774,13302,14330,9385,11486,2914,5071,161800,126490,22022,15780,35591,31472,5158,12,13
2021-07-08T23:59:59+02:00,910,860,10584,9929,14285,12956,16517,16298,19972,20021,21673,20720,14118,15260,9755,11945,2996,5212,16,11,5213,5313,6397,6586,11744,12215,16970,17463,19154,18587,13239,14246,9359,11450,2908,5059,161778,124564,22021,15777,35591,30965,4611,12,13
2021-07-07T23:59:59+02:00,909,860,10581,9922,14281,12951,16515,16296,19972,20018,21672,20719,14118,15260,9755,11945,2996,5212,13,10,5072,5131,5921,6176,10539,11230,16916,17398,19099,18542,13221,14223,9350,11447,2904,5049,161760,120888,22018,15775,35591,30962,4603,12,13
2021-07-06T23:59:59+02:00,909,860,10578,9921,14275,12948,16513,16296,19972,20018,21672,20718,14118,15258,9755,11945,2996,5212,13,10,5053,5124,5914,6169,10539,11230,16914,17398,19096,18542,13221,14220,9350,11447,2904,5049,161751,120863,22013,15772,35591,30946,4599,12,13
2021-07-05T23:59:59+02:00,909,860,10572,9916,14257,12945,16503,16294,19971,20018,21670,20718,14118,15258,9755,11945,2996,5212,13,10,5044,5121,5894,6166,10529,11227,16911,17398,19094,18541,13221,14220,9350,11447,2903,5049,161741,120855,22013,15769,35591,30939,4562,12,13
2021-07-04T23:59:59+02:00,909,860,10562,9906,14256,12940,16502,16294,19970,20017,21669,20717,14118,15258,9755,11944,2995,5211,13,10,5011,5081,5808,6088,10402,11113,16904,17395,19093,18536,13216,14218,9348,11442,2900,5047,161732,120376,22012,15768,35591,30930,4538,12,13
2021-07-03T23:59:59+02:00,828,791,8646,8379,12786,11783,16029,15836,19685,19717,21500,20553,14044,15182,9701,11898,2989,5207,7,8,4902,4955,5535,5832,10164,10897,16758,17256,18902,18385,13190,14184,9338,11432,2898,5045,153415,118818,22012,15768,35591,30563,4526,12,13
2021-07-02T23:59:59+02:00,828,789,8645,8373,12780,11779,16026,15835,19683,19717,21500,20553,14043,15181,9701,11897,2988,5206,6,7,4050,4103,4894,5182,9181,9900,16387,16779,18419,17847,12840,13863,9278,11356,2896,5036,153397,114293,22010,15768,35590,27433,4517,12,13
2021-07-01T23:59:59+02:00,808,770,8437,8206,12698,11701,15992,15803,19671,19703,21489,20536,14039,15177,9696,11889,2985,5200,1,1,2237,2428,4460,4807,8684,9467,15755,16237,17866,17406,12782,13797,9248,11301,2881,5006,152701,106707,22010,15765,35590,27391,4489,12,12
2021-06-30T23:59:59+02:00,753,720,8190,8023,12520,11550,15878,15707,19606,19636,21450,20489,14020,15151,9683,11876,2984,5195,0,1,2181,2392,4369,4690,8577,9368,15557,16098,17130,16904,12129,13151,9189,11232,2874,5000,151348,106642,22008,15764,35589,23948,4476,12,12
2021-06-29T23:59:59+02:00,753,720,8182,8016,12516,11542,15874,15707,19604,19636,21450,20489,14020,15151,9683,11876,2984,5195,0,1,2158,2380,4345,4649,8554,9321,15521,16039,17054,16818,11774,12813,9161,11198,2871,4992,151332,106624,22005,15761,35588,22789,4463,12,12
2021-06-28T23:59:59+02:00,753,720,8178,8012,12507,11535,15869,15706,19604,19636,21450,20489,14019,15150,9683,11876,2984,5195,0,1,2150,2354,4298,4534,8479,9159,15400,15759,16887,16547,11466,12509,9138,11171,2870,4988,151311,106612,22004,15761,35588,20872,4453,12,12
2021-06-27T23:59:59+02:00,753,720,8175,8006,12502,11531,15866,15705,19601,19636,21450,20489,14019,15150,9683,11875,2984,5195,0,1,2140,2350,4288,4531,8297,9004,15379,15743,16885,16542,11460,12508,9137,11169,2870,4988,151300,106213,22002,15759,35587,20867,4441,12,12
2021-06-26T23:59:59+02:00,745,716,7964,7796,12026,11123,14747,14711,19350,19436,21346,20370,13976,15099,9670,11846,2981,5192,0,1,2100,2308,4232,4476,8198,8894,15117,15484,16823,16495,11442,12489,9125,11164,2870,4986,148817,105146,20240,15738,35586,20867,4441,12,12
2021-06-25T23:59:59+02:00,726,698,7937,7772,12012,11112,14747,14704,19343,19431,21342,20369,13976,15099,9669,11844,2981,5192,0,0,1970,2131,3942,4170,6673,7458,12452,13284,16746,16406,11414,12460,9114,11141,2864,4972,148677,96253,20240,15657,35586,20835,4441,12,11
2021-06-24T23:59:59+02:00,714,681,7454,7357,10928,10204,14213,14268,19272,19369,21294,20326,13954,15070,9656,11831,2980,5189,0,0,1905,2063,3581,3829,5903,6784,12204,13072,16500,16198,11310,12333,9024,11014,2853,4938,144500,95015,20235,13269,35585,20786,4430,12,11
2021-06-23T23:59:59+02:00,714,681,7452,7352,10922,10200,14212,14267,19272,19368,21294,20325,13954,15070,9656,11831,2980,5189,0,0,1761,1900,3096,3429,4553,5610,11901,12806,16378,16079,11264,12293,9011,10987,2852,4931,144484,90384,20232,13265,35584,20762,4429,12,11
2021-06-22T23:59:59+02:00,714,681,7403,7323,10850,10151,14186,14241,19255,19353,21283,20318,13948,15060,9653,11828,2980,5189,0,0,1711,1869,3015,3375,4513,5576,11872,12767,16310,16028,11056,12102,8759,10686,2842,4900,144469,90364,20232,13259,35582,19624,4123,12,11
2021-06-21T23:59:59+02:00,712,681,7272,7255,10720,10051,13905,13988,18500,18734,21193,20241,13913,15028,9634,11803,2980,5186,0,0,1667,1843,2972,3338,4483,5545,11825,12733,16293,16011,11047,12090,8752,10678,2841,4899,142072,90235,20229,13256,35582,19612,3903,12,11
2021-06-20T23:59:59+02:00,712,681,7272,7249,10714,10048,13904,13988,18500,18734,21193,20241,13913,15028,9634,11803,2980,5186,0,0,1639,1814,2924,3321,4418,5506,11763,12700,16231,15951,11028,12074,8749,10669,2837,4896,142057,89754,20228,13250,35582,19602,3903,12,11
2021-06-19T23:59:59+02:00,712,680,7238,7212,10608,9958,13723,13830,18083,18397,21007,20067,13895,15001,9622,11783,2977,5180,0,0,1608,1780,2884,3274,4338,5435,11426,12410,16193,15913,11019,12063,8747,10664,2835,4894,142014,88746,18464,13222,35582,19601,3903,12,11
2021-06-18T23:59:59+02:00,15,13,6430,6478,10600,9957,13722,13828,18081,18394,21007,20067,13895,15000,9622,11782,2976,5178,0,0,1479,1669,2645,3117,3707,4802,10281,11265,15980,15756,10977,12023,8724,10643,2821,4865,139096,84082,18463,13220,35582,19547,3894,12,11
2021-06-17T23:59:59+02:00,13,12,6359,6410,10482,9851,13397,13525,17694,18071,20895,19969,13877,14962,9610,11768,2968,5172,0,0,1398,1551,2489,2967,3350,4463,8666,9902,15466,15324,10801,11843,8668,10565,2804,4837,137203,78595,18462,13213,35581,19496,3779,12,11
2021-06-16T23:59:59+02:00,13,12,6352,6404,10470,9847,13394,13523,17691,18070,20894,19968,13877,14962,9609,11767,2968,5172,0,0,1345,1506,2386,2890,3165,4284,7575,8961,14966,14937,10719,11732,8632,10518,2793,4821,137168,74765,18459,13209,35581,19470,3775,12,11
2021-06-15T23:59:59+02:00,13,12,6320,6386,10428,9817,13364,13507,17671,18050,20880,19954,13868,14954,9606,11761,2965,5169,0,0,1264,1448,2259,2786,3047,4198,6650,8223,14764,14770,10694,11703,8619,10496,2784,4814,137152,74752,18458,10782,35580,19450,3524,12,11
2021-06-14T23:59:59+02:00,13,12,6302,6367,10393,9791,13343,13487,17654,18032,20861,19943,13857,14945,9603,11759,2965,5164,0,0,1238,1432,2223,2759,3025,4177,6634,8203,14743,14760,10681,11694,8616,10495,2783,4809,137134,74742,18457,10782,35580,19429,3308,12,11
2021-06-13T23:59:59+02:00,13,12,6301,6366,10390,9789,13343,13483,17654,18032,20861,19943,13856,14945,9603,11759,2965,5164,0,0,1234,1427,2219,2750,3015,4167,6617,8186,14642,14695,10668,11671,8610,10483,2780,4809,137124,74450,18457,10782,35580,19424,3306,12,11
2021-06-12T23:59:59+02:00,10,10,5521,5607,10345,9750,13309,13458,17626,18011,20834,19912,13774,14873,9603,11756,2964,5164,0,0,1226,1409,2206,2733,2995,4141,6543,8102,14470,14557,10438,11386,8129,9945,2778,4808,135172,73944,18457,10782,35580,17823,3306,12,11
2021-06-11T23:59:59+02:00,9,10,5517,5600,10335,9743,13294,13446,17619,18006,20829,19910,13774,14872,9603,11754,2964,5164,0,0,1151,1326,2087,2574,2824,3887,5034,6763,12747,13175,10298,11240,8042,9839,2771,4792,135097,66641,18457,10781,35580,17814,3303,12,11
2021-06-10T23:59:59+02:00,3,4,4528,4660,10167,9616,13179,13361,17363,17771,20589,19727,13764,14861,9597,11744,2961,5161,0,0,1096,1265,1972,2467,2660,3710,4427,6123,11576,12184,9997,10915,7957,9754,2759,4767,131786,61803,18453,10780,35580,17809,3226,11,11
2021-06-09T23:59:59+02:00,3,4,3944,4076,9962,9468,13088,13289,17049,17504,20361,19543,13749,14848,9592,11738,2960,5156,0,0,1023,1221,1872,2397,2565,3597,4099,5819,11151,11858,9867,10757,7911,9688,2748,4758,129438,61721,18438,8931,35580,17801,2867,11,11
2021-06-08T23:59:59+02:00,3,4,3932,4070,9949,9456,13076,13282,17042,17495,20353,19541,13747,14845,9591,11735,2959,5154,0,0,977,1213,1849,2380,2536,3583,4073,5799,11139,11855,9863,10751,7910,9686,2747,4756,129421,61599,18435,8923,35579,17796,2788,11,11
2021-06-07T23:59:59+02:00,3,4,3918,4061,9916,9444,13066,13263,17019,17482,20336,19530,13743,14841,9588,11731,2957,5152,0,0,966,1205,1814,2367,2526,3564,4049,5785,11121,11841,9860,10745,7907,9683,2745,4754,129405,61588,18433,8920,35577,17785,2628,11,11
2021-06-06T23:59:59+02:00,3,4,3914,4057,9910,9439,13064,13263,17016,17481,20335,19528,13741,14840,9588,11731,2957,5152,0,0,963,1202,1802,2365,2520,3555,4035,5777,10993,11697,9849,10738,7906,9683,2745,4754,129389,61262,18432,8919,35575,17776,2616,11,11
2021-06-05T23:59:59+02:00,2,1,3622,3758,7412,7431,12823,13078,16987,17451,20291,19487,13625,14696,9513,11640,2953,5140,0,0,888,1131,1640,2265,2354,3474,3808,5635,10090,10855,9461,10282,7793,9527,2737,4734,123407,57983,18432,8919,35575,17276,2485,11,11
2021-06-04T23:59:59+02:00,2,1,3556,3702,7260,7316,12352,12681,16848,17338,20056,19250,13505,14551,9455,11561,2939,5123,0,0,863,1066,1610,2160,2315,3307,3732,5377,9449,10175,8616,9261,7517,9122,2733,4723,121002,56506,18432,8917,35574,14114,2478,10,11
2021-06-03T23:59:59+02:00,2,1,3148,3317,7232,7300,12224,12563,16816,17296,19968,19183,13493,14534,9453,11558,2938,5122,0,0,836,997,1564,2036,2234,3107,3543,4995,8872,9560,7855,8389,7043,8506,2730,4715,119772,54877,18428,8915,35570,10811,2368,10,11
2021-06-02T23:59:59+02:00,0,1,2766,3002,6072,6361,11918,12326,16755,17245,19844,19076,13430,14478,9431,11537,2936,5114,0,0,821,962,1498,2012,2120,3069,3371,4892,7505,8475,7775,8310,7027,8478,2726,4710,116028,51761,18427,8915,35570,10807,2257,10,11
2021-06-01T23:59:59+02:00,0,1,2482,2702,5589,5927,11591,12042,16731,17222,19793,19039,13306,14355,9424,11533,2935,5111,0,0,804,955,1482,2001,2099,3056,3345,4873,7205,8151,7736,8276,7017,8463,2725,4710,116004,51075,16079,8895,35570,10797,2120,10,11
2021-05-31T23:59:59+02:00,0,1,2467,2698,5569,5919,11563,12020,16695,17210,19752,19017,13303,14351,9420,11531,2935,5109,0,0,788,947,1463,1991,2068,3036,3309,4859,7164,8129,7732,8271,7013,8461,2725,4708,115991,51060,16075,8889,35569,10789,1915,10,11
2021-05-30T23:59:59+02:00,0,1,2464,2696,5566,5915,11562,12019,16692,17209,19750,19016,13303,14351,9420,11531,2935,5109,0,0,787,943,1457,1987,2065,3034,3307,4857,7163,8129,7732,8271,7013,8460,2725,4708,115975,51051,16075,8889,35566,10774,1913,10,11
2021-05-29T23:59:59+02:00,0,1,2450,2682,5401,5761,11495,11962,16684,17203,19743,19015,13302,14349,9418,11531,2935,5109,0,0,751,893,1344,1892,1786,2782,2899,4435,6878,7857,7548,8047,6836,8232,2722,4702,115477,50402,16075,8889,35566,8389,1913,10,11
2021-05-28T23:59:59+02:00,0,1,2318,2557,4981,5368,10801,11341,16618,17141,19717,18987,13291,14335,9399,11502,2933,5100,0,0,730,870,1284,1838,1697,2712,2765,4330,5290,6161,7382,7850,6794,8176,2719,4692,112831,46104,16075,8888,35566,8379,1908,10,11
2021-05-27T23:59:59+02:00,0,1,2298,2537,4930,5301,10134,10771,16578,17109,19702,18976,13281,14325,9397,11500,2933,5100,0,0,677,778,1178,1764,1486,2572,2392,4024,4407,5249,7145,7539,6702,8059,2702,4673,111440,42310,16072,8882,35564,8357,1787,10,11
2021-05-26T23:59:59+02:00,0,1,2260,2476,4757,5123,9698,10409,16526,17056,19634,18922,13267,14306,9386,11498,2929,5087,0,0,661,734,1128,1730,1397,2492,2183,3852,4278,5111,6981,7324,6622,7960,2690,4659,110029,40904,16067,8881,35564,8342,1665,10,10
2021-05-25T23:59:59+02:00,0,1,2257,2467,4727,5106,9672,10383,16501,17038,19620,18915,13262,14304,9383,11495,2929,5087,0,0,654,721,1083,1712,1343,2446,2113,3792,3736,4533,6679,6981,6588,7923,2689,4657,110022,40895,16065,6926,35563,8332,1487,10,10
2021-05-24T23:59:59+02:00,0,1,2249,2460,4715,5100,9663,10377,16474,17017,19593,18890,13251,14292,9380,11485,2928,5083,0,0,645,716,1071,1705,1333,2439,2088,3772,3710,4508,6667,6970,6585,7913,2688,4653,110011,40888,16062,6926,35563,8327,1312,10,10
2021-05-23T23:59:59+02:00,0,1,2233,2430,4626,5026,9529,10255,16470,17016,19592,18888,13249,14289,9377,11481,2926,5082,0,0,644,713,1069,1704,1332,2439,2088,3772,3710,4505,6666,6970,6585,7913,2688,4653,109525,40880,16061,6925,35562,8324,1312,10,10
2021-05-22T23:59:59+02:00,0,1,2213,2411,4617,5009,9449,10174,16447,17002,19540,18845,13221,14259,9374,11475,2926,5081,0,0,643,711,1068,1701,1330,2436,2085,3767,3694,4491,5832,6070,6513,7832,2680,4648,109099,38930,16061,6925,35562,8324,1312,10,10
2021-05-21T23:59:59+02:00,0,1,2179,2378,4507,4922,9249,9997,16419,16969,19525,18838,13211,14250,9372,11473,2921,5070,0,0,632,684,1031,1633,1280,2313,1998,3587,3348,4055,4068,3962,6469,7766,2675,4633,108353,34920,16061,6925,35558,6980,1299,10,10
2021-05-20T23:59:59+02:00,0,1,2150,2337,4423,4861,9027,9764,16369,16917,19472,18787,13182,14216,9354,11456,2920,5065,0,0,578,581,906,1320,1107,1907,1776,3050,2789,3371,3228,3006,6422,7715,2671,4628,107496,33082,16057,6924,35549,3850,1189,10,10
2021-05-19T23:59:59+02:00,0,1,1990,2169,3923,4440,7647,8570,16096,16671,19349,18663,13134,14169,9344,11430,2918,5062,0,0,563,546,870,1263,1076,1857,1750,2996,2739,3327,3220,2994,6418,7712,2671,4627,102881,33055,16053,6922,35547,3557,1085,10,10
2021-05-18T23:59:59+02:00,0,1,1944,2118,3616,4150,6982,7970,15946,16555,19265,18580,13099,14134,9287,11356,2912,5048,0,0,556,543,863,1260,1067,1847,1720,2980,2730,3308,3215,2989,6414,7708,2671,4627,102857,33048,13579,6916,35542,3549,975,10,10
2021-05-17T23:59:59+02:00,0,1,1936,2110,3597,4136,6936,7946,15918,16537,19244,18561,13089,14112,9285,11355,2912,5048,0,0,548,536,843,1244,1024,1823,1692,2962,2707,3287,3203,2970,6414,7707,2671,4627,102849,33042,13576,6915,35540,3543,748,10,10
2021-05-16T23:59:59+02:00,0,1,1931,2107,3590,4130,6749,7782,15895,16518,19239,18556,13083,14111,9284,11354,2912,5048,0,0,548,536,842,1241,1023,1822,1692,2961,2705,3287,3203,2970,6414,7707,2671,4627,102425,33039,13572,6915,35536,3538,747,10,10
2021-05-15T23:59:59+02:00,0,1,1903,2071,3550,4092,6662,7678,15625,16250,19183,18514,13063,14092,9275,11349,2912,5046,0,0,548,536,842,1240,1023,1822,1690,2960,2705,3287,3202,2970,6413,7707,2671,4627,101401,33035,13572,6915,35536,3536,747,10,10
2021-05-14T23:59:59+02:00,0,1,1795,1927,3302,3844,5073,6197,12966,14047,19118,18428,13038,14062,9268,11336,2909,5040,0,0,548,535,838,1240,1023,1822,1689,2959,2699,3285,3197,2964,6410,7704,2671,4626,92500,33016,13572,6913,35534,3536,735,10,10
2021-05-13T23:59:59+02:00,0,1,1769,1879,3263,3795,4961,6095,12759,13862,18958,18300,12962,13967,9235,11285,2909,5039,0,0,542,532,830,1231,1013,1809,1670,2940,2592,3192,2534,2156,4953,5904,2662,4608,91283,29998,13481,4893,35532,3534,733,10,10
2021-05-12T23:59:59+02:00,0,1,1769,1879,3261,3794,4961,6095,12759,13862,18957,18300,12961,13966,9235,11285,2909,5039,0,0,542,532,830,1231,1012,1809,1670,2939,2589,3190,2533,2155,4953,5902,2662,4608,91278,29992,13481,4888,35531,3534,733,10,10
2021-05-11T23:59:59+02:00,0,1,1725,1836,3170,3715,4869,6028,11823,13127,18762,18141,12946,13945,9228,11271,2903,5035,0,0,541,530,827,1226,1011,1807,1668,2938,2579,3185,2532,2153,4951,5901,2661,4608,91264,29979,11004,4876,35522,3528,725,10,10
2021-05-10T23:59:59+02:00,0,1,1708,1833,3163,3710,4862,6024,11822,13126,18761,18141,12946,13945,9228,11271,2903,5035,0,0,540,528,827,1226,1010,1807,1667,2938,2579,3185,2531,2152,4951,5901,2661,4608,91250,29978,10997,4875,35497,3523,725,10,10
2021-05-09T23:59:59+02:00,0,1,1672,1787,3109,3694,4792,5989,11755,13105,18698,18081,12925,13926,9225,11261,2901,5033,0,0,537,525,816,1225,1002,1801,1654,2935,2575,3184,2530,2150,4950,5900,2661,4607,90776,29971,10993,4874,35490,3512,685,10,10
2021-05-08T23:59:59+02:00,0,1,1639,1752,3072,3646,4715,5917,11417,12803,18665,18047,12918,13918,9224,11259,2899,5033,0,0,526,524,809,1224,991,1801,1646,2934,2559,3172,2529,2150,4950,5899,2660,4606,89748,29965,10993,4874,35490,3446,685,9,10
2021-05-07T23:59:59+02:00,0,1,1498,1629,2821,3475,4042,5253,10206,11609,18463,17896,12879,13883,9204,11242,2891,5026,0,0,437,374,686,997,845,1484,1500,2518,2390,2814,2520,2140,4946,5895,2657,4603,84973,29958,10992,4874,35478,1398,566,9,10
2021-05-06T23:59:59+02:00,0,1,1435,1460,2687,3343,3714,4941,8490,10126,17945,17472,12711,13715,9157,11170,2888,5018,0,0,323,317,580,897,709,1394,1253,2304,2176,2618,2468,2107,4944,5888,2657,4602,79424,29934,10991,4873,35461,32,388,9,10
2021-05-05T23:59:59+02:00,0,1,1379,1384,2599,3271,3537,4766,7335,9108,17437,17074,12624,13602,9125,11125,2879,5003,0,0,323,317,577,896,708,1392,1206,2251,2164,2610,2464,2105,4943,5884,2657,4598,75541,29921,10985,4872,35452,30,262,9,10
2021-05-04T23:59:59+02:00,0,1,1366,1382,2592,3263,3534,4765,7333,9107,17436,17073,12624,13602,9125,11125,2879,5003,0,0,323,316,576,895,706,1392,1206,2251,2164,2610,2463,2104,4943,5884,2657,4597,75529,29916,10973,4872,35438,28,261,9,10
2021-05-03T23:59:59+02:00,0,1,1364,1376,2583,3256,3531,4759,7255,9047,17422,17065,12620,13600,9125,11125,2878,5002,0,0,320,310,572,890,703,1387,1128,2191,2150,2602,2459,2102,4943,5884,2656,4596,75519,29914,10973,4872,35437,26,71,9,10
2021-05-02T23:59:59+02:00,0,1,1356,1372,2580,3250,3518,4750,7235,9027,17316,16997,12607,13575,9119,11114,2875,5002,0,0,318,309,571,889,702,1386,1128,2190,2147,2602,2459,2102,4942,5882,2656,4596,75209,29905,10972,4871,35436,25,68,9,10
2021-05-01T23:59:59+02:00,0,1,1352,1366,2571,3240,3508,4732,7177,8966,17173,16879,12582,13551,9107,11108,2875,5002,0,0,318,309,571,889,702,1386,1128,2190,2147,2602,2459,2102,4940,5881,2655,4594,74706,29899,10971,4871,35436,25,68,9,10
2021-04-30T23:59:59+02:00,0,1,1282,1288,2450,3073,3340,4459,5618,7561,15415,15443,12439,13391,9011,10991,2860,4969,0,0,318,309,570,888,701,1386,1125,2188,2144,2599,2458,2092,4926,5872,2647,4576,67163,29882,10971,4870,35436,25,12,9,10
2021-04-29T23:59:59+02:00,0,1,1228,1248,2348,2963,3204,4288,5007,6910,14234,14417,12127,13062,8920,10909,2846,4941,0,0,315,307,570,887,701,1385,1124,2188,2142,2597,2456,2088,4925,5868,2646,4574,62229,29860,10970,4867,35434,25,11,9,10
2021-04-28T23:59:59+02:00,0,1,1166,1231,2286,2923,3138,4207,4696,6620,13818,14101,12008,12917,8879,10850,2838,4935,0,0,314,307,567,884,697,1385,1122,2185,2140,2590,2453,2085,4922,5863,2643,4571,62106,29854,9062,4838,35433,24,4,9,8
2021-04-27T23:59:59+02:00,0,1,1147,1228,2280,2921,3133,4205,4694,6620,13817,14100,12007,12916,8879,10850,2838,4935,0,0,314,307,567,884,696,1383,1122,2185,2139,2590,2453,2083,4922,5863,2643,4571,62073,29852,9054,4834,35431,24,4,9,8
2021-04-26T23:59:59+02:00,0,1,1147,1225,2278,2920,3129,4205,4680,6606,13776,14067,12003,12913,8879,10849,2838,4934,0,0,314,307,567,883,695,1383,1122,2185,2137,2589,2453,2083,4921,5862,2643,4571,62059,29848,9050,4832,35329,24,3,9,8
2021-04-25T23:59:59+02:00,0,1,1146,1225,2271,2920,3126,4198,4667,6598,13638,13913,11993,12907,8878,10848,2838,4934,0,0,314,307,566,883,694,1382,1120,2183,2137,2589,2453,2083,4921,5862,2643,4571,61731,29844,9047,4829,35311,24,3,9,8
2021-04-24T23:59:59+02:00,0,1,1083,1180,2135,2833,2985,4141,4456,6480,12767,13108,11716,12577,8812,10745,2831,4921,0,0,314,307,566,883,693,1381,1120,2183,2137,2589,2452,2083,4917,5861,2643,4571,58404,29837,9046,4829,35309,23,3,9,8
2021-04-23T23:59:59+02:00,0,1,985,1160,1920,2805,2825,4107,4342,6367,11422,12048,11661,12514,8789,10698,2829,4918,0,0,313,307,566,883,692,1381,1119,2183,2135,2589,2451,2083,4916,5855,2643,4569,56917,29831,9045,4826,33418,18,2,9,8
2021-04-22T23:59:59+02:00,0,1,975,1151,1894,2791,2760,4081,4167,6248,10803,11536,11572,12426,8758,10651,2826,4913,0,0,312,306,566,883,692,1380,1116,2183,2134,2589,2451,2081,4914,5853,2643,4569,55222,29823,9044,4821,33276,18,2,9,8
2021-04-21T23:59:59+02:00,0,1,960,1136,1818,2766,2641,4046,4021,6173,9304,10373,11495,12358,8746,10627,2822,4910,0,0,311,306,565,883,691,1380,1114,2183,2134,2588,2447,2076,4911,5852,2642,4567,52043,29803,9043,4819,33100,18,2,9,8
2021-04-20T23:59:59+02:00,0,1,960,1135,1816,2764,2637,4041,4017,6172,9006,10050,11468,12333,8742,10617,2821,4909,0,0,311,306,565,883,691,1380,1114,2182,2133,2587,2447,2075,4909,5850,2641,4567,51340,29797,9039,4816,33099,18,2,9,8
2021-04-19T23:59:59+02:00,0,1,958,1132,1816,2761,2636,4040,4014,6169,9005,10049,11468,12333,8742,10616,2820,4909,0,0,311,306,563,882,691,1380,1113,2182,2131,2587,2447,2075,4909,5850,2641,4567,51330,29792,9034,4816,33094,17,2,9,8
2021-04-18T23:59:59+02:00,0,1,958,1131,1813,2761,2634,4038,4013,6169,9005,10049,11468,12333,8742,10614,2820,4908,0,0,311,306,563,881,689,1380,1113,2181,2131,2587,2447,2075,4909,5849,2641,4567,51321,29788,9033,4815,33092,17,2,9,8
2021-04-17T23:59:59+02:00,0,1,958,1130,1810,2755,2558,3947,3955,6087,8988,10031,11345,12181,8739,10612,2820,4907,0,0,306,300,559,874,681,1370,1095,2168,2084,2561,2401,2022,4859,5780,2635,4560,50688,29414,9033,4815,33092,16,2,9,8
2021-04-16T23:59:59+02:00,0,1,929,1096,1700,2672,2357,3813,3705,5912,7259,8218,11145,11935,8684,10549,2817,4893,0,0,299,296,544,855,648,1334,1013,2112,1858,2400,2251,1909,4672,5511,2573,4438,46335,29399,8958,3293,32381,11,2,9,8
2021-04-15T23:59:59+02:00,0,1,860,1046,1571,2584,2076,3660,3172,5583,6247,7253,10888,11596,8583,10426,2798,4870,0,0,298,296,543,854,646,1333,1012,2109,1623,2259,2099,1777,4485,5298,2519,4334,42526,29352,8955,2116,31722,7,2,9,8
2021-04-14T23:59:59+02:00,0,1,845,1017,1525,2547,1987,3579,3001,5447,6153,7140,10725,11388,8501,10326,2786,4856,0,0,278,287,509,827,575,1273,804,1966,1405,2135,2032,1702,4355,5134,2505,4306,41144,27960,8950,2116,31719,7,2,9,8
2021-04-13T23:59:59+02:00,0,1,840,1012,1513,2544,1962,3558,2970,5412,5629,6562,10425,11049,8470,10292,2785,4855,0,0,278,285,509,826,575,1273,804,1966,1404,2134,2029,1701,4355,5133,2505,4303,41130,27956,7024,2107,31714,7,2,9,8
2021-04-12T23:59:59+02:00,0,1,840,1010,1512,2541,1962,3558,2969,5411,5628,6562,10424,11048,8469,10292,2785,4855,0,0,278,284,509,826,573,1273,802,1965,1403,2134,2029,1701,4355,5132,2505,4303,41123,27950,7021,2105,31712,7,2,9,8
2021-04-11T23:59:59+02:00,0,1,840,1010,1509,2541,1960,3556,2968,5411,5627,6562,10422,11046,8469,10292,2785,4855,0,0,278,283,508,825,571,1273,801,1965,1401,2134,2029,1701,4355,5132,2505,4303,41116,27944,7020,2104,31708,7,1,9,8
2021-04-10T23:59:59+02:00,0,1,838,1007,1506,2537,1943,3544,2899,5346,5501,6465,10191,10827,8416,10242,2781,4854,0,0,278,282,508,824,570,1273,800,1965,1401,2134,2025,1697,4350,5123,2504,4300,40542,27914,7020,2104,31326,7,1,9,8
2021-04-09T23:59:59+02:00,0,1,800,974,1409,2482,1838,3486,2770,5292,5361,6400,7807,7998,8349,10148,2771,4836,0,0,278,282,506,823,568,1271,797,1965,1399,2130,2005,1675,4328,5104,2501,4295,35058,27807,7018,2104,30636,7,1,9,8
2021-04-08T23:59:59+02:00,0,1,799,971,1405,2479,1836,3483,2758,5283,5350,6386,7013,7080,8306,10097,2768,4833,0,0,275,281,506,822,568,1270,796,1965,1397,2129,2003,1675,4327,5101,2501,4295,33192,27792,7018,2103,30628,7,1,9,8
2021-04-07T23:59:59+02:00,0,1,749,951,1331,2409,1750,3414,2567,5176,4606,5902,6345,6438,8247,10036,2761,4827,0,0,275,281,506,822,568,1267,796,1965,1397,2129,2003,1675,4326,5101,2501,4294,33186,27790,7016,2102,27298,6,1,9,7
2021-04-06T23:59:59+02:00,0,1,717,944,1312,2373,1726,3373,2537,5130,4532,5824,5982,6082,8226,10012,2756,4821,0,0,275,280,506,821,568,1267,795,1965,1397,2129,2002,1674,4326,5101,2501,4294,33179,27787,7016,2101,26143,6,1,9,6
2021-04-05T23:59:59+02:00,0,1,714,916,1271,2250,1654,3208,2416,4860,4372,5552,5673,5773,8209,9986,2754,4817,0,0,275,280,506,820,568,1267,795,1965,1397,2129,2002,1674,4326,5101,2501,4294,33174,27786,7015,2101,24227,6,1,9,6
2021-04-04T23:59:59+02:00,0,1,695,891,1178,2036,1521,2944,2201,4425,4021,5053,5427,5548,8176,9932,2753,4809,0,0,275,280,505,819,566,1266,794,1964,1323,2092,1639,1400,4166,4920,2456,4228,33170,26580,7015,2101,21416,5,1,9,6
2021-04-03T23:59:59+02:00,0,1,695,891,1177,2035,1520,2944,2200,4425,4021,5053,5427,5547,8176,9932,2753,4809,0,0,275,280,505,819,566,1266,794,1964,1323,2092,1639,1400,4166,4920,2456,4228,33166,26580,7015,2101,21415,5,1,9,6
2021-04-02T23:59:59+02:00,0,1,695,890,1177,2035,1519,2944,2200,4425,4020,5052,5426,5546,8175,9930,2752,4807,0,0,275,280,505,819,565,1266,794,1964,1322,2092,1639,1400,4166,4920,2456,4228,33164,26579,7015,2101,21406,5,0,9,6
2021-04-01T23:59:59+02:00,0,1,690,888,1173,2029,1511,2935,2186,4407,3929,4966,4932,4943,7468,9033,2750,4802,0,0,275,278,504,816,565,1265,791,1963,1284,2064,1489,1303,4066,4819,2445,4215,30250,26037,6988,2095,21396,5,0,9,5
2021-03-31T23:59:59+02:00,0,1,690,887,1171,2028,1507,2930,2182,4406,3911,4955,4756,4723,6698,8099,2737,4781,0,0,274,277,503,815,561,1261,786,1957,1180,1987,1091,1037,3654,4354,2336,4040,30129,24071,4958,2033,21366,4,0,9,5
2021-03-30T23:59:59+02:00,0,1,690,887,1169,2025,1494,2921,2173,4397,3866,4928,4556,4542,6448,7802,2728,4765,0,0,274,276,503,813,560,1261,786,1956,1180,1987,1091,1037,3654,4354,2335,4039,30124,24065,4953,2033,20306,3,0,9,5
2021-03-29T23:59:59+02:00,0,1,690,885,1168,2025,1492,2921,2173,4397,3861,4926,4552,4540,6445,7793,2726,4746,0,0,274,275,503,813,560,1261,785,1955,1180,1987,1091,1036,3654,4354,2335,4038,30113,24060,4948,2033,20271,3,0,9,5
2021-03-28T23:59:59+02:00,0,1,689,885,1168,2021,1489,2919,2172,4394,3860,4926,4551,4540,6442,7789,2726,4744,0,0,273,275,502,813,560,1261,784,1955,1180,1987,1091,1035,3654,4354,2335,4038,30110,24057,4943,2032,20254,3,0,9,5
2021-03-27T23:59:59+01:00,0,1,685,880,1164,2013,1481,2909,2153,4379,3818,4900,4501,4482,6396,7731,2719,4731,0,0,269,270,488,803,549,1249,736,1919,1019,1894,829,846,3514,4199,2174,3722,29759,23085,4943,1387,20232,3,0,9,5
2021-03-26T23:59:59+01:00,0,1,685,880,1163,2011,1476,2908,2150,4378,3813,4897,4490,4460,6389,7716,2710,4717,0,0,268,270,488,801,547,1249,734,1919,1012,1886,691,751,2531,3037,2002,3508,29714,20299,4941,1387,20182,3,0,7,5
2021-03-25T23:59:59+01:00,0,1,684,879,1162,2010,1475,2905,2145,4372,3809,4893,4481,4449,6376,7687,2685,4663,0,0,268,270,488,801,546,1246,732,1918,1010,1884,669,744,1349,1591,1719,3143,29706,16984,4936,1387,20027,3,0,7,4
2021-03-24T23:59:59+01:00,0,1,660,869,1124,1979,1404,2844,1938,4227,3586,4766,4420,4389,6241,7521,2671,4631,0,0,268,270,488,800,543,1246,730,1918,1009,1884,669,744,1349,1591,1718,3141,28331,16975,4934,1386,19999,3,0,7,4
2021-03-23T23:59:59+01:00,0,1,660,867,1122,1978,1404,2844,1938,4227,3584,4763,4420,4388,6240,7521,2671,4630,0,0,268,270,488,800,542,1245,730,1918,1009,1884,669,743,1349,1591,1718,3141,28325,16973,4931,1386,19995,3,0,7,3
2021-03-22T23:59:59+01:00,0,1,660,865,1120,1974,1401,2844,1937,4227,3583,4763,4420,4387,6240,7520,2671,4630,0,0,268,270,488,800,542,1244,729,1918,1009,1883,669,742,1349,1591,1718,3141,28321,16970,4931,1386,19984,2,0,7,3
2021-03-21T23:59:59+01:00,0,1,660,865,1118,1972,1401,2842,1936,4226,3582,4762,4420,4387,6239,7520,2671,4630,0,0,268,270,488,800,542,1244,729,1917,1009,1883,669,741,1349,1591,1718,3141,28317,16968,4930,1386,19978,2,0,7,3
2021-03-20T23:59:59+01:00,0,1,658,864,1116,1970,1396,2839,1919,4219,3551,4743,4201,4111,5722,6911,2661,4594,0,0,263,268,483,795,525,1233,708,1901,973,1855,603,663,1118,1334,1363,2595,28234,15290,4828,1385,18407,2,0,7,3
2021-03-19T23:59:59+01:00,0,1,650,858,1102,1949,1362,2803,1839,4164,3329,4581,4052,4001,5546,6668,2608,4504,0,0,263,268,483,795,525,1233,708,1899,972,1855,603,663,1118,1333,1362,2594,28231,15285,3381,1384,18399,2,0,6,3
2021-03-18T23:59:59+01:00,0,1,649,857,1101,1948,1361,2801,1839,4160,3100,4437,3898,3871,5366,6466,2555,4402,0,0,263,267,482,795,525,1231,708,1898,971,1854,601,660,879,1075,1250,2426,28222,14498,2188,1383,18396,1,0,6,3
2021-03-17T23:59:59+01:00,0,1,649,857,1100,1948,1360,2800,1839,4160,3100,4437,3898,3869,5365,6466,2555,4402,0,0,263,266,482,795,525,1231,708,1898,970,1854,599,659,879,1074,1250,2426,28220,14495,2188,1382,18392,1,0,6,1
2021-03-16T23:59:59+01:00,0,1,649,857,1100,1944,1358,2800,1836,4160,3100,4435,3897,3868,5365,6465,2555,4401,0,0,261,262,468,790,516,1219,692,1884,954,1844,597,657,877,1073,1249,2425,28212,14384,2184,1382,18389,1,0,6,1
2021-03-15T23:59:59+01:00,0,1,648,856,1098,1943,1355,2800,1832,4159,3099,4435,3897,3867,5364,6464,2555,4401,0,0,261,262,468,790,516,1218,691,1884,953,1841,597,657,877,1073,1249,2425,28205,14378,2182,1382,18381,1,0,6,1
2021-03-14T23:59:59+01:00,0,1,647,853,1094,1939,1352,2797,1830,4157,3094,4434,3897,3867,5364,6464,2555,4401,0,0,261,262,468,790,516,1218,691,1884,953,1839,597,657,876,1073,1249,2425,28200,14375,2181,1382,18359,1,0,6,1
2021-03-13T23:59:59+01:00,0,1,645,848,1086,1933,1342,2790,1824,4149,2980,4356,3421,3463,5155,6229,2509,4337,0,0,261,262,468,790,516,1218,690,1884,951,1838,573,641,572,775,816,1844,26928,12715,2181,1382,17953,1,0,6,1
2021-03-12T23:59:59+01:00,0,1,618,762,1062,1820,1321,2601,1792,3883,2936,4188,2276,2019,4793,5681,2506,4328,0,0,261,262,468,790,516,1218,689,1884,950,1838,573,640,571,775,816,1843,26916,12711,2181,1382,13484,0,0,6,1
2021-03-11T23:59:59+01:00,0,1,609,717,1055,1716,1312,2443,1780,3671,2889,4049,1711,1487,4306,5140,2496,4318,0,0,258,261,468,790,516,1218,689,1883,950,1834,573,640,570,774,732,1697,26362,12707,2168,1145,11164,0,0,6,1
2021-03-10T23:59:59+01:00,0,1,603,707,1042,1691,1302,2422,1767,3645,2781,3966,1318,1219,3895,4668,2401,4160,0,0,258,261,467,788,515,1218,689,1882,948,1834,573,640,568,773,732,1697,24370,12700,2167,1142,11045,0,0,6,1
2021-03-09T23:59:59+01:00,0,1,602,704,1034,1674,1291,2407,1764,3634,2774,3961,1313,1218,3894,4667,2400,4159,0,0,258,261,467,788,515,1218,689,1882,948,1834,573,640,568,771,732,1697,24366,12699,2166,1142,10960,0,0,5,0
2021-03-08T23:59:59+01:00,0,1,597,675,1023,1647,1275,2374,1756,3601,2753,3946,1312,1215,3894,4667,2400,4158,0,0,258,261,467,788,514,1218,688,1880,948,1834,573,639,566,771,732,1697,24360,12694,2165,1140,10764,0,0,5,0
2021-03-07T23:59:59+01:00,0,1,597,672,1018,1643,1275,2371,1755,3598,2753,3944,1312,1215,3894,4667,2400,4158,0,0,258,261,467,788,512,1218,688,1880,948,1834,573,639,566,771,731,1697,24358,12691,2165,1140,10745,0,0,5,0
2021-03-06T23:59:59+01:00,0,1,562,624,897,1542,1031,2182,1333,3217,2333,3607,1031,997,3593,4289,2380,4140,0,0,258,261,467,788,510,1218,688,1880,948,1833,573,638,564,767,642,1515,23357,12687,2162,863,8235,0,0,5,0
2021-03-05T23:59:59+01:00,0,1,560,624,892,1538,1031,2180,1330,3214,2326,3602,887,900,2594,3089,2206,3908,0,0,257,261,462,776,507,1213,680,1863,934,1818,568,634,504,707,329,997,20501,12485,2151,25,8225,0,0,5,0
2021-03-04T23:59:59+01:00,0,1,543,581,856,1407,992,2028,1279,3011,2283,3501,873,891,1411,1649,1914,3541,0,0,257,261,460,776,507,1213,680,1863,934,1818,567,633,504,706,329,997,17192,12480,2150,25,7414,0,0,5,0
2021-03-03T23:59:59+01:00,0,1,537,549,833,1342,970,1966,1263,2968,2273,3457,873,890,1411,1649,1913,3541,0,0,257,261,460,775,507,1212,680,1862,934,1818,567,633,504,706,329,997,17188,12477,2150,25,7093,0,0,5,0
2021-03-02T23:59:59+01:00,0,1,536,547,831,1340,968,1965,1262,2967,2273,3457,873,889,1411,1649,1913,3541,0,0,257,261,459,774,506,1212,679,1862,933,1817,566,633,504,706,329,997,17186,12472,2150,23,7083,0,0,4,0
2021-03-01T23:59:59+01:00,0,1,536,545,829,1339,968,1963,1262,2967,2272,3456,873,888,1411,1648,1913,3541,0,0,257,261,459,773,505,1211,677,1860,933,1817,566,633,504,706,329,997,17182,12465,2149,23,7077,0,0,4,0
2021-02-28T23:59:59+01:00,0,1,535,543,828,1338,967,1963,1262,2966,2270,3455,873,886,1411,1648,1913,3541,0,0,257,261,459,773,505,1211,677,1859,933,1816,566,633,504,706,329,997,17179,12464,2149,22,7068,0,0,4,0
2021-02-27T23:59:59+01:00,0,1,530,541,817,1329,946,1951,1223,2939,2195,3406,755,769,1142,1358,1401,2663,0,0,256,261,458,773,504,1211,675,1858,932,1814,565,630,503,704,327,993,15461,12443,1435,21,7066,0,0,4,0
2021-02-26T23:59:59+01:00,0,1,521,520,788,1262,917,1838,1184,2781,1874,2984,714,741,1142,1358,1400,2662,0,0,256,261,458,773,504,1211,675,1858,932,1814,565,630,503,704,327,992,15455,12442,1435,21,5793,0,0,4,0
2021-02-25T23:59:59+01:00,0,1,487,480,726,1145,810,1645,1030,2479,1375,2432,662,696,893,1091,1289,2489,0,0,255,260,457,773,503,1209,674,1853,932,1811,565,629,502,704,327,992,14642,12435,1435,11,3650,0,0,3,0
2021-02-24T23:59:59+01:00,0,1,486,479,726,1143,809,1645,1030,2478,1375,2431,662,696,893,1091,1289,2489,0,0,255,259,457,773,502,1206,671,1852,932,1811,564,629,502,704,327,992,14641,12435,1434,1,3645,0,0,3,0
2021-02-23T23:59:59+01:00,0,1,484,475,710,1134,800,1634,1013,2463,1359,2420,660,694,891,1090,1288,2488,0,0,255,258,457,772,502,1206,671,1851,932,1810,564,629,502,704,327,992,14530,12431,1433,1,3638,0,0,3,0
2021-02-22T23:59:59+01:00,0,1,484,475,708,1134,798,1634,1013,2463,1358,2419,660,692,891,1089,1288,2488,0,0,255,258,457,772,502,1206,671,1850,932,1809,564,629,502,704,327,992,14527,12429,1433,1,3632,0,0,3,0
2021-02-21T23:59:59+01:00,0,1,484,475,707,1134,797,1634,1012,2463,1358,2418,659,692,890,1089,1288,2488,0,0,255,258,456,772,502,1205,671,1850,932,1808,564,629,502,704,327,992,14525,12427,1433,0,3628,0,0,3,0
2021-02-20T23:59:59+01:00,0,1,469,473,695,1128,777,1629,999,2461,1331,2397,632,673,581,786,846,1897,0,0,254,258,451,770,497,1199,666,1839,926,1805,561,626,497,703,323,987,12837,12362,1432,0,3503,0,0,3,0
2021-02-19T23:59:59+01:00,0,1,376,388,591,1002,659,1475,859,2290,1092,2159,585,649,580,786,846,1897,0,0,251,258,447,768,495,1189,663,1823,919,1785,557,620,491,696,320,977,12835,12259,1432,0,1965,0,0,3,0
2021-02-18T23:59:59+01:00,0,1,265,264,476,801,520,1230,698,1894,957,1848,582,643,579,786,846,1896,0,0,250,255,445,765,493,1185,662,1808,915,1773,550,615,484,689,314,966,12832,12169,1432,0,19,0,0,3,0
2021-02-17T23:59:59+01:00,0,1,265,264,474,801,520,1228,697,1894,956,1848,580,642,579,785,846,1896,0,0,248,255,444,762,491,1183,659,1800,911,1766,545,610,474,667,303,946,12830,12064,1432,0,13,0,0,1,0
2021-02-16T23:59:59+01:00,0,1,265,264,472,800,519,1228,697,1894,956,1848,580,642,579,784,846,1896,0,0,238,251,438,746,479,1151,652,1722,886,1686,526,581,440,621,283,875,12829,11575,1432,0,9,0,0,1,0
2021-02-15T23:59:59+01:00,0,1,265,264,471,800,519,1228,695,1894,956,1847,580,642,579,784,846,1896,0,0,234,247,434,738,473,1124,636,1669,859,1632,505,547,422,577,267,810,12828,11174,1432,0,6,0,0,1,0
2021-02-14T23:59:59+01:00,0,1,265,264,471,800,518,1228,695,1894,956,1847,580,642,579,784,846,1896,0,0,234,247,434,736,472,1124,636,1663,857,1623,494,542,418,574,258,801,12827,11113,1432,0,6,0,0,1,0
2021-02-13T23:59:59+01:00,0,1,264,264,471,799,518,1228,694,1892,956,1847,580,642,579,784,846,1896,0,0,232,245,433,732,465,1112,627,1643,837,1590,474,514,401,548,245,763,12825,10861,1432,0,3,0,0,1,0
2021-02-12T23:59:59+01:00,0,1,264,264,471,798,518,1228,694,1891,951,1844,580,640,529,738,832,1892,0,0,216,237,412,698,444,1024,592,1481,751,1350,390,391,326,433,186,575,12699,9506,1432,0,3,0,0,1,0
2021-02-11T23:59:59+01:00,0,1,261,264,468,798,518,1228,694,1889,951,1841,579,639,526,735,744,1743,0,0,195,224,400,665,423,977,558,1385,705,1240,356,342,285,365,156,484,12686,8760,1190,0,2,0,0,1,0
2021-02-10T23:59:59+01:00,0,1,260,264,468,797,518,1228,693,1889,950,1841,578,639,526,734,743,1741,0,0,192,220,398,656,419,963,555,1366,693,1204,339,319,262,324,133,418,12678,8461,1190,0,1,0,0,1,0
2021-02-09T23:59:59+01:00,0,1,260,264,468,797,518,1227,692,1889,950,1839,578,639,526,734,743,1741,0,0,184,207,385,620,400,898,513,1272,640,1074,264,225,183,211,89,254,12674,7419,1190,0,1,0,0,1,0
2021-02-08T23:59:59+01:00,0,1,260,264,466,797,518,1226,691,1889,950,1837,578,639,526,733,743,1741,0,0,184,201,380,606,387,871,488,1222,613,1004,233,183,147,159,71,194,12669,6943,1189,0,1,0,0,0,0
2021-02-07T23:59:59+01:00,0,1,259,264,466,797,518,1226,691,1889,950,1835,578,639,526,733,743,1740,0,0,183,201,378,602,384,866,482,1208,607,988,227,176,137,141,64,177,12666,6821,1189,0,0,0,0,0,0
2021-02-06T23:59:59+01:00,0,1,259,264,466,797,518,1226,691,1889,950,1835,578,639,524,728,653,1561,0,0,183,201,378,602,384,866,482,1208,607,988,227,176,137,141,64,177,12666,6821,913,0,0,0,0,0,0
2021-02-05T23:59:59+01:00,0,1,259,264,464,796,517,1224,688,1887,947,1832,573,635,516,713,336,1029,0,0,177,192,361,571,371,825,464,1168,588,955,208,160,117,129,59,174,12652,6519,29,0,0,0,0,0,0
2021-02-04T23:59:59+01:00,0,1,259,263,463,791,514,1223,687,1882,942,1831,572,635,515,712,336,1029,0,0,162,159,291,433,306,668,384,942,513,816,196,155,108,123,52,162,12626,5470,29,0,0,0,0,0,0
2021-02-03T23:59:59+01:00,0,1,258,263,463,789,514,1222,686,1880,942,1831,572,635,515,712,336,1029,0,0,158,151,246,352,258,581,324,841,461,728,188,150,103,121,51,161,12619,4874,29,0,0,0,0,0,0
2021-02-02T23:59:59+01:00,0,1,258,262,463,786,513,1222,686,1878,942,1829,572,635,515,712,336,1029,0,0,151,137,188,289,200,493,248,727,379,644,178,146,100,120,50,160,12611,4210,28,0,0,0,0,0,0
2021-02-01T23:59:59+01:00,0,1,258,262,461,785,511,1221,685,1874,939,1824,572,635,514,712,336,1029,0,0,145,131,150,252,167,435,203,649,322,569,173,135,91,109,44,153,12591,3728,28,0,0,0,0,0,0
2021-01-31T23:59:59+01:00,0,1,258,262,461,785,511,1221,685,1872,939,1824,572,635,514,712,336,1029,0,0,145,131,150,251,167,434,202,649,322,569,173,135,91,109,44,153,12589,3725,28,0,0,0,0,0,0
2021-01-30T23:59:59+01:00,0,1,258,262,461,785,511,1221,685,1872,935,1824,571,635,512,712,333,1029,0,0,133,120,135,234,156,405,191,608,303,522,150,124,79,80,35,113,12579,3388,28,0,0,0,0,0,0
2021-01-29T23:59:59+01:00,0,1,255,261,457,782,509,1211,682,1855,928,1804,567,629,506,706,328,1019,0,0,89,66,94,154,115,248,148,440,214,379,112,83,60,69,30,102,12473,2403,27,0,0,0,0,0,0
2021-01-28T23:59:59+01:00,0,0,255,261,456,782,507,1210,682,1852,928,1800,567,628,505,706,328,1019,0,0,10,7,13,23,24,48,24,94,50,108,37,33,33,50,24,94,12469,672,17,0,0,0,0,0,0
2021-01-27T23:59:59+01:00,0,0,253,260,456,780,507,1207,679,1850,926,1800,566,628,505,706,328,1019,0,0,10,7,13,23,23,48,24,92,49,108,37,33,33,50,24,94,12464,668,6,0,0,0,0,0,0
2021-01-26T23:59:59+01:00,0,0,253,260,455,778,507,1206,678,1846,926,1799,566,628,505,706,328,1019,0,0,10,7,13,23,23,48,24,92,49,108,37,33,33,50,24,94,12456,668,4,0,0,0,0,0,0
2021-01-25T23:59:59+01:00,0,0,253,260,453,778,507,1205,677,1842,925,1797,566,628,505,704,327,1019,0,0,6,1,5,13,11,23,15,39,23,48,18,16,11,16,7,22,12444,274,2,0,0,0,0,0,0
2021-01-24T23:59:59+01:00,0,0,253,259,453,778,505,1204,677,1841,925,1796,566,628,505,704,327,1019,0,0,6,1,5,13,11,23,15,39,23,48,18,16,11,16,7,22,12439,274,1,0,0,0,0,0,0
2021-01-23T23:59:59+01:00,0,0,253,259,453,778,505,1203,677,1841,925,1796,566,628,505,704,327,1019,0,0,6,1,5,13,11,23,15,39,23,48,18,16,11,16,7,22,12438,274,1,0,0,0,0,0,0
2021-01-22T23:59:59+01:00,0,0,251,257,452,777,504,1202,677,1840,925,1796,566,628,505,704,309,974,0,0,6,1,5,13,11,23,15,39,23,48,18,16,11,16,7,22,12366,274,1,0,0,0,0,0,0
2021-01-21T23:59:59+01:00,0,0,249,252,450,767,501,1194,674,1817,916,1778,557,619,486,679,294,936,0,0,6,1,5,13,11,22,15,39,23,48,18,16,11,16,7,22,12168,273,1,0,0,0,0,0,0
2021-01-20T23:59:59+01:00,0,0,248,250,446,762,498,1190,671,1809,912,1772,551,614,478,660,286,917,0,0,6,1,5,13,11,22,15,39,23,48,18,16,11,16,7,22,12063,273,1,0,0,0,0,0,0
2021-01-19T23:59:59+01:00,0,0,243,250,443,754,492,1174,668,1776,901,1730,538,597,465,641,273,877,0,0,6,1,5,13,11,22,15,39,23,48,18,16,11,16,7,22,11821,273,1,0,0,0,0,0,0
2021-01-18T23:59:59+01:00,0,0,239,246,438,741,485,1152,650,1739,874,1683,519,564,448,602,257,818,0,0,6,1,5,12,11,21,15,39,23,47,18,16,11,16,7,22,11454,270,1,0,0,0,0,0,0
2021-01-17T23:59:59+01:00,0,0,239,245,436,739,483,1150,647,1731,868,1672,504,555,434,582,243,794,0,0,6,1,4,12,11,21,15,39,23,47,18,15,11,16,7,22,11322,268,0,0,0,0,0,0,0
2021-01-16T23:59:59+01:00,0,0,231,237,431,719,470,1115,622,1644,822,1523,461,470,401,527,221,734,0,0,0,0,0,0,0,0,0,0,0,0,0,0,0,0,0,0,10628,0,0,0,0,0,0,0,0
2021-01-15T23:59:59+01:00,0,0,224,231,423,699,455,1062,602,1544,783,1409,412,412,349,456,200,621,0,0,0,0,0,0,0,0,0,0,0,0,0,0,0,0,0,0,9882,0,0,0,0,0,0,0,0
2021-01-14T23:59:59+01:00,0,0,203,218,403,655,432,1000,561,1426,715,1255,356,337,298,362,155,488,0,0,0,0,0,0,0,0,0,0,0,0,0,0,0,0,0,0,8864,0,0,0,0,0,0,0,0
2021-01-13T23:59:59+01:00,0,0,201,216,402,646,427,981,556,1405,701,1220,337,313,272,321,131,422,0,0,0,0,0,0,0,0,0,0,0,0,0,0,0,0,0,0,8551,0,0,0,0,0,0,0,0
2021-01-12T23:59:59+01:00,0,0,185,204,385,605,396,887,494,1250,622,1030,238,194,162,164,77,207,0,0,0,0,0,0,0,0,0,0,0,0,0,0,0,0,0,0,7100,0,0,0,0,0,0,0,0
2021-01-11T23:59:59+01:00,0,0,181,198,381,593,376,859,474,1203,602,975,218,164,129,117,55,150,0,0,0,0,0,0,0,0,0,0,0,0,0,0,0,0,0,0,6675,0,0,0,0,0,0,0,0
2021-01-10T23:59:59+01:00,0,0,180,194,369,578,372,846,465,1183,588,956,214,164,125,117,53,148,0,0,0,0,0,0,0,0,0,0,0,0,0,0,0,0,0,0,6552,0,0,0,0,0,0,0,0
2021-01-09T23:59:59+01:00,0,0,161,161,324,498,331,729,405,1002,497,806,151,109,77,74,37,109,0,0,0,0,0,0,0,0,0,0,0,0,0,0,0,0,0,0,5471,0,0,0,0,0,0,0,0
2021-01-08T23:59:59+01:00,0,0,95,74,229,347,244,437,292,670,340,511,82,68,53,59,28,97,0,0,0,0,0,0,0,0,0,0,0,0,0,0,0,0,0,0,3626,0,0,0,0,0,0,0,0
2021-01-07T23:59:59+01:00,0,0,12,10,54,96,72,126,93,194,122,181,44,36,36,51,25,97,0,0,0,0,0,0,0,0,0,0,0,0,0,0,0,0,0,0,1249,0,0,0,0,0,0,0,0
2021-01-06T23:59:59+01:00,0,0,8,4,9,23,17,49,24,90,53,109,38,33,35,51,25,97,0,0,0,0,0,0,0,0,0,0,0,0,0,0,0,0,0,0,665,0,0,0,0,0,0,0,0
2021-01-05T23:59:59+01:00,0,0,8,4,9,23,17,48,23,90,51,109,38,33,34,51,25,97,0,0,0,0,0,0,0,0,0,0,0,0,0,0,0,0,0,0,660,0,0,0,0,0,0,0,0
2021-01-04T23:59:59+01:00,0,0,6,1,5,13,11,25,15,41,23,50,19,16,12,16,7,23,0,0,0,0,0,0,0,0,0,0,0,0,0,0,0,0,0,0,283,0,0,0,0,0,0,0,0
2021-01-03T23:59:59+01:00,0,0,6,1,5,13,11,25,15,41,23,50,19,16,12,16,7,23,0,0,0,0,0,0,0,0,0,0,0,0,0,0,0,0,0,0,283,0,0,0,0,0,0,0,0
2021-01-02T23:59:59+01:00,0,0,6,1,5,13,11,25,15,41,23,50,19,16,12,16,7,23,0,0,0,0,0,0,0,0,0,0,0,0,0,0,0,0,0,0,283,0,0,0,0,0,0,0,0
2021-01-01T23:59:59+01:00,0,0,6,1,5,13,11,24,15,41,23,50,19,16,12,16,7,23,0,0,0,0,0,0,0,0,0,0,0,0,0,0,0,0,0,0,282,0,0,0,0,0,0,0,0
2020-12-31T23:59:59+01:00,0,0,6,1,5,13,11,24,15,41,23,50,19,16,12,16,7,23,0,0,0,0,0,0,0,0,0,0,0,0,0,0,0,0,0,0,282,0,0,0,0,0,0,0,0
2020-12-30T23:59:59+01:00,0,0,6,1,5,13,11,24,15,41,23,50,19,16,12,16,7,23,0,0,0,0,0,0,0,0,0,0,0,0,0,0,0,0,0,0,282,0,0,0,0,0,0,0,0
2020-12-29T23:59:59+01:00,0,0,6,1,5,13,11,23,15,41,23,50,19,16,12,16,7,23,0,0,0,0,0,0,0,0,0,0,0,0,0,0,0,0,0,0,281,0,0,0,0,0,0,0,0
2020-12-28T23:59:59+01:00,0,0,6,1,5,13,11,23,15,41,23,49,19,16,12,16,7,23,0,0,0,0,0,0,0,0,0,0,0,0,0,0,0,0,0,0,280,0,0,0,0,0,0,0,0
2020-12-27T23:59:59+01:00,0,0,6,1,4,12,11,23,15,41,23,49,19,15,12,16,7,23,0,0,0,0,0,0,0,0,0,0,0,0,0,0,0,0,0,0,277,0,0,0,0,0,0,0,0
