Datum,<24_1_m,<24_1_w,25-34_1_m,25-34_1_w,35-44_1_m,35-44_1_w,45-54_1_m,45-54_1_w,55-64_1_m,55-64_1_w,65-74_1_m,65-74_1_w,75-84_1_m,75-84_1_w,>84_1_m,>84_1_w,<24_2_m,<24_2_w,25-34_2_m,25-34_2_w,35-44_2_m,35-44_2_w,45-54_2_m,45-54_2_w,55-64_2_m,55-64_2_w,65-74_2_m,65-74_2_w,75-84_2_m,75-84_2_w,>84_2_m,>84_2_w,bp_1,bp_2,mo_1,mo_2,az_1,az_2,ja
2021-07-05T23:59:59+02:00,11550,10893,14030,12760,16285,16160,19775,19885,21515,20623,14034,15176,9697,11908,2908,5102,5103,5216,5818,6092,10385,11128,16729,17278,18921,18419,13112,14097,9259,11349,2821,4943,160550,119830,21762,15567,35490,30774,4499
2021-07-04T23:59:59+02:00,11540,10883,14028,12756,16284,16160,19775,19885,21515,20623,14034,15176,9697,11908,2908,5102,5077,5174,5733,6015,10258,11014,16723,17275,18921,18417,13108,14095,9257,11345,2819,4942,160543,119355,21762,15566,35490,30773,4479
2021-07-03T23:59:59+02:00,9533,9268,12593,11618,15820,15708,19497,19593,21351,20461,13962,15101,9645,11862,2902,5098,4962,5042,5461,5763,10026,10801,16582,17136,18730,18266,13083,14061,9247,11335,2817,4940,152295,117815,21761,15566,35490,30405,4466
2021-07-02T23:59:59+02:00,9532,9262,12589,11615,15818,15707,19495,19593,21349,20461,13961,15101,9644,11861,2901,5097,4102,4174,4823,5120,9065,9824,16214,16660,18254,17732,12736,13745,9189,11260,2815,4932,152281,113317,21761,15566,35487,27305,4457
2021-07-01T23:59:59+02:00,9305,9073,12511,11537,15785,15678,19485,19580,21340,20443,13957,15100,9642,11856,2898,5092,2267,2448,4394,4747,8577,9402,15593,16121,17710,17302,12681,13682,9163,11210,2803,4907,151594,105728,21761,15564,35487,27275,4440
2021-06-30T23:59:59+02:00,9009,8838,12342,11390,15672,15583,19418,19512,21299,20396,13938,15074,9629,11843,2897,5087,2208,2410,4303,4628,8473,9303,15396,15983,16981,16803,12031,13039,9104,11141,2796,4901,150258,105669,21758,15564,35485,23841,4426
2021-06-29T23:59:59+02:00,9006,8829,12340,11386,15669,15583,19416,19512,21299,20396,13938,15074,9629,11843,2897,5087,2186,2398,4280,4590,8449,9258,15361,15924,16906,16719,11677,12704,9077,11110,2793,4894,150250,105657,21755,15561,35484,22693,4415
2021-06-28T23:59:59+02:00,9003,8825,12333,11381,15667,15583,19415,19512,21299,20396,13937,15074,9629,11843,2897,5087,2179,2369,4234,4471,8374,9099,15241,15646,16738,16447,11372,12403,9055,11083,2792,4890,150234,105651,21755,15560,35484,20774,4408
2021-06-27T23:59:59+02:00,9001,8820,12331,11378,15665,15583,19415,19512,21299,20396,13937,15074,9629,11843,2897,5087,2170,2365,4226,4469,8193,8948,15221,15631,16736,16441,11368,12402,9054,11082,2792,4890,150226,105256,21754,15559,35484,20770,4403
2021-06-26T23:59:59+02:00,8780,8602,11862,10974,14568,14604,19165,19317,21196,20276,13894,15023,9618,11814,2894,5084,2130,2322,4172,4416,8096,8838,14959,15372,16676,16394,11351,12383,9042,11077,2792,4888,147782,104198,20003,15537,35483,20770,4403
2021-06-25T23:59:59+02:00,8734,8562,11847,10965,14568,14597,19158,19312,21192,20275,13894,15023,9617,11812,2894,5084,2001,2144,3885,4113,6578,7413,12324,13190,16601,16307,11325,12353,9031,11053,2787,4875,147645,95382,20003,15456,35483,20739,4403
2021-06-24T23:59:59+02:00,8244,8134,10780,10078,14038,14162,19088,19253,21146,20232,13872,14995,9604,11799,2893,5081,1932,2076,3526,3776,5827,6746,12082,12983,16360,16101,11221,12226,8941,10926,2776,4841,143526,94158,19999,13099,35482,20691,4392
2021-06-23T23:59:59+02:00,8242,8130,10774,10077,14037,14161,19088,19252,21146,20231,13872,14995,9604,11799,2893,5081,1787,1907,3042,3372,4473,5578,11777,12713,16240,15983,11176,12187,8929,10900,2775,4834,143513,89519,19997,13098,35481,20665,4391
2021-06-22T23:59:59+02:00,8195,8102,10702,10027,14014,14135,19072,19237,21135,20223,13865,14986,9601,11796,2893,5081,1738,1877,2961,3318,4435,5545,11749,12674,16172,15932,10968,11996,8679,10602,2766,4803,143499,89501,19997,13094,35481,19533,4087
2021-06-21T23:59:59+02:00,8063,8035,10576,9930,13733,13889,18335,18630,21047,20148,13830,14954,9582,11771,2893,5078,1693,1853,2918,3280,4407,5515,11703,12639,16154,15918,10959,11986,8672,10594,2765,4802,141151,89377,19995,13093,35481,19521,3867
2021-06-20T23:59:59+02:00,8063,8031,10572,9926,13733,13889,18335,18630,21047,20148,13830,14954,9582,11771,2893,5078,1665,1824,2872,3265,4343,5476,11641,12606,16093,15859,10940,11970,8669,10585,2761,4798,141140,88901,19994,13089,35481,19510,3867
2021-06-19T23:59:59+02:00,8030,7994,10466,9836,13553,13737,17922,18295,20864,19975,13812,14928,9570,11751,2890,5072,1634,1789,2831,3217,4263,5403,11305,12316,16055,15821,10931,11958,8667,10580,2759,4796,141100,87889,18247,13060,35481,19509,3867
2021-06-18T23:59:59+02:00,6532,6591,10461,9834,13552,13735,17920,18294,20864,19975,13812,14927,9570,11751,2889,5070,1502,1678,2595,3060,3634,4774,10168,11176,15844,15668,10891,11918,8644,10560,2745,4767,138190,83250,18245,13058,35481,19455,3861
2021-06-17T23:59:59+02:00,6460,6521,10347,9730,13232,13430,17535,17977,20751,19878,13793,14889,9558,11737,2881,5064,1421,1560,2443,2912,3280,4438,8577,9818,15336,15236,10719,11739,8588,10484,2729,4738,136311,77814,18245,13054,35480,19403,3747
2021-06-16T23:59:59+02:00,6453,6517,10336,9727,13230,13428,17534,17976,20750,19878,13793,14889,9557,11736,2881,5064,1371,1512,2342,2838,3096,4259,7493,8879,14841,14848,10636,11628,8552,10436,2718,4722,136283,73997,18243,13052,35480,19379,3743
2021-06-15T23:59:59+02:00,6422,6499,10296,9700,13201,13413,17514,17954,20736,19865,13784,14881,9554,11730,2878,5061,1291,1454,2216,2738,2984,4174,6587,8150,14641,14682,10612,11599,8540,10414,2709,4716,136271,73989,18242,10662,35480,19361,3495
2021-06-14T23:59:59+02:00,6404,6482,10264,9675,13182,13393,17500,17937,20716,19855,13774,14872,9551,11729,2878,5057,1275,1439,2183,2711,2963,4153,6573,8131,14620,14672,10601,11590,8537,10413,2709,4712,136259,73980,18242,10662,35480,19352,3288
2021-06-13T23:59:59+02:00,6403,6482,10260,9673,13181,13391,17500,17937,20716,19855,13774,14872,9551,11729,2878,5057,1271,1433,2180,2702,2953,4143,6556,8114,14519,14607,10588,11567,8531,10402,2706,4712,136251,73688,18242,10662,35480,19348,3286
2021-06-12T23:59:59+02:00,5611,5708,10215,9638,13150,13367,17475,17917,20690,19824,13692,14800,9551,11726,2877,5057,1262,1413,2169,2686,2932,4116,6482,8033,14346,14470,10360,11283,8051,9867,2704,4711,134290,73185,18242,10662,35480,17752,3286
2021-06-11T23:59:59+02:00,5606,5701,10205,9632,13136,13355,17468,17913,20686,19822,13692,14799,9551,11724,2877,5057,1186,1329,2049,2526,2762,3861,4987,6703,12648,13091,10220,11136,7964,9761,2697,4695,134218,65927,18242,10661,35480,17743,3284
2021-06-10T23:59:59+02:00,4603,4739,10039,9505,13025,13273,17214,17678,20448,19645,13683,14788,9545,11714,2874,5054,1129,1268,1934,2422,2605,3683,4381,6069,11492,12109,9924,10814,7881,9678,2685,4670,130899,61138,18241,10661,35480,17738,3207
2021-06-09T23:59:59+02:00,4010,4129,9833,9357,12938,13200,16907,17415,20220,19463,13668,14775,9541,11708,2873,5049,1055,1224,1834,2354,2513,3570,4055,5767,11072,11785,9797,10656,7836,9613,2674,4661,128530,61065,18226,8818,35480,17733,2850
2021-06-08T23:59:59+02:00,3998,4123,9821,9348,12926,13193,16900,17406,20212,19461,13666,14773,9540,11706,2872,5047,1009,1216,1812,2339,2487,3556,4031,5748,11061,11782,9794,10652,7835,9611,2673,4658,128517,60950,18223,8813,35480,17729,2772
2021-06-07T23:59:59+02:00,3984,4116,9789,9335,12916,13175,16877,17395,20196,19450,13663,14769,9537,11702,2870,5045,998,1209,1780,2328,2478,3537,4007,5735,11043,11768,9791,10647,7832,9608,2671,4656,128506,60941,18221,8810,35479,17724,2613
2021-06-06T23:59:59+02:00,3979,4112,9784,9331,12915,13175,16876,17394,20195,19450,13662,14768,9537,11702,2870,5045,995,1206,1769,2326,2472,3527,3995,5728,10918,11625,9780,10641,7831,9608,2671,4656,128494,60621,18221,8809,35478,17716,2602
2021-06-05T23:59:59+02:00,3685,3809,7310,7341,12677,12990,16847,17365,20152,19410,13546,14624,9462,11611,2866,5033,918,1133,1606,2225,2307,3448,3769,5588,10026,10786,9398,10194,7720,9454,2663,4637,122559,57361,18221,8809,35477,17231,2471
2021-06-04T23:59:59+02:00,3619,3754,7159,7227,12210,12597,16707,17253,19919,19176,13427,14478,9405,11532,2852,5016,891,1067,1575,2121,2269,3282,3694,5330,9387,10112,8557,9180,7447,9051,2659,4626,120168,55898,18221,8807,35477,14078,2465
2021-06-03T23:59:59+02:00,3206,3361,7132,7211,12087,12481,16676,17213,19833,19110,13417,14462,9403,11529,2851,5015,861,1000,1529,1997,2192,3083,3504,4949,8812,9492,7797,8310,6979,8439,2656,4618,118936,54270,18220,8806,35473,10784,2358
2021-06-02T23:59:59+02:00,2816,3043,6001,6294,11785,12252,16618,17162,19710,19005,13357,14408,9381,11508,2849,5007,845,966,1464,1974,2078,3045,3334,4847,7459,8413,7717,8231,6963,8411,2653,4613,115256,51177,18219,8806,35473,10782,2248
2021-06-01T23:59:59+02:00,2530,2731,5532,5871,11471,11972,16593,17139,19659,18968,13234,14285,9374,11504,2848,5004,828,959,1449,1965,2061,3032,3307,4828,7162,8089,7680,8197,6953,8397,2651,4613,115237,50500,15893,8787,35473,10772,2112
2021-05-31T23:59:59+02:00,2515,2728,5513,5862,11443,11951,16559,17127,19619,18946,13231,14281,9370,11502,2848,5002,812,953,1431,1955,2029,3012,3272,4814,7121,8068,7677,8192,6949,8395,2651,4611,115229,50491,15889,8782,35473,10763,1906
2021-05-30T23:59:59+02:00,2511,2726,5511,5858,11443,11950,16556,17126,19618,18946,13231,14281,9370,11502,2848,5002,811,949,1426,1952,2029,3010,3270,4812,7120,8068,7677,8192,6949,8395,2651,4611,115215,50485,15889,8782,35470,10750,1905
2021-05-29T23:59:59+02:00,2495,2712,5345,5704,11376,11892,16548,17120,19610,18945,13230,14279,9368,11502,2848,5002,774,900,1315,1857,1752,2758,2868,4389,6839,7796,7494,7968,6773,8168,2648,4605,114712,49842,15889,8782,35470,8375,1905
2021-05-28T23:59:59+02:00,2361,2582,4922,5313,10706,11284,16481,17058,19584,18917,13221,14265,9349,11473,2846,4993,753,877,1256,1803,1661,2685,2735,4284,5262,6107,7331,7772,6731,8112,2645,4595,112095,45559,15889,8782,35470,8367,1901
2021-05-27T23:59:59+02:00,2341,2561,4873,5247,10046,10714,16441,17027,19570,18905,13211,14255,9347,11472,2846,4993,699,783,1152,1731,1451,2543,2363,3979,4383,5197,7095,7465,6640,7996,2628,4576,110715,41778,15886,8777,35468,8346,1780
2021-05-26T23:59:59+02:00,2304,2499,4699,5068,9607,10351,16389,16974,19504,18851,13198,14236,9337,11470,2842,4980,684,741,1105,1699,1363,2463,2155,3808,4254,5059,6932,7252,6560,7896,2616,4562,109300,40381,15883,8776,35468,8334,1658
2021-05-25T23:59:59+02:00,2301,2492,4669,5050,9582,10325,16364,16956,19491,18845,13193,14234,9334,11467,2842,4980,678,727,1058,1681,1311,2418,2085,3748,3714,4483,6629,6910,6526,7859,2615,4560,109296,40373,15880,6823,35468,8325,1481
2021-05-24T23:59:59+02:00,2292,2486,4658,5045,9574,10320,16339,16936,19465,18821,13183,14223,9331,11457,2841,4976,669,722,1046,1674,1301,2411,2060,3728,3688,4458,6618,6899,6523,7849,2614,4556,109294,40366,15880,6823,35468,8322,1305
2021-05-23T23:59:59+02:00,2276,2453,4570,4972,9440,10199,16336,16935,19465,18820,13181,14221,9328,11453,2839,4975,668,720,1044,1674,1301,2411,2060,3728,3688,4457,6617,6899,6523,7849,2614,4556,108810,40362,15880,6822,35468,8320,1305
2021-05-22T23:59:59+02:00,2256,2434,4561,4955,9361,10118,16313,16921,19413,18776,13153,14190,9324,11447,2839,4974,667,718,1043,1671,1298,2408,2057,3723,3672,4444,5788,6006,6453,7768,2606,4551,108382,38426,15880,6822,35468,8320,1305
2021-05-21T23:59:59+02:00,2221,2401,4453,4869,9165,9944,16286,16888,19398,18769,13143,14181,9322,11445,2834,4963,655,691,1006,1605,1248,2285,1971,3544,3329,4011,4031,3912,6409,7702,2601,4536,107645,34439,15880,6822,35465,6983,1292
2021-05-20T23:59:59+02:00,2192,2362,4371,4809,8944,9718,16237,16835,19346,18717,13112,14146,9305,11428,2833,4959,600,584,882,1293,1076,1882,1749,3010,2770,3329,3198,2964,6364,7653,2597,4531,106797,32619,15878,6821,35456,3859,1183
2021-05-19T23:59:59+02:00,2030,2186,3876,4384,7563,8528,15962,16587,19225,18592,13064,14098,9295,11402,2831,4956,585,547,844,1239,1047,1831,1723,2957,2720,3285,3190,2951,6360,7650,2597,4530,102170,32595,15876,6819,35455,3564,1078
2021-05-18T23:59:59+02:00,1982,2133,3570,4100,6914,7933,15815,16472,19142,18509,13032,14065,9239,11328,2825,4942,579,543,839,1237,1039,1823,1694,2941,2711,3267,3185,2946,6356,7646,2597,4530,102151,32592,13431,6814,35451,3559,968
2021-05-17T23:59:59+02:00,1974,2125,3550,4086,6871,7909,15787,16454,19120,18490,13022,14042,9238,11327,2825,4942,571,536,820,1222,997,1799,1666,2923,2688,3246,3174,2925,6356,7645,2597,4530,102144,32587,13429,6814,35451,3556,738
2021-05-16T23:59:59+02:00,1969,2122,3543,4082,6685,7743,15766,16435,19116,18485,13017,14041,9237,11326,2825,4942,571,536,820,1221,996,1798,1666,2923,2686,3246,3174,2925,6356,7645,2597,4530,101722,32585,13428,6814,35447,3554,737
2021-05-15T23:59:59+02:00,1941,2086,3505,4046,6599,7639,15497,16166,19060,18443,12998,14022,9228,11321,2825,4940,571,536,820,1220,996,1798,1664,2922,2686,3246,3173,2925,6355,7645,2597,4530,100704,32581,13428,6814,35447,3552,737
2021-05-14T23:59:59+02:00,1832,1941,3259,3796,5008,6166,12865,13978,18996,18357,12975,13992,9221,11308,2822,4934,571,535,817,1220,996,1798,1663,2921,2680,3245,3169,2919,6353,7643,2597,4529,91851,32564,13428,6814,35445,3552,726
2021-05-13T23:59:59+02:00,1806,1893,3218,3745,4896,6065,12661,13795,18837,18231,12899,13897,9185,11255,2822,4933,565,532,810,1211,986,1786,1644,2902,2573,3152,2509,2117,4905,5843,2587,4510,90639,29556,13332,4801,35443,3551,724
2021-05-12T23:59:59+02:00,1806,1893,3217,3745,4896,6065,12661,13795,18836,18231,12899,13897,9185,11255,2822,4933,565,532,810,1211,986,1786,1644,2901,2571,3150,2509,2117,4905,5841,2587,4510,90638,29554,13332,4796,35442,3551,724
2021-05-11T23:59:59+02:00,1762,1848,3125,3671,4810,5999,11742,13067,18642,18073,12885,13876,9178,11241,2816,4929,564,530,807,1206,985,1785,1643,2901,2563,3146,2508,2116,4903,5840,2586,4510,90627,29548,10887,4784,35434,3545,716
2021-05-10T23:59:59+02:00,1747,1846,3119,3668,4804,5995,11741,13066,18641,18073,12885,13876,9178,11241,2816,4929,563,529,807,1206,985,1785,1642,2901,2563,3146,2507,2115,4903,5840,2586,4510,90615,29547,10884,4784,35410,3541,716
2021-05-09T23:59:59+02:00,1711,1799,3067,3653,4734,5960,11674,13046,18578,18014,12865,13857,9175,11232,2814,4927,561,526,799,1205,977,1779,1630,2899,2559,3145,2507,2113,4902,5839,2586,4509,90145,29543,10881,4783,35403,3533,677
2021-05-08T23:59:59+02:00,1678,1765,3031,3604,4657,5887,11336,12744,18545,17980,12858,13849,9174,11230,2812,4927,549,525,792,1205,966,1779,1623,2899,2543,3133,2506,2113,4902,5838,2585,4508,89116,29540,10881,4783,35403,3466,677
2021-05-07T23:59:59+02:00,1534,1642,2783,3432,3984,5225,10130,11555,18345,17831,12819,13814,9155,11213,2804,4920,452,376,669,975,820,1460,1478,2485,2373,2777,2497,2104,4899,5834,2582,4505,84357,29535,10880,4783,35391,1410,558
2021-05-06T23:59:59+02:00,1471,1473,2649,3301,3657,4917,8436,10077,17830,17407,12651,13646,9108,11141,2801,4912,331,317,566,873,685,1371,1233,2271,2159,2582,2445,2072,4897,5827,2582,4504,78844,29517,10879,4782,35374,36,380
2021-05-05T23:59:59+02:00,1417,1399,2561,3229,3482,4742,7287,9062,17325,17007,12563,13533,9076,11095,2792,4897,331,317,564,872,684,1369,1187,2219,2149,2576,2441,2070,4897,5823,2582,4500,74971,29510,10875,4781,35366,35,255
2021-05-04T23:59:59+02:00,1408,1397,2555,3223,3480,4742,7285,9061,17324,17007,12563,13533,9076,11095,2792,4897,331,316,564,871,682,1369,1187,2219,2149,2576,2440,2070,4897,5823,2582,4499,74964,29507,10864,4781,35356,33,254
2021-05-03T23:59:59+02:00,1406,1391,2547,3218,3477,4736,7207,9001,17310,16999,12559,13531,9076,11095,2791,4896,328,310,560,867,677,1364,1109,2159,2136,2568,2436,2068,4897,5823,2581,4498,74955,29506,10864,4781,35356,29,65
2021-05-02T23:59:59+02:00,1398,1387,2544,3212,3465,4727,7187,8981,17204,16931,12546,13506,9070,11084,2788,4896,326,309,560,867,677,1364,1109,2158,2134,2568,2436,2068,4896,5821,2581,4498,74646,29501,10863,4780,35355,29,62
2021-05-01T23:59:59+02:00,1394,1380,2535,3202,3456,4709,7128,8920,17060,16814,12521,13483,9058,11078,2788,4896,326,309,560,867,677,1364,1109,2158,2134,2568,2436,2068,4894,5821,2580,4496,74142,29496,10863,4780,35355,29,62
2021-04-30T23:59:59+02:00,1324,1300,2415,3032,3288,4435,5583,7523,15326,15382,12378,13323,8963,10961,2773,4863,326,309,559,866,676,1364,1106,2156,2131,2565,2435,2059,4881,5812,2572,4478,66643,29479,10863,4779,35355,29,8
2021-04-29T23:59:59+02:00,1269,1263,2311,2923,3156,4265,4976,6877,14156,14360,12070,12995,8873,10879,2759,4835,324,308,559,865,676,1363,1105,2156,2129,2563,2433,2055,4880,5809,2571,4476,61745,29459,10863,4776,35351,29,8
2021-04-28T23:59:59+02:00,1206,1246,2249,2887,3091,4184,4666,6587,13745,14044,11955,12848,8832,10821,2751,4829,323,308,556,864,674,1363,1103,2155,2128,2556,2431,2053,4877,5805,2568,4473,61628,29457,8961,4751,35351,28,1
2021-04-27T23:59:59+02:00,1186,1244,2244,2886,3087,4183,4664,6587,13744,14043,11954,12847,8832,10821,2751,4829,323,308,556,864,673,1361,1103,2155,2127,2556,2431,2051,4877,5805,2568,4473,61596,29455,8956,4747,35349,28,1
2021-04-26T23:59:59+02:00,1186,1242,2242,2885,3085,4183,4650,6573,13704,14012,11951,12845,8832,10820,2751,4828,323,308,556,864,673,1361,1103,2155,2125,2555,2431,2051,4877,5805,2568,4473,61589,29454,8952,4746,35247,27,1
2021-04-25T23:59:59+02:00,1185,1242,2236,2885,3082,4175,4638,6566,13568,13859,11941,12839,8832,10820,2751,4828,323,308,555,864,672,1360,1101,2153,2125,2555,2431,2051,4877,5805,2568,4473,61266,29450,8949,4743,35231,27,1
2021-04-24T23:59:59+02:00,1119,1196,2098,2796,2943,4119,4427,6451,12709,13056,11665,12510,8766,10716,2744,4815,323,308,555,864,671,1359,1101,2153,2125,2554,2430,2051,4873,5804,2568,4473,57950,29443,8948,4743,35231,25,1
2021-04-23T23:59:59+02:00,1020,1176,1883,2769,2783,4087,4313,6340,11373,12004,11611,12447,8742,10669,2742,4812,322,308,555,864,670,1359,1100,2153,2123,2554,2429,2051,4872,5799,2568,4471,56479,29437,8948,4741,33344,20,0
2021-04-22T23:59:59+02:00,1010,1167,1856,2756,2721,4063,4137,6221,10755,11487,11523,12361,8712,10622,2739,4807,321,307,555,864,670,1358,1098,2153,2122,2554,2429,2049,4870,5797,2568,4471,54786,29430,8947,4736,33204,20,0
2021-04-21T23:59:59+02:00,994,1153,1780,2732,2600,4028,3992,6147,9269,10328,11447,12294,8700,10598,2736,4804,321,307,554,864,669,1358,1097,2153,2121,2554,2425,2045,4867,5795,2567,4469,51627,29412,8946,4734,33029,20,0
2021-04-20T23:59:59+02:00,994,1152,1779,2731,2597,4025,3988,6146,8973,10005,11420,12270,8696,10589,2735,4803,321,307,554,864,669,1358,1097,2152,2120,2553,2425,2044,4865,5794,2567,4469,50932,29408,8943,4731,33028,20,0
2021-04-19T23:59:59+02:00,992,1150,1779,2728,2596,4024,3986,6144,8973,10004,11420,12270,8696,10588,2735,4803,321,307,554,863,669,1358,1095,2152,2119,2553,2425,2044,4865,5794,2567,4469,50924,29405,8938,4730,33026,20,0
2021-04-18T23:59:59+02:00,992,1150,1777,2728,2594,4022,3986,6144,8973,10004,11420,12270,8696,10587,2735,4802,321,307,554,863,668,1358,1095,2151,2119,2553,2425,2044,4865,5794,2567,4469,50918,29404,8937,4729,33025,20,0
2021-04-17T23:59:59+02:00,992,1149,1774,2722,2517,3933,3930,6062,8956,9986,11297,12118,8693,10585,2735,4801,316,301,550,856,660,1348,1077,2138,2072,2527,2380,1992,4816,5725,2561,4462,50288,29033,8937,4729,33025,19,0
2021-04-16T23:59:59+02:00,963,1115,1663,2639,2314,3795,3681,5888,7237,8176,11099,11874,8639,10522,2732,4788,309,296,536,837,628,1311,996,2081,1848,2368,2233,1882,4629,5460,2501,4345,45947,29018,8862,3228,32316,14,0
2021-04-15T23:59:59+02:00,893,1063,1536,2551,2036,3643,3151,5560,6228,7211,10842,11540,8538,10399,2713,4765,309,296,535,836,626,1310,995,2078,1613,2227,2080,1752,4441,5250,2447,4242,42148,28973,8859,2055,31662,9,0
2021-04-14T23:59:59+02:00,878,1034,1491,2515,1949,3562,2982,5425,6134,7099,10679,11333,8456,10298,2701,4751,289,286,501,809,555,1250,789,1935,1393,2104,2014,1678,4310,5088,2433,4214,40773,27584,8855,2055,31659,9,0
2021-04-13T23:59:59+02:00,875,1028,1479,2512,1926,3543,2950,5391,5612,6523,10378,10994,8425,10264,2700,4750,289,284,501,808,555,1250,789,1935,1393,2103,2011,1677,4310,5088,2433,4211,40766,27582,6928,2046,31656,9,0
2021-04-12T23:59:59+02:00,875,1027,1478,2510,1926,3543,2949,5390,5611,6523,10377,10994,8425,10264,2700,4750,289,283,501,808,553,1250,787,1934,1392,2103,2011,1677,4310,5087,2433,4211,40762,27576,6926,2044,31654,9,0
2021-04-11T23:59:59+02:00,875,1027,1477,2510,1925,3542,2948,5390,5611,6523,10376,10993,8425,10264,2700,4750,289,283,500,808,553,1250,786,1934,1390,2103,2011,1677,4310,5087,2433,4211,40759,27572,6925,2044,31652,9,0
2021-04-10T23:59:59+02:00,873,1024,1474,2506,1908,3530,2880,5324,5483,6425,10146,10776,8373,10214,2696,4749,289,282,500,807,553,1250,785,1934,1390,2103,2007,1673,4305,5078,2432,4208,40190,27543,6925,2044,31266,9,0
2021-04-09T23:59:59+02:00,835,991,1378,2450,1804,3471,2751,5270,5344,6360,7768,7950,8309,10120,2686,4731,288,282,495,806,550,1248,782,1934,1388,2099,1988,1651,4283,5060,2429,4203,34717,27435,6924,2044,30577,7,0
2021-04-08T23:59:59+02:00,834,989,1375,2447,1802,3468,2742,5261,5333,6347,6979,7036,8267,10070,2683,4727,287,282,495,805,550,1247,781,1934,1386,2098,1986,1651,4282,5057,2429,4203,32867,27423,6924,2043,30569,7,0
2021-04-07T23:59:59+02:00,782,966,1299,2375,1715,3400,2549,5154,4593,5864,6312,6396,8209,10009,2677,4721,287,282,495,805,550,1244,781,1934,1386,2098,1986,1651,4282,5057,2429,4203,32863,27422,6923,2042,27235,6,0
2021-04-06T23:59:59+02:00,749,959,1280,2340,1691,3359,2519,5108,4519,5788,5950,6039,8188,9985,2672,4715,287,281,495,804,550,1244,781,1934,1385,2098,1986,1650,4282,5057,2429,4203,32859,27420,6923,2040,26079,6,0
2021-04-05T23:59:59+02:00,745,928,1239,2216,1619,3194,2400,4838,4359,5516,5643,5734,8171,9959,2670,4711,287,281,495,803,550,1244,781,1934,1385,2098,1986,1650,4282,5057,2429,4203,32858,27419,6923,2040,24161,6,0
2021-04-04T23:59:59+02:00,724,902,1149,2000,1485,2928,2185,4404,4009,5018,5399,5510,8139,9905,2669,4703,287,281,494,802,548,1243,780,1933,1312,2061,1623,1376,4124,4876,2385,4138,32854,26218,6923,2040,21352,5,0
2021-04-03T23:59:59+02:00,724,902,1148,2000,1484,2928,2184,4404,4009,5018,5399,5509,8139,9905,2669,4703,287,281,494,802,548,1243,780,1933,1312,2061,1623,1376,4124,4876,2385,4138,32851,26218,6923,2040,21351,5,0
2021-04-02T23:59:59+02:00,724,901,1148,2000,1484,2928,2184,4404,4008,5018,5399,5508,8138,9904,2668,4701,287,281,494,802,548,1243,780,1933,1311,2061,1623,1376,4124,4876,2385,4138,32850,26217,6923,2040,21344,5,0
2021-04-01T23:59:59+02:00,719,899,1145,1994,1476,2920,2170,4386,3917,4933,4906,4909,7434,9010,2666,4696,287,279,493,799,548,1242,777,1931,1273,2033,1475,1281,4025,4775,2374,4124,29948,25677,6897,2034,21335,5,0
2021-03-31T23:59:59+02:00,719,898,1143,1993,1472,2915,2166,4385,3899,4922,4734,4692,6668,8076,2654,4674,286,278,493,799,544,1239,772,1924,1168,1956,1084,1018,3621,4320,2267,3950,29829,23744,4874,1971,21307,4,0
2021-03-30T23:59:59+02:00,719,898,1142,1990,1460,2906,2157,4376,3855,4896,4536,4511,6419,7779,2645,4658,286,277,493,797,544,1239,772,1923,1168,1956,1084,1018,3621,4320,2266,3950,29826,23740,4870,1971,20251,3,0
2021-03-29T23:59:59+02:00,718,896,1142,1990,1459,2906,2157,4376,3852,4894,4533,4509,6416,7770,2643,4639,286,276,493,797,544,1239,771,1922,1168,1956,1084,1017,3621,4320,2266,3950,29820,23736,4865,1971,20215,3,0
2021-03-28T23:59:59+02:00,718,896,1142,1987,1457,2904,2156,4373,3851,4894,4532,4509,6413,7766,2643,4638,285,276,491,797,544,1239,770,1922,1168,1956,1084,1016,3621,4320,2266,3950,29818,23732,4860,1970,20201,3,0
2021-03-27T23:59:59+01:00,714,891,1138,1979,1449,2894,2137,4357,3809,4868,4483,4452,6367,7707,2636,4624,281,271,477,787,533,1227,722,1886,1008,1864,825,826,3482,4169,2105,3637,29466,22768,4860,1329,20179,3,0
2021-03-26T23:59:59+01:00,714,891,1137,1978,1446,2893,2134,4357,3804,4865,4471,4430,6356,7681,2628,4610,280,271,477,786,531,1227,720,1886,1001,1856,688,731,2503,3012,1935,3424,29405,19996,4859,1329,20131,3,0
2021-03-25T23:59:59+01:00,713,890,1137,1978,1445,2890,2130,4351,3799,4861,4462,4419,6340,7649,2607,4556,280,271,477,786,530,1225,719,1886,1000,1855,667,725,1325,1568,1653,3064,29390,16699,4854,1329,19983,3,0
2021-03-24T23:59:59+01:00,691,879,1099,1948,1374,2829,1924,4203,3575,4735,4402,4359,6205,7481,2593,4524,280,271,477,786,527,1225,718,1886,999,1855,667,725,1325,1567,1653,3062,28012,16692,4852,1328,19957,3,0
2021-03-23T23:59:59+01:00,691,877,1097,1947,1374,2829,1924,4203,3574,4732,4402,4359,6204,7481,2593,4523,280,271,477,786,527,1225,718,1886,999,1855,667,725,1325,1567,1653,3062,28008,16692,4849,1328,19953,3,0
2021-03-22T23:59:59+01:00,691,875,1095,1943,1371,2829,1922,4203,3573,4732,4402,4358,6204,7480,2593,4523,280,271,477,786,527,1224,717,1886,999,1854,667,725,1325,1567,1653,3062,28004,16689,4848,1328,19942,3,0
2021-03-21T23:59:59+01:00,691,875,1094,1941,1371,2827,1921,4202,3572,4731,4402,4358,6203,7480,2593,4523,280,271,477,786,527,1224,717,1886,999,1854,667,724,1325,1567,1653,3062,28001,16688,4847,1328,19936,3,0
2021-03-20T23:59:59+01:00,689,873,1092,1939,1365,2824,1905,4195,3541,4712,4184,4083,5685,6873,2583,4488,275,269,472,780,510,1214,696,1869,961,1825,597,647,1094,1308,1302,2516,27919,15004,4747,1328,18365,3,0
2021-03-19T23:59:59+01:00,681,867,1077,1919,1331,2787,1825,4139,3321,4552,4036,3976,5510,6630,2533,4402,275,269,472,780,510,1214,696,1868,960,1825,597,647,1094,1307,1301,2515,27917,14999,3312,1328,18357,3,0
2021-03-18T23:59:59+01:00,681,866,1076,1918,1330,2785,1825,4136,3091,4409,3882,3847,5330,6426,2481,4300,275,268,471,780,510,1212,696,1867,959,1824,595,645,856,1052,1190,2348,27905,14219,2123,1327,18355,2,0
2021-03-17T23:59:59+01:00,681,866,1075,1918,1330,2784,1825,4136,3091,4409,3882,3845,5329,6426,2481,4300,275,268,471,780,510,1212,696,1867,958,1824,594,645,856,1052,1190,2348,27903,14217,2123,1327,18352,2,0
2021-03-16T23:59:59+01:00,680,866,1075,1914,1329,2784,1823,4136,3091,4407,3881,3844,5329,6426,2480,4299,273,264,457,775,501,1200,680,1853,942,1814,592,644,854,1051,1189,2347,27896,14107,2119,1327,18349,2,0
2021-03-15T23:59:59+01:00,680,865,1073,1913,1326,2784,1819,4135,3090,4407,3881,3843,5328,6426,2480,4299,273,264,457,775,501,1200,680,1853,941,1813,592,644,854,1051,1189,2347,27891,14105,2117,1327,18341,2,0
2021-03-14T23:59:59+01:00,679,863,1070,1910,1324,2781,1817,4133,3085,4406,3881,3843,5328,6426,2480,4299,273,264,457,775,501,1200,680,1853,941,1813,592,644,854,1051,1189,2347,27888,14105,2117,1327,18320,2,0
2021-03-13T23:59:59+01:00,677,858,1063,1904,1315,2774,1812,4125,2972,4328,3412,3440,5123,6193,2435,4236,273,264,457,775,501,1200,679,1853,940,1812,568,628,553,755,767,1773,26622,12469,2117,1327,17928,2,0
2021-03-12T23:59:59+01:00,647,771,1040,1791,1294,2583,1780,3859,2928,4160,2267,2001,4763,5647,2432,4227,273,264,457,775,501,1200,678,1853,939,1812,568,627,553,755,767,1772,26611,12466,2117,1327,13462,1,0
2021-03-11T23:59:59+01:00,637,727,1032,1689,1286,2424,1768,3645,2882,4021,1703,1472,4277,5105,2422,4217,271,264,457,775,501,1200,678,1852,939,1809,568,626,551,754,685,1627,26061,12464,2105,1093,11141,0,0
2021-03-10T23:59:59+01:00,632,715,1022,1667,1277,2403,1755,3619,2773,3938,1312,1204,3868,4636,2327,4060,271,264,456,774,500,1200,678,1852,937,1809,568,626,549,752,685,1627,24079,12458,2104,1090,11025,0,0
2021-03-09T23:59:59+01:00,631,710,1014,1650,1267,2390,1752,3608,2766,3933,1308,1203,3868,4635,2326,4060,271,264,456,774,500,1200,678,1852,937,1809,568,626,549,752,685,1627,24076,12458,2103,1090,10942,0,0
2021-03-08T23:59:59+01:00,627,681,1003,1625,1252,2357,1744,3575,2745,3918,1307,1201,3868,4635,2326,4060,271,264,456,774,500,1200,678,1852,937,1809,568,626,548,752,685,1627,24072,12457,2102,1090,10750,0,0
2021-03-07T23:59:59+01:00,627,678,999,1621,1252,2354,1743,3572,2745,3916,1307,1201,3868,4635,2326,4060,271,264,456,774,499,1200,678,1852,937,1809,568,626,548,752,685,1627,24069,12456,2102,1090,10733,0,0
2021-03-06T23:59:59+01:00,591,631,880,1520,1011,2164,1325,3190,2325,3580,1027,982,3568,4258,2306,4042,271,264,456,774,497,1200,678,1852,937,1808,568,625,546,748,596,1453,23071,12453,2099,820,8230,0,0
2021-03-05T23:59:59+01:00,588,631,876,1517,1011,2163,1322,3187,2318,3575,883,885,2572,3063,2135,3810,269,264,451,762,493,1195,670,1834,923,1793,563,621,489,689,296,946,20226,12254,2089,4,8221,0,0
2021-03-04T23:59:59+01:00,570,588,839,1389,973,2009,1273,2984,2276,3477,868,877,1391,1625,1847,3446,269,264,450,762,493,1195,670,1834,923,1793,562,620,489,688,296,946,16931,12250,2088,4,7413,0,0
2021-03-03T23:59:59+01:00,564,555,816,1324,952,1947,1258,2940,2266,3433,868,876,1391,1625,1847,3446,269,264,450,762,493,1195,670,1834,923,1793,562,620,489,688,296,946,16930,12250,2088,4,7090,0,0
2021-03-02T23:59:59+01:00,563,553,813,1323,952,1947,1257,2939,2266,3433,868,876,1391,1625,1847,3446,269,264,450,762,493,1195,670,1834,923,1792,562,620,489,688,296,946,16929,12249,2088,4,7082,0,0
2021-03-01T23:59:59+01:00,563,551,812,1323,952,1947,1257,2939,2266,3432,868,875,1391,1624,1847,3446,269,264,450,762,493,1195,669,1833,923,1792,562,620,489,688,296,946,16927,12247,2087,4,7079,0,0
2021-02-28T23:59:59+01:00,562,549,812,1323,951,1947,1257,2939,2264,3431,868,874,1391,1624,1847,3446,269,264,450,762,493,1195,669,1832,923,1792,562,620,489,688,296,946,16924,12246,2087,4,7074,0,0
2021-02-27T23:59:59+01:00,557,547,801,1313,930,1936,1218,2911,2187,3381,748,758,1122,1334,1339,2572,268,264,450,762,492,1195,667,1831,922,1790,561,617,488,686,296,942,15203,12230,1379,1,7072,0,0
2021-02-26T23:59:59+01:00,547,526,772,1249,901,1823,1179,2753,1867,2960,707,730,1122,1334,1338,2571,268,264,450,762,492,1195,667,1831,922,1790,561,617,488,686,296,941,15198,12229,1379,1,5802,0,0
2021-02-25T23:59:59+01:00,513,484,710,1131,794,1630,1025,2453,1368,2410,656,685,874,1071,1228,2401,267,263,449,762,492,1194,666,1830,922,1790,561,617,488,686,296,941,14396,12224,1379,0,3658,0,0
2021-02-24T23:59:59+01:00,512,483,710,1130,793,1630,1025,2452,1368,2409,656,685,874,1071,1228,2401,267,263,449,762,492,1194,666,1830,922,1790,561,617,488,686,296,941,14396,12224,1378,0,3653,0,0
2021-02-23T23:59:59+01:00,510,479,695,1122,784,1619,1008,2438,1352,2399,654,684,872,1070,1227,2400,267,262,449,761,492,1194,666,1829,922,1790,561,617,488,686,296,941,14286,12221,1378,0,3649,0,0
2021-02-22T23:59:59+01:00,510,479,695,1122,782,1619,1008,2438,1351,2398,654,683,872,1070,1227,2400,267,262,449,761,492,1194,666,1829,922,1789,561,617,488,686,296,941,14284,12220,1378,0,3646,0,0
2021-02-21T23:59:59+01:00,510,479,695,1122,781,1619,1007,2438,1351,2398,653,683,872,1070,1227,2400,267,262,449,761,492,1194,666,1829,922,1789,561,617,488,686,296,941,14284,12220,1378,0,3643,0,0
2021-02-20T23:59:59+01:00,494,477,683,1116,761,1614,994,2436,1325,2377,626,664,563,768,797,1815,266,261,444,759,487,1188,661,1818,916,1787,558,614,484,686,292,936,12616,12157,1377,0,3517,0,0
2021-02-19T23:59:59+01:00,396,391,579,990,643,1459,854,2265,1086,2139,579,640,563,768,797,1815,263,261,440,757,485,1180,658,1802,909,1767,554,608,479,679,289,928,12614,12059,1377,0,1973,0,0
2021-02-18T23:59:59+01:00,274,267,465,787,504,1212,693,1870,949,1828,576,634,562,768,797,1815,262,260,438,754,483,1176,657,1788,905,1756,548,603,472,672,284,917,12613,11975,1377,0,11,0,0
2021-02-17T23:59:59+01:00,274,267,464,787,504,1212,693,1870,948,1828,575,634,562,767,797,1815,261,260,437,751,481,1174,654,1780,902,1749,543,598,463,650,273,898,12611,11874,1377,0,9,0,0
2021-02-16T23:59:59+01:00,274,267,462,786,503,1212,693,1870,948,1828,575,634,562,767,797,1815,250,256,431,735,469,1142,647,1705,877,1670,524,569,430,606,255,831,12611,11397,1377,0,5,0,0
2021-02-15T23:59:59+01:00,274,267,461,786,503,1211,691,1870,948,1828,575,634,562,767,797,1815,246,252,428,727,463,1117,631,1655,853,1616,503,535,412,562,242,768,12610,11010,1377,0,2,0,0
2021-02-14T23:59:59+01:00,274,267,461,786,502,1211,691,1870,948,1828,575,634,562,767,797,1815,246,252,428,727,463,1117,631,1649,851,1607,492,530,408,559,234,759,12609,10953,1377,0,2,0,0
2021-02-13T23:59:59+01:00,272,267,461,786,502,1211,691,1869,948,1828,575,634,562,767,797,1815,244,250,428,723,456,1106,622,1628,831,1574,473,503,392,534,221,722,12607,10707,1377,0,1,0,0
2021-02-12T23:59:59+01:00,272,267,461,785,502,1211,691,1868,944,1825,575,632,513,721,783,1811,227,242,408,689,435,1019,587,1467,744,1335,389,384,317,421,164,543,12483,9371,1377,0,1,0,0
2021-02-11T23:59:59+01:00,270,267,460,785,502,1211,691,1866,944,1822,574,631,510,718,698,1663,205,230,396,659,415,972,553,1373,698,1226,355,336,278,357,137,457,12471,8647,1140,0,1,0,0
2021-02-10T23:59:59+01:00,270,267,460,784,502,1211,690,1866,943,1822,573,631,510,717,697,1661,202,226,395,653,411,958,550,1353,686,1191,339,313,256,317,118,392,12464,8360,1140,0,0,0,0
2021-02-09T23:59:59+01:00,270,267,460,784,502,1211,689,1866,943,1820,573,631,510,717,697,1661,193,213,384,618,391,892,507,1260,633,1061,265,222,180,206,77,240,12461,7342,1140,0,0,0,0
2021-02-08T23:59:59+01:00,270,267,458,784,502,1211,689,1866,943,1820,573,631,510,717,697,1661,190,207,380,604,382,867,486,1210,606,991,234,181,144,155,62,184,12460,6883,1139,0,0,0,0
2021-02-07T23:59:59+01:00,270,267,458,784,502,1211,689,1866,943,1819,573,631,510,717,697,1660,189,207,380,600,380,862,481,1200,602,977,228,174,134,137,56,168,12458,6775,1139,0,0,0,0
2021-02-06T23:59:59+01:00,270,267,458,784,502,1211,689,1866,943,1819,573,631,508,712,607,1486,189,207,380,600,380,862,481,1200,602,977,228,174,134,137,56,168,12458,6775,868,0,0,0,0
2021-02-05T23:59:59+01:00,270,267,456,783,500,1209,686,1864,940,1816,568,627,501,697,299,962,183,198,363,569,367,822,461,1159,584,946,206,157,110,124,51,165,12442,6465,3,0,0,0,0
2021-02-04T23:59:59+01:00,270,266,455,777,497,1208,685,1859,935,1816,567,626,500,696,299,962,168,162,295,434,301,666,381,935,510,807,195,152,102,118,44,153,12415,5423,3,0,0,0,0
2021-02-03T23:59:59+01:00,269,266,455,776,497,1207,684,1858,935,1816,567,626,500,696,299,962,163,155,250,353,252,579,322,837,459,723,188,148,98,116,43,152,12410,4838,3,0,0,0,0
2021-02-02T23:59:59+01:00,269,265,455,773,497,1207,684,1854,935,1814,567,626,500,696,299,962,156,140,190,289,195,491,245,724,377,640,178,144,96,115,43,151,12400,4174,3,0,0,0,0
2021-02-01T23:59:59+01:00,269,265,453,772,496,1206,683,1850,932,1808,567,626,499,696,299,962,149,134,152,253,167,433,200,646,320,567,172,133,88,105,38,144,12380,3701,3,0,0,0,0
2021-01-31T23:59:59+01:00,269,265,453,772,496,1206,683,1850,932,1808,567,626,499,696,299,962,149,134,152,252,167,432,199,646,320,567,172,133,88,105,38,144,12380,3698,3,0,0,0,0
2021-01-30T23:59:59+01:00,269,265,453,772,496,1206,683,1850,928,1808,566,626,497,696,296,962,136,122,135,234,156,404,188,606,302,520,150,122,77,78,31,110,12370,3371,3,0,0,0,0
2021-01-29T23:59:59+01:00,266,265,449,769,494,1198,680,1833,921,1788,562,620,492,690,293,954,88,68,93,153,115,246,145,439,212,377,112,81,58,67,26,99,12271,2379,3,0,0,0,0
2021-01-28T23:59:59+01:00,266,265,448,769,493,1198,680,1833,921,1787,562,620,492,690,293,954,10,7,13,23,24,46,22,93,49,105,37,31,31,48,20,91,12268,650,3,0,0,0,0
2021-01-27T23:59:59+01:00,265,265,448,769,493,1198,680,1833,919,1787,562,620,492,690,293,954,10,7,13,23,23,46,22,91,48,105,37,31,31,48,20,91,12267,646,1,0,0,0,0
2021-01-26T23:59:59+01:00,265,265,448,768,493,1197,680,1833,919,1786,562,620,492,690,293,954,10,7,13,23,23,46,22,91,48,105,37,31,31,48,20,91,12264,646,1,0,0,0,0
2021-01-25T23:59:59+01:00,265,264,446,768,493,1196,680,1831,919,1785,562,620,491,688,293,954,6,1,5,13,11,21,13,39,22,46,18,15,10,15,7,19,12255,261,0,0,0,0,0
2021-01-24T23:59:59+01:00,265,264,446,768,492,1196,680,1830,919,1784,562,620,491,688,293,954,6,1,5,13,11,21,13,39,22,46,18,15,10,15,7,19,12252,261,0,0,0,0,0
2021-01-23T23:59:59+01:00,265,264,446,768,492,1196,680,1830,919,1784,562,620,491,688,293,954,6,1,5,13,11,21,13,39,22,46,18,15,10,15,7,19,12252,261,0,0,0,0,0
2021-01-22T23:59:59+01:00,263,262,446,768,491,1195,680,1829,919,1784,562,620,491,688,275,910,6,1,5,13,11,21,13,39,22,46,18,15,10,15,7,19,12183,261,0,0,0,0,0
2021-01-21T23:59:59+01:00,260,258,444,759,488,1187,677,1808,910,1767,554,612,472,663,263,873,6,1,5,13,11,21,13,39,22,46,18,15,10,15,7,19,11995,261,0,0,0,0,0
2021-01-20T23:59:59+01:00,259,256,440,754,486,1185,674,1800,907,1762,548,607,465,644,255,856,6,1,5,13,11,21,13,39,22,46,18,15,10,15,7,19,11898,261,0,0,0,0,0
2021-01-19T23:59:59+01:00,254,256,438,746,480,1170,671,1769,896,1721,536,590,454,627,243,820,6,1,5,13,11,21,13,39,22,46,18,15,10,15,7,19,11671,261,0,0,0,0,0
2021-01-18T23:59:59+01:00,250,252,435,735,475,1149,654,1732,871,1673,517,557,439,589,230,763,6,1,5,12,11,21,13,39,22,46,18,15,10,15,7,19,11321,260,0,0,0,0,0
2021-01-17T23:59:59+01:00,250,251,435,735,475,1148,651,1725,865,1661,500,546,424,567,215,737,6,1,4,12,11,21,13,39,22,46,18,15,10,15,7,19,11185,259,0,0,0,0,0
2021-01-16T23:59:59+01:00,242,243,431,715,462,1113,626,1637,818,1512,458,462,393,514,194,680,0,0,0,0,0,0,0,0,0,0,0,0,0,0,0,0,10500,0,0,0,0,0,0
2021-01-15T23:59:59+01:00,233,236,423,695,448,1062,606,1537,779,1398,409,405,342,445,175,573,0,0,0,0,0,0,0,0,0,0,0,0,0,0,0,0,9766,0,0,0,0,0,0
2021-01-14T23:59:59+01:00,210,223,405,653,425,1000,563,1420,712,1245,353,331,293,351,133,454,0,0,0,0,0,0,0,0,0,0,0,0,0,0,0,0,8771,0,0,0,0,0,0
2021-01-13T23:59:59+01:00,208,221,404,646,420,981,559,1398,698,1210,335,307,268,311,114,390,0,0,0,0,0,0,0,0,0,0,0,0,0,0,0,0,8470,0,0,0,0,0,0
2021-01-12T23:59:59+01:00,191,210,389,607,389,887,497,1244,619,1021,240,191,161,162,65,194,0,0,0,0,0,0,0,0,0,0,0,0,0,0,0,0,7067,0,0,0,0,0,0
2021-01-11T23:59:59+01:00,187,204,385,595,376,860,478,1197,599,967,220,162,128,117,47,144,0,0,0,0,0,0,0,0,0,0,0,0,0,0,0,0,6666,0,0,0,0,0,0
2021-01-10T23:59:59+01:00,186,200,374,581,372,847,469,1177,587,948,216,162,125,117,45,142,0,0,0,0,0,0,0,0,0,0,0,0,0,0,0,0,6548,0,0,0,0,0,0
2021-01-09T23:59:59+01:00,166,168,328,501,331,728,408,997,499,799,151,106,73,73,31,105,0,0,0,0,0,0,0,0,0,0,0,0,0,0,0,0,5464,0,0,0,0,0,0
2021-01-08T23:59:59+01:00,98,78,232,350,244,435,294,666,341,505,83,65,48,58,24,93,0,0,0,0,0,0,0,0,0,0,0,0,0,0,0,0,3614,0,0,0,0,0,0
2021-01-07T23:59:59+01:00,12,11,55,97,72,124,94,192,122,176,44,33,32,50,21,93,0,0,0,0,0,0,0,0,0,0,0,0,0,0,0,0,1228,0,0,0,0,0,0
2021-01-06T23:59:59+01:00,8,4,9,23,17,46,23,91,53,108,38,31,32,50,21,93,0,0,0,0,0,0,0,0,0,0,0,0,0,0,0,0,647,0,0,0,0,0,0
2021-01-05T23:59:59+01:00,8,4,9,23,17,46,22,91,51,108,38,31,32,50,21,93,0,0,0,0,0,0,0,0,0,0,0,0,0,0,0,0,644,0,0,0,0,0,0
2021-01-04T23:59:59+01:00,6,1,5,13,11,23,14,41,23,47,19,15,11,15,7,20,0,0,0,0,0,0,0,0,0,0,0,0,0,0,0,0,271,0,0,0,0,0,0
2021-01-03T23:59:59+01:00,6,1,5,13,11,23,14,41,23,47,19,15,11,15,7,20,0,0,0,0,0,0,0,0,0,0,0,0,0,0,0,0,271,0,0,0,0,0,0
2021-01-02T23:59:59+01:00,6,1,5,13,11,23,14,41,23,47,19,15,11,15,7,20,0,0,0,0,0,0,0,0,0,0,0,0,0,0,0,0,271,0,0,0,0,0,0
2021-01-01T23:59:59+01:00,6,1,5,13,11,23,14,41,23,47,19,15,11,15,7,20,0,0,0,0,0,0,0,0,0,0,0,0,0,0,0,0,271,0,0,0,0,0,0
2020-12-31T23:59:59+01:00,6,1,5,13,11,23,14,41,23,47,19,15,11,15,7,20,0,0,0,0,0,0,0,0,0,0,0,0,0,0,0,0,271,0,0,0,0,0,0
2020-12-30T23:59:59+01:00,6,1,5,13,11,23,14,41,23,47,19,15,11,15,7,20,0,0,0,0,0,0,0,0,0,0,0,0,0,0,0,0,271,0,0,0,0,0,0
2020-12-29T23:59:59+01:00,6,1,5,13,11,23,14,41,23,47,19,15,11,15,7,20,0,0,0,0,0,0,0,0,0,0,0,0,0,0,0,0,271,0,0,0,0,0,0
2020-12-28T23:59:59+01:00,6,1,5,13,11,23,14,41,23,47,19,15,11,15,7,20,0,0,0,0,0,0,0,0,0,0,0,0,0,0,0,0,271,0,0,0,0,0,0
2020-12-27T23:59:59+01:00,6,1,4,12,11,23,14,41,23,47,19,15,11,15,7,20,0,0,0,0,0,0,0,0,0,0,0,0,0,0,0,0,269,0,0,0,0,0,0
