Datum,<15_1_m,<15_1_w,15-24_1_m,15-24_1_w,25-34_1_m,25-34_1_w,35-44_1_m,35-44_1_w,45-54_1_m,45-54_1_w,55-64_1_m,55-64_1_w,65-74_1_m,65-74_1_w,75-84_1_m,75-84_1_w,>84_1_m,>84_1_w,<15_2_m,<15_2_w,15-24_2_m,15-24_2_w,25-34_2_m,25-34_2_w,35-44_2_m,35-44_2_w,45-54_2_m,45-54_2_w,55-64_2_m,55-64_2_w,65-74_2_m,65-74_2_w,75-84_2_m,75-84_2_w,>84_2_m,>84_2_w,bp_1,bp_2,mo_1,mo_2,az_1,az_2,ja,unb_1,unb_2
2021-10-28T23:59:59+02:00,2078,1962,14500,13386,17209,15687,18730,18474,21757,21649,23024,21918,14789,15991,10159,12415,3103,5405,1796,1704,13574,12648,16509,14985,18196,17854,21308,21139,22654,21510,14596,15752,10037,12258,3038,5291,181341,175256,22890,22515,35614,34672,12404,2,2
2021-10-27T23:59:59+02:00,2067,1958,14477,13370,17184,15666,18706,18459,21740,21638,23014,21914,14788,15985,10152,12407,3102,5405,1788,1699,13537,12611,16480,14969,18172,17835,21286,21127,22642,21503,14594,15742,10032,12253,3038,5289,181197,175063,22889,22515,35614,34672,12345,2,2
2021-10-26T23:59:59+02:00,2061,1953,14472,13362,17182,15658,18694,18453,21735,21636,23010,21913,14786,15985,10152,12407,3102,5404,1780,1694,13520,12588,16475,14959,18167,17829,21279,21121,22640,21502,14592,15742,10030,12251,3038,5289,181133,174963,22887,22515,35614,34672,12344,2,2
2021-10-25T23:59:59+02:00,2061,1953,14468,13361,17178,15656,18694,18451,21732,21635,23009,21913,14786,15985,10152,12406,3101,5404,1780,1694,13518,12587,16472,14958,18167,17827,21276,21120,22639,21502,14592,15742,10030,12250,3037,5289,181129,174963,22887,22515,35614,34672,12328,2,2
2021-10-24T23:59:59+02:00,2061,1952,14465,13360,17176,15656,18693,18450,21732,21635,23009,21912,14784,15985,10152,12406,3101,5404,1779,1694,13518,12587,16472,14958,18167,17827,21275,21120,22639,21502,14592,15742,10030,12250,3037,5287,181118,174959,22886,22515,35614,34672,12328,2,2
2021-10-23T23:59:59+02:00,2061,1952,14464,13360,17175,15655,18693,18450,21731,21635,23009,21912,14784,15985,10152,12406,3101,5403,1779,1694,13518,12587,16472,14958,18167,17827,21275,21120,22639,21502,14592,15742,10030,12250,3037,5287,181113,174959,22886,22515,35614,34672,12328,2,2
2021-10-22T23:59:59+02:00,2041,1926,14404,13317,17118,15606,18653,18419,21699,21609,22990,21901,14778,15978,10151,12406,3101,5402,1765,1681,13486,12560,16451,14939,18153,17809,21264,21103,22633,21494,14591,15739,10027,12249,3036,5286,180687,174756,22884,22509,35614,34672,12327,2,2
2021-10-21T23:59:59+02:00,2032,1909,14334,13278,17058,15564,18613,18388,21677,21582,22964,21885,14774,15976,10148,12402,3099,5399,1756,1668,13443,12538,16419,14910,18131,17784,21256,21092,22622,21478,14586,15734,10025,12241,3035,5285,180310,174531,22882,22509,35614,34672,12289,2,2
2021-10-20T23:59:59+02:00,2017,1898,14313,13266,17045,15545,18602,18373,21668,21574,22955,21882,14771,15971,10147,12396,3097,5397,1741,1644,13379,12486,16385,14874,18106,17744,21244,21072,22603,21463,14580,15723,10020,12237,3033,5280,180150,174147,22882,22509,35614,34672,12284,2,2
2021-10-19T23:59:59+02:00,2003,1888,14298,13252,17034,15531,18597,18367,21662,21569,22946,21876,14767,15963,10144,12395,3097,5395,1730,1642,13357,12459,16370,14852,18095,17731,21231,21060,22594,21453,14579,15714,10014,12234,3031,5279,180039,173980,22882,22509,35614,34672,12262,2,2
2021-10-18T23:59:59+02:00,1989,1875,14280,13229,17021,15522,18592,18361,21657,21560,22941,21873,14763,15960,10144,12394,3097,5394,1721,1631,13335,12426,16353,14824,18081,17722,21223,21052,22588,21452,14572,15714,10010,12229,3030,5279,179929,173835,22881,22492,35614,34672,12241,2,2
2021-10-17T23:59:59+02:00,1988,1873,14280,13227,17021,15522,18592,18359,21655,21555,22941,21870,14763,15957,10144,12393,3096,5394,1720,1628,13334,12421,16347,14820,18079,17716,21220,21047,22586,21449,14571,15713,10009,12227,3028,5276,179907,173784,22881,22492,35614,34672,12241,2,2
2021-10-16T23:59:59+02:00,1988,1873,14280,13227,17021,15522,18592,18359,21655,21555,22941,21870,14763,15957,10144,12393,3096,5394,1720,1628,13334,12421,16347,14819,18079,17716,21220,21047,22586,21449,14571,15713,10009,12227,3028,5276,179907,173783,22881,22492,35614,34672,12241,2,2
2021-10-15T23:59:59+02:00,1981,1860,14239,13194,16990,15493,18573,18342,21641,21543,22932,21863,14762,15953,10143,12389,3096,5392,1678,1601,13268,12356,16301,14767,18044,17687,21191,21015,22565,21431,14560,15700,10005,12220,3027,5271,179689,173316,22863,22464,35614,34672,12233,2,2
2021-10-14T23:59:59+02:00,1969,1847,14185,13157,16943,15450,18545,18314,21618,21531,22918,21849,14752,15943,10141,12386,3092,5387,1619,1550,13153,12229,16244,14688,17981,17614,21150,20965,22532,21392,14544,15684,9998,12208,3025,5266,179353,172541,22844,22398,35614,34672,12229,2,2
2021-10-13T23:59:59+02:00,1959,1836,14154,13122,16922,15415,18521,18294,21607,21521,22906,21843,14747,15937,10139,12382,3092,5381,1598,1533,13107,12176,16204,14631,17944,17571,21131,20945,22512,21378,14535,15673,9994,12202,3021,5260,179135,172145,22844,22398,35614,34672,12198,2,2
2021-10-12T23:59:59+02:00,1953,1828,14131,13111,16904,15404,18516,18282,21600,21514,22902,21835,14744,15935,10139,12381,3092,5380,1590,1518,13080,12149,16183,14610,17932,17556,21122,20936,22503,21372,14527,15669,9992,12201,3020,5258,179034,171974,22844,22398,35614,34672,12172,2,2
2021-10-11T23:59:59+02:00,1940,1823,14111,13086,16895,15400,18509,18270,21594,21508,22897,21831,14742,15933,10138,12378,3092,5379,1586,1507,13051,12127,16165,14588,17914,17532,21111,20921,22499,21361,14522,15665,9988,12198,3020,5257,178914,171773,22844,22398,35614,34672,12167,2,2
2021-10-10T23:59:59+02:00,1936,1822,14104,13079,16885,15397,18502,18264,21592,21505,22895,21827,14741,15932,10138,12378,3092,5379,1582,1501,13039,12112,16148,14582,17906,17525,21109,20917,22494,21353,14519,15660,9987,12195,3019,5256,178883,171693,22844,22397,35614,34672,12140,2,2
2021-10-09T23:59:59+02:00,1936,1822,14103,13078,16884,15397,18502,18264,21592,21504,22895,21827,14741,15932,10138,12378,3092,5379,1582,1501,13039,12112,16148,14582,17906,17525,21109,20917,22494,21353,14519,15660,9987,12195,3019,5256,178879,171693,22844,22397,35614,34672,12140,2,2
2021-10-08T23:59:59+02:00,1923,1809,14052,13050,16854,15383,18483,18244,21572,21487,22881,21813,14737,15930,10133,12376,3092,5378,1559,1478,12991,12073,16122,14550,17874,17497,21084,20883,22476,21342,14514,15653,9985,12189,3019,5253,178612,171333,22844,22395,35614,34672,12140,2,2
2021-10-07T23:59:59+02:00,1902,1791,14003,13010,16816,15356,18453,18215,21545,21466,22864,21802,14732,15922,10126,12368,3091,5375,1526,1435,12926,11990,16071,14483,17830,17453,21049,20841,22457,21321,14501,15637,9976,12179,3018,5247,178265,170744,22844,22395,35614,34672,12127,2,2
2021-10-06T23:59:59+02:00,1894,1783,13961,12969,16811,15351,18450,18208,21542,21461,22857,21795,14729,15918,10124,12365,3090,5375,1510,1426,12891,11962,16066,14460,17822,17436,21037,20835,22452,21318,14500,15628,9974,12176,3018,5245,178118,170564,22841,22395,35614,34672,12123,2,2
2021-10-05T23:59:59+02:00,1881,1770,13929,12938,16779,15322,18423,18195,21522,21444,22850,21783,14717,15908,10120,12360,3089,5374,1494,1408,12830,11902,16016,14412,17783,17401,21013,20809,22432,21293,14487,15615,9973,12170,3016,5243,177918,170185,22839,22392,35614,34672,12046,2,2
2021-10-04T23:59:59+02:00,1868,1757,13908,12910,16763,15311,18412,18180,21513,21437,22842,21774,14713,15905,10117,12359,3089,5373,1488,1392,12786,11872,15987,14382,17770,17380,21001,20790,22428,21280,14482,15606,9972,12166,3014,5240,177775,169954,22839,22392,35614,34672,12016,2,2
2021-10-03T23:59:59+02:00,1867,1757,13906,12909,16762,15308,18412,18179,21511,21436,22841,21774,14713,15905,10117,12359,3089,5373,1488,1392,12785,11869,15982,14379,17769,17378,21000,20787,22428,21278,14482,15606,9970,12166,3014,5240,177764,169934,22839,22392,35614,34671,12014,2,2
2021-10-02T23:59:59+02:00,1867,1757,13905,12909,16762,15308,18412,18179,21511,21434,22840,21774,14713,15904,10117,12359,3088,5373,1488,1392,12785,11869,15982,14379,17769,17378,21000,20787,22428,21278,14482,15605,9970,12165,3014,5240,177758,169932,22839,22392,35614,34671,12014,2,2
2021-10-01T23:59:59+02:00,1859,1745,13870,12879,16724,15286,18389,18155,21489,21414,22825,21771,14709,15902,10113,12357,3087,5372,1476,1384,12752,11845,15950,14352,17746,17358,20978,20772,22413,21271,14478,15604,9968,12164,3013,5240,177547,169739,22838,22392,35614,34671,11960,2,2
2021-09-30T23:59:59+02:00,1841,1729,13801,12837,16661,15240,18354,18114,21462,21394,22802,21750,14694,15893,10110,12349,3085,5370,1456,1351,12673,11783,15889,14288,17719,17310,20939,20744,22381,21256,14458,15589,9963,12157,3012,5238,177199,169293,22838,22392,35614,34671,11848,2,2
2021-09-29T23:59:59+02:00,1831,1717,13749,12799,16621,15206,18325,18084,21438,21376,22788,21731,14688,15886,10106,12343,3083,5369,1443,1336,12630,11748,15854,14249,17695,17285,20923,20727,22374,21249,14457,15583,9961,12151,3011,5235,176912,169057,22838,22392,35614,34671,11789,2,2
2021-09-28T23:59:59+02:00,1822,1713,13737,12771,16616,15194,18312,18074,21430,21367,22783,21728,14686,15880,10102,12340,3080,5365,1414,1313,12594,11711,15834,14228,17680,17266,20908,20713,22368,21241,14455,15580,9961,12147,3009,5233,176773,168803,22838,22392,35614,34671,11787,2,2
2021-09-27T23:59:59+02:00,1814,1707,13720,12741,16603,15174,18301,18060,21416,21358,22779,21722,14684,15875,10099,12337,3078,5364,1402,1303,12582,11675,15810,14214,17669,17254,20904,20707,22362,21235,14450,15572,9960,12145,3008,5230,176610,168635,22838,22392,35614,34671,11782,2,2
2021-09-26T23:59:59+02:00,1805,1704,13704,12726,16593,15165,18293,18055,21410,21344,22769,21718,14683,15871,10096,12330,3075,5359,1401,1298,12570,11666,15803,14210,17665,17253,20902,20703,22360,21233,14449,15571,9958,12143,3007,5230,176480,168578,22838,22391,35614,34671,11780,2,2
2021-09-25T23:59:59+02:00,1805,1704,13704,12726,16593,15165,18293,18055,21410,21344,22769,21718,14683,15871,10096,12330,3075,5359,1401,1298,12570,11665,15803,14210,17665,17253,20902,20703,22360,21233,14449,15571,9958,12143,3007,5230,176480,168577,22838,22391,35614,34671,11780,2,2
2021-09-24T23:59:59+02:00,1794,1699,13667,12670,16558,15128,18268,18034,21388,21321,22751,21708,14679,15866,10094,12327,3075,5358,1385,1284,12540,11623,15773,14178,17644,17226,20882,20689,22344,21221,14441,15562,9952,12137,3006,5228,176241,168346,22837,22391,35614,34671,11705,2,2
2021-09-23T23:59:59+02:00,1770,1680,13609,12608,16507,15070,18226,17994,21350,21289,22730,21679,14671,15856,10091,12321,3074,5352,1376,1277,12503,11595,15750,14151,17624,17212,20858,20676,22329,21209,14432,15553,9945,12134,3005,5224,175798,168149,22837,22391,35614,34671,11640,2,2
2021-09-22T23:59:59+02:00,1757,1666,13554,12562,16479,15037,18208,17958,21340,21268,22717,21670,14659,15848,10087,12317,3070,5349,1372,1272,12465,11570,15725,14132,17605,17184,20849,20654,22319,21199,14423,15541,9942,12129,3005,5224,175474,167912,22836,22391,35614,34671,11634,2,2
2021-09-21T23:59:59+02:00,1751,1662,13517,12539,16446,15009,18190,17928,21327,21249,22710,21661,14656,15841,10080,12315,3069,5346,1368,1265,12436,11547,15708,14106,17589,17160,20837,20643,22313,21189,14421,15536,9941,12124,3004,5223,175298,167789,22836,22389,35614,34671,11559,2,2
2021-09-20T23:59:59+02:00,1744,1656,13497,12512,16429,14985,18170,17913,21313,21241,22708,21654,14650,15834,10077,12307,3069,5344,1365,1261,12425,11537,15703,14091,17580,17150,20832,20637,22313,21184,14416,15527,9939,12122,3004,5221,175164,167734,22821,22384,35613,34671,11516,2,2
2021-09-19T23:59:59+02:00,1741,1650,13479,12496,16404,14962,18155,17909,21306,21234,22699,21644,14641,15829,10074,12302,3067,5339,1364,1261,12419,11533,15687,14074,17568,17148,20827,20632,22306,21180,14408,15525,9937,12118,3003,5220,175079,167724,22821,22383,35612,34671,11430,2,2
2021-09-18T23:59:59+02:00,1741,1647,13469,12491,16399,14956,18150,17904,21305,21232,22697,21643,14641,15829,10074,12302,3067,5338,1287,1186,12279,11360,15611,13962,17511,17078,20782,20594,22282,21152,14397,15510,9927,12106,3003,5218,175039,166765,22821,22383,35612,34671,11424,2,2
2021-09-17T23:59:59+02:00,1698,1600,13359,12392,16340,14873,18092,17841,21262,21185,22668,21617,14630,15813,10066,12290,3065,5332,1280,1181,12231,11312,15572,13930,17457,17027,20768,20571,22266,21134,14393,15499,9922,12100,3002,5217,174432,166678,22718,22140,35612,34671,11371,2,2
2021-09-16T23:59:59+02:00,1664,1556,13270,12295,16286,14792,18033,17780,21219,21129,22638,21581,14615,15794,10050,12278,3062,5328,1271,1176,12203,11288,15557,13913,17436,17003,20763,20553,22258,21123,14391,15495,9918,12098,3002,5216,173721,166521,22717,22140,35612,34671,11330,2,2
2021-09-15T23:59:59+02:00,1643,1538,13220,12257,16251,14761,18011,17746,21197,21103,22628,21568,14607,15781,10040,12271,3058,5318,1269,1168,12176,11271,15529,13890,17421,16975,20748,20538,22247,21112,14383,15490,9914,12097,3002,5212,173424,166374,22717,22140,35612,34671,11255,2,2
2021-09-14T23:59:59+02:00,1631,1526,13174,12220,16227,14737,17987,17719,21188,21081,22613,21558,14601,15770,10030,12262,3057,5317,1258,1161,12146,11234,15509,13867,17398,16948,20734,20521,22238,21096,14372,15484,9907,12096,3002,5211,173172,166161,22716,22140,35612,34671,11208,2,2
2021-09-13T23:59:59+02:00,1616,1509,13112,12172,16190,14700,17954,17684,21169,21056,22593,21541,14593,15765,10025,12254,3055,5316,1250,1155,12109,11203,15485,13843,17383,16935,20722,20507,22218,21090,14369,15476,9904,12089,3000,5209,172852,165999,22716,22140,35611,34671,11135,2,2
2021-09-12T23:59:59+02:00,1616,1507,13111,12171,16187,14700,17953,17681,21167,21055,22592,21539,14593,15763,10022,12250,3055,5312,1250,1155,12106,11199,15483,13843,17382,16934,20722,20507,22218,21089,14368,15476,9904,12088,3000,5209,172825,165988,22716,22140,35611,34671,11132,2,2
2021-09-11T23:59:59+02:00,1616,1507,13111,12171,16187,14700,17952,17681,21167,21055,22592,21539,14593,15763,10022,12250,3055,5312,1250,1155,12106,11199,15483,13843,17381,16934,20722,20507,22218,21089,14368,15476,9904,12088,3000,5209,172825,165988,22716,22140,35611,34671,11131,2,2
2021-09-10T23:59:59+02:00,1584,1477,13063,12130,16146,14652,17919,17643,21134,21019,22565,21521,14585,15749,10018,12245,3054,5309,1249,1154,12100,11189,15472,13831,17372,16929,20711,20496,22212,21084,14363,15468,9902,12084,3000,5206,172441,165955,22716,22139,35611,34671,11055,2,2
2021-09-09T23:59:59+02:00,1540,1425,12954,12044,16072,14555,17865,17580,21087,20972,22529,21491,14562,15722,10007,12235,3052,5306,1233,1132,12059,11152,15443,13801,17351,16900,20694,20478,22190,21069,14357,15458,9897,12078,2997,5206,171710,165713,22714,22137,35611,34670,10973,2,2
2021-09-08T23:59:59+02:00,1521,1412,12914,11998,16049,14524,17838,17547,21066,20953,22515,21480,14557,15712,10003,12228,3052,5303,1217,1125,12021,11108,15419,13773,17326,16873,20673,20458,22171,21049,14345,15450,9888,12071,2995,5204,171489,165490,22714,22136,35611,34670,10868,2,2
2021-09-07T23:59:59+02:00,1489,1384,12834,11927,15972,14478,17793,17497,21035,20932,22493,21453,14545,15704,10003,12222,3050,5298,1208,1115,11972,11073,15371,13749,17297,16851,20650,20438,22158,21034,14332,15445,9888,12066,2994,5204,171048,165293,22710,22130,35611,34670,10750,2,2
2021-09-06T23:59:59+02:00,1475,1362,12807,11899,15951,14451,17785,17483,21021,20920,22484,21445,14538,15694,10003,12217,3049,5295,1207,1112,11964,11058,15368,13738,17293,16847,20648,20436,22152,21031,14329,15443,9888,12062,2994,5204,170819,165222,22709,22130,35611,34670,10750,2,2
2021-09-05T23:59:59+02:00,1475,1361,12807,11896,15950,14449,17781,17481,21021,20919,22482,21444,14538,15692,10000,12216,3049,5295,1207,1112,11962,11058,15367,13736,17291,16845,20646,20436,22151,21031,14329,15443,9888,12062,2994,5203,170800,165213,22709,22130,35611,34670,10746,2,2
2021-09-04T23:59:59+02:00,1475,1361,12807,11896,15950,14449,17781,17481,21021,20918,22482,21444,14538,15691,10000,12216,3049,5295,1207,1112,11962,11058,15367,13736,17291,16845,20646,20435,22151,21031,14329,15442,9888,12062,2994,5203,170800,165213,22709,22130,35611,34670,10744,2,2
2021-09-03T23:59:59+02:00,1452,1333,12744,11831,15916,14401,17743,17446,20989,20890,22459,21419,14523,15677,9994,12207,3046,5293,1160,1047,11860,10965,15318,13673,17262,16802,20617,20411,22129,21012,14316,15433,9883,12054,2993,5202,170426,164713,22709,22130,35611,34665,10627,2,2
2021-09-02T23:59:59+02:00,1442,1324,12693,11805,15869,14360,17717,17414,20960,20867,22439,21407,14515,15654,9985,12201,3044,5291,1150,1046,11829,10943,15290,13646,17239,16778,20597,20395,22118,21003,14313,15418,9879,12050,2992,5200,170193,164605,22709,22130,35611,34665,10484,2,2
2021-09-01T23:59:59+02:00,1435,1320,12663,11784,15855,14335,17710,17401,20957,20864,22434,21404,14513,15647,9983,12197,3043,5289,1145,1043,11818,10924,15282,13634,17230,16771,20593,20389,22114,20996,14311,15418,9878,12048,2992,5200,170045,164510,22709,22130,35611,34665,10479,2,2
2021-08-31T23:59:59+02:00,1422,1305,12609,11748,15826,14288,17686,17376,20932,20849,22412,21394,14506,15643,9982,12192,3042,5289,1141,1037,11770,10890,15252,13595,17203,16734,20570,20369,22089,20981,14306,15417,9873,12045,2991,5199,169871,164347,22709,22129,35611,34665,10319,2,2
2021-08-30T23:59:59+02:00,1415,1303,12596,11723,15808,14272,17672,17365,20910,20831,22403,21383,14499,15638,9978,12187,3042,5287,1129,1026,11734,10851,15221,13567,17191,16711,20547,20354,22081,20972,14300,15414,9869,12040,2991,5198,169802,164201,22709,22129,35611,34665,10199,2,2
2021-08-29T23:59:59+02:00,1415,1303,12594,11723,15805,14272,17671,17365,20910,20831,22403,21383,14499,15638,9978,12187,3042,5287,1128,1026,11733,10849,15217,13566,17191,16711,20545,20354,22081,20972,14300,15414,9869,12040,2991,5198,169798,164192,22709,22129,35611,34665,10197,2,2
2021-08-28T23:59:59+02:00,1415,1303,12594,11723,15805,14272,17671,17365,20910,20831,22403,21383,14499,15638,9978,12187,3042,5287,1128,1026,11732,10849,15217,13566,17190,16711,20545,20354,22081,20972,14300,15414,9869,12040,2991,5198,169798,164190,22709,22129,35611,34665,10197,2,2
2021-08-27T23:59:59+02:00,1414,1297,12569,11704,15781,14250,17651,17342,20890,20822,22387,21369,14493,15632,9974,12181,3041,5285,1125,1023,11716,10838,15195,13550,17175,16695,20528,20346,22066,20959,14294,15409,9863,12033,2990,5196,169728,164163,22709,22129,35611,34664,10043,2,2
2021-08-26T23:59:59+02:00,1410,1293,12532,11678,15747,14221,17624,17328,20863,20803,22373,21356,14484,15627,9970,12175,3040,5283,1113,1010,11653,10772,15137,13496,17134,16666,20496,20320,22049,20937,14280,15396,9855,12029,2987,5194,169646,163881,22709,22128,35611,34663,9850,2,2
2021-08-25T23:59:59+02:00,1405,1290,12516,11661,15728,14207,17611,17312,20855,20793,22368,21346,14482,15620,9969,12172,3039,5283,1096,996,11591,10710,15085,13454,17113,16635,20485,20303,22034,20926,14275,15389,9852,12027,2985,5191,169522,163530,22709,22128,35611,34663,9824,2,2
2021-08-24T23:59:59+02:00,1397,1281,12488,11639,15701,14172,17594,17295,20839,20779,22351,21333,14476,15608,9964,12163,3035,5281,1089,990,11558,10687,15051,13414,17087,16619,20464,20280,22009,20916,14267,15377,9846,12019,2984,5189,169420,163389,22709,22128,35611,34663,9664,2,2
2021-08-23T23:59:59+02:00,1395,1277,12460,11622,15670,14146,17561,17277,20809,20769,22335,21320,14460,15595,9961,12159,3034,5280,1075,984,11491,10630,14990,13361,17041,16590,20428,20256,21987,20898,14247,15366,9841,12012,2983,5187,169383,163139,22708,22127,35611,34663,9436,2,2
2021-08-22T23:59:59+02:00,1394,1277,12459,11620,15668,14145,17561,17277,20808,20767,22334,21320,14459,15595,9961,12159,3034,5280,1074,984,11491,10626,14988,13359,17040,16588,20427,20256,21987,20898,14246,15366,9841,12012,2983,5187,169373,163128,22708,22126,35611,34663,9434,2,2
2021-08-21T23:59:59+02:00,1315,1202,12299,11427,15589,14020,17498,17191,20766,20725,22301,21276,14449,15579,9953,12146,3033,5276,1044,958,11393,10536,14924,13306,17003,16545,20396,20231,21965,20868,14234,15354,9834,12001,2981,5183,168303,162541,22708,22119,35611,34663,9431,2,2
2021-08-20T23:59:59+02:00,1309,1202,12276,11400,15573,14005,17476,17172,20759,20715,22292,21269,14446,15571,9953,12143,3033,5276,1036,953,11285,10459,14832,13231,16902,16439,20335,20176,21930,20835,14222,15335,9826,11996,2980,5183,168300,162457,22540,21420,35611,34649,9427,2,2
2021-08-19T23:59:59+02:00,1305,1198,12211,11349,15476,13955,17399,17117,20707,20676,22255,21225,14428,15556,9944,12130,3032,5272,1024,940,11182,10362,14722,13157,16802,16362,20275,20128,21890,20782,14199,15320,9817,11983,2978,5176,168184,162122,22540,21420,35611,34648,8907,2,2
2021-08-18T23:59:59+02:00,1298,1196,12190,11335,15465,13944,17392,17107,20697,20665,22253,21217,14426,15551,9942,12129,3032,5272,1012,934,11141,10322,14692,13133,16771,16334,20260,20116,21880,20778,14192,15313,9816,11982,2978,5176,168066,161859,22540,21420,35611,34648,8901,2,2
2021-08-17T23:59:59+02:00,1290,1190,12159,11310,15436,13918,17371,17082,20678,20653,22244,21202,14419,15547,9934,12126,3031,5271,998,922,11045,10254,14639,13075,16727,16291,20228,20092,21858,20755,14185,15305,9809,11971,2975,5176,167914,161435,22540,21418,35611,34647,8803,2,2
2021-08-16T23:59:59+02:00,1287,1186,12135,11285,15416,13896,17354,17066,20653,20629,22225,21193,14409,15536,9932,12123,3029,5270,978,904,10976,10182,14578,13011,16687,16253,20191,20058,21834,20735,14168,15292,9804,11957,2970,5173,167851,161056,22540,21417,35611,34647,8629,2,2
2021-08-15T23:59:59+02:00,1286,1186,12132,11284,15414,13894,17353,17065,20652,20628,22223,21192,14409,15536,9932,12123,3029,5269,977,904,10974,10173,14567,13006,16684,16251,20188,20057,21834,20735,14168,15292,9804,11957,2970,5173,167835,161021,22540,21416,35611,34647,8628,2,2
2021-08-14T23:59:59+02:00,1286,1186,12132,11284,15414,13894,17353,17065,20652,20628,22223,21192,14409,15536,9932,12123,3029,5269,964,900,10939,10138,14541,12982,16668,16234,20182,20048,21829,20731,14168,15292,9804,11957,2969,5173,167835,160826,22540,21416,35611,34647,8628,2,2
2021-08-13T23:59:59+02:00,1218,1112,12038,11179,15376,13850,17321,17019,20623,20602,22197,21168,14401,15525,9925,12116,3028,5267,942,890,10867,10077,14498,12923,16627,16197,20165,20026,21811,20716,14162,15279,9800,11949,2968,5172,167283,160467,22540,21415,35611,34647,8538,2,2
2021-08-12T23:59:59+02:00,1215,1107,12016,11169,15348,13830,17297,16990,20600,20586,22174,21144,14390,15513,9917,12108,3028,5264,928,877,10792,10007,14441,12861,16575,16152,20136,20004,21779,20686,14149,15264,9790,11937,2966,5168,167200,160096,22539,21414,35611,34647,8353,2,2
2021-08-11T23:59:59+02:00,1203,1100,11994,11145,15334,13820,17281,16977,20591,20576,22168,21134,14382,15508,9908,12103,3027,5262,884,852,10683,9902,14360,12772,16539,16108,20102,19975,21755,20674,14136,15249,9778,11925,2964,5164,167017,159410,22539,21411,35611,34646,8353,2,2
2021-08-10T23:59:59+02:00,1203,1088,11970,11128,15310,13805,17261,16963,20574,20562,22151,21122,14371,15503,9906,12099,3027,5260,872,841,10629,9850,14312,12736,16502,16085,20076,19952,21731,20652,14123,15237,9775,11922,2964,5160,166933,159133,22539,21411,35611,34646,8227,2,2
2021-08-09T23:59:59+02:00,1199,1081,11939,11097,15290,13786,17245,16943,20562,20552,22133,21112,14360,15499,9902,12093,3027,5258,863,827,10577,9791,14269,12701,16468,16054,20059,19936,21713,20644,14110,15229,9767,11915,2964,5155,166813,158861,22539,21411,35611,34646,8122,2,2
2021-08-08T23:59:59+02:00,1196,1080,11935,11091,15287,13785,17241,16941,20559,20548,22131,21111,14360,15497,9901,12092,3027,5258,863,827,10573,9790,14266,12696,16464,16051,20058,19935,21710,20643,14108,15229,9766,11914,2964,5155,166775,158833,22539,21409,35611,34646,8122,2,2
2021-08-07T23:59:59+02:00,1196,1080,11933,11089,15285,13780,17240,16939,20558,20546,22130,21111,14360,15496,9901,12091,3027,5258,863,827,10572,9789,14265,12695,16464,16049,20057,19934,21710,20640,14107,15229,9766,11914,2964,5155,166755,158821,22539,21409,35611,34646,8122,2,2
2021-08-06T23:59:59+02:00,1194,1078,11915,11079,15256,13767,17215,16924,20538,20528,22119,21102,14357,15492,9899,12087,3027,5258,863,827,10554,9778,14231,12683,16439,16033,20037,19919,21699,20631,14104,15225,9764,11910,2964,5155,166742,158811,22539,21408,35611,34645,7950,2,2
2021-08-05T23:59:59+02:00,1185,1069,11873,11047,15222,13744,17189,16890,20508,20508,22088,21083,14344,15474,9894,12079,3023,5257,863,827,10527,9765,14201,12663,16421,16013,20007,19904,21674,20616,14093,15214,9759,11905,2961,5154,166600,158782,22539,21406,35611,34644,7733,2,2
2021-08-04T23:59:59+02:00,1172,1060,11844,11015,15209,13727,17175,16877,20497,20496,22077,21070,14337,15469,9890,12077,3022,5256,862,827,10517,9748,14187,12654,16406,16006,19996,19896,21668,20614,14091,15213,9758,11905,2960,5153,166396,158706,22537,21376,35610,34644,7733,2,2
2021-08-03T23:59:59+02:00,1166,1055,11801,10981,15172,13702,17150,16845,20476,20476,22057,21048,14324,15451,9886,12074,3021,5255,861,822,10479,9728,14155,12637,16386,15986,19979,19884,21651,20601,14083,15195,9754,11903,2960,5153,166263,158663,22537,21374,35610,34642,7536,2,2
2021-08-02T23:59:59+02:00,1163,1053,11782,10964,15152,13680,17134,16826,20458,20466,22048,21038,14313,15440,9880,12072,3021,5253,861,821,10459,9713,14136,12614,16370,15967,19959,19876,21643,20590,14074,15183,9748,11901,2960,5151,166213,158621,22537,21373,35610,34641,7389,2,2
2021-08-01T23:59:59+02:00,1163,1053,11781,10960,15152,13680,17133,16825,20458,20465,22046,21038,14313,15439,9880,12072,3021,5252,861,821,10457,9712,14130,12613,16367,15967,19959,19875,21642,20589,14074,15183,9748,11901,2960,5151,166202,158608,22536,21371,35610,34640,7389,2,2
2021-07-31T23:59:59+02:00,1163,1053,11781,10960,15152,13680,17133,16825,20458,20465,22046,21038,14313,15439,9880,12072,3021,5252,861,821,10457,9711,14126,12610,16367,15967,19959,19873,21642,20589,14074,15183,9748,11901,2960,5151,166202,158599,22536,21370,35610,34640,7389,2,2
2021-07-30T23:59:59+02:00,1163,1053,11748,10946,15118,13657,17098,16797,20431,20446,22009,21019,14296,15431,9874,12064,3020,5251,861,819,10424,9699,14092,12586,16332,15939,19932,19854,21605,20569,14056,15175,9742,11893,2959,5150,166199,158595,22536,21370,35610,34638,7082,2,2
2021-07-29T23:59:59+02:00,1151,1045,11716,10917,15094,13634,17088,16784,20423,20435,22000,21013,14293,15430,9871,12062,3017,5250,860,817,10419,9690,14072,12578,16321,15931,19929,19852,21600,20568,14054,15172,9742,11893,2959,5150,166007,158523,22536,21368,35610,34638,7076,2,2
2021-07-28T23:59:59+02:00,1136,1039,11681,10872,15066,13603,17069,16765,20415,20422,21991,21006,14289,15428,9868,12060,3016,5249,859,816,10408,9680,14053,12562,16310,15921,19921,19848,21597,20566,14053,15170,9742,11892,2959,5150,165783,158449,22535,21367,35610,34636,7053,2,2
2021-07-27T23:59:59+02:00,1133,1038,11658,10857,15042,13584,17050,16756,20402,20403,21973,20987,14281,15414,9861,12056,3015,5247,858,816,10383,9670,14026,12537,16292,15912,19907,19829,21580,20545,14045,15158,9735,11888,2958,5149,165757,158422,22535,21367,35610,34636,6861,2,2
2021-07-26T23:59:59+02:00,1127,1026,11603,10796,14998,13547,17024,16734,20367,20372,21944,20971,14264,15405,9854,12048,3015,5246,858,814,10344,9644,13992,12507,16267,15895,19869,19794,21530,20516,14028,15148,9727,11879,2958,5148,165588,158359,22534,21366,35610,34576,6615,2,2
2021-07-25T23:59:59+02:00,1126,1025,11601,10792,14994,13546,17023,16733,20366,20372,21944,20971,14263,15405,9854,12048,3015,5246,858,814,10341,9632,13986,12500,16263,15893,19867,19794,21530,20516,14028,15148,9727,11879,2958,5147,165574,158325,22531,21363,35610,34576,6615,2,2
2021-07-24T23:59:59+02:00,1126,1025,11598,10789,14992,13545,17023,16732,20364,20370,21944,20970,14263,15405,9854,12048,3015,5246,858,814,10221,9522,13817,12358,15841,15528,19718,19671,21512,20490,14014,15133,9720,11871,2958,5146,165566,158303,22526,19698,35610,34576,6613,2,2
2021-07-23T23:59:59+02:00,1102,1012,11484,10717,14910,13486,16970,16677,20322,20317,21906,20932,14247,15385,9844,12040,3013,5245,785,744,8472,8148,12419,11248,15350,15090,19425,19347,21297,20298,13936,15049,9663,11821,2953,5142,165149,150641,22526,19698,35610,34519,6327,2,2
2021-07-22T23:59:59+02:00,1080,1005,11417,10649,14854,13438,16932,16651,20302,20286,21889,20907,14222,15370,9827,12030,3011,5242,706,670,7946,7674,11800,10748,14633,14487,19230,19174,21139,20121,13857,14963,9631,11772,2944,5130,164795,146239,22526,19696,35610,34506,6182,2,2
2021-07-21T23:59:59+02:00,1067,996,11372,10599,14816,13405,16901,16622,20284,20269,21871,20896,14211,15365,9825,12022,3009,5240,706,670,7942,7666,11788,10738,14627,14485,19223,19173,21084,20084,13854,14961,9631,11771,2943,5128,164458,146202,22526,19689,35610,34404,6177,2,2
2021-07-20T23:59:59+02:00,1054,981,11321,10560,14786,13377,16869,16604,20259,20249,21847,20878,14200,15352,9823,12016,3008,5239,706,670,7931,7660,11774,10730,14621,14478,19213,19169,21077,20080,13853,14959,9631,11771,2943,5128,164151,146170,22526,19689,35610,34396,6137,2,2
2021-07-19T23:59:59+02:00,1041,965,11271,10510,14757,13343,16847,16585,20240,20229,21834,20870,14194,15348,9819,12007,3006,5235,706,670,7926,7657,11768,10726,14616,14477,19210,19169,21063,20064,13851,14958,9630,11769,2943,5128,163832,146143,22526,19687,35610,34365,6134,2,2
2021-07-18T23:59:59+02:00,1041,965,11270,10510,14757,13341,16845,16583,20240,20228,21834,20870,14193,15348,9819,12007,3006,5235,706,670,7923,7653,11759,10719,14612,14474,19209,19168,21052,20059,13851,14958,9630,11769,2943,5128,163823,146115,22526,19686,35610,34346,6134,2,2
2021-07-17T23:59:59+02:00,1039,965,11224,10482,14697,13297,16807,16554,20204,20214,21808,20847,14182,15335,9816,12004,3006,5234,706,670,7848,7594,11615,10589,14418,14307,18782,18848,20853,19885,13823,14917,9615,11746,2940,5122,163794,146107,22518,18028,35609,34346,5795,2,2
2021-07-16T23:59:59+02:00,1018,948,11028,10343,14593,13199,16706,16477,20127,20149,21756,20799,14155,15310,9801,11997,3002,5229,691,649,7574,7394,10687,9959,13953,13996,18555,18652,19991,19226,13656,14703,9506,11614,2924,5098,163470,142671,21979,18018,35609,32558,5579,2,2
2021-07-15T23:59:59+02:00,994,932,10971,10280,14555,13168,16680,16456,20112,20132,21746,20790,14150,15306,9796,11993,3002,5225,686,642,7144,7024,8460,8223,13493,13603,18494,18595,19850,19089,13523,14561,9453,11551,2923,5088,163130,136295,21978,18014,35609,32520,5571,2,2
2021-07-14T23:59:59+02:00,968,914,10895,10194,14489,13106,16641,16412,20075,20096,21720,20768,14138,15294,9783,11978,2998,5223,643,602,6598,6575,7371,7361,12921,13153,18396,18501,19742,19000,13493,14524,9436,11534,2921,5085,162638,131921,21978,18010,35609,32456,5467,2,2
2021-07-13T23:59:59+02:00,949,893,10814,10122,14443,13062,16614,16381,20051,20074,21709,20755,14131,15283,9780,11971,2996,5221,643,602,6347,6297,6909,6974,12607,12885,18379,18479,19697,18963,13380,14415,9433,11530,2921,5082,162202,131876,21975,15750,35609,32452,5463,2,2
2021-07-12T23:59:59+02:00,929,881,10761,10072,14396,13017,16572,16351,20036,20062,21702,20749,14129,15278,9776,11967,2996,5218,634,596,6208,6202,6750,6853,12311,12640,17683,17912,19599,18883,13346,14390,9416,11508,2921,5078,161905,129331,21975,15746,35609,32448,5403,2,2
2021-07-11T23:59:59+02:00,929,881,10760,10070,14394,13016,16571,16351,20035,20062,21702,20749,14129,15278,9776,11967,2996,5218,634,596,6204,6198,6747,6850,12310,12640,17683,17912,19598,18882,13346,14390,9416,11507,2920,5076,161902,129322,21975,15746,35609,32441,5398,2,2
2021-07-10T23:59:59+02:00,926,876,10753,10057,14387,13009,16564,16351,20033,20055,21696,20744,14129,15277,9776,11967,2996,5218,634,595,6197,6190,6737,6845,12307,12636,17682,17907,19593,18879,13345,14390,9416,11507,2920,5076,161835,129272,21975,15746,35609,32441,5395,2,2
2021-07-09T23:59:59+02:00,912,860,10703,10014,14353,12981,16528,16321,19998,20032,21668,20722,14110,15262,9761,11959,2995,5215,24,17,5388,5457,6605,6745,12147,12531,17450,17801,19387,18746,13282,14317,9389,11488,2917,5073,161651,126367,21974,15746,35609,31489,5160,2,2
2021-07-08T23:59:59+02:00,910,860,10644,9971,14266,12927,16464,16271,19947,19985,21640,20698,14097,15245,9755,11946,2994,5209,16,11,5257,5347,6390,6569,11708,12189,16940,17428,19127,18559,13219,14233,9363,11452,2911,5061,161634,124440,21973,15743,35609,30982,4613,2,2
2021-07-07T23:59:59+02:00,909,860,10641,9964,14262,12923,16462,16269,19947,19982,21639,20697,14097,15245,9755,11946,2994,5209,13,10,5116,5164,5916,6157,10503,11205,16886,17362,19073,18514,13202,14211,9354,11449,2907,5051,161617,120766,21970,15741,35609,30979,4605,2,2
2021-07-06T23:59:59+02:00,909,860,10639,9963,14258,12921,16460,16269,19947,19982,21639,20696,14097,15244,9755,11946,2994,5209,13,10,5097,5158,5909,6150,10503,11205,16884,17362,19071,18514,13202,14209,9354,11449,2907,5051,161612,120744,21966,15738,35609,30963,4601,2,2
2021-07-05T23:59:59+02:00,909,860,10633,9958,14240,12919,16450,16267,19946,19982,21637,20696,14097,15244,9755,11946,2994,5209,13,10,5088,5155,5890,6148,10493,11202,16881,17362,19069,18513,13202,14209,9354,11449,2906,5051,161602,120737,21966,15735,35609,30956,4565,2,2
2021-07-04T23:59:59+02:00,909,860,10623,9949,14239,12915,16449,16267,19945,19981,21636,20695,14097,15244,9755,11945,2993,5208,13,10,5055,5114,5804,6070,10366,11088,16874,17359,19068,18508,13197,14207,9352,11444,2903,5049,161595,120257,21965,15734,35609,30947,4541,2,2
2021-07-03T23:59:59+02:00,828,791,8697,8410,12773,11755,15978,15809,19659,19681,21467,20530,14023,15168,9701,11899,2987,5204,7,8,4946,4985,5531,5814,10128,10872,16730,17217,18878,18357,13172,14173,9342,11434,2901,5047,153258,118699,21965,15734,35609,30579,4528,2,2
2021-07-02T23:59:59+02:00,828,789,8695,8404,12766,11751,15975,15808,19657,19681,21467,20530,14022,15167,9701,11898,2986,5203,6,7,4089,4132,4890,5164,9148,9879,16359,16741,18395,17818,12823,13851,9282,11358,2899,5038,153238,114175,21963,15734,35608,27449,4519,2,2
2021-07-01T23:59:59+02:00,808,770,8488,8238,12684,11674,15941,15776,19645,19667,21456,20513,14018,15163,9696,11890,2983,5197,1,1,2267,2440,4456,4789,8652,9446,15731,16199,17843,17379,12765,13785,9252,11302,2884,5008,152545,106570,21963,15731,35608,27407,4491,2,1
2021-06-30T23:59:59+02:00,753,720,8242,8053,12510,11521,15826,15681,19579,19600,21417,20466,13999,15137,9683,11877,2982,5192,0,1,2209,2404,4365,4672,8546,9347,15533,16060,17107,16877,12112,13139,9193,11233,2877,5002,151193,106507,21961,15730,35607,23962,4477,2,1
2021-06-29T23:59:59+02:00,753,720,8234,8046,12506,11513,15822,15681,19577,19600,21417,20466,13999,15137,9683,11877,2982,5192,0,1,2186,2392,4342,4631,8522,9301,15497,16001,17031,16792,11758,12801,9165,11199,2874,4994,151177,106491,21958,15727,35606,22804,4464,2,1
2021-06-28T23:59:59+02:00,753,720,8230,8042,12497,11506,15817,15680,19577,19600,21417,20466,13998,15137,9683,11877,2982,5192,0,1,2178,2366,4294,4516,8447,9139,15376,15722,16864,16521,11450,12497,9142,11172,2873,4990,151157,106479,21957,15727,35606,20887,4454,2,1
2021-06-27T23:59:59+02:00,753,720,8227,8036,12493,11502,15814,15679,19574,19600,21417,20466,13998,15137,9683,11876,2982,5192,0,1,2168,2362,4285,4514,8265,8983,15355,15706,16862,16516,11445,12496,9141,11170,2873,4990,151145,106079,21955,15726,35606,20883,4443,2,1
2021-06-26T23:59:59+02:00,745,716,8015,7826,12016,11096,14698,14687,19324,19400,21314,20346,13955,15086,9670,11847,2979,5189,0,1,2128,2320,4229,4459,8167,8874,15094,15447,16800,16469,11427,12477,9129,11165,2873,4988,148663,105015,20198,15705,35605,20883,4443,2,1
2021-06-25T23:59:59+02:00,726,698,7988,7802,12001,11085,14698,14680,19317,19395,21310,20345,13955,15086,9669,11845,2979,5189,0,0,1997,2142,3939,4153,6642,7439,12432,13251,16724,16381,11399,12448,9118,11141,2867,4973,148522,96129,20198,15624,35605,20849,4443,2,1
2021-06-24T23:59:59+02:00,714,681,7503,7390,10918,10181,14166,14244,19246,19334,21262,20302,13933,15057,9656,11832,2978,5186,0,0,1929,2074,3578,3813,5875,6766,12184,13040,16478,16173,11295,12321,9028,11014,2856,4939,144352,94891,20195,13239,35604,20800,4432,2,1
2021-06-23T23:59:59+02:00,714,681,7501,7385,10912,10177,14165,14243,19246,19333,21262,20301,13933,15057,9656,11832,2978,5186,0,0,1785,1909,3093,3414,4524,5595,11881,12773,16357,16056,11249,12281,9015,10987,2855,4932,144336,90260,20192,13238,35603,20776,4431,2,1
2021-06-22T23:59:59+02:00,714,681,7452,7356,10839,10128,14140,14217,19229,19318,21251,20294,13927,15047,9653,11829,2978,5186,0,0,1735,1878,3011,3360,4485,5562,11852,12734,16289,16005,11041,12090,8763,10686,2845,4901,144322,90241,20192,13232,35601,19639,4124,2,1
2021-06-21T23:59:59+02:00,712,681,7320,7288,10709,10029,13858,13965,18476,18700,21161,20217,13892,15015,9634,11804,2978,5183,0,0,1690,1853,2968,3323,4455,5532,11805,12700,16272,15988,11032,12079,8756,10678,2844,4900,141928,90115,20189,13229,35601,19626,3904,2,1
2021-06-20T23:59:59+02:00,712,681,7320,7283,10704,10026,13857,13965,18476,18700,21161,20217,13892,15015,9634,11804,2978,5183,0,0,1662,1824,2920,3307,4390,5493,11743,12667,16210,15928,11013,12063,8753,10669,2840,4897,141915,89634,20188,13224,35601,19616,3904,2,1
2021-06-19T23:59:59+02:00,712,680,7286,7246,10598,9937,13675,13807,18060,18363,20975,20044,13874,14988,9622,11784,2975,5177,0,0,1631,1789,2881,3259,4310,5422,11407,12377,16172,15890,11004,12052,8751,10664,2838,4895,141872,88627,18426,13195,35601,19615,3904,2,1
2021-06-18T23:59:59+02:00,15,13,6479,6513,10590,9936,13674,13805,18058,18360,20975,20044,13874,14987,9622,11783,2974,5175,0,0,1500,1678,2642,3102,3679,4791,10263,11231,15960,15734,10962,12012,8728,10643,2824,4866,138956,83965,18425,13193,35601,19561,3895,2,1
2021-06-17T23:59:59+02:00,13,12,6408,6445,10473,9831,13349,13502,17670,18037,20863,19946,13855,14949,9610,11769,2966,5169,0,0,1419,1560,2486,2953,3323,4453,8652,9869,15445,15301,10786,11832,8672,10565,2807,4838,137062,78483,18425,13187,35600,19510,3780,2,1
2021-06-16T23:59:59+02:00,13,12,6401,6438,10462,9827,13347,13500,17667,18036,20862,19945,13855,14949,9609,11768,2966,5169,0,0,1366,1514,2383,2875,3139,4274,7561,8928,14945,14914,10704,11721,8636,10518,2796,4822,137028,74652,18422,13183,35600,19484,3776,2,1
2021-06-15T23:59:59+02:00,13,12,6369,6419,10421,9796,13317,13484,17647,18016,20849,19931,13846,14941,9606,11762,2963,5166,0,0,1284,1456,2255,2772,3022,4188,6637,8193,14744,14747,10680,11692,8623,10496,2787,4815,137013,74641,18421,10760,35598,19464,3525,2,1
2021-06-14T23:59:59+02:00,13,12,6350,6400,10386,9770,13296,13464,17630,17998,20830,19920,13835,14932,9603,11760,2963,5162,0,0,1258,1440,2219,2745,3000,4167,6621,8173,14723,14737,10668,11683,8620,10495,2786,4811,136994,74632,18420,10760,35598,19443,3310,2,1
2021-06-13T23:59:59+02:00,13,12,6349,6400,10383,9768,13296,13460,17630,17998,20830,19920,13834,14932,9603,11760,2963,5162,0,0,1254,1434,2215,2736,2990,4157,6604,8156,14623,14672,10655,11660,8614,10483,2783,4811,136985,74340,18420,10760,35598,19438,3308,2,1
2021-06-12T23:59:59+02:00,10,10,5566,5640,10338,9729,13262,13435,17602,17976,20804,19889,13752,14859,9603,11757,2962,5162,0,0,1246,1416,2202,2719,2970,4131,6530,8072,14451,14535,10426,11375,8132,9945,2781,4810,135028,73835,18420,10760,35598,17837,3308,2,1
2021-06-11T23:59:59+02:00,9,10,5562,5633,10328,9722,13247,13423,17595,17971,20800,19887,13752,14858,9603,11755,2962,5162,0,0,1171,1332,2083,2560,2799,3876,5021,6737,12731,13154,10286,11228,8046,9840,2774,4794,134954,66539,18420,10759,35598,17828,3305,2,1
2021-06-10T23:59:59+02:00,3,4,4568,4689,10160,9595,13133,13338,17340,17736,20559,19704,13742,14847,9597,11745,2959,5159,0,0,1115,1271,1968,2454,2635,3699,4413,6098,11565,12164,9985,10903,7961,9755,2762,4769,131635,61707,18416,10758,35598,17823,3228,1,1
2021-06-09T23:59:59+02:00,3,4,3983,4096,9956,9447,13044,13266,17029,17469,20333,19522,13727,14834,9592,11739,2958,5154,0,0,1042,1227,1868,2384,2541,3586,4086,5794,11142,11839,9857,10745,7915,9689,2751,4760,129285,61628,18403,8912,35598,17816,2869,1,1
2021-06-08T23:59:59+02:00,3,4,3971,4089,9943,9436,13032,13259,17022,17460,20325,19520,13725,14831,9591,11736,2957,5152,0,0,996,1218,1845,2369,2514,3572,4060,5774,11131,11836,9854,10740,7914,9687,2750,4758,129268,61511,18400,8905,35597,17811,2790,1,1
2021-06-07T23:59:59+02:00,3,4,3957,4080,9910,9424,13022,13240,16999,17448,20309,19509,13721,14827,9588,11732,2955,5150,0,0,985,1210,1810,2356,2504,3553,4036,5760,11113,11822,9851,10734,7911,9684,2748,4756,129254,61500,18398,8902,35595,17800,2630,1,1
2021-06-06T23:59:59+02:00,3,4,3953,4076,9904,9419,13020,13240,16996,17447,20308,19507,13719,14826,9588,11732,2955,5150,0,0,982,1207,1798,2354,2498,3544,4022,5753,10985,11678,9840,10727,7910,9684,2748,4756,129238,61175,18397,8901,35593,17791,2618,1,1
2021-06-05T23:59:59+02:00,2,1,3658,3777,7404,7415,12781,13054,16967,17418,20264,19466,13603,14682,9513,11640,2951,5138,0,0,905,1135,1636,2253,2332,3463,3795,5612,10082,10837,9454,10271,7797,9528,2740,4736,123256,57894,18397,8901,35593,17293,2487,1,1
2021-06-04T23:59:59+02:00,2,1,3592,3721,7252,7300,12312,12657,16828,17305,20029,19230,13484,14537,9455,11561,2937,5121,0,0,879,1070,1606,2148,2293,3296,3719,5354,9441,10157,8607,9249,7521,9124,2736,4725,120853,56417,18397,8899,35593,14128,2480,1,1
2021-06-03T23:59:59+02:00,2,1,3182,3333,7225,7285,12185,12539,16796,17263,19941,19164,13472,14520,9453,11558,2936,5120,0,0,851,1001,1560,2024,2212,3096,3530,4973,8864,9539,7845,8377,7047,8508,2733,4717,119621,54786,18394,8897,35589,10823,2370,1,1
2021-06-02T23:59:59+02:00,0,1,2796,3017,6070,6347,11879,12303,16736,17212,19819,19058,13409,14464,9431,11537,2934,5112,0,0,836,966,1494,2000,2098,3058,3359,4871,7498,8456,7765,8298,7031,8480,2730,4712,115882,51675,18393,8897,35589,10819,2260,1,1
2021-06-01T23:59:59+02:00,0,1,2511,2715,5584,5915,11554,12019,16712,17189,19768,19021,13286,14341,9424,11533,2933,5109,0,0,819,959,1478,1990,2077,3045,3333,4852,7199,8132,7726,8264,7021,8465,2729,4712,115860,50990,16041,8877,35589,10809,2124,1,1
2021-05-31T23:59:59+02:00,0,1,2496,2711,5564,5907,11526,11997,16676,17177,19727,18999,13283,14337,9420,11531,2933,5107,0,0,803,952,1459,1980,2046,3025,3297,4838,7158,8110,7722,8259,7017,8463,2729,4710,115847,50976,16037,8871,35588,10801,1919,1,1
2021-05-30T23:59:59+02:00,0,1,2493,2709,5561,5903,11525,11996,16673,17176,19725,18998,13283,14337,9420,11531,2933,5107,0,0,802,948,1453,1977,2043,3023,3295,4836,7157,8110,7722,8259,7017,8462,2729,4710,115831,50968,16037,8871,35585,10786,1917,1,1
2021-05-29T23:59:59+02:00,0,1,2479,2695,5396,5749,11458,11938,16665,17170,19718,18997,13282,14335,9418,11531,2933,5107,0,0,765,898,1340,1882,1764,2769,2889,4412,6872,7838,7538,8034,6841,8234,2726,4704,115332,50320,16037,8871,35585,8397,1917,1,1
2021-05-28T23:59:59+02:00,0,1,2346,2568,4976,5356,10767,11319,16599,17108,19692,18968,13273,14321,9399,11502,2931,5098,0,0,744,875,1280,1827,1675,2698,2756,4307,5287,6142,7373,7838,6799,8178,2723,4694,112689,46025,16037,8871,35585,8387,1912,1,1
2021-05-27T23:59:59+02:00,0,1,2326,2547,4925,5289,10099,10748,16558,17076,19677,18957,13263,14311,9397,11500,2931,5098,0,0,691,783,1174,1753,1464,2557,2382,4001,4405,5230,7136,7529,6707,8061,2706,4675,111297,42234,16033,8865,35583,8365,1789,1,1
2021-05-26T23:59:59+02:00,0,1,2288,2485,4753,5109,9664,10386,16506,17022,19609,18903,13249,14292,9386,11498,2927,5085,0,0,675,739,1124,1720,1375,2477,2173,3829,4276,5093,6973,7315,6627,7962,2694,4661,109883,40831,16029,8864,35583,8350,1667,1,1
2021-05-25T23:59:59+02:00,0,1,2285,2477,4723,5092,9638,10360,16481,17004,19595,18896,13244,14290,9383,11495,2927,5085,0,0,668,726,1079,1702,1322,2432,2103,3769,3735,4514,6671,6972,6593,7925,2693,4659,109877,40823,16027,6909,35582,8341,1489,1,1
2021-05-24T23:59:59+02:00,0,1,2276,2470,4711,5086,9629,10354,16454,16983,19569,18871,13234,14279,9380,11485,2926,5081,0,0,658,721,1067,1695,1312,2425,2078,3749,3709,4489,6659,6961,6590,7915,2692,4655,109869,40815,16024,6909,35582,8337,1313,1,1
2021-05-23T23:59:59+02:00,0,1,2260,2439,4622,5012,9495,10232,16451,16982,19569,18870,13232,14277,9377,11481,2924,5080,0,0,657,718,1065,1694,1311,2425,2078,3749,3709,4487,6658,6961,6590,7915,2692,4655,109385,40808,16024,6908,35581,8334,1313,1,1
2021-05-22T23:59:59+02:00,0,1,2240,2420,4613,4995,9415,10151,16428,16968,19517,18827,13204,14247,9374,11475,2924,5079,0,0,656,716,1064,1691,1309,2422,2075,3744,3693,4473,5825,6062,6518,7834,2684,4650,108959,38860,16024,6908,35581,8334,1313,1,1
2021-05-21T23:59:59+02:00,0,1,2206,2387,4503,4908,9215,9974,16400,16935,19502,18820,13194,14238,9372,11473,2919,5068,0,0,645,689,1027,1624,1259,2299,1988,3564,3347,4038,4060,3953,6474,7768,2679,4635,108213,34848,16024,6908,35577,6992,1300,1,1
2021-05-20T23:59:59+02:00,0,1,2177,2346,4419,4847,8992,9744,16350,16883,19449,18768,13164,14204,9354,11456,2918,5063,0,0,589,583,902,1311,1087,1892,1767,3028,2788,3356,3222,2995,6427,7717,2675,4630,107355,33011,16020,6907,35568,3859,1191,1,1
2021-05-19T23:59:59+02:00,0,1,2017,2176,3920,4427,7610,8553,16077,16636,19326,18644,13116,14157,9344,11430,2916,5060,0,0,574,547,866,1255,1058,1842,1741,2974,2738,3312,3214,2983,6423,7714,2675,4629,102739,32987,16017,6905,35566,3565,1087,1,1
2021-05-18T23:59:59+02:00,0,1,1969,2124,3613,4138,6947,7953,15928,16520,19242,18561,13082,14123,9288,11356,2910,5046,0,0,567,543,859,1253,1049,1833,1711,2958,2729,3293,3209,2978,6419,7710,2675,4629,102718,32981,13544,6900,35562,3557,976,1,1
2021-05-17T23:59:59+02:00,0,1,1961,2116,3593,4124,6902,7929,15900,16502,19221,18542,13072,14101,9286,11355,2910,5046,0,0,559,536,839,1237,1006,1809,1683,2940,2706,3272,3197,2959,6419,7709,2675,4629,102710,32975,13541,6899,35560,3551,749,1,1
2021-05-16T23:59:59+02:00,0,1,1956,2113,3586,4119,6715,7764,15877,16483,19217,18537,13066,14100,9285,11354,2910,5046,0,0,559,536,838,1234,1005,1808,1683,2939,2704,3272,3197,2959,6419,7709,2675,4629,102285,32972,13539,6899,35556,3546,748,1,1
2021-05-15T23:59:59+02:00,0,1,1928,2077,3546,4081,6629,7661,15607,16215,19161,18495,13046,14081,9276,11349,2910,5044,0,0,559,536,838,1233,1005,1808,1681,2938,2704,3272,3196,2959,6418,7709,2675,4629,101263,32968,13539,6899,35556,3544,748,1,1
2021-05-14T23:59:59+02:00,0,1,1819,1932,3298,3832,5040,6181,12951,14016,19096,18409,13021,14051,9269,11336,2907,5038,0,0,559,535,834,1233,1005,1808,1680,2937,2698,3270,3191,2953,6415,7707,2675,4628,92367,32950,13539,6897,35554,3544,736,1,1
2021-05-13T23:59:59+02:00,0,1,1793,1884,3259,3782,4928,6079,12745,13832,18936,18281,12945,13956,9236,11285,2907,5037,0,0,553,532,827,1224,995,1795,1661,2918,2591,3177,2528,2145,4959,5906,2665,4609,91151,29932,13448,4875,35552,3543,734,1,1
2021-05-12T23:59:59+02:00,0,1,1793,1884,3257,3781,4928,6079,12745,13832,18935,18281,12944,13955,9236,11285,2907,5037,0,0,553,532,827,1224,994,1795,1661,2917,2588,3175,2528,2144,4959,5904,2665,4609,91146,29927,13448,4870,35551,3543,734,1,1
2021-05-11T23:59:59+02:00,0,1,1748,1839,3165,3704,4837,6012,11810,13100,18741,18122,12929,13934,9229,11271,2901,5033,0,0,552,530,824,1219,993,1794,1660,2916,2578,3170,2527,2142,4957,5903,2664,4609,91131,29916,10975,4858,35543,3537,726,1,1
2021-05-10T23:59:59+02:00,0,1,1731,1836,3158,3701,4831,6008,11809,13099,18740,18122,12929,13934,9229,11271,2901,5033,0,0,551,528,824,1219,992,1794,1659,2916,2578,3170,2526,2141,4957,5903,2664,4609,91118,29915,10970,4857,35518,3532,726,1,1
2021-05-09T23:59:59+02:00,0,1,1695,1789,3104,3686,4761,5973,11742,13078,18677,18062,12909,13915,9226,11261,2899,5031,0,0,549,525,814,1218,984,1788,1646,2913,2574,3169,2526,2139,4956,5902,2664,4608,90645,29910,10966,4856,35511,3522,686,1,1
2021-05-08T23:59:59+02:00,0,1,1662,1755,3068,3637,4684,5902,11405,12776,18644,18028,12902,13908,9225,11259,2897,5031,0,0,537,524,807,1218,973,1788,1638,2913,2558,3158,2525,2139,4956,5901,2663,4607,89620,29906,10966,4856,35511,3456,686,1,1
2021-05-07T23:59:59+02:00,0,1,1519,1633,2817,3466,4011,5240,10195,11582,18443,17877,12863,13874,9205,11242,2889,5024,0,0,445,374,684,990,827,1471,1493,2497,2389,2800,2516,2129,4952,5897,2660,4604,84849,29900,10965,4856,35499,1404,567,1,1
2021-05-06T23:59:59+02:00,0,1,1456,1464,2683,3334,3684,4929,8482,10100,17925,17452,12695,13706,9158,11170,2886,5016,0,0,327,317,579,889,691,1381,1245,2283,2174,2604,2464,2097,4950,5890,2660,4603,79305,29877,10964,4855,35482,32,389,1,1
2021-05-05T23:59:59+02:00,0,1,1400,1389,2596,3262,3508,4754,7327,9082,17417,17053,12608,13593,9126,11125,2877,5001,0,0,327,317,577,888,690,1379,1198,2230,2162,2596,2460,2095,4949,5886,2660,4599,75425,29865,10958,4854,35473,31,262,1,1
2021-05-04T23:59:59+02:00,0,1,1387,1387,2589,3254,3506,4754,7325,9081,17416,17052,12608,13593,9126,11125,2877,5001,0,0,327,316,576,887,688,1379,1198,2230,2162,2596,2459,2094,4949,5886,2660,4598,75415,29860,10946,4854,35459,29,261,1,1
2021-05-03T23:59:59+02:00,0,1,1385,1382,2580,3248,3503,4748,7247,9021,17402,17044,12604,13591,9126,11125,2876,5000,0,0,324,311,572,882,685,1374,1120,2170,2148,2588,2455,2092,4949,5886,2659,4597,75406,29858,10946,4854,35458,27,72,1,1
2021-05-02T23:59:59+02:00,0,1,1377,1378,2577,3242,3490,4739,7227,9001,17297,16976,12591,13566,9120,11114,2873,5000,0,0,322,310,571,881,685,1374,1120,2169,2146,2588,2455,2092,4948,5884,2659,4597,75097,29852,10945,4853,35457,26,69,1,1
2021-05-01T23:59:59+02:00,0,1,1373,1372,2568,3232,3480,4721,7168,8940,17154,16859,12566,13542,9108,11108,2873,5000,0,0,322,310,571,881,685,1374,1120,2169,2146,2588,2455,2092,4946,5884,2658,4595,74594,29847,10944,4853,35457,26,69,1,1
2021-04-30T23:59:59+02:00,0,1,1303,1293,2447,3065,3312,4447,5609,7538,15399,15424,12423,13381,9013,10992,2858,4967,0,0,322,310,570,880,684,1374,1117,2167,2143,2585,2454,2082,4932,5875,2650,4577,67057,29830,10944,4852,35457,26,13,1,1
2021-04-29T23:59:59+02:00,0,1,1248,1254,2345,2955,3176,4277,4998,6888,14223,14399,12111,13052,8922,10910,2844,4939,0,0,319,308,570,879,684,1373,1116,2167,2141,2583,2452,2078,4931,5871,2649,4575,62130,29808,10944,4849,35455,26,12,1,1
2021-04-28T23:59:59+02:00,0,1,1186,1237,2283,2915,3110,4196,4688,6598,13808,14083,11995,12907,8881,10851,2836,4933,0,0,318,308,567,877,681,1373,1114,2164,2139,2576,2449,2075,4928,5866,2646,4572,62009,29802,9039,4820,35454,25,5,1,1
2021-04-27T23:59:59+02:00,0,1,1167,1234,2277,2914,3106,4194,4686,6598,13807,14082,11994,12906,8881,10851,2836,4933,0,0,318,308,567,877,680,1371,1114,2164,2138,2576,2449,2073,4928,5866,2646,4572,61977,29800,9032,4816,35452,25,5,1,1
2021-04-26T23:59:59+02:00,0,1,1167,1231,2275,2913,3102,4194,4672,6584,13767,14049,11990,12903,8881,10850,2836,4932,0,0,318,308,567,876,679,1371,1114,2164,2136,2575,2449,2073,4927,5865,2646,4572,61964,29796,9028,4814,35350,25,4,1,1
2021-04-25T23:59:59+02:00,0,1,1166,1231,2268,2913,3099,4187,4659,6577,13629,13895,11980,12897,8880,10849,2836,4932,0,0,318,308,566,876,678,1370,1112,2162,2136,2575,2449,2073,4927,5865,2646,4572,61637,29792,9025,4811,35332,25,4,1,1
2021-04-24T23:59:59+02:00,0,1,1101,1185,2132,2825,2959,4130,4448,6460,12758,13090,11704,12567,8814,10745,2829,4919,0,0,318,308,566,876,677,1369,1112,2162,2136,2575,2448,2073,4923,5864,2646,4572,58306,29785,9024,4811,35332,24,4,1,1
2021-04-23T23:59:59+02:00,0,1,1003,1165,1917,2797,2799,4096,4334,6347,11413,12030,11649,12504,8791,10698,2827,4916,0,0,317,308,566,876,676,1369,1111,2162,2134,2575,2447,2073,4922,5858,2646,4570,56819,29779,9024,4808,33440,19,3,1,1
2021-04-22T23:59:59+02:00,0,1,993,1156,1890,2783,2734,4070,4158,6228,10794,11515,11560,12416,8760,10651,2824,4911,0,0,316,307,566,876,676,1368,1109,2162,2133,2575,2447,2071,4920,5856,2646,4570,55119,29772,9023,4803,33298,19,3,1,1
2021-04-21T23:59:59+02:00,0,1,979,1141,1814,2758,2615,4035,4012,6154,9297,10354,11484,12347,8748,10627,2821,4908,0,0,315,307,565,876,675,1368,1108,2162,2133,2574,2443,2067,4917,5855,2645,4568,51947,29754,9022,4801,33122,19,3,1,1
2021-04-20T23:59:59+02:00,0,1,979,1140,1812,2756,2611,4031,4008,6153,9000,10031,11457,12322,8744,10617,2820,4907,0,0,315,307,565,876,675,1368,1108,2161,2132,2573,2443,2066,4915,5853,2644,4568,51245,29748,9019,4798,33121,19,3,1,1
2021-04-19T23:59:59+02:00,0,1,977,1138,1812,2753,2610,4030,4005,6151,8999,10030,11457,12322,8744,10616,2819,4907,0,0,315,307,563,875,675,1368,1106,2161,2131,2573,2443,2066,4915,5853,2644,4568,51236,29744,9014,4797,33117,18,3,1,1
2021-04-18T23:59:59+02:00,0,1,977,1137,1809,2753,2609,4028,4004,6151,8999,10030,11457,12322,8744,10614,2819,4906,0,0,315,307,563,875,674,1368,1106,2160,2131,2573,2443,2066,4915,5853,2644,4568,51227,29743,9013,4796,33116,18,3,1,1
2021-04-17T23:59:59+02:00,0,1,977,1136,1806,2747,2533,3936,3947,6069,8982,10012,11334,12170,8741,10612,2819,4905,0,0,310,301,559,868,666,1358,1088,2147,2084,2547,2397,2013,4865,5784,2638,4561,50594,29369,9013,4796,33116,17,3,1,1
2021-04-16T23:59:59+02:00,0,1,948,1102,1697,2663,2332,3801,3697,5893,7256,8198,11136,11925,8686,10549,2816,4891,0,0,303,296,544,849,633,1322,1006,2091,1858,2386,2247,1900,4678,5515,2576,4439,46243,29354,8938,3273,32406,12,3,1,1
2021-04-15T23:59:59+02:00,0,1,879,1052,1568,2575,2052,3648,3163,5564,6245,7232,10879,11588,8585,10426,2797,4868,0,0,303,296,543,848,631,1321,1005,2088,1623,2245,2095,1768,4490,5302,2522,4335,42436,29308,8935,2095,31747,8,3,1,1
2021-04-14T23:59:59+02:00,0,1,864,1023,1522,2538,1964,3567,2993,5428,6151,7121,10716,11380,8503,10326,2785,4854,0,0,283,287,509,821,560,1261,797,1945,1403,2121,2027,1693,4360,5138,2508,4307,41058,27913,8930,2095,31744,8,3,1,1
2021-04-13T23:59:59+02:00,0,1,859,1018,1510,2535,1941,3547,2962,5393,5627,6542,10416,11040,8472,10292,2784,4853,0,0,283,285,509,820,560,1261,797,1945,1402,2120,2024,1692,4360,5137,2508,4304,41045,27909,7004,2086,31739,8,3,1,1
2021-04-12T23:59:59+02:00,0,1,859,1016,1509,2532,1941,3547,2961,5392,5626,6542,10415,11039,8471,10292,2784,4853,0,0,283,284,509,820,558,1261,795,1944,1401,2120,2024,1692,4360,5136,2508,4304,41038,27903,7001,2084,31737,8,3,1,1
2021-04-11T23:59:59+02:00,0,1,859,1016,1507,2532,1939,3546,2960,5392,5626,6542,10414,11036,8471,10292,2784,4853,0,0,283,283,508,819,556,1261,794,1944,1399,2120,2024,1692,4360,5136,2508,4304,41034,27897,7000,2083,31733,8,2,1,1
2021-04-10T23:59:59+02:00,0,1,857,1013,1504,2528,1922,3534,2892,5326,5499,6445,10184,10818,8418,10242,2780,4852,0,0,283,282,508,818,555,1261,793,1944,1399,2120,2020,1688,4355,5127,2507,4301,40463,27867,7000,2083,31349,8,2,1,1
2021-04-09T23:59:59+02:00,0,1,819,980,1407,2473,1818,3476,2763,5272,5359,6380,7800,7989,8351,10148,2770,4834,0,0,282,282,506,817,553,1259,790,1944,1397,2116,2000,1666,4333,5108,2504,4296,34980,27759,6998,2083,30659,8,2,1,1
2021-04-08T23:59:59+02:00,0,1,818,977,1403,2470,1816,3473,2751,5263,5348,6366,7006,7071,8308,10097,2767,4831,0,0,280,281,506,816,553,1258,789,1944,1394,2115,1998,1666,4332,5105,2504,4296,33114,27744,6998,2082,30651,8,2,1,1
2021-04-07T23:59:59+02:00,0,1,766,957,1329,2400,1730,3404,2559,5156,4604,5882,6338,6429,8249,10036,2760,4825,0,0,280,281,506,816,553,1255,789,1944,1394,2115,1998,1666,4331,5104,2504,4295,33108,27741,6996,2081,27318,7,2,1,0
2021-04-06T23:59:59+02:00,0,1,734,950,1310,2365,1705,3363,2529,5110,4530,5806,5977,6072,8228,10012,2755,4819,0,0,280,280,506,815,553,1255,788,1944,1394,2115,1998,1665,4331,5104,2504,4295,33103,27738,6996,2080,26164,7,2,1,0
2021-04-05T23:59:59+02:00,0,1,731,922,1269,2242,1633,3198,2410,4840,4370,5535,5668,5764,8211,9986,2753,4815,0,0,280,280,506,814,553,1255,788,1944,1394,2115,1998,1665,4331,5104,2504,4295,33100,27737,6996,2080,24249,7,2,1,0
2021-04-04T23:59:59+02:00,0,1,711,897,1177,2027,1500,2934,2195,4406,4019,5035,5423,5540,8178,9932,2752,4807,0,0,280,280,505,813,551,1254,787,1943,1320,2078,1635,1392,4170,4923,2460,4229,33096,26532,6996,2080,21439,6,2,1,0
2021-04-03T23:59:59+02:00,0,1,711,897,1176,2026,1499,2934,2194,4406,4019,5035,5423,5539,8178,9932,2752,4807,0,0,280,280,505,813,551,1254,787,1943,1320,2078,1635,1392,4170,4923,2460,4229,33092,26532,6996,2080,21438,6,2,1,0
2021-04-02T23:59:59+02:00,0,1,711,896,1176,2026,1498,2934,2194,4406,4018,5034,5422,5538,8177,9930,2751,4805,0,0,280,280,505,813,550,1254,787,1943,1319,2078,1635,1392,4170,4923,2460,4229,33090,26531,6996,2080,21429,6,1,1,0
2021-04-01T23:59:59+02:00,0,1,706,894,1172,2020,1490,2925,2180,4388,3927,4949,4928,4937,7471,9034,2749,4800,0,0,280,278,504,810,550,1253,784,1941,1281,2050,1485,1296,4069,4822,2449,4216,30181,25987,6969,2074,21419,6,1,1,0
2021-03-31T23:59:59+02:00,0,1,706,893,1170,2019,1486,2920,2176,4387,3909,4938,4752,4717,6701,8100,2736,4779,0,0,279,277,503,809,546,1250,779,1935,1176,1973,1087,1030,3655,4357,2340,4041,30060,24019,4939,2012,21389,5,1,1,0
2021-03-30T23:59:59+02:00,0,1,706,893,1168,2016,1474,2911,2167,4378,3864,4911,4553,4536,6451,7802,2727,4763,0,0,279,276,503,807,546,1250,779,1934,1176,1973,1087,1030,3655,4357,2339,4040,30055,24014,4934,2012,20330,4,1,1,0
2021-03-29T23:59:59+02:00,0,1,705,891,1167,2016,1472,2911,2167,4378,3860,4909,4550,4534,6448,7793,2725,4744,0,0,279,275,503,807,546,1250,778,1933,1176,1973,1087,1029,3655,4357,2339,4039,30046,24009,4929,2012,20294,4,1,1,0
2021-03-28T23:59:59+02:00,0,1,704,891,1167,2012,1470,2909,2166,4375,3859,4909,4549,4534,6445,7789,2725,4742,0,0,278,275,501,807,546,1250,777,1933,1176,1973,1087,1028,3655,4357,2339,4039,30044,24005,4924,2011,20277,4,1,1,0
2021-03-27T23:59:59+01:00,0,1,700,886,1163,2004,1462,2899,2147,4360,3817,4883,4499,4476,6399,7731,2718,4729,0,0,274,270,487,797,535,1238,729,1898,1015,1881,825,839,3514,4202,2177,3723,29693,23033,4924,1366,20255,4,1,1,0
2021-03-26T23:59:59+01:00,0,1,700,886,1162,2003,1458,2898,2144,4359,3812,4880,4488,4454,6392,7716,2709,4715,0,0,273,270,487,795,533,1238,727,1898,1008,1873,688,745,2532,3039,2005,3509,29648,20249,4922,1366,20205,4,1,1,0
2021-03-25T23:59:59+01:00,0,1,699,885,1161,2002,1457,2895,2140,4353,3808,4876,4479,4443,6379,7687,2684,4661,0,0,273,270,487,795,532,1235,726,1897,1006,1872,667,738,1350,1591,1721,3145,29641,16934,4917,1366,20050,4,1,1,0
2021-03-24T23:59:59+01:00,0,1,675,875,1123,1971,1386,2834,1934,4208,3584,4750,4418,4384,6244,7520,2670,4629,0,0,273,270,487,794,529,1235,724,1897,1005,1872,667,738,1350,1590,1721,3143,28266,16925,4915,1365,20023,4,1,1,0
2021-03-23T23:59:59+01:00,0,1,675,873,1121,1970,1386,2834,1934,4208,3582,4747,4418,4383,6243,7520,2670,4628,0,0,273,270,487,794,529,1234,724,1897,1005,1872,667,738,1350,1590,1721,3143,28260,16924,4912,1365,20019,4,1,1,0
2021-03-22T23:59:59+01:00,0,1,675,871,1119,1966,1383,2834,1932,4208,3581,4747,4418,4382,6243,7519,2670,4628,0,0,273,270,487,794,529,1233,723,1897,1005,1871,667,737,1350,1590,1721,3143,28256,16921,4911,1365,20008,3,1,1,0
2021-03-21T23:59:59+01:00,0,1,674,871,1117,1965,1383,2832,1931,4207,3580,4746,4418,4382,6242,7519,2670,4628,0,0,272,270,487,794,529,1233,723,1897,1005,1871,667,736,1350,1590,1721,3143,28253,16920,4910,1365,20002,3,0,1,0
2021-03-20T23:59:59+01:00,0,1,672,870,1115,1963,1378,2829,1914,4200,3549,4727,4199,4106,5723,6909,2660,4592,0,0,267,268,482,788,512,1223,702,1881,969,1843,601,658,1119,1332,1366,2596,28170,15240,4808,1364,18428,3,0,1,0
2021-03-19T23:59:59+01:00,0,1,664,863,1101,1942,1344,2793,1834,4145,3327,4565,4050,3996,5547,6665,2607,4502,0,0,267,268,482,788,512,1223,702,1880,968,1843,601,658,1119,1331,1365,2595,28167,15235,3359,1364,18420,3,0,0,0
2021-03-18T23:59:59+01:00,0,1,663,862,1100,1941,1343,2791,1834,4141,3098,4421,3896,3866,5367,6462,2554,4400,0,0,267,267,481,788,512,1221,702,1879,967,1842,599,655,880,1073,1253,2427,28158,14448,2165,1363,18417,2,0,0,0
2021-03-17T23:59:59+01:00,0,1,663,862,1099,1941,1342,2790,1834,4141,3098,4421,3896,3864,5366,6462,2554,4400,0,0,267,266,481,788,512,1221,702,1879,966,1842,598,655,880,1072,1253,2427,28156,14445,2165,1362,18413,2,0,0,0
2021-03-16T23:59:59+01:00,0,1,662,862,1099,1937,1340,2790,1831,4141,3098,4419,3895,3863,5366,6462,2554,4399,0,0,265,262,467,783,503,1209,686,1865,950,1832,596,654,878,1071,1252,2426,28148,14335,2161,1362,18410,2,0,0,0
2021-03-15T23:59:59+01:00,0,1,662,861,1097,1936,1337,2790,1827,4140,3097,4419,3895,3862,5365,6462,2554,4399,0,0,265,262,467,783,503,1209,685,1865,949,1831,596,654,878,1071,1252,2426,28143,14332,2159,1362,18402,2,0,0,0
2021-03-14T23:59:59+01:00,0,1,661,858,1093,1932,1334,2787,1825,4138,3092,4418,3895,3862,5365,6462,2554,4399,0,0,265,262,467,783,503,1209,685,1865,949,1830,596,654,877,1071,1252,2426,28138,14330,2158,1362,18380,2,0,0,0
2021-03-13T23:59:59+01:00,0,1,659,853,1085,1926,1324,2780,1819,4130,2978,4340,3420,3458,5156,6227,2509,4335,0,0,265,262,467,783,503,1209,684,1865,947,1829,572,638,573,773,819,1844,26867,12669,2158,1362,17975,2,0,0,0
2021-03-12T23:59:59+01:00,0,1,631,767,1061,1813,1303,2591,1787,3864,2934,4172,2273,2011,4794,5679,2506,4326,0,0,265,262,467,783,503,1209,683,1865,946,1829,572,637,572,773,819,1843,26855,12665,2158,1362,13500,1,0,0,0
2021-03-11T23:59:59+01:00,0,1,622,722,1054,1710,1294,2433,1775,3652,2886,4033,1707,1479,4306,5138,2496,4316,0,0,262,261,467,783,503,1209,683,1864,946,1825,572,637,570,772,735,1697,26300,12661,2145,1125,11179,0,0,0,0
2021-03-10T23:59:59+01:00,0,1,616,711,1041,1685,1284,2412,1762,3626,2777,3950,1314,1211,3894,4666,2401,4158,0,0,262,261,466,781,502,1209,683,1864,944,1825,572,637,568,771,735,1697,24306,12655,2144,1122,11059,0,0,0,0
2021-03-09T23:59:59+01:00,0,1,615,707,1033,1668,1273,2397,1759,3615,2770,3945,1310,1210,3893,4665,2400,4157,0,0,262,261,466,781,502,1209,683,1864,944,1825,572,637,568,771,735,1697,24302,12655,2143,1122,10973,0,0,0,0
2021-03-08T23:59:59+01:00,0,1,610,678,1022,1641,1257,2364,1751,3582,2749,3930,1309,1207,3893,4665,2400,4156,0,0,262,261,466,781,501,1209,683,1864,944,1825,572,636,566,771,735,1697,24296,12651,2142,1122,10777,0,0,0,0
2021-03-07T23:59:59+01:00,0,1,610,675,1016,1637,1257,2361,1750,3579,2749,3928,1309,1207,3893,4665,2400,4156,0,0,262,261,466,781,500,1209,683,1864,944,1825,572,636,566,771,734,1697,24293,12649,2142,1122,10758,0,0,0,0
2021-03-06T23:59:59+01:00,0,1,574,627,895,1536,1013,2171,1329,3196,2329,3592,1027,988,3592,4287,2380,4138,0,0,262,261,466,781,498,1209,683,1864,944,1824,572,635,564,767,645,1515,23292,12645,2139,845,8244,0,0,0,0
2021-03-05T23:59:59+01:00,0,1,572,627,890,1532,1013,2169,1326,3193,2322,3587,883,892,2595,3088,2206,3905,0,0,261,261,461,770,495,1204,675,1847,930,1809,567,631,504,707,330,997,20439,12444,2128,5,8234,0,0,0,0
2021-03-04T23:59:59+01:00,0,1,554,584,853,1400,974,2017,1276,2990,2279,3487,869,883,1412,1647,1914,3538,0,0,261,261,459,770,495,1204,675,1847,930,1809,566,630,504,706,330,997,17130,12439,2127,5,7421,0,0,0,0
2021-03-03T23:59:59+01:00,0,1,548,552,830,1335,953,1955,1260,2946,2269,3443,869,882,1412,1647,1914,3538,0,0,261,261,459,769,495,1204,675,1846,930,1809,566,630,504,706,330,997,17128,12437,2127,5,7099,0,0,0,0
2021-03-02T23:59:59+01:00,0,1,547,550,828,1334,952,1955,1259,2945,2269,3443,869,882,1412,1647,1914,3538,0,0,261,261,458,769,495,1204,675,1846,930,1808,565,630,504,706,330,997,17127,12434,2127,5,7091,0,0,0,0
2021-03-01T23:59:59+01:00,0,1,547,548,827,1333,952,1954,1259,2945,2268,3442,869,881,1412,1646,1914,3538,0,0,261,261,458,769,495,1204,674,1845,930,1808,565,630,504,706,330,997,17124,12432,2126,5,7086,0,0,0,0
2021-02-28T23:59:59+01:00,0,1,546,546,826,1332,951,1954,1259,2944,2266,3441,869,879,1412,1646,1914,3538,0,0,261,261,458,769,495,1204,674,1844,930,1808,565,630,504,706,330,997,17121,12431,2126,5,7077,0,0,0,0
2021-02-27T23:59:59+01:00,0,1,541,544,815,1322,930,1943,1220,2917,2191,3392,751,762,1143,1356,1402,2660,0,0,260,261,457,769,494,1204,672,1843,929,1806,564,627,503,704,328,993,15403,12410,1412,4,7075,0,0,0,0
2021-02-26T23:59:59+01:00,0,1,532,523,786,1256,901,1830,1181,2759,1870,2971,710,734,1143,1356,1401,2659,0,0,260,261,457,769,494,1204,672,1843,929,1806,564,627,503,704,328,992,15398,12409,1412,4,5803,0,0,0,0
2021-02-25T23:59:59+01:00,0,1,497,481,724,1139,795,1636,1027,2457,1371,2420,659,689,894,1089,1290,2487,0,0,259,260,456,769,494,1203,671,1841,929,1805,564,627,503,704,328,992,14587,12404,1412,1,3657,0,0,0,0
2021-02-24T23:59:59+01:00,0,1,496,480,724,1137,794,1636,1027,2456,1371,2419,659,689,894,1089,1290,2487,0,0,259,260,456,769,494,1202,671,1841,929,1805,564,627,503,704,328,992,14586,12404,1411,0,3652,0,0,0,0
2021-02-23T23:59:59+01:00,0,1,494,476,708,1128,785,1625,1010,2442,1355,2408,657,688,892,1088,1289,2486,0,0,259,259,456,768,494,1202,671,1840,929,1804,564,627,503,704,328,992,14476,12400,1411,0,3645,0,0,0,0
2021-02-22T23:59:59+01:00,0,1,494,476,706,1128,783,1625,1010,2442,1354,2407,657,686,892,1087,1289,2486,0,0,259,259,456,768,494,1202,671,1840,929,1803,564,627,503,704,328,992,14473,12399,1411,0,3639,0,0,0,0
2021-02-21T23:59:59+01:00,0,1,494,476,705,1128,782,1625,1009,2442,1354,2406,656,686,891,1087,1289,2486,0,0,259,259,455,768,494,1202,671,1840,929,1803,564,627,503,704,328,992,14471,12398,1411,0,3635,0,0,0,0
2021-02-20T23:59:59+01:00,0,1,478,474,693,1122,762,1620,996,2440,1327,2386,629,667,582,783,847,1896,0,0,258,258,450,766,489,1196,666,1829,923,1800,561,624,498,703,324,987,12783,12332,1410,0,3510,0,0,0,0
2021-02-19T23:59:59+01:00,0,1,383,389,589,996,644,1466,856,2269,1088,2147,582,643,581,783,847,1896,0,0,255,258,446,764,487,1187,663,1813,916,1780,557,618,492,696,321,977,12781,12230,1410,0,1969,0,0,0,0
2021-02-18T23:59:59+01:00,0,1,267,265,474,793,505,1221,694,1873,953,1836,579,637,580,783,847,1895,0,0,254,256,444,761,485,1183,662,1798,912,1769,550,613,485,689,315,966,12778,12142,1410,0,15,0,0,0,0
2021-02-17T23:59:59+01:00,0,1,267,265,473,793,505,1219,693,1873,952,1836,578,637,580,782,847,1895,0,0,252,256,443,758,483,1181,659,1790,908,1762,545,608,475,667,304,946,12776,12037,1410,0,10,0,0,0,0
2021-02-16T23:59:59+01:00,0,1,267,265,471,793,504,1219,693,1873,952,1836,578,637,580,782,847,1895,0,0,242,252,437,742,471,1149,652,1714,883,1682,526,579,441,621,284,875,12776,11550,1410,0,7,0,0,0,0
2021-02-15T23:59:59+01:00,0,1,267,265,470,793,504,1219,691,1873,952,1836,578,637,580,782,847,1895,0,0,238,248,434,734,465,1123,636,1662,857,1628,505,545,423,577,268,810,12776,11153,1410,0,4,0,0,0,0
2021-02-14T23:59:59+01:00,0,1,267,265,470,793,504,1219,691,1873,952,1836,578,637,580,782,847,1895,0,0,238,248,434,733,465,1123,636,1656,855,1619,494,540,419,574,259,801,12776,11094,1410,0,4,0,0,0,0
2021-02-13T23:59:59+01:00,0,1,266,265,470,793,504,1219,690,1872,952,1836,578,637,580,782,847,1895,0,0,236,246,433,729,458,1111,627,1636,835,1586,474,512,402,548,246,763,12775,10842,1410,0,2,0,0,0,0
2021-02-12T23:59:59+01:00,0,1,266,265,470,792,504,1219,690,1871,947,1833,578,635,530,736,833,1891,0,0,220,238,412,695,437,1023,592,1475,749,1346,390,389,326,433,186,575,12649,9486,1410,0,2,0,0,0,0
2021-02-11T23:59:59+01:00,0,1,263,265,467,792,504,1219,690,1869,947,1830,577,634,527,733,745,1742,0,0,198,226,400,663,417,976,558,1380,703,1236,356,340,285,365,156,484,12636,8743,1168,0,1,0,0,0,0
2021-02-10T23:59:59+01:00,0,1,262,265,467,791,504,1219,689,1869,946,1830,576,634,527,732,744,1740,0,0,195,222,399,656,413,962,555,1361,691,1201,339,317,262,324,133,418,12628,8448,1168,0,0,0,0,0,0
2021-02-09T23:59:59+01:00,0,1,262,265,467,791,504,1219,688,1869,946,1828,576,634,527,732,744,1740,0,0,186,209,387,620,395,897,512,1267,638,1071,264,224,183,210,89,254,12625,7406,1168,0,0,0,0,0,0
2021-02-08T23:59:59+01:00,0,1,262,265,465,791,504,1219,687,1869,946,1827,576,634,527,732,744,1740,0,0,186,203,383,606,384,871,487,1217,611,1001,233,182,147,157,71,194,12622,6933,1167,0,0,0,0,0,0
2021-02-07T23:59:59+01:00,0,1,262,265,465,791,504,1219,687,1869,946,1826,576,634,527,732,744,1739,0,0,185,203,381,602,381,866,482,1206,606,986,227,175,137,139,64,177,12620,6817,1167,0,0,0,0,0,0
2021-02-06T23:59:59+01:00,0,1,262,265,465,791,504,1219,687,1869,946,1826,576,634,525,727,654,1561,0,0,185,203,381,602,381,866,482,1206,606,986,227,175,137,139,64,177,12620,6817,892,0,0,0,0,0,0
2021-02-05T23:59:59+01:00,0,1,262,265,463,790,503,1217,684,1867,943,1823,571,630,517,712,337,1029,0,0,179,194,364,571,368,825,464,1166,587,953,208,160,117,127,59,174,12606,6516,8,0,0,0,0,0,0
2021-02-04T23:59:59+01:00,0,1,262,264,462,785,500,1216,683,1862,938,1822,570,630,516,711,337,1029,0,0,164,161,294,434,303,668,384,942,512,814,196,155,108,121,52,162,12580,5470,8,0,0,0,0,0,0
2021-02-03T23:59:59+01:00,0,1,261,264,462,783,500,1215,682,1860,938,1822,570,630,516,711,337,1029,0,0,160,153,249,352,254,581,324,841,460,727,188,150,103,119,51,161,12573,4873,8,0,0,0,0,0,0
2021-02-02T23:59:59+01:00,0,1,261,263,462,780,500,1215,682,1858,938,1820,570,630,516,711,337,1029,0,0,153,139,190,289,196,493,248,727,378,643,178,146,100,118,50,160,12565,4208,8,0,0,0,0,0,0
2021-02-01T23:59:59+01:00,0,1,261,263,460,779,498,1214,681,1854,935,1815,570,630,515,711,337,1029,0,0,147,133,152,252,167,435,203,649,321,568,173,135,91,107,44,153,12545,3730,8,0,0,0,0,0,0
2021-01-31T23:59:59+01:00,0,1,261,263,460,779,498,1214,681,1854,935,1815,570,630,515,711,337,1029,0,0,147,133,152,251,167,434,202,649,321,568,173,135,91,107,44,153,12545,3727,8,0,0,0,0,0,0
2021-01-30T23:59:59+01:00,0,1,261,263,460,779,498,1214,681,1854,931,1815,569,630,513,711,334,1029,0,0,134,122,135,234,156,405,191,608,302,520,150,124,79,78,35,113,12535,3386,8,0,0,0,0,0,0
2021-01-29T23:59:59+01:00,0,1,258,262,456,776,496,1204,678,1837,924,1795,565,624,507,705,329,1019,0,0,89,68,93,154,115,248,148,440,213,377,112,83,60,67,30,102,12429,2399,7,0,0,0,0,0,0
2021-01-28T23:59:59+01:00,0,0,258,262,455,776,495,1204,678,1836,924,1793,565,624,507,705,329,1019,0,0,10,7,13,23,24,48,24,94,49,106,37,33,34,49,24,94,12426,669,4,0,0,0,0,0,0
2021-01-27T23:59:59+01:00,0,0,256,262,455,775,495,1203,678,1835,922,1793,565,624,507,705,329,1019,0,0,10,7,13,23,23,48,24,92,48,106,37,33,34,49,24,94,12422,665,1,0,0,0,0,0,0
2021-01-26T23:59:59+01:00,0,0,256,262,454,774,495,1202,678,1835,922,1792,565,624,507,705,329,1019,0,0,10,7,13,23,23,48,24,92,48,106,37,33,34,49,24,94,12418,665,1,0,0,0,0,0,0
2021-01-25T23:59:59+01:00,0,0,256,262,452,774,495,1201,678,1833,922,1791,565,624,507,703,328,1019,0,0,6,1,5,13,11,23,15,39,23,46,18,16,11,16,7,22,12410,272,0,0,0,0,0,0,0
2021-01-24T23:59:59+01:00,0,0,256,261,452,774,494,1201,678,1832,922,1790,565,624,507,703,328,1019,0,0,6,1,5,13,11,23,15,39,23,46,18,16,11,16,7,22,12406,272,0,0,0,0,0,0,0
2021-01-23T23:59:59+01:00,0,0,256,261,452,774,494,1200,678,1832,922,1790,565,624,507,703,328,1019,0,0,6,1,5,13,11,23,15,39,23,46,18,16,11,16,7,22,12405,272,0,0,0,0,0,0,0
2021-01-22T23:59:59+01:00,0,0,254,259,451,774,493,1199,678,1831,922,1790,565,624,507,703,309,974,0,0,6,1,5,13,11,23,15,39,23,46,18,16,11,16,7,22,12333,272,0,0,0,0,0,0,0
2021-01-21T23:59:59+01:00,0,0,252,255,449,764,490,1191,675,1808,913,1773,556,615,488,678,294,936,0,0,6,1,5,13,11,22,15,39,23,46,18,16,11,16,7,22,12137,271,0,0,0,0,0,0,0
2021-01-20T23:59:59+01:00,0,0,251,253,445,759,488,1188,672,1800,909,1768,550,610,480,659,286,917,0,0,6,1,5,13,11,22,15,39,23,46,18,16,11,16,7,22,12035,271,0,0,0,0,0,0,0
2021-01-19T23:59:59+01:00,0,0,246,253,443,751,482,1173,669,1768,898,1726,537,593,467,640,273,877,0,0,6,1,5,13,11,22,15,39,23,46,18,16,11,16,7,22,11796,271,0,0,0,0,0,0,0
2021-01-18T23:59:59+01:00,0,0,242,249,440,739,476,1152,652,1731,872,1679,518,560,450,601,257,818,0,0,6,1,5,12,11,21,15,39,23,46,18,16,11,16,7,22,11436,269,0,0,0,0,0,0,0
2021-01-17T23:59:59+01:00,0,0,242,248,439,738,475,1151,649,1726,866,1669,504,552,436,581,243,794,0,0,6,1,4,12,11,21,15,39,23,46,18,15,11,16,7,22,11313,267,0,0,0,0,0,0,0
2021-01-16T23:59:59+01:00,0,0,234,240,434,718,462,1116,624,1639,820,1520,461,467,403,527,221,734,0,0,0,0,0,0,0,0,0,0,0,0,0,0,0,0,0,0,10620,0,0,0,0,0,0,0,0
2021-01-15T23:59:59+01:00,0,0,227,233,426,698,448,1064,604,1540,781,1406,412,409,350,457,200,621,0,0,0,0,0,0,0,0,0,0,0,0,0,0,0,0,0,0,9876,0,0,0,0,0,0,0,0
2021-01-14T23:59:59+01:00,0,0,205,220,406,654,426,1002,563,1423,713,1253,356,335,299,362,155,488,0,0,0,0,0,0,0,0,0,0,0,0,0,0,0,0,0,0,8860,0,0,0,0,0,0,0,0
2021-01-13T23:59:59+01:00,0,0,203,218,405,647,421,983,558,1402,699,1218,337,311,273,321,131,422,0,0,0,0,0,0,0,0,0,0,0,0,0,0,0,0,0,0,8549,0,0,0,0,0,0,0,0
2021-01-12T23:59:59+01:00,0,0,187,206,388,606,391,889,496,1248,620,1028,238,193,163,164,77,207,0,0,0,0,0,0,0,0,0,0,0,0,0,0,0,0,0,0,7101,0,0,0,0,0,0,0,0
2021-01-11T23:59:59+01:00,0,0,183,200,384,594,375,861,476,1201,600,973,218,163,130,117,55,150,0,0,0,0,0,0,0,0,0,0,0,0,0,0,0,0,0,0,6680,0,0,0,0,0,0,0,0
2021-01-10T23:59:59+01:00,0,0,182,196,372,580,371,848,467,1181,587,954,214,163,126,117,53,148,0,0,0,0,0,0,0,0,0,0,0,0,0,0,0,0,0,0,6559,0,0,0,0,0,0,0,0
2021-01-09T23:59:59+01:00,0,0,162,163,326,500,330,731,407,1000,496,804,151,109,78,73,37,109,0,0,0,0,0,0,0,0,0,0,0,0,0,0,0,0,0,0,5476,0,0,0,0,0,0,0,0
2021-01-08T23:59:59+01:00,0,0,95,76,229,349,243,438,293,668,340,509,82,68,54,58,28,97,0,0,0,0,0,0,0,0,0,0,0,0,0,0,0,0,0,0,3627,0,0,0,0,0,0,0,0
2021-01-07T23:59:59+01:00,0,0,12,10,54,97,72,127,93,193,122,178,44,36,37,50,25,97,0,0,0,0,0,0,0,0,0,0,0,0,0,0,0,0,0,0,1247,0,0,0,0,0,0,0,0
2021-01-06T23:59:59+01:00,0,0,8,4,9,23,17,49,24,90,53,107,38,33,36,50,25,97,0,0,0,0,0,0,0,0,0,0,0,0,0,0,0,0,0,0,663,0,0,0,0,0,0,0,0
2021-01-05T23:59:59+01:00,0,0,8,4,9,23,17,48,23,90,51,107,38,33,35,50,25,97,0,0,0,0,0,0,0,0,0,0,0,0,0,0,0,0,0,0,658,0,0,0,0,0,0,0,0
2021-01-04T23:59:59+01:00,0,0,6,1,5,13,11,25,15,41,23,48,19,16,12,16,7,23,0,0,0,0,0,0,0,0,0,0,0,0,0,0,0,0,0,0,281,0,0,0,0,0,0,0,0
2021-01-03T23:59:59+01:00,0,0,6,1,5,13,11,25,15,41,23,48,19,16,12,16,7,23,0,0,0,0,0,0,0,0,0,0,0,0,0,0,0,0,0,0,281,0,0,0,0,0,0,0,0
2021-01-02T23:59:59+01:00,0,0,6,1,5,13,11,25,15,41,23,48,19,16,12,16,7,23,0,0,0,0,0,0,0,0,0,0,0,0,0,0,0,0,0,0,281,0,0,0,0,0,0,0,0
2021-01-01T23:59:59+01:00,0,0,6,1,5,13,11,24,15,41,23,48,19,16,12,16,7,23,0,0,0,0,0,0,0,0,0,0,0,0,0,0,0,0,0,0,280,0,0,0,0,0,0,0,0
2020-12-31T23:59:59+01:00,0,0,6,1,5,13,11,24,15,41,23,48,19,16,12,16,7,23,0,0,0,0,0,0,0,0,0,0,0,0,0,0,0,0,0,0,280,0,0,0,0,0,0,0,0
2020-12-30T23:59:59+01:00,0,0,6,1,5,13,11,24,15,41,23,48,19,16,12,16,7,23,0,0,0,0,0,0,0,0,0,0,0,0,0,0,0,0,0,0,280,0,0,0,0,0,0,0,0
2020-12-29T23:59:59+01:00,0,0,6,1,5,13,11,23,15,41,23,48,19,16,12,16,7,23,0,0,0,0,0,0,0,0,0,0,0,0,0,0,0,0,0,0,279,0,0,0,0,0,0,0,0
2020-12-28T23:59:59+01:00,0,0,6,1,5,13,11,23,15,41,23,48,19,16,12,16,7,23,0,0,0,0,0,0,0,0,0,0,0,0,0,0,0,0,0,0,279,0,0,0,0,0,0,0,0
2020-12-27T23:59:59+01:00,0,0,6,1,4,12,11,23,15,41,23,48,19,15,12,16,7,23,0,0,0,0,0,0,0,0,0,0,0,0,0,0,0,0,0,0,276,0,0,0,0,0,0,0,0
