Datum,<15_m,<15_w,15-24_1_m,15-24_1_w,25-34_1_m,25-34_1_w,35-44_1_m,35-44_1_w,45-54_1_m,45-54_1_w,55-64_1_m,55-64_1_w,65-74_1_m,65-74_1_w,75-84_1_m,75-84_1_w,>84_1_m,>84_1_w,<24_2_m,<24_2_w,25-34_2_m,25-34_2_w,35-44_2_m,35-44_2_w,45-54_2_m,45-54_2_w,55-64_2_m,55-64_2_w,65-74_2_m,65-74_2_w,75-84_2_m,75-84_2_w,>84_2_m,>84_2_w,bp_1,bp_2,mo_1,mo_2,az_1,az_2,ja,unb_1,unb_2
2021-09-10T23:59:59+02:00,1547,1456,13077,12214,15974,14509,17814,17594,21066,20999,22535,21489,14532,15712,9970,12224,2968,5190,12159,11306,15341,13755,17298,16909,20674,20496,22200,21069,14336,15445,9864,12060,2931,5122,171707,165653,22607,22058,35579,34666,10977,4,3
2021-09-09T23:59:59+02:00,1531,1427,13010,12170,15933,14466,17782,17554,21040,20979,22514,21472,14517,15693,9964,12216,2966,5187,12132,11277,15319,13731,17282,16888,20658,20482,22182,21060,14332,15438,9858,12058,2929,5122,171339,165500,22606,22056,35579,34665,10897,4,3
2021-09-08T23:59:59+02:00,1513,1417,12972,12124,15912,14436,17755,17521,21021,20961,22501,21461,14512,15685,9961,12210,2966,5187,12094,11232,15296,13705,17257,16863,20638,20462,22164,21040,14320,15430,9849,12052,2927,5120,171137,165284,22606,22054,35579,34665,10793,4,3
2021-09-07T23:59:59+02:00,1484,1389,12906,12059,15854,14396,17722,17478,20994,20941,22480,21441,14502,15678,9961,12204,2964,5184,12053,11198,15262,13685,17235,16842,20616,20444,22152,21025,14307,15425,9849,12047,2926,5120,170751,165096,22602,22048,35579,34665,10705,4,3
2021-09-06T23:59:59+02:00,1471,1367,12877,12031,15834,14370,17714,17464,20981,20931,22473,21434,14495,15669,9961,12199,2963,5182,12044,11185,15259,13674,17230,16837,20614,20442,22147,21024,14304,15423,9849,12043,2926,5120,170533,165026,22600,22048,35579,34665,10704,4,3
2021-09-05T23:59:59+02:00,1471,1366,12877,12027,15833,14369,17711,17463,20981,20930,22472,21433,14495,15667,9958,12198,2963,5182,12042,11185,15258,13673,17229,16836,20612,20442,22146,21024,14304,15423,9849,12043,2926,5119,170514,165017,22600,22048,35579,34665,10703,4,3
2021-09-04T23:59:59+02:00,1471,1366,12877,12027,15833,14369,17711,17463,20981,20929,22472,21433,14495,15666,9958,12198,2963,5182,12042,11185,15258,13673,17229,16836,20612,20441,22146,21024,14304,15422,9849,12043,2926,5119,170514,165017,22600,22048,35579,34665,10701,4,3
2021-09-03T23:59:59+02:00,1449,1338,12817,11963,15802,14325,17674,17432,20948,20903,22451,21409,14480,15652,9953,12189,2960,5180,11941,11095,15210,13612,17200,16795,20584,20418,22125,21005,14291,15414,9844,12035,2925,5118,170161,164529,22600,22048,35579,34660,10585,4,3
2021-09-02T23:59:59+02:00,1439,1329,12769,11937,15756,14287,17648,17400,20920,20879,22434,21397,14472,15629,9945,12184,2958,5178,11911,11071,15184,13585,17177,16772,20564,20403,22114,20996,14288,15399,9840,12032,2924,5116,169937,164421,22600,22048,35579,34660,10446,3,3
2021-09-01T23:59:59+02:00,1432,1325,12741,11915,15741,14261,17640,17387,20916,20876,22429,21394,14470,15622,9943,12180,2957,5176,11895,11049,15176,13575,17168,16763,20559,20396,22109,20986,14285,15399,9839,12029,2924,5116,169787,164311,22600,22047,35579,34660,10440,3,3
2021-08-31T23:59:59+02:00,1419,1309,12691,11879,15711,14216,17619,17362,20891,20861,22407,21384,14463,15618,9942,12175,2956,5176,11849,11014,15147,13538,17141,16722,20536,20377,22082,20972,14280,15398,9833,12026,2923,5114,169618,164143,22600,22046,35579,34659,10283,3,3
2021-08-30T23:59:59+02:00,1413,1309,12680,11853,15695,14200,17606,17355,20872,20844,22399,21373,14456,15614,9939,12171,2956,5174,11811,10973,15116,13511,17129,16702,20514,20362,22074,20963,14274,15395,9829,12021,2923,5113,169566,163996,22600,22046,35579,34659,10165,3,3
2021-08-29T23:59:59+02:00,1413,1309,12678,11853,15691,14200,17606,17355,20872,20844,22399,21373,14456,15614,9939,12171,2956,5174,11810,10971,15112,13510,17129,16702,20512,20362,22074,20963,14274,15395,9829,12021,2923,5113,169562,163986,22600,22046,35579,34659,10163,3,3
2021-08-28T23:59:59+02:00,1413,1309,12678,11853,15691,14200,17606,17355,20872,20844,22399,21373,14456,15614,9939,12171,2956,5174,11809,10971,15112,13510,17129,16702,20512,20362,22074,20963,14274,15395,9829,12021,2923,5113,169562,163985,22600,22046,35579,34659,10163,3,3
2021-08-27T23:59:59+02:00,1412,1303,12653,11834,15666,14178,17588,17332,20852,20835,22384,21359,14450,15608,9935,12165,2955,5172,11793,10960,15091,13493,17116,16686,20495,20354,22060,20950,14268,15390,9823,12014,2922,5111,169492,163959,22600,22046,35579,34658,10011,3,3
2021-08-26T23:59:59+02:00,1408,1299,12621,11809,15639,14150,17563,17318,20826,20816,22370,21346,14441,15603,9931,12159,2954,5170,11736,10894,15040,13440,17077,16658,20464,20329,22044,20928,14254,15377,9815,12010,2919,5109,169409,163679,22600,22045,35579,34657,9836,3,3
2021-08-25T23:59:59+02:00,1403,1297,12604,11792,15622,14138,17550,17302,20818,20806,22365,21337,14438,15596,9930,12156,2953,5170,11674,10831,14988,13400,17056,16628,20453,20313,22029,20917,14248,15370,9812,12008,2917,5106,169289,163329,22600,22045,35579,34657,9810,3,3
2021-08-24T23:59:59+02:00,1396,1288,12577,11770,15596,14105,17532,17285,20802,20792,22349,21324,14432,15584,9925,12147,2949,5168,11641,10808,14955,13361,17029,16612,20432,20289,22004,20907,14240,15358,9806,12000,2916,5104,169192,163187,22600,22045,35579,34657,9650,3,3
2021-08-23T23:59:59+02:00,1394,1284,12552,11753,15567,14080,17499,17267,20774,20782,22333,21311,14416,15571,9922,12143,2948,5167,11573,10753,14895,13310,16982,16582,20397,20265,21982,20889,14220,15347,9801,11993,2915,5102,169158,162937,22600,22044,35579,34657,9426,3,3
2021-08-22T23:59:59+02:00,1393,1284,12551,11751,15565,14079,17499,17267,20773,20780,22331,21311,14415,15571,9922,12143,2948,5167,11571,10749,14893,13308,16981,16581,20396,20265,21982,20889,14220,15347,9801,11993,2915,5102,169148,162926,22599,22043,35579,34657,9424,3,3
2021-08-21T23:59:59+02:00,1314,1210,12395,11558,15489,13957,17437,17184,20732,20738,22298,21268,14405,15555,9914,12130,2947,5163,11473,10658,14833,13255,16946,16539,20365,20240,21959,20859,14208,15335,9794,11982,2913,5098,168095,162346,22599,22035,35579,34657,9421,3,3
2021-08-20T23:59:59+02:00,1308,1209,12373,11529,15474,13943,17416,17166,20725,20729,22290,21261,14402,15547,9914,12127,2947,5163,11367,10580,14746,13182,16848,16435,20305,20184,21924,20826,14196,15316,9786,11977,2912,5098,168090,162263,22437,21348,35579,34643,9417,3,3
2021-08-19T23:59:59+02:00,1304,1206,12309,11478,15378,13894,17342,17114,20673,20690,22254,21218,14385,15532,9905,12114,2946,5159,11262,10479,14637,13108,16746,16354,20242,20134,21883,20769,14174,15301,9777,11964,2910,5091,167979,161899,22437,21348,35579,34642,8905,3,3
2021-08-18T23:59:59+02:00,1298,1204,12288,11463,15366,13885,17337,17105,20663,20680,22252,21210,14383,15528,9903,12113,2946,5159,11221,10439,14610,13086,16716,16327,20227,20123,21873,20764,14167,15294,9776,11963,2910,5091,167867,161643,22437,21348,35579,34642,8899,3,3
2021-08-17T23:59:59+02:00,1290,1198,12254,11440,15336,13859,17317,17081,20645,20670,22244,21196,14376,15524,9895,12110,2945,5158,11124,10370,14559,13029,16673,16285,20196,20098,21852,20740,14160,15286,9768,11952,2907,5091,167718,161220,22437,21345,35579,34642,8803,3,3
2021-08-16T23:59:59+02:00,1287,1193,12228,11416,15318,13837,17300,17065,20622,20645,22224,21187,14366,15513,9893,12107,2943,5157,11052,10300,14495,12967,16633,16247,20160,20062,21827,20720,14143,15273,9763,11938,2902,5088,167658,160840,22437,21344,35579,34642,8626,3,3
2021-08-15T23:59:59+02:00,1286,1193,12225,11415,15316,13835,17299,17063,20620,20644,22222,21185,14366,15513,9893,12107,2943,5156,11050,10291,14483,12963,16630,16246,20157,20062,21827,20720,14142,15273,9763,11938,2902,5088,167639,160806,22437,21343,35579,34642,8625,3,3
2021-08-14T23:59:59+02:00,1286,1193,12225,11415,15316,13835,17299,17063,20620,20644,22222,21185,14366,15513,9893,12107,2943,5156,11016,10256,14457,12940,16614,16229,20151,20053,21822,20716,14142,15273,9763,11938,2901,5088,167639,160613,22437,21343,35579,34642,8625,3,3
2021-08-13T23:59:59+02:00,1218,1119,12133,11310,15280,13791,17267,17018,20591,20619,22199,21161,14358,15502,9886,12100,2942,5154,10944,10195,14415,12881,16573,16193,20134,20032,21803,20701,14136,15260,9759,11930,2900,5087,167095,160255,22437,21342,35579,34642,8536,3,3
2021-08-12T23:59:59+02:00,1215,1114,12111,11299,15252,13772,17242,16988,20568,20604,22176,21137,14347,15490,9878,12092,2942,5151,10868,10125,14358,12819,16521,16147,20105,20009,21771,20671,14124,15245,9749,11918,2898,5083,167013,159883,22436,21341,35579,34642,8349,3,3
2021-08-11T23:59:59+02:00,1203,1107,12087,11274,15237,13762,17226,16976,20560,20594,22170,21128,14339,15485,9869,12087,2941,5149,10759,10017,14278,12733,16487,16104,20072,19980,21748,20659,14111,15230,9737,11906,2896,5079,166830,159204,22435,21337,35579,34641,8349,3,3
2021-08-10T23:59:59+02:00,1203,1094,12060,11257,15212,13749,17207,16962,20543,20579,22153,21116,14328,15480,9867,12083,2941,5147,10705,9964,14230,12703,16451,16081,20047,19957,21725,20637,14098,15218,9734,11903,2896,5075,166746,158939,22435,21337,35579,34641,8220,3,3
2021-08-09T23:59:59+02:00,1199,1087,12029,11227,15194,13731,17193,16942,20531,20569,22134,21106,14317,15476,9863,12077,2941,5145,10652,9904,14188,12668,16420,16050,20030,19941,21707,20629,14085,15210,9726,11896,2896,5070,166628,158665,22435,21337,35579,34641,8118,3,3
2021-08-08T23:59:59+02:00,1196,1086,12025,11222,15191,13730,17189,16940,20528,20566,22132,21105,14317,15474,9862,12076,2941,5145,10648,9904,14185,12663,16417,16047,20029,19940,21705,20629,14083,15210,9725,11895,2896,5070,166592,158640,22435,21336,35579,34641,8118,3,3
2021-08-07T23:59:59+02:00,1196,1086,12023,11220,15189,13726,17188,16938,20527,20564,22131,21105,14317,15473,9862,12075,2941,5145,10647,9902,14184,12662,16417,16047,20028,19939,21705,20626,14082,15210,9725,11895,2896,5070,166573,158629,22435,21336,35579,34641,8118,3,3
2021-08-06T23:59:59+02:00,1194,1084,12005,11209,15161,13713,17164,16923,20507,20546,22120,21096,14314,15469,9860,12071,2941,5145,10629,9890,14151,12649,16393,16032,20008,19924,21694,20617,14079,15206,9723,11891,2896,5070,166560,158619,22435,21335,35579,34640,7947,3,3
2021-08-05T23:59:59+02:00,1185,1075,11962,11177,15127,13689,17137,16889,20477,20527,22089,21078,14301,15452,9855,12063,2937,5144,10602,9876,14121,12629,16374,16012,19979,19909,21670,20603,14068,15195,9718,11886,2894,5069,166417,158590,22435,21333,35579,34639,7732,3,3
2021-08-04T23:59:59+02:00,1172,1065,11933,11146,15115,13673,17123,16876,20466,20515,22079,21065,14294,15447,9851,12061,2936,5143,10592,9859,14107,12620,16360,16005,19968,19900,21664,20601,14066,15194,9717,11886,2893,5068,166216,158517,22433,21300,35578,34639,7732,3,3
2021-08-03T23:59:59+02:00,1166,1059,11890,11112,15080,13648,17098,16846,20445,20496,22059,21042,14280,15429,9847,12058,2935,5142,10555,9838,14076,12603,16340,15985,19951,19888,21647,20588,14058,15176,9713,11884,2893,5068,166084,158474,22433,21298,35578,34637,7536,3,3
2021-08-02T23:59:59+02:00,1163,1057,11873,11094,15060,13629,17083,16826,20429,20486,22051,21032,14269,15418,9841,12056,2935,5140,10535,9823,14057,12582,16326,15967,19934,19881,21640,20577,14048,15164,9707,11882,2893,5066,166037,158435,22433,21298,35578,34637,7393,3,3
2021-08-01T23:59:59+02:00,1163,1057,11871,11090,15060,13629,17082,16825,20429,20485,22049,21032,14269,15417,9841,12056,2935,5139,10533,9822,14053,12581,16324,15967,19934,19880,21639,20577,14048,15164,9707,11882,2893,5066,166026,158426,22432,21297,35578,34636,7392,3,3
2021-07-31T23:59:59+02:00,1163,1057,11871,11090,15060,13629,17082,16825,20429,20485,22049,21032,14269,15417,9841,12056,2935,5139,10533,9821,14049,12578,16323,15967,19934,19878,21638,20577,14048,15164,9707,11882,2893,5066,166026,158415,22432,21296,35578,34636,7392,3,3
2021-07-30T23:59:59+02:00,1162,1057,11837,11076,15026,13606,17046,16797,20402,20466,22012,21013,14252,15409,9835,12048,2934,5138,10500,9809,14015,12555,16288,15940,19907,19859,21601,20557,14031,15156,9701,11874,2892,5065,166019,158412,22432,21296,35578,34635,7086,3,3
2021-07-29T23:59:59+02:00,1150,1048,11806,11047,15002,13583,17036,16784,20394,20455,22002,21007,14249,15408,9831,12046,2931,5137,10495,9800,13996,12548,16277,15932,19905,19857,21597,20556,14029,15154,9701,11874,2892,5065,165825,158345,22432,21294,35578,34635,7080,3,3
2021-07-28T23:59:59+02:00,1135,1042,11769,10999,14975,13552,17019,16766,20386,20442,21993,20999,14245,15406,9828,12043,2930,5136,10484,9790,13979,12533,16268,15923,19898,19853,21594,20554,14028,15152,9701,11873,2892,5065,165597,158277,22431,21293,35578,34633,7058,3,3
2021-07-27T23:59:59+02:00,1132,1041,11748,10980,14951,13533,17000,16756,20373,20424,21975,20979,14237,15393,9821,12039,2929,5134,10463,9778,13952,12509,16251,15915,19884,19835,21578,20534,14019,15140,9694,11869,2891,5064,165565,158253,22431,21293,35578,34633,6870,3,3
2021-07-26T23:59:59+02:00,1126,1029,11691,10920,14905,13496,16973,16733,20338,20393,21946,20963,14220,15385,9814,12031,2929,5133,10424,9752,13918,12480,16226,15899,19846,19799,21528,20505,14002,15130,9686,11860,2891,5063,165392,158191,22430,21292,35578,34573,6624,3,3
2021-07-25T23:59:59+02:00,1125,1029,11689,10917,14900,13495,16971,16732,20337,20393,21946,20963,14220,15385,9814,12031,2929,5133,10422,9740,13912,12475,16224,15897,19844,19799,21528,20505,14002,15130,9686,11860,2891,5062,165378,158162,22428,21289,35578,34573,6624,3,3
2021-07-24T23:59:59+02:00,1125,1029,11685,10915,14899,13494,16971,16731,20335,20391,21946,20962,14219,15385,9814,12031,2929,5133,10300,9627,13744,12333,15802,15531,19695,19677,21510,20479,13988,15115,9679,11852,2891,5061,165371,158140,22422,19620,35578,34573,6622,3,3
2021-07-23T23:59:59+02:00,1101,1016,11572,10844,14818,13438,16918,16677,20294,20338,21908,20924,14203,15365,9804,12023,2927,5132,8545,8244,12357,11225,15313,15099,19406,19354,21296,20286,13910,15031,9622,11803,2886,5057,164960,150484,22422,19620,35578,34516,6341,3,3
2021-07-22T23:59:59+02:00,1079,1008,11504,10772,14763,13389,16880,16651,20274,20306,21890,20896,14178,15350,9787,12013,2925,5129,8017,7764,11743,10723,14601,14497,19207,19184,21137,20109,13831,14945,9591,11754,2877,5045,164598,146079,22421,19620,35578,34504,6196,3,3
2021-07-21T23:59:59+02:00,1066,999,11457,10721,14727,13358,16850,16622,20256,20287,21871,20885,14166,15345,9785,12005,2923,5126,8013,7757,11731,10715,14595,14495,19199,19183,21082,20072,13828,14943,9591,11753,2876,5043,164258,146044,22421,19613,35578,34402,6191,3,3
2021-07-20T23:59:59+02:00,1052,984,11403,10680,14696,13329,16817,16601,20230,20264,21846,20864,14156,15333,9783,11999,2922,5125,8002,7750,11716,10705,14588,14488,19190,19179,21075,20068,13827,14941,9591,11753,2876,5043,163934,146009,22421,19613,35578,34394,6150,3,3
2021-07-19T23:59:59+02:00,1039,967,11354,10630,14669,13295,16797,16582,20211,20244,21833,20856,14150,15329,9779,11990,2920,5121,7997,7747,11710,10701,14584,14487,19188,19179,21061,20052,13825,14940,9590,11751,2876,5043,163618,145983,22421,19611,35578,34363,6148,3,3
2021-07-18T23:59:59+02:00,1039,967,11352,10630,14669,13293,16796,16582,20211,20243,21833,20856,14149,15329,9779,11990,2920,5121,7994,7743,11701,10695,14579,14484,19187,19178,21050,20047,13825,14940,9590,11751,2876,5043,163612,145955,22420,19610,35578,34344,6148,3,3
2021-07-17T23:59:59+02:00,1037,967,11307,10602,14612,13249,16760,16552,20176,20229,21807,20832,14138,15316,9776,11987,2920,5120,7919,7684,11556,10566,14386,14317,18764,18859,20852,19872,13797,14899,9575,11728,2872,5037,163586,145949,22411,17953,35578,34344,5811,3,3
2021-07-16T23:59:59+02:00,1016,950,11115,10462,14512,13149,16662,16477,20100,20164,21755,20784,14111,15291,9759,11980,2916,5115,7644,7482,10629,9931,13922,14008,18538,18666,19991,19215,13631,14687,9466,11596,2856,5013,163265,142517,21880,17943,35578,32559,5594,3,3
2021-07-15T23:59:59+02:00,992,934,11057,10397,14474,13118,16634,16453,20085,20145,21745,20775,14107,15287,9755,11976,2916,5111,7213,7114,8425,8208,13461,13616,18476,18609,19850,19079,13498,14544,9413,11534,2855,5003,162916,136177,21879,17939,35578,32521,5587,3,3
2021-07-14T23:59:59+02:00,966,916,10981,10310,14406,13057,16596,16408,20049,20109,21720,20754,14095,15275,9741,11961,2912,5109,6663,6665,7339,7351,12889,13165,18377,18515,19742,18991,13468,14507,9396,11517,2853,5000,162423,131805,21879,17935,35578,32457,5484,3,3
2021-07-13T23:59:59+02:00,948,895,10900,10237,14360,13014,16569,16378,20026,20088,21709,20741,14088,15264,9738,11954,2910,5107,6410,6377,6888,6970,12581,12897,18361,18493,19697,18954,13355,14398,9393,11513,2853,4997,161991,131768,21876,15679,35578,32453,5480,3,3
2021-07-12T23:59:59+02:00,928,883,10846,10187,14314,12968,16527,16349,20010,20075,21703,20735,14085,15259,9734,11950,2910,5105,6269,6281,6728,6848,12288,12654,17667,17929,19600,18874,13321,14373,9376,11491,2853,4994,161691,129228,21876,15675,35578,32449,5422,3,3
2021-07-11T23:59:59+02:00,928,883,10845,10185,14312,12967,16526,16349,20010,20075,21703,20735,14085,15259,9734,11950,2910,5105,6263,6277,6726,6845,12287,12654,17667,17929,19599,18873,13321,14373,9376,11490,2852,4992,161689,129218,21876,15675,35578,32442,5417,3,3
2021-07-10T23:59:59+02:00,925,878,10838,10173,14304,12962,16518,16349,20008,20068,21698,20730,14085,15258,9734,11950,2910,5105,6254,6269,6716,6840,12284,12650,17666,17925,19594,18870,13320,14373,9376,11490,2852,4992,161624,129167,21876,15675,35578,32442,5414,3,3
2021-07-09T23:59:59+02:00,911,862,10788,10129,14271,12934,16484,16320,19974,20045,21670,20708,14066,15243,9719,11942,2909,5102,5445,5533,6585,6740,12126,12546,17436,17820,19389,18737,13257,14300,9350,11471,2849,4989,161440,126260,21876,15675,35578,31494,5182,3,3
2021-07-08T23:59:59+02:00,909,862,10727,10084,14184,12880,16421,16269,19922,19999,21641,20684,14053,15226,9713,11929,2908,5096,5312,5419,6366,6565,11687,12202,16924,17449,19128,18551,13194,14216,9324,11435,2843,4977,161423,124325,21875,15672,35577,30988,4631,3,3
2021-07-07T23:59:59+02:00,908,862,10725,10078,14180,12877,16419,16269,19922,19996,21641,20684,14053,15226,9713,11929,2908,5096,5168,5235,5896,6153,10487,11215,16871,17383,19074,18506,13177,14194,9315,11432,2839,4967,161412,120651,21871,15671,35577,30985,4625,3,3
2021-07-06T23:59:59+02:00,908,862,10723,10077,14177,12875,16417,16269,19922,19996,21641,20683,14053,15225,9713,11929,2908,5096,5149,5229,5889,6147,10486,11213,16869,17383,19072,18506,13177,14192,9315,11432,2839,4967,161407,120628,21869,15668,35577,30969,4620,3,3
2021-07-05T23:59:59+02:00,908,862,10717,10072,14160,12872,16406,16267,19921,19996,21639,20683,14053,15225,9713,11929,2908,5096,5140,5228,5870,6144,10475,11211,16866,17383,19070,18505,13177,14192,9315,11432,2839,4967,161398,120624,21869,15666,35577,30962,4582,3,3
2021-07-04T23:59:59+02:00,908,862,10707,10062,14158,12868,16405,16267,19920,19996,21638,20682,14053,15225,9713,11928,2907,5095,5107,5185,5784,6067,10348,11096,16859,17380,19069,18502,13173,14190,9313,11427,2836,4965,161391,120146,21869,15665,35577,30954,4556,3,3
2021-07-03T23:59:59+02:00,827,793,8772,8506,12704,11712,15935,15813,19637,19697,21469,20517,13979,15149,9659,11882,2901,5091,4998,5053,5509,5811,10111,10881,16715,17239,18878,18350,13148,14156,9303,11417,2834,4963,153054,118587,21869,15665,35577,30584,4542,3,3
2021-07-02T23:59:59+02:00,827,791,8771,8500,12700,11708,15933,15812,19635,19697,21468,20517,13978,15148,9659,11881,2900,5090,4135,4185,4863,5162,9138,9884,16345,16762,18396,17812,12798,13833,9243,11342,2832,4955,153037,114048,21869,15665,35575,27449,4533,3,3
2021-07-01T23:59:59+02:00,807,771,8562,8331,12619,11629,15899,15782,19623,19683,21458,20500,13974,15145,9654,11873,2897,5084,2294,2464,4431,4788,8648,9457,15716,16219,17843,17375,12741,13767,9213,11286,2818,4925,152341,106408,21869,15663,35575,27409,4505,3,2
2021-06-30T23:59:59+02:00,752,721,8317,8144,12447,11481,15784,15686,19556,19615,21418,20454,13955,15119,9641,11860,2896,5079,2235,2425,4340,4669,8543,9357,15518,16080,17109,16874,12087,13122,9154,11217,2811,4919,150993,106346,21866,15662,35574,23960,4491,3,2
2021-06-29T23:59:59+02:00,752,721,8312,8135,12445,11477,15781,15686,19554,19615,21418,20454,13955,15119,9641,11860,2896,5079,2212,2413,4317,4630,8520,9312,15482,16021,17033,16789,11732,12784,9126,11183,2808,4911,150984,106332,21863,15660,35573,22801,4479,3,2
2021-06-28T23:59:59+02:00,752,721,8309,8131,12437,11472,15779,15686,19553,19615,21418,20454,13954,15119,9641,11860,2896,5079,2204,2384,4269,4512,8445,9149,15361,15743,16862,16517,11425,12480,9103,11156,2807,4907,150967,106322,21863,15660,35573,20869,4472,3,2
2021-06-27T23:59:59+02:00,752,721,8306,8125,12433,11469,15777,15686,19551,19615,21418,20454,13954,15119,9641,11859,2896,5079,2194,2380,4260,4510,8262,8995,15340,15727,16860,16512,11421,12479,9102,11154,2807,4907,150958,105923,21861,15659,35573,20865,4462,3,2
2021-06-26T23:59:59+02:00,744,717,8092,7910,11959,11061,14666,14695,19299,19417,21315,20332,13911,15068,9628,11830,2893,5076,2154,2337,4206,4455,8164,8885,15078,15467,16798,16465,11404,12460,9090,11149,2807,4905,148480,104859,20098,15637,35572,20865,4462,3,2
2021-06-25T23:59:59+02:00,725,699,8065,7886,11944,11051,14666,14689,19292,19412,21311,20331,13911,15068,9627,11828,2893,5076,2023,2159,3918,4149,6637,7450,12418,13274,16722,16377,11377,12430,9079,11125,2802,4890,148341,95979,20098,15555,35572,20832,4462,3,2
2021-06-24T23:59:59+02:00,713,682,7578,7474,10865,10153,14132,14252,19221,19352,21263,20288,13889,15039,9614,11815,2892,5073,1954,2091,3557,3809,5872,6781,12174,13063,16476,16170,11273,12303,8989,10998,2791,4856,144178,94743,20094,13177,35571,20784,4451,3,2
2021-06-23T23:59:59+02:00,713,682,7576,7469,10859,10150,14131,14251,19221,19351,21263,20287,13889,15039,9614,11815,2892,5073,1809,1923,3071,3406,4516,5606,11870,12794,16355,16052,11227,12264,8976,10971,2790,4849,144163,90094,20091,13177,35570,20756,4450,3,2
2021-06-22T23:59:59+02:00,713,682,7527,7440,10786,10100,14108,14225,19204,19336,21252,20279,13882,15029,9611,11812,2892,5073,1759,1892,2989,3352,4478,5573,11841,12755,16287,16001,11018,12073,8724,10670,2780,4818,144148,90075,20091,13173,35568,19617,4143,3,2
2021-06-21T23:59:59+02:00,711,682,7396,7371,10656,10003,13828,13976,18453,18720,21162,20202,13847,14997,9592,11787,2892,5070,1714,1867,2946,3314,4449,5543,11795,12720,16270,15985,11009,12062,8717,10662,2779,4817,141765,89949,20089,13172,35568,19604,3922,3,2
2021-06-20T23:59:59+02:00,711,682,7396,7367,10652,10000,13828,13976,18453,18720,21162,20202,13847,14997,9592,11787,2892,5070,1686,1838,2900,3298,4384,5504,11733,12687,16208,15926,10990,12046,8714,10653,2775,4813,141755,89470,20088,13168,35568,19593,3922,3,2
2021-06-19T23:59:59+02:00,711,681,7359,7330,10544,9909,13646,13818,18039,18384,20977,20029,13829,14970,9580,11767,2889,5064,1655,1803,2859,3249,4304,5430,11397,12397,16170,15888,10981,12034,8712,10648,2773,4811,141709,88456,18326,13139,35568,19592,3922,3,2
2021-06-18T23:59:59+02:00,15,12,6552,6597,10538,9908,13645,13816,18037,18382,20977,20029,13829,14969,9580,11766,2888,5062,1523,1691,2623,3093,3672,4797,10251,11252,15959,15732,10939,11994,8689,10626,2759,4783,138794,83792,18325,13137,35568,19538,3914,3,2
2021-06-17T23:59:59+02:00,13,11,6481,6528,10421,9803,13319,13511,17649,18061,20864,19931,13810,14931,9568,11752,2880,5056,1442,1573,2470,2943,3317,4459,8648,9889,15444,15299,10763,11814,8633,10548,2742,4755,136898,78319,18324,13132,35567,19487,3799,3,2
2021-06-16T23:59:59+02:00,13,11,6474,6522,10410,9800,13317,13509,17647,18060,20863,19931,13810,14931,9567,11751,2880,5056,1392,1525,2368,2869,3133,4280,7560,8948,14945,14911,10680,11703,8597,10500,2731,4739,136867,74491,18322,13130,35567,19463,3795,3,2
2021-06-15T23:59:59+02:00,13,11,6442,6503,10370,9772,13287,13494,17627,18038,20849,19917,13801,14923,9564,11745,2877,5053,1312,1466,2241,2767,3017,4195,6641,8216,14743,14744,10656,11674,8584,10478,2722,4732,136853,74480,18321,10719,35566,19443,3544,3,2
2021-06-14T23:59:59+02:00,13,11,6423,6486,10336,9746,13266,13474,17612,18020,20830,19906,13790,14914,9561,11743,2877,5049,1286,1451,2204,2740,2994,4174,6625,8196,14722,14734,10644,11665,8581,10477,2721,4728,136838,74470,18321,10719,35566,19422,3329,3,2
2021-06-13T23:59:59+02:00,13,11,6422,6486,10331,9744,13265,13471,17612,18020,20830,19906,13789,14914,9561,11743,2877,5049,1282,1445,2201,2731,2984,4164,6608,8179,14621,14669,10631,11642,8575,10465,2718,4728,136827,74178,18321,10719,35566,19417,3327,3,2
2021-06-12T23:59:59+02:00,10,9,5630,5714,10283,9708,13231,13447,17585,17999,20804,19875,13707,14841,9561,11740,2876,5049,1274,1426,2189,2714,2963,4137,6534,8096,14448,14532,10403,11358,8094,9927,2716,4727,134852,73674,18321,10719,35566,17817,3327,3,1
2021-06-11T23:59:59+02:00,9,9,5626,5707,10273,9701,13217,13435,17577,17995,20800,19873,13707,14840,9561,11738,2876,5049,1199,1342,2069,2554,2791,3882,5032,6761,12736,13152,10263,11210,8007,9821,2709,4711,134779,66388,18321,10718,35566,17808,3324,3,1
2021-06-10T23:59:59+02:00,3,3,4624,4752,10106,9573,13106,13353,17321,17759,20559,19692,13698,14829,9555,11728,2873,5046,1141,1281,1955,2448,2631,3705,4425,6124,11569,12163,9962,10886,7922,9736,2697,4686,131445,61562,18320,10718,35566,17803,3247,2,1
2021-06-09T23:59:59+02:00,3,3,4031,4143,9899,9425,13017,13280,17010,17493,20331,19510,13683,14816,9550,11722,2872,5041,1067,1237,1854,2379,2538,3592,4099,5817,11144,11836,9833,10726,7876,9670,2686,4677,129071,61485,18305,8863,35566,17797,2885,2,1
2021-06-08T23:59:59+02:00,3,3,4019,4136,9887,9416,13005,13273,17003,17484,20323,19508,13681,14813,9549,11719,2871,5039,1021,1229,1832,2364,2511,3578,4074,5797,11133,11833,9830,10721,7875,9668,2685,4674,129057,61368,18302,8858,35565,17792,2806,2,1
2021-06-07T23:59:59+02:00,3,3,4005,4128,9854,9403,12995,13255,16980,17473,20307,19497,13678,14809,9546,11715,2869,5037,1010,1222,1799,2352,2502,3559,4050,5783,11115,11819,9827,10715,7872,9665,2683,4672,129045,61358,18300,8855,35564,17785,2646,2,1
2021-06-06T23:59:59+02:00,3,3,4000,4124,9849,9399,12994,13255,16978,17472,20306,19497,13677,14808,9546,11715,2869,5037,1007,1219,1788,2350,2496,3550,4036,5776,10988,11674,9816,10708,7871,9665,2683,4672,129033,61033,18300,8854,35563,17777,2634,2,1
2021-06-05T23:59:59+02:00,2,0,3707,3823,7356,7390,12756,13070,16949,17443,20261,19456,13561,14663,9471,11624,2865,5025,929,1147,1623,2249,2330,3471,3810,5636,10090,10833,9432,10253,7759,9510,2675,4652,123054,57753,18300,8854,35563,17288,2503,2,1
2021-06-04T23:59:59+02:00,2,0,3640,3767,7204,7274,12286,12675,16809,17331,20028,19221,13442,14517,9414,11545,2851,5008,901,1081,1592,2144,2291,3303,3734,5378,9450,10156,8587,9234,7483,9105,2671,4641,120653,56280,18300,8852,35563,14122,2496,2,1
2021-06-03T23:59:59+02:00,2,0,3227,3373,7177,7258,12158,12557,16777,17289,19940,19155,13430,14500,9412,11542,2850,5007,872,1013,1546,2020,2212,3102,3544,4996,8872,9536,7826,8362,7011,8489,2668,4633,119409,54648,18297,8850,35559,10816,2387,2,1
2021-06-02T23:59:59+02:00,0,0,2839,3055,6037,6337,11854,12322,16718,17238,19818,19050,13369,14446,9390,11521,2848,4999,856,979,1482,1997,2099,3064,3373,4894,7508,8454,7746,8283,6995,8461,2665,4628,115707,51542,18296,8850,35559,10814,2277,2,1
2021-06-01T23:59:59+02:00,0,0,2550,2743,5561,5911,11533,12038,16694,17214,19767,19013,13246,14323,9383,11517,2847,4996,839,972,1467,1988,2080,3051,3347,4874,7209,8129,7709,8249,6985,8447,2663,4628,115686,50861,15947,8830,35559,10803,2142,2,1
2021-05-31T23:59:59+02:00,0,0,2534,2739,5540,5901,11501,12013,16658,17202,19721,18990,13243,14319,9378,11515,2847,4994,822,964,1446,1977,2044,3028,3310,4860,7163,8107,7706,8244,6980,8445,2663,4626,115675,50849,15943,8824,35558,10794,1917,2,1
2021-05-30T23:59:59+02:00,0,0,2530,2737,5538,5897,11501,12012,16655,17201,19719,18989,13243,14319,9378,11515,2847,4994,821,960,1441,1974,2044,3026,3308,4858,7162,8107,7706,8244,6980,8445,2663,4626,115659,50843,15943,8824,35555,10781,1916,2,1
2021-05-29T23:59:59+02:00,0,0,2514,2723,5372,5742,11434,11953,16647,17195,19711,18988,13242,14317,9376,11515,2847,4994,784,911,1330,1879,1766,2772,2902,4435,6876,7835,7522,8019,6804,8217,2660,4620,115154,50195,15943,8824,35555,8396,1916,2,1
2021-05-28T23:59:59+02:00,0,0,2376,2593,4947,5351,10753,11335,16580,17133,19685,18960,13233,14303,9357,11486,2845,4985,762,888,1271,1825,1676,2700,2769,4330,5294,6140,7359,7823,6762,8161,2657,4610,112511,45903,15943,8824,35555,8388,1911,2,1
2021-05-27T23:59:59+02:00,0,0,2356,2572,4897,5285,10089,10764,16539,17101,19671,18949,13223,14293,9355,11484,2845,4985,708,793,1164,1753,1465,2558,2396,4023,4413,5228,7121,7515,6671,8044,2640,4591,111125,42109,15940,8818,35553,8367,1788,2,1
2021-05-26T23:59:59+02:00,0,0,2318,2510,4724,5105,9653,10396,16487,17047,19603,18895,13209,14274,9345,11482,2841,4972,693,751,1117,1721,1376,2478,2187,3852,4284,5090,6957,7302,6591,7945,2628,4577,109702,40710,15938,8817,35553,8355,1666,2,1
2021-05-25T23:59:59+02:00,0,0,2315,2503,4694,5088,9628,10370,16462,17029,19589,18888,13204,14272,9342,11479,2841,4972,686,737,1069,1703,1324,2433,2117,3792,3744,4513,6655,6959,6557,7908,2627,4575,109697,40702,15936,6862,35552,8345,1489,2,1
2021-05-24T23:59:59+02:00,0,0,2306,2495,4682,5083,9619,10365,16436,17009,19563,18864,13194,14261,9339,11469,2840,4968,677,732,1057,1696,1314,2426,2092,3772,3718,4488,6644,6948,6554,7898,2626,4571,109690,40695,15936,6862,35552,8342,1313,2,1
2021-05-23T23:59:59+02:00,0,0,2290,2463,4594,5009,9485,10243,16433,17008,19563,18863,13192,14259,9336,11465,2838,4967,676,729,1055,1696,1313,2426,2092,3772,3718,4487,6643,6948,6554,7898,2626,4571,109206,40689,15936,6861,35551,8340,1313,2,1
2021-05-22T23:59:59+02:00,0,0,2270,2444,4585,4992,9405,10160,16410,16994,19511,18819,13164,14229,9333,11459,2838,4966,675,727,1054,1693,1310,2423,2089,3767,3702,4474,5812,6048,6482,7817,2618,4566,108777,38742,15936,6861,35551,8340,1313,2,1
2021-05-21T23:59:59+02:00,0,0,2235,2411,4477,4905,9209,9985,16382,16961,19496,18812,13154,14220,9331,11457,2833,4955,663,700,1017,1627,1260,2300,2002,3587,3358,4039,4048,3940,6439,7751,2613,4551,108037,34733,15936,6861,35548,7000,1300,2,1
2021-05-20T23:59:59+02:00,0,0,2206,2371,4394,4844,8988,9755,16332,16908,19443,18760,13123,14185,9314,11440,2832,4951,608,593,892,1314,1087,1895,1780,3051,2798,3357,3212,2986,6394,7701,2609,4546,107181,32903,15933,6860,35539,3868,1191,2,1
2021-05-19T23:59:59+02:00,0,0,2044,2196,3896,4420,7602,8561,16058,16660,19320,18635,13075,14137,9304,11414,2830,4948,593,556,854,1260,1058,1844,1754,2997,2748,3313,3204,2973,6390,7698,2609,4545,102544,32879,15931,6858,35537,3572,1086,2,1
2021-05-18T23:59:59+02:00,0,0,1996,2143,3589,4131,6942,7965,15910,16543,19236,18552,13042,14104,9248,11340,2824,4934,586,552,848,1258,1050,1835,1724,2981,2739,3295,3199,2968,6386,7694,2609,4545,102524,32873,13464,6853,35533,3566,976,2,1
2021-05-17T23:59:59+02:00,0,0,1988,2135,3569,4117,6897,7941,15882,16525,19214,18533,13032,14080,9246,11339,2824,4934,578,545,829,1243,1006,1811,1696,2963,2715,3274,3188,2947,6386,7693,2609,4545,102517,32867,13461,6853,35531,3562,745,2,1
2021-05-16T23:59:59+02:00,0,0,1983,2132,3562,4112,6711,7776,15859,16506,19210,18528,13027,14079,9245,11338,2824,4934,578,545,829,1241,1005,1810,1696,2963,2713,3274,3188,2947,6386,7693,2609,4545,102093,32864,13460,6853,35527,3560,744,2,1
2021-05-15T23:59:59+02:00,0,0,1955,2096,3524,4074,6625,7672,15590,16238,19154,18486,13008,14060,9236,11333,2824,4932,578,545,829,1240,1005,1810,1694,2962,2713,3274,3187,2947,6385,7693,2609,4545,101074,32860,13460,6853,35527,3558,744,2,1
2021-05-14T23:59:59+02:00,0,0,1846,1951,3278,3823,5031,6193,12936,14042,19089,18400,12984,14030,9230,11320,2821,4926,578,544,826,1240,1005,1810,1693,2961,2707,3272,3182,2941,6382,7691,2609,4544,92181,32842,13460,6852,35525,3558,732,2,1
2021-05-13T23:59:59+02:00,0,0,1819,1904,3237,3772,4919,6091,12730,13858,18929,18273,12907,13935,9195,11268,2821,4925,572,541,819,1231,995,1797,1674,2942,2600,3179,2521,2133,4927,5889,2600,4525,90963,29826,13365,4831,35523,3557,730,2,1
2021-05-12T23:59:59+02:00,0,0,1819,1904,3236,3772,4919,6091,12730,13858,18928,18273,12906,13934,9195,11268,2821,4925,572,541,819,1231,995,1797,1674,2941,2597,3177,2521,2133,4927,5887,2600,4525,90960,29823,13365,4826,35522,3557,730,2,1
2021-05-11T23:59:59+02:00,0,0,1775,1859,3144,3697,4831,6025,11800,13129,18734,18114,12892,13913,9188,11254,2815,4921,571,539,816,1226,994,1796,1673,2940,2587,3173,2520,2132,4925,5886,2599,4525,90949,29814,10904,4814,35514,3551,722,2,1
2021-05-10T23:59:59+02:00,0,0,1759,1856,3138,3694,4825,6021,11799,13128,18733,18114,12892,13913,9188,11254,2815,4921,570,537,816,1226,993,1796,1672,2940,2587,3173,2519,2131,4925,5886,2599,4525,90936,29813,10901,4813,35489,3546,722,2,1
2021-05-09T23:59:59+02:00,0,0,1723,1809,3086,3679,4754,5986,11732,13107,18670,18055,12872,13894,9185,11245,2813,4919,568,534,808,1225,983,1790,1659,2937,2583,3172,2519,2129,4924,5885,2599,4524,90466,29809,10898,4812,35482,3536,681,2,1
2021-05-08T23:59:59+02:00,0,0,1690,1775,3050,3629,4677,5913,11395,12805,18637,18021,12865,13886,9184,11243,2811,4919,556,533,801,1225,972,1790,1651,2937,2567,3161,2518,2129,4924,5884,2598,4523,89437,29805,10898,4812,35482,3470,681,2,1
2021-05-07T23:59:59+02:00,0,0,1546,1652,2802,3457,4003,5248,10183,11613,18437,17870,12826,13851,9164,11226,2803,4912,459,384,678,995,826,1471,1506,2522,2398,2804,2509,2120,4920,5880,2595,4520,84663,29800,10897,4812,35470,1413,561,2,1
2021-05-06T23:59:59+02:00,0,0,1483,1483,2668,3326,3676,4938,8480,10130,17921,17445,12658,13683,9117,11154,2800,4904,337,325,574,893,690,1382,1257,2308,2184,2609,2457,2088,4918,5873,2595,4519,79131,29778,10896,4811,35453,35,384,2,1
2021-05-05T23:59:59+02:00,0,0,1428,1406,2581,3254,3500,4763,7328,9113,17414,17045,12570,13570,9085,11108,2791,4889,337,325,572,892,689,1380,1211,2256,2173,2601,2453,2086,4918,5869,2595,4515,75250,29768,10891,4810,35443,34,259,2,1
2021-05-04T23:59:59+02:00,0,0,1417,1404,2574,3247,3498,4763,7326,9112,17413,17045,12570,13570,9085,11108,2791,4889,337,324,572,890,687,1380,1211,2256,2173,2601,2452,2085,4918,5869,2595,4514,75242,29764,10880,4810,35430,31,258,2,1
2021-05-03T23:59:59+02:00,0,0,1415,1398,2566,3242,3495,4757,7247,9052,17399,17037,12565,13568,9085,11108,2790,4888,334,318,568,886,682,1375,1132,2196,2159,2593,2448,2083,4918,5869,2594,4513,75232,29762,10880,4810,35430,27,68,2,1
2021-05-02T23:59:59+02:00,0,0,1407,1394,2563,3236,3482,4748,7227,9032,17293,16969,12552,13543,9079,11097,2787,4888,332,317,568,885,682,1375,1132,2195,2157,2593,2448,2083,4917,5867,2594,4513,74922,29756,10879,4809,35429,27,65,2,1
2021-05-01T23:59:59+02:00,0,0,1403,1388,2553,3226,3473,4730,7168,8971,17149,16852,12527,13520,9067,11091,2787,4888,332,317,568,885,682,1375,1132,2195,2157,2593,2448,2083,4915,5867,2593,4511,74418,29751,10879,4809,35429,27,65,2,1
2021-04-30T23:59:59+02:00,0,0,1333,1308,2432,3056,3304,4455,5617,7569,15402,15420,12384,13359,8972,10974,2772,4855,332,317,567,884,681,1375,1129,2193,2154,2591,2447,2073,4902,5858,2585,4493,66891,29734,10879,4808,35429,27,11,2,1
2021-04-29T23:59:59+02:00,0,0,1278,1270,2329,2946,3171,4285,5008,6920,14225,14396,12073,13031,8881,10892,2758,4827,330,315,567,883,681,1374,1128,2193,2152,2589,2445,2069,4901,5855,2584,4491,61972,29713,10879,4805,35426,27,11,2,1
2021-04-28T23:59:59+02:00,0,0,1215,1253,2267,2908,3106,4204,4699,6628,13809,14079,11958,12884,8840,10832,2750,4821,329,315,564,881,678,1374,1126,2190,2151,2582,2442,2066,4898,5851,2581,4488,61852,29708,8969,4777,35426,26,4,2,1
2021-04-27T23:59:59+02:00,0,0,1195,1251,2262,2907,3102,4203,4697,6628,13808,14078,11957,12883,8840,10832,2750,4821,329,315,564,881,677,1372,1126,2190,2150,2582,2442,2064,4898,5851,2581,4488,61820,29706,8964,4773,35424,26,4,2,1
2021-04-26T23:59:59+02:00,0,0,1195,1249,2260,2906,3099,4203,4683,6614,13768,14046,11954,12880,8839,10830,2750,4820,329,315,564,881,677,1372,1126,2190,2148,2581,2442,2064,4898,5851,2581,4488,61809,29704,8959,4772,35322,26,4,2,1
2021-04-25T23:59:59+02:00,0,0,1194,1249,2254,2906,3096,4196,4670,6607,13630,13891,11944,12874,8838,10829,2750,4820,329,315,563,881,676,1371,1124,2188,2148,2581,2442,2064,4898,5851,2581,4488,61482,29700,8956,4769,35304,26,4,2,1
2021-04-24T23:59:59+02:00,0,0,1128,1203,2116,2817,2956,4140,4459,6491,12765,13088,11666,12544,8772,10725,2743,4807,329,315,563,881,675,1370,1124,2188,2148,2580,2441,2064,4894,5850,2581,4488,58155,29693,8955,4769,35304,24,4,2,1
2021-04-23T23:59:59+02:00,0,0,1029,1183,1901,2790,2796,4107,4345,6379,11421,12032,11611,12482,8748,10678,2741,4804,328,315,563,881,674,1370,1123,2188,2146,2580,2440,2064,4893,5844,2581,4487,56678,29687,8955,4767,33409,19,3,2,1
2021-04-22T23:59:59+02:00,0,0,1019,1174,1874,2777,2734,4082,4168,6260,10802,11515,11523,12395,8718,10631,2738,4799,327,314,563,881,674,1369,1121,2188,2145,2580,2440,2062,4891,5842,2581,4487,54981,29680,8954,4762,33269,19,3,2,1
2021-04-21T23:59:59+02:00,0,0,1004,1160,1799,2753,2614,4047,4022,6186,9308,10355,11448,12326,8706,10607,2735,4796,326,314,562,881,673,1369,1120,2188,2145,2579,2436,2058,4888,5840,2580,4485,51815,29662,8953,4759,33093,19,3,2,1
2021-04-20T23:59:59+02:00,0,0,1004,1159,1798,2752,2611,4043,4018,6185,9011,10031,11421,12302,8702,10597,2733,4795,326,314,562,881,673,1369,1120,2187,2144,2578,2436,2057,4886,5839,2580,4485,51115,29658,8950,4756,33092,19,3,2,1
2021-04-19T23:59:59+02:00,0,0,1002,1157,1798,2749,2610,4042,4015,6183,9011,10030,11421,12302,8702,10596,2733,4795,325,314,561,880,673,1369,1118,2187,2143,2578,2436,2057,4886,5839,2580,4485,51106,29654,8945,4755,33090,18,3,2,1
2021-04-18T23:59:59+02:00,0,0,1002,1156,1796,2749,2608,4040,4015,6183,9011,10030,11421,12302,8702,10594,2733,4794,325,314,561,880,672,1369,1118,2186,2143,2578,2436,2057,4886,5839,2580,4485,51098,29653,8944,4754,33089,18,3,2,1
2021-04-17T23:59:59+02:00,0,0,1002,1155,1793,2743,2531,3949,3958,6101,8994,10012,11298,12150,8699,10592,2733,4793,320,308,557,873,664,1359,1100,2172,2096,2552,2391,2005,4837,5770,2574,4479,50465,29282,8944,4754,33089,17,3,2,1
2021-04-16T23:59:59+02:00,0,0,973,1121,1682,2660,2329,3812,3708,5926,7271,8198,11101,11906,8645,10529,2730,4780,313,303,542,854,632,1322,1018,2115,1871,2392,2241,1896,4649,5501,2515,4363,46117,29268,8869,3243,32380,12,3,2,1
2021-04-15T23:59:59+02:00,0,0,903,1069,1552,2572,2048,3660,3176,5596,6260,7232,10843,11570,8545,10405,2711,4757,313,303,541,853,630,1321,1017,2112,1635,2251,2088,1765,4463,5290,2461,4260,42307,29223,8866,2068,31721,8,3,2,1
2021-04-14T23:59:59+02:00,0,0,888,1040,1507,2536,1960,3579,3006,5461,6166,7121,10679,11363,8463,10305,2699,4743,293,293,507,826,559,1262,809,1969,1414,2127,2021,1690,4331,5126,2447,4232,40931,27826,8862,2068,31718,8,3,2,1
2021-04-13T23:59:59+02:00,0,0,883,1034,1495,2533,1937,3559,2974,5426,5643,6545,10379,11023,8432,10271,2698,4742,293,291,507,825,559,1262,809,1969,1414,2126,2018,1689,4331,5126,2447,4229,40921,27824,6935,2059,31713,8,3,2,1
2021-04-12T23:59:59+02:00,0,0,883,1032,1494,2530,1937,3559,2973,5425,5642,6545,10378,11022,8431,10271,2698,4742,293,290,507,825,557,1262,807,1968,1413,2126,2018,1689,4331,5125,2447,4229,40914,27818,6932,2057,31711,8,3,2,1
2021-04-11T23:59:59+02:00,0,0,883,1032,1492,2530,1935,3557,2972,5425,5642,6545,10377,11020,8431,10271,2698,4742,293,290,506,825,555,1262,806,1968,1411,2126,2018,1689,4331,5125,2447,4229,40911,27813,6931,2057,31706,8,2,2,1
2021-04-10T23:59:59+02:00,0,0,881,1029,1489,2526,1918,3545,2903,5359,5514,6447,10147,10802,8378,10221,2694,4741,293,289,506,824,555,1262,805,1968,1411,2126,2014,1685,4326,5116,2446,4226,40340,27784,6931,2057,31319,8,2,2,1
2021-04-09T23:59:59+02:00,0,0,843,996,1392,2470,1814,3486,2774,5305,5374,6382,7768,7974,8314,10127,2684,4723,292,289,503,823,553,1260,802,1968,1409,2122,1994,1663,4304,5098,2443,4220,34864,27675,6930,2057,30628,8,2,2,1
2021-04-08T23:59:59+02:00,0,0,842,994,1388,2467,1812,3483,2762,5296,5363,6369,6979,7059,8272,10077,2681,4719,290,288,503,822,553,1259,801,1968,1407,2121,1992,1663,4303,5095,2443,4220,33010,27661,6930,2056,30619,8,2,2,1
2021-04-07T23:59:59+02:00,0,0,790,971,1313,2395,1725,3414,2569,5188,4620,5885,6311,6417,8213,10015,2675,4712,290,288,503,822,553,1256,801,1968,1407,2121,1992,1663,4302,5095,2443,4220,33003,27660,6928,2055,27278,7,2,2,0
2021-04-06T23:59:59+02:00,0,0,756,964,1294,2360,1701,3373,2539,5142,4546,5809,5949,6060,8192,9991,2670,4706,290,287,503,821,553,1256,800,1968,1406,2121,1992,1662,4302,5095,2443,4220,32998,27657,6928,2053,26122,7,2,2,0
2021-04-05T23:59:59+02:00,0,0,752,933,1253,2235,1629,3205,2420,4872,4383,5537,5641,5752,8175,9965,2668,4702,290,287,503,820,553,1256,800,1968,1406,2121,1992,1662,4302,5095,2443,4220,32996,27656,6928,2053,24194,7,2,2,0
2021-04-04T23:59:59+02:00,0,0,731,908,1161,2019,1495,2939,2206,4437,4033,5038,5396,5528,8142,9911,2667,4694,290,287,502,819,551,1255,799,1967,1332,2084,1628,1388,4144,4914,2399,4155,32992,26453,6928,2053,21381,6,2,2,0
2021-04-03T23:59:59+02:00,0,0,731,908,1160,2018,1494,2939,2205,4437,4033,5038,5396,5527,8142,9911,2667,4694,290,287,502,819,551,1255,799,1967,1332,2084,1628,1388,4144,4914,2399,4155,32988,26453,6928,2053,21380,6,2,2,0
2021-04-02T23:59:59+02:00,0,0,731,907,1160,2018,1493,2939,2205,4437,4032,5037,5396,5526,8141,9910,2666,4692,290,287,502,819,550,1255,799,1967,1331,2084,1628,1388,4144,4914,2399,4155,32986,26452,6928,2053,21373,6,1,2,0
2021-04-01T23:59:59+02:00,0,0,726,905,1157,2012,1485,2930,2191,4419,3941,4952,4902,4925,7436,9016,2664,4687,290,285,501,816,550,1254,796,1965,1293,2056,1479,1293,4045,4813,2388,4142,30079,25912,6902,2047,21364,6,1,2,0
2021-03-31T23:59:59+02:00,0,0,726,904,1155,2011,1481,2925,2187,4418,3923,4941,4729,4707,6667,8081,2654,4665,289,284,501,816,546,1251,791,1958,1188,1979,1084,1027,3635,4349,2281,3968,29961,23957,4873,1984,21337,5,1,2,0
2021-03-30T23:59:59+02:00,0,0,726,904,1154,2008,1469,2916,2178,4409,3878,4914,4530,4526,6417,7784,2645,4649,289,283,501,814,546,1251,791,1957,1188,1979,1084,1027,3635,4349,2280,3968,29956,23953,4868,1984,20280,4,1,2,0
2021-03-29T23:59:59+02:00,0,0,724,902,1154,2008,1467,2916,2178,4409,3874,4912,4527,4524,6414,7775,2643,4631,289,282,501,814,546,1251,790,1956,1188,1979,1084,1026,3635,4349,2280,3968,29947,23949,4863,1984,20245,4,1,2,0
2021-03-28T23:59:59+02:00,0,0,724,902,1154,2005,1465,2914,2177,4406,3873,4912,4526,4524,6411,7771,2643,4629,288,282,499,814,546,1251,789,1956,1188,1979,1084,1025,3635,4349,2280,3968,29945,23945,4858,1983,20230,4,1,2,0
2021-03-27T23:59:59+01:00,0,0,720,897,1150,1997,1457,2904,2158,4390,3831,4886,4477,4467,6366,7712,2636,4616,284,277,485,804,535,1239,741,1920,1027,1887,823,835,3496,4195,2118,3656,29596,22976,4858,1341,20207,4,1,2,0
2021-03-26T23:59:59+01:00,0,0,720,897,1149,1996,1454,2903,2155,4389,3826,4883,4466,4445,6356,7687,2629,4602,283,277,485,802,533,1239,739,1920,1020,1879,685,740,2517,3038,1947,3443,29539,20201,4856,1341,20159,4,1,2,0
2021-03-25T23:59:59+01:00,0,0,719,896,1149,1996,1453,2900,2151,4383,3821,4879,4457,4434,6343,7655,2608,4548,283,277,485,802,532,1236,738,1919,1018,1878,664,733,1331,1585,1665,3079,29527,16879,4851,1341,20011,4,1,2,0
2021-03-24T23:59:59+01:00,0,0,696,885,1111,1966,1382,2840,1945,4235,3597,4753,4397,4374,6208,7487,2594,4516,283,277,485,801,529,1236,736,1919,1017,1878,664,733,1331,1584,1665,3077,28150,16870,4848,1340,19985,4,1,2,0
2021-03-23T23:59:59+01:00,0,0,696,883,1109,1965,1382,2840,1945,4235,3596,4750,4397,4373,6207,7487,2594,4515,283,277,485,801,529,1235,736,1919,1017,1878,664,733,1331,1584,1665,3077,28145,16869,4845,1340,19981,4,1,2,0
2021-03-22T23:59:59+01:00,0,0,696,881,1107,1961,1379,2840,1943,4235,3595,4750,4397,4372,6207,7486,2594,4515,283,277,485,801,529,1234,735,1919,1017,1877,664,732,1331,1584,1665,3077,28141,16866,4844,1340,19970,3,1,2,0
2021-03-21T23:59:59+01:00,0,0,695,881,1105,1958,1379,2838,1942,4234,3594,4749,4397,4372,6206,7486,2594,4515,282,277,485,801,529,1234,735,1919,1017,1877,664,731,1331,1584,1665,3077,28138,16865,4843,1340,19963,3,0,1,0
2021-03-20T23:59:59+01:00,0,0,693,879,1103,1956,1373,2835,1925,4227,3563,4730,4179,4097,5689,6879,2584,4482,277,275,480,795,512,1224,713,1902,979,1848,594,653,1099,1325,1315,2528,28057,15176,4745,1340,18391,3,0,1,0
2021-03-19T23:59:59+01:00,0,0,685,873,1088,1936,1339,2798,1845,4171,3342,4569,4030,3991,5512,6637,2535,4397,277,275,480,795,512,1224,713,1901,978,1848,594,653,1099,1324,1314,2527,28055,15171,3309,1340,18384,3,0,0,0
2021-03-18T23:59:59+01:00,0,0,684,872,1087,1935,1338,2796,1845,4168,3112,4426,3876,3862,5334,6435,2483,4296,277,274,479,795,512,1222,713,1900,977,1847,592,650,860,1067,1204,2359,28044,14387,2123,1339,18382,2,0,0,0
2021-03-17T23:59:59+01:00,0,0,684,872,1086,1935,1338,2795,1845,4168,3112,4426,3876,3860,5333,6435,2483,4296,277,273,479,795,512,1222,713,1900,976,1847,591,650,860,1067,1204,2359,28042,14385,2123,1338,18379,2,0,0,0
2021-03-16T23:59:59+01:00,0,0,683,872,1086,1931,1337,2795,1842,4168,3112,4424,3875,3859,5333,6435,2482,4295,275,269,465,790,503,1210,697,1886,960,1837,589,649,858,1066,1203,2358,28034,14275,2119,1338,18376,2,0,0,0
2021-03-15T23:59:59+01:00,0,0,683,871,1084,1930,1334,2795,1838,4167,3111,4424,3875,3858,5332,6435,2482,4295,275,269,465,790,503,1210,696,1886,959,1836,589,649,858,1066,1203,2358,28029,14272,2117,1338,18368,2,0,0,0
2021-03-14T23:59:59+01:00,0,0,682,869,1081,1927,1331,2792,1836,4165,3106,4423,3875,3858,5332,6435,2482,4295,275,269,465,790,503,1210,696,1886,959,1835,589,649,857,1066,1203,2358,28025,14270,2117,1338,18347,2,0,0,0
2021-03-13T23:59:59+01:00,0,0,680,864,1073,1921,1322,2785,1831,4157,2992,4345,3406,3455,5127,6202,2437,4231,275,269,465,790,503,1210,695,1886,957,1834,565,633,554,766,771,1768,26759,12601,2117,1338,17952,2,0,0,0
2021-03-12T23:59:59+01:00,0,0,650,777,1050,1808,1301,2594,1799,3891,2948,4177,2265,2011,4766,5656,2434,4222,275,269,465,790,503,1210,694,1886,955,1834,565,632,554,766,771,1767,26747,12597,2117,1338,13485,1,0,0,0
2021-03-11T23:59:59+01:00,0,0,640,732,1042,1706,1293,2435,1787,3677,2902,4038,1701,1482,4280,5114,2424,4213,273,268,465,790,503,1210,694,1885,955,1830,565,632,552,765,688,1622,26197,12594,2105,1103,11164,0,0,0,0
2021-03-10T23:59:59+01:00,0,0,635,720,1032,1684,1284,2414,1774,3651,2793,3955,1311,1214,3872,4645,2330,4056,273,268,464,788,502,1210,694,1885,953,1830,565,632,550,764,688,1622,24218,12588,2104,1100,11048,0,0,0,0
2021-03-09T23:59:59+01:00,0,0,634,715,1024,1667,1273,2399,1771,3640,2786,3950,1307,1213,3872,4644,2329,4056,273,268,464,788,502,1210,694,1885,953,1830,565,632,550,764,688,1622,24215,12588,2103,1100,10962,0,0,0,0
2021-03-08T23:59:59+01:00,0,0,630,686,1013,1642,1258,2366,1763,3607,2765,3935,1306,1211,3872,4644,2329,4056,273,268,464,788,502,1210,694,1885,953,1830,565,631,548,764,688,1622,24211,12585,2102,1100,10770,0,0,0,0
2021-03-07T23:59:59+01:00,0,0,630,683,1009,1638,1258,2363,1762,3604,2765,3933,1306,1211,3872,4644,2329,4056,273,268,464,788,501,1210,694,1885,953,1830,565,631,548,764,688,1622,24208,12584,2102,1100,10753,0,0,0,0
2021-03-06T23:59:59+01:00,0,0,594,636,890,1537,1016,2173,1341,3222,2344,3597,1024,992,3572,4267,2309,4039,273,268,464,788,499,1210,694,1885,953,1829,565,630,546,760,599,1448,23209,12581,2099,830,8245,0,0,0,0
2021-03-05T23:59:59+01:00,0,0,591,636,885,1534,1016,2172,1338,3219,2337,3592,880,895,2577,3072,2138,3807,271,268,459,776,495,1205,685,1868,939,1814,561,626,488,698,292,937,20365,12377,2088,5,8236,0,0,0,0
2021-03-04T23:59:59+01:00,0,0,573,592,848,1404,978,2018,1288,3015,2293,3492,865,886,1391,1637,1851,3442,271,268,458,776,495,1205,685,1868,939,1814,560,625,488,697,292,937,17065,12373,2087,5,7421,0,0,0,0
2021-03-03T23:59:59+01:00,0,0,567,559,825,1339,957,1956,1272,2971,2283,3448,865,885,1391,1637,1851,3442,271,268,458,775,495,1205,685,1867,939,1814,560,625,488,697,292,937,17063,12371,2087,5,7098,0,0,0,0
2021-03-02T23:59:59+01:00,0,0,566,557,822,1338,957,1956,1271,2970,2283,3448,865,885,1391,1637,1851,3442,271,268,457,775,495,1205,685,1867,939,1813,560,625,488,697,292,937,17062,12369,2087,5,7090,0,0,0,0
2021-03-01T23:59:59+01:00,0,0,566,555,821,1338,957,1955,1271,2970,2282,3447,865,884,1391,1636,1851,3442,271,268,457,775,495,1205,684,1866,939,1813,560,625,488,697,292,937,17059,12367,2086,5,7086,0,0,0,0
2021-02-28T23:59:59+01:00,0,0,565,553,821,1338,956,1955,1271,2970,2280,3446,865,882,1391,1636,1851,3442,271,268,457,775,495,1205,684,1865,939,1813,560,625,488,697,292,937,17056,12366,2086,5,7080,0,0,0,0
2021-02-27T23:59:59+01:00,0,0,560,551,810,1328,935,1944,1231,2941,2203,3396,744,765,1122,1346,1344,2569,270,268,456,775,494,1205,682,1864,938,1811,559,623,487,695,291,933,15334,12347,1377,4,7078,0,0,0,0
2021-02-26T23:59:59+01:00,0,0,550,530,781,1264,906,1831,1192,2783,1883,2975,703,737,1122,1346,1343,2568,270,268,456,775,494,1205,682,1864,938,1811,559,623,487,695,291,932,15329,12346,1377,4,5808,0,0,0,0
2021-02-25T23:59:59+01:00,0,0,516,488,719,1146,799,1638,1038,2482,1384,2427,652,692,874,1082,1234,2397,269,267,455,775,494,1204,681,1862,938,1810,559,623,487,695,291,932,14525,12341,1377,1,3666,0,0,0,0
2021-02-24T23:59:59+01:00,0,0,515,487,719,1144,798,1638,1038,2481,1384,2426,652,692,874,1082,1234,2397,269,267,455,775,494,1203,681,1862,938,1810,559,623,487,695,291,932,14524,12341,1376,0,3661,0,0,0,0
2021-02-23T23:59:59+01:00,0,0,513,483,704,1136,789,1627,1021,2467,1368,2416,650,691,872,1081,1233,2396,269,266,455,774,494,1203,681,1861,938,1809,559,623,487,695,291,932,14414,12337,1376,0,3657,0,0,0,0
2021-02-22T23:59:59+01:00,0,0,513,483,703,1136,787,1627,1021,2467,1367,2415,650,689,872,1081,1233,2396,269,266,455,774,494,1203,681,1861,938,1808,559,623,487,695,291,932,14412,12336,1376,0,3652,0,0,0,0
2021-02-21T23:59:59+01:00,0,0,513,483,703,1136,786,1627,1020,2467,1367,2414,649,689,871,1081,1233,2396,269,266,455,774,494,1203,681,1861,938,1808,559,623,487,695,291,932,14410,12336,1376,0,3649,0,0,0,0
2021-02-20T23:59:59+01:00,0,0,497,481,691,1130,766,1622,1007,2465,1340,2394,622,670,562,775,793,1797,268,265,450,772,489,1197,675,1850,932,1805,556,620,482,695,287,927,12713,12270,1375,0,3524,0,0,0,0
2021-02-19T23:59:59+01:00,0,0,399,395,587,1004,648,1468,866,2294,1101,2157,575,646,562,775,793,1797,265,265,446,770,487,1188,672,1834,925,1785,552,614,477,688,284,919,12712,12171,1375,0,1980,0,0,0,0
2021-02-18T23:59:59+01:00,0,0,276,270,473,801,506,1220,705,1898,965,1846,572,640,561,775,793,1797,264,263,444,767,485,1184,671,1820,921,1774,546,609,470,681,279,908,12710,12086,1375,0,13,0,0,0,0
2021-02-17T23:59:59+01:00,0,0,276,270,472,801,506,1220,704,1898,964,1846,571,640,561,774,793,1797,263,263,443,764,483,1182,668,1812,918,1767,541,604,461,659,268,889,12708,11985,1375,0,10,0,0,0,0
2021-02-16T23:59:59+01:00,0,0,276,270,470,800,505,1220,704,1898,964,1846,571,640,561,774,793,1797,252,259,437,748,471,1150,661,1736,893,1688,522,575,429,616,251,824,12708,11512,1375,0,6,0,0,0,0
2021-02-15T23:59:59+01:00,0,0,276,270,469,800,505,1220,702,1898,964,1846,571,640,561,774,793,1797,248,255,434,740,465,1124,645,1685,868,1634,501,541,411,572,239,761,12708,11123,1375,0,3,0,0,0,0
2021-02-14T23:59:59+01:00,0,0,276,270,469,800,504,1220,702,1898,964,1846,571,640,561,774,793,1797,248,255,434,739,465,1124,645,1679,866,1625,491,536,407,569,231,753,12707,11067,1375,0,3,0,0,0,0
2021-02-13T23:59:59+01:00,0,0,274,270,469,800,504,1220,701,1897,964,1846,571,640,561,774,793,1797,246,253,434,735,458,1112,636,1657,846,1592,472,511,393,544,218,717,12705,10824,1375,0,1,0,0,0,0
2021-02-12T23:59:59+01:00,0,0,274,270,468,799,504,1220,701,1896,959,1843,571,638,512,728,779,1793,229,245,415,701,437,1024,601,1494,759,1350,389,391,318,432,162,539,12579,9486,1375,0,1,0,0,0,0
2021-02-11T23:59:59+01:00,0,0,272,270,467,799,504,1220,701,1894,959,1840,570,637,509,725,693,1645,207,232,403,669,417,977,565,1400,713,1239,355,342,279,369,135,453,12567,8755,1137,0,1,0,0,0,0
2021-02-10T23:59:59+01:00,0,0,272,270,467,798,504,1220,700,1894,958,1840,569,637,509,724,692,1643,204,228,402,663,413,963,562,1380,700,1204,338,319,257,327,118,391,12560,8469,1137,0,0,0,0,0,0
2021-02-09T23:59:59+01:00,0,0,272,270,467,798,504,1220,699,1894,958,1838,569,637,509,724,692,1643,195,215,390,627,394,896,519,1285,647,1074,264,227,182,216,77,243,12557,7451,1137,0,0,0,0,0,0
2021-02-08T23:59:59+01:00,0,0,272,270,465,798,504,1220,698,1894,958,1837,569,637,509,724,692,1643,192,209,386,613,384,871,492,1234,614,1001,231,184,146,157,61,185,12554,6960,1136,0,0,0,0,0,0
2021-02-07T23:59:59+01:00,0,0,272,270,465,798,504,1220,698,1894,958,1836,569,637,509,724,692,1642,191,209,384,609,382,866,487,1224,610,987,225,177,136,139,55,169,12552,6850,1136,0,0,0,0,0,0
2021-02-06T23:59:59+01:00,0,0,272,270,465,798,504,1220,698,1894,958,1836,569,637,507,719,602,1469,191,209,384,609,382,866,487,1224,610,987,225,177,136,139,55,169,12552,6850,866,0,0,0,0,0,0
2021-02-05T23:59:59+01:00,0,0,272,270,463,797,502,1218,695,1893,955,1833,565,633,500,704,294,950,185,200,367,578,369,826,467,1182,592,956,204,160,112,126,50,166,12537,6540,7,0,0,0,0,0,0
2021-02-04T23:59:59+01:00,0,0,272,269,462,791,499,1217,694,1888,950,1832,564,633,499,703,294,950,170,164,298,442,303,669,387,958,518,817,193,155,104,120,43,154,12510,5495,7,0,0,0,0,0,0
2021-02-03T23:59:59+01:00,0,0,271,269,462,789,499,1216,693,1885,950,1832,564,633,499,703,294,950,165,157,252,360,254,582,327,857,467,730,186,150,100,118,42,153,12502,4900,7,0,0,0,0,0,0
2021-02-02T23:59:59+01:00,0,0,271,268,462,786,499,1216,693,1882,950,1830,564,633,499,703,294,950,158,142,193,296,196,494,250,743,385,646,176,146,98,117,42,152,12493,4234,7,0,0,0,0,0,0
2021-02-01T23:59:59+01:00,0,0,271,268,460,785,498,1215,692,1878,947,1825,564,633,498,703,294,950,151,136,154,259,168,435,205,665,327,572,170,135,90,107,37,145,12474,3756,7,0,0,0,0,0,0
2021-01-31T23:59:59+01:00,0,0,271,268,460,785,498,1215,692,1878,947,1825,564,633,498,703,294,950,151,136,154,258,168,434,204,665,327,572,170,135,90,107,37,145,12474,3753,7,0,0,0,0,0,0
2021-01-30T23:59:59+01:00,0,0,271,268,460,785,498,1215,692,1878,943,1825,563,633,496,703,291,950,138,124,137,240,157,405,193,624,309,525,148,124,78,80,30,110,12464,3422,7,0,0,0,0,0,0
2021-01-29T23:59:59+01:00,0,0,268,267,456,782,496,1205,689,1861,936,1805,559,627,491,697,288,942,89,69,94,157,116,246,147,452,217,380,109,82,58,69,25,99,12363,2409,6,0,0,0,0,0,0
2021-01-28T23:59:59+01:00,0,0,268,267,455,782,495,1205,689,1860,936,1803,559,627,491,697,288,942,10,7,13,23,24,46,23,94,50,106,34,32,31,49,19,91,12360,652,4,0,0,0,0,0,0
2021-01-27T23:59:59+01:00,0,0,267,267,455,781,495,1204,689,1859,934,1803,559,627,491,697,288,942,10,7,13,23,23,46,23,92,49,106,34,32,31,49,19,91,12357,648,1,0,0,0,0,0,0
2021-01-26T23:59:59+01:00,0,0,267,267,454,780,495,1203,689,1859,934,1802,559,627,491,697,288,942,10,7,13,23,23,46,23,92,49,106,34,32,31,49,19,91,12353,648,1,0,0,0,0,0,0
2021-01-25T23:59:59+01:00,0,0,267,267,452,780,495,1202,689,1857,934,1801,559,627,490,695,288,942,6,1,5,13,11,21,14,39,23,46,17,16,10,15,6,19,12345,262,0,0,0,0,0,0,0
2021-01-24T23:59:59+01:00,0,0,267,266,452,780,494,1202,689,1856,934,1800,559,627,490,695,288,942,6,1,5,13,11,21,14,39,23,46,17,16,10,15,6,19,12341,262,0,0,0,0,0,0,0
2021-01-23T23:59:59+01:00,0,0,267,266,452,780,494,1201,689,1856,934,1800,559,627,490,695,288,942,6,1,5,13,11,21,14,39,23,46,17,16,10,15,6,19,12340,262,0,0,0,0,0,0,0
2021-01-22T23:59:59+01:00,0,0,265,264,452,780,493,1200,689,1855,934,1800,559,627,490,695,270,898,6,1,5,13,11,21,14,39,23,46,17,16,10,15,6,19,12271,262,0,0,0,0,0,0,0
2021-01-21T23:59:59+01:00,0,0,262,260,450,771,490,1192,686,1833,925,1783,551,618,470,670,259,862,6,1,5,13,11,21,14,39,23,46,17,16,10,15,6,19,12082,262,0,0,0,0,0,0,0
2021-01-20T23:59:59+01:00,0,0,261,258,446,766,488,1189,683,1823,922,1778,545,613,463,651,251,845,6,1,5,13,11,21,14,39,23,46,17,16,10,15,6,19,11982,262,0,0,0,0,0,0,0
2021-01-19T23:59:59+01:00,0,0,256,258,444,758,482,1174,680,1792,911,1736,533,596,452,635,239,810,6,1,5,13,11,21,14,39,23,46,17,16,10,15,6,19,11756,262,0,0,0,0,0,0,0
2021-01-18T23:59:59+01:00,0,0,252,254,441,747,477,1153,662,1755,885,1688,514,563,437,596,227,753,6,1,5,12,11,21,14,39,23,46,17,16,10,15,6,19,11404,261,0,0,0,0,0,0,0
2021-01-17T23:59:59+01:00,0,0,252,253,440,746,477,1152,659,1748,879,1676,498,552,422,574,212,728,6,1,4,12,11,21,14,39,23,46,17,15,10,15,6,19,11268,259,0,0,0,0,0,0,0
2021-01-16T23:59:59+01:00,0,0,244,245,436,726,464,1117,634,1659,832,1525,456,470,393,521,190,673,0,0,0,0,0,0,0,0,0,0,0,0,0,0,0,0,10585,0,0,0,0,0,0,0,0
2021-01-15T23:59:59+01:00,0,0,235,238,428,706,450,1066,614,1559,793,1411,407,413,342,453,172,567,0,0,0,0,0,0,0,0,0,0,0,0,0,0,0,0,9854,0,0,0,0,0,0,0,0
2021-01-14T23:59:59+01:00,0,0,212,225,409,664,428,1004,570,1441,720,1255,350,336,292,352,129,447,0,0,0,0,0,0,0,0,0,0,0,0,0,0,0,0,8834,0,0,0,0,0,0,0,0
2021-01-13T23:59:59+01:00,0,0,210,223,408,657,423,985,565,1419,705,1220,332,312,267,312,112,386,0,0,0,0,0,0,0,0,0,0,0,0,0,0,0,0,8536,0,0,0,0,0,0,0,0
2021-01-12T23:59:59+01:00,0,0,193,212,392,615,392,890,502,1265,626,1031,237,196,162,163,62,194,0,0,0,0,0,0,0,0,0,0,0,0,0,0,0,0,7132,0,0,0,0,0,0,0,0
2021-01-11T23:59:59+01:00,0,0,189,206,388,603,378,863,482,1218,606,977,217,166,130,119,45,146,0,0,0,0,0,0,0,0,0,0,0,0,0,0,0,0,6733,0,0,0,0,0,0,0,0
2021-01-10T23:59:59+01:00,0,0,188,202,376,589,374,850,473,1198,594,958,213,166,127,119,43,144,0,0,0,0,0,0,0,0,0,0,0,0,0,0,0,0,6614,0,0,0,0,0,0,0,0
2021-01-09T23:59:59+01:00,0,0,168,169,330,508,333,732,412,1017,505,808,148,108,73,74,29,106,0,0,0,0,0,0,0,0,0,0,0,0,0,0,0,0,5520,0,0,0,0,0,0,0,0
2021-01-08T23:59:59+01:00,0,0,99,78,232,352,245,437,294,674,344,513,80,67,49,59,22,94,0,0,0,0,0,0,0,0,0,0,0,0,0,0,0,0,3639,0,0,0,0,0,0,0,0
2021-01-07T23:59:59+01:00,0,0,12,11,55,97,72,124,94,196,123,180,41,35,33,50,19,94,0,0,0,0,0,0,0,0,0,0,0,0,0,0,0,0,1236,0,0,0,0,0,0,0,0
2021-01-06T23:59:59+01:00,0,0,8,4,9,23,17,46,23,92,54,109,35,32,32,50,19,94,0,0,0,0,0,0,0,0,0,0,0,0,0,0,0,0,647,0,0,0,0,0,0,0,0
2021-01-05T23:59:59+01:00,0,0,8,4,9,23,17,46,22,92,52,109,35,32,32,50,19,94,0,0,0,0,0,0,0,0,0,0,0,0,0,0,0,0,644,0,0,0,0,0,0,0,0
2021-01-04T23:59:59+01:00,0,0,6,1,5,13,11,23,14,41,23,48,18,16,11,15,6,20,0,0,0,0,0,0,0,0,0,0,0,0,0,0,0,0,271,0,0,0,0,0,0,0,0
2021-01-03T23:59:59+01:00,0,0,6,1,5,13,11,23,14,41,23,48,18,16,11,15,6,20,0,0,0,0,0,0,0,0,0,0,0,0,0,0,0,0,271,0,0,0,0,0,0,0,0
2021-01-02T23:59:59+01:00,0,0,6,1,5,13,11,23,14,41,23,48,18,16,11,15,6,20,0,0,0,0,0,0,0,0,0,0,0,0,0,0,0,0,271,0,0,0,0,0,0,0,0
2021-01-01T23:59:59+01:00,0,0,6,1,5,13,11,23,14,41,23,48,18,16,11,15,6,20,0,0,0,0,0,0,0,0,0,0,0,0,0,0,0,0,271,0,0,0,0,0,0,0,0
2020-12-31T23:59:59+01:00,0,0,6,1,5,13,11,23,14,41,23,48,18,16,11,15,6,20,0,0,0,0,0,0,0,0,0,0,0,0,0,0,0,0,271,0,0,0,0,0,0,0,0
2020-12-30T23:59:59+01:00,0,0,6,1,5,13,11,23,14,41,23,48,18,16,11,15,6,20,0,0,0,0,0,0,0,0,0,0,0,0,0,0,0,0,271,0,0,0,0,0,0,0,0
2020-12-29T23:59:59+01:00,0,0,6,1,5,13,11,23,14,41,23,48,18,16,11,15,6,20,0,0,0,0,0,0,0,0,0,0,0,0,0,0,0,0,271,0,0,0,0,0,0,0,0
2020-12-28T23:59:59+01:00,0,0,6,1,5,13,11,23,14,41,23,48,18,16,11,15,6,20,0,0,0,0,0,0,0,0,0,0,0,0,0,0,0,0,271,0,0,0,0,0,0,0,0
2020-12-27T23:59:59+01:00,0,0,6,1,4,12,11,23,14,41,23,48,18,15,11,15,6,20,0,0,0,0,0,0,0,0,0,0,0,0,0,0,0,0,268,0,0,0,0,0,0,0,0
