Datum,<15_m,<15_w,15-24_1_m,15-24_1_w,25-34_1_m,25-34_1_w,35-44_1_m,35-44_1_w,45-54_1_m,45-54_1_w,55-64_1_m,55-64_1_w,65-74_1_m,65-74_1_w,75-84_1_m,75-84_1_w,>84_1_m,>84_1_w,<24_2_m,<24_2_w,25-34_2_m,25-34_2_w,35-44_2_m,35-44_2_w,45-54_2_m,45-54_2_w,55-64_2_m,55-64_2_w,65-74_2_m,65-74_2_w,75-84_2_m,75-84_2_w,>84_2_m,>84_2_w,bp_1,bp_2,mo_1,mo_2,az_1,az_2,ja,unb_1,unb_2
2021-09-22T23:59:59+02:00,1727,1640,13564,12642,16307,14905,18106,17895,21262,21226,22666,21630,14595,15797,10017,12267,2962,5204,12521,11693,15585,14052,17527,17147,20788,20623,22275,21170,14380,15507,9880,12085,2916,5114,174583,167406,22722,22294,35553,34640,11562,3,3
2021-09-21T23:59:59+02:00,1721,1636,13527,12618,16275,14875,18087,17867,21248,21207,22658,21621,14592,15792,10012,12265,2962,5203,12495,11670,15571,14026,17510,17125,20779,20613,22271,21160,14378,15502,9879,12080,2915,5113,174412,167296,22722,22293,35553,34640,11486,3,3
2021-09-20T23:59:59+02:00,1714,1631,13507,12592,16259,14852,18069,17852,21233,21198,22656,21614,14586,15785,10009,12257,2962,5200,12483,11660,15566,14012,17502,17115,20774,20606,22271,21154,14373,15493,9877,12078,2915,5111,174281,167240,22707,22288,35552,34640,11443,3,3
2021-09-19T23:59:59+02:00,1712,1625,13490,12576,16236,14830,18054,17848,21226,21191,22647,21604,14577,15780,10006,12252,2960,5195,12478,11656,15549,13996,17490,17113,20770,20601,22264,21150,14365,15491,9875,12074,2914,5110,174199,167230,22707,22287,35551,34640,11359,3,3
2021-09-18T23:59:59+02:00,1712,1622,13480,12571,16231,14824,18049,17843,21225,21189,22645,21603,14577,15780,10006,12252,2960,5194,12343,11483,15476,13886,17434,17043,20727,20564,22242,21123,14354,15476,9865,12062,2914,5108,174159,166288,22707,22287,35551,34640,11353,3,3
2021-09-17T23:59:59+02:00,1669,1575,13371,12473,16174,14743,17993,17782,21182,21141,22616,21578,14566,15764,9998,12240,2958,5188,12296,11436,15440,13855,17383,16996,20715,20542,22227,21106,14350,15465,9860,12056,2913,5107,173556,166210,22606,22049,35551,34640,11304,3,3
2021-09-16T23:59:59+02:00,1635,1534,13285,12380,16121,14665,17936,17720,21143,21086,22588,21544,14552,15746,9984,12228,2955,5184,12268,11412,15425,13839,17364,16975,20711,20524,22219,21096,14348,15462,9857,12054,2913,5106,172874,166064,22604,22049,35551,34640,11263,3,3
2021-09-15T23:59:59+02:00,1614,1516,13235,12342,16087,14636,17914,17688,21121,21061,22577,21531,14544,15733,9974,12221,2951,5174,12242,11395,15399,13817,17350,16948,20696,20509,22208,21085,14340,15457,9853,12053,2913,5102,172581,165922,22604,22049,35551,34640,11189,3,3
2021-09-14T23:59:59+02:00,1603,1504,13193,12311,16064,14612,17890,17662,21113,21039,22562,21521,14540,15724,9964,12213,2950,5173,12213,11359,15378,13794,17327,16921,20683,20493,22198,21069,14329,15451,9847,12052,2913,5101,172350,165714,22602,22049,35551,34640,11141,3,3
2021-09-13T23:59:59+02:00,1588,1488,13132,12261,16027,14574,17856,17627,21095,21014,22542,21504,14532,15719,9959,12205,2948,5172,12176,11325,15358,13771,17312,16908,20670,20479,22178,21063,14326,15443,9844,12045,2911,5099,172031,165555,22602,22049,35550,34640,11066,3,3
2021-09-12T23:59:59+02:00,1588,1486,13131,12260,16024,14574,17856,17624,21093,21012,22541,21502,14532,15717,9955,12201,2948,5168,12174,11321,15356,13771,17312,16907,20670,20479,22178,21062,14325,15443,9844,12044,2911,5099,172002,165545,22602,22049,35550,34640,11064,3,3
2021-09-11T23:59:59+02:00,1588,1486,13131,12260,16024,14574,17855,17624,21093,21012,22541,21502,14532,15717,9955,12201,2948,5168,12174,11321,15356,13771,17311,16907,20670,20479,22178,21062,14325,15443,9844,12044,2911,5099,172002,165545,22602,22049,35550,34640,11063,3,3
2021-09-10T23:59:59+02:00,1564,1469,13093,12233,15993,14534,17828,17595,21067,20984,22517,21485,14525,15704,9951,12196,2947,5166,12167,11310,15346,13759,17302,16902,20659,20469,22172,21057,14320,15435,9842,12040,2911,5096,171718,165511,22602,22049,35550,34640,10987,3,3
2021-09-09T23:59:59+02:00,1536,1429,13005,12165,15928,14463,17785,17541,21028,20947,22487,21460,14503,15683,9941,12187,2945,5162,12126,11274,15317,13730,17281,16874,20642,20451,22150,21042,14314,15426,9837,12034,2909,5096,171144,165276,22601,22047,35550,34639,10906,3,3
2021-09-08T23:59:59+02:00,1518,1416,12965,12119,15907,14433,17758,17508,21008,20929,22473,21449,14498,15673,9937,12180,2945,5159,12087,11228,15294,13704,17256,16848,20622,20431,22132,21022,14302,15418,9828,12027,2907,5094,170928,165056,22601,22045,35550,34639,10802,3,3
2021-09-07T23:59:59+02:00,1487,1388,12889,12052,15841,14388,17717,17463,20980,20909,22451,21423,14487,15665,9937,12174,2943,5155,12039,11193,15256,13684,17229,16827,20599,20412,22120,21007,14289,15413,9828,12022,2906,5094,170513,164868,22597,22039,35550,34639,10695,3,3
2021-09-06T23:59:59+02:00,1473,1366,12860,12024,15820,14361,17709,17449,20967,20897,22442,21415,14480,15655,9937,12169,2942,5153,12030,11178,15253,13673,17224,16822,20597,20410,22114,21005,14286,15411,9828,12018,2906,5094,170286,164794,22595,22039,35550,34639,10694,3,3
2021-09-05T23:59:59+02:00,1473,1365,12860,12020,15819,14360,17706,17448,20967,20896,22441,21414,14480,15653,9934,12168,2942,5153,12028,11178,15252,13672,17223,16821,20595,20410,22113,21005,14286,15411,9828,12018,2906,5093,170267,164785,22595,22039,35550,34639,10693,3,3
2021-09-04T23:59:59+02:00,1473,1365,12860,12020,15819,14360,17706,17448,20967,20895,22441,21414,14480,15652,9934,12168,2942,5153,12028,11178,15252,13672,17223,16821,20595,20409,22113,21005,14286,15410,9828,12018,2906,5093,170267,164785,22595,22039,35550,34639,10691,3,3
2021-09-03T23:59:59+02:00,1451,1337,12800,11956,15788,14316,17669,17417,20934,20869,22420,21390,14465,15638,9929,12159,2939,5151,11927,11086,15203,13609,17194,16779,20566,20386,22092,20986,14273,15402,9823,12010,2905,5092,169914,164290,22595,22039,35550,34634,10575,3,3
2021-09-02T23:59:59+02:00,1441,1328,12752,11930,15741,14278,17643,17385,20906,20846,22402,21379,14457,15615,9921,12154,2937,5149,11897,11062,15176,13582,17171,16756,20546,20370,22081,20977,14270,15387,9819,12006,2904,5090,169690,164180,22595,22039,35550,34634,10435,3,3
2021-09-01T23:59:59+02:00,1434,1324,12724,11908,15726,14254,17635,17372,20902,20843,22397,21376,14455,15608,9919,12150,2936,5147,11885,11044,15169,13572,17162,16749,20541,20364,22077,20970,14268,15387,9818,12004,2904,5090,169542,164089,22595,22038,35550,34634,10429,3,3
2021-08-31T23:59:59+02:00,1421,1309,12675,11872,15696,14210,17614,17347,20877,20828,22375,21366,14448,15604,9918,12145,2935,5147,11839,11009,15140,13535,17135,16713,20518,20345,22052,20956,14263,15386,9813,12001,2903,5089,169376,163931,22595,22037,35550,34633,10272,3,3
2021-08-30T23:59:59+02:00,1414,1307,12662,11845,15679,14193,17600,17338,20856,20810,22367,21355,14441,15599,9915,12141,2935,5145,11802,10968,15109,13507,17123,16692,20496,20330,22044,20947,14257,15383,9809,11996,2903,5088,169309,163783,22595,22037,35550,34633,10154,3,3
2021-08-29T23:59:59+02:00,1414,1307,12660,11845,15675,14193,17600,17338,20856,20810,22367,21355,14441,15599,9915,12141,2935,5145,11801,10966,15105,13506,17123,16692,20494,20330,22044,20947,14257,15383,9809,11996,2903,5088,169305,163773,22595,22037,35550,34633,10152,3,3
2021-08-28T23:59:59+02:00,1414,1307,12660,11845,15675,14193,17600,17338,20856,20810,22367,21355,14441,15599,9915,12141,2935,5145,11800,10966,15105,13506,17122,16692,20494,20330,22044,20947,14257,15383,9809,11996,2903,5088,169305,163771,22595,22037,35550,34633,10152,3,3
2021-08-27T23:59:59+02:00,1413,1301,12635,11826,15650,14171,17582,17315,20836,20801,22352,21341,14435,15593,9911,12135,2934,5143,11784,10955,15084,13490,17108,16676,20477,20322,22030,20934,14251,15378,9803,11989,2902,5086,169235,163745,22595,22037,35550,34632,10000,3,3
2021-08-26T23:59:59+02:00,1409,1297,12603,11801,15624,14143,17557,17301,20810,20782,22338,21328,14426,15588,9907,12129,2933,5141,11727,10888,15033,13437,17069,16648,20446,20297,22014,20912,14237,15365,9795,11985,2899,5084,169153,163464,22595,22036,35550,34631,9825,3,3
2021-08-25T23:59:59+02:00,1404,1294,12586,11784,15607,14131,17544,17285,20802,20772,22333,21318,14423,15581,9906,12126,2932,5141,11664,10825,14981,13396,17048,16617,20435,20281,21999,20901,14231,15358,9792,11983,2897,5081,169031,163111,22595,22036,35550,34631,9799,3,3
2021-08-24T23:59:59+02:00,1396,1285,12560,11762,15581,14098,17526,17268,20786,20758,22317,21305,14417,15569,9901,12117,2928,5139,11631,10802,14948,13357,17021,16601,20414,20258,21974,20891,14223,15346,9786,11975,2896,5079,168934,162971,22595,22036,35550,34631,9639,3,3
2021-08-23T23:59:59+02:00,1394,1281,12535,11745,15552,14073,17493,17250,20758,20748,22301,21292,14401,15556,9898,12113,2927,5138,11563,10747,14888,13305,16975,16572,20379,20234,21952,20873,14203,15335,9781,11968,2895,5077,168900,162722,22595,22035,35550,34631,9415,3,3
2021-08-22T23:59:59+02:00,1393,1281,12534,11743,15550,14072,17493,17250,20757,20746,22299,21292,14400,15556,9898,12113,2927,5138,11561,10743,14886,13303,16974,16570,20378,20234,21952,20873,14202,15335,9781,11968,2895,5077,168890,162709,22594,22034,35550,34631,9413,3,3
2021-08-21T23:59:59+02:00,1314,1207,12378,11550,15473,13950,17431,17166,20716,20704,22266,21249,14390,15540,9890,12100,2926,5134,11463,10652,14826,13250,16938,16528,20347,20209,21930,20843,14190,15323,9774,11957,2893,5073,167835,162129,22594,22026,35550,34631,9410,3,3
2021-08-20T23:59:59+02:00,1308,1206,12356,11521,15458,13936,17410,17148,20709,20694,22258,21242,14387,15532,9890,12097,2926,5134,11357,10574,14739,13177,16840,16424,20287,20154,21895,20810,14178,15304,9766,11952,2892,5073,167830,162047,22431,21339,35550,34617,9406,3,3
2021-08-19T23:59:59+02:00,1304,1202,12291,11470,15362,13887,17336,17096,20657,20655,22222,21199,14369,15517,9881,12084,2925,5130,11254,10475,14630,13103,16743,16349,20227,20106,21856,20758,14155,15289,9757,11939,2890,5066,167717,161711,22431,21339,35550,34616,8893,3,3
2021-08-18T23:59:59+02:00,1297,1200,12271,11455,15351,13878,17331,17087,20647,20645,22220,21191,14367,15513,9879,12083,2925,5130,11213,10437,14603,13080,16713,16322,20212,20094,21846,20753,14148,15282,9756,11938,2890,5066,167606,161455,22431,21339,35550,34616,8887,3,3
2021-08-17T23:59:59+02:00,1289,1194,12237,11431,15321,13852,17311,17063,20629,20634,22212,21177,14360,15509,9871,12080,2924,5129,11116,10369,14552,13023,16670,16280,20181,20070,21824,20729,14141,15274,9749,11927,2887,5066,167455,161033,22431,21336,35550,34616,8791,3,3
2021-08-16T23:59:59+02:00,1286,1189,12211,11407,15303,13830,17294,17047,20606,20609,22192,21168,14350,15498,9869,12077,2922,5128,11044,10297,14490,12961,16630,16242,20145,20034,21799,20709,14124,15261,9744,11913,2882,5063,167395,160653,22431,21335,35550,34616,8614,3,3
2021-08-15T23:59:59+02:00,1285,1189,12208,11406,15301,13828,17293,17045,20604,20608,22190,21167,14350,15498,9869,12077,2922,5127,11042,10288,14478,12957,16627,16241,20142,20034,21799,20709,14123,15261,9744,11913,2882,5063,167377,160619,22431,21334,35550,34616,8613,3,3
2021-08-14T23:59:59+02:00,1285,1189,12208,11406,15301,13828,17293,17045,20604,20608,22190,21167,14350,15498,9869,12077,2922,5127,11007,10253,14452,12934,16611,16224,20136,20025,21794,20705,14123,15261,9744,11913,2881,5063,167377,160425,22431,21334,35550,34616,8613,3,3
2021-08-13T23:59:59+02:00,1217,1115,12116,11301,15264,13784,17261,16999,20575,20582,22166,21143,14342,15487,9862,12070,2921,5125,10935,10192,14409,12875,16570,16188,20119,20003,21776,20690,14117,15248,9740,11905,2880,5062,166831,160068,22431,21333,35550,34616,8522,3,3
2021-08-12T23:59:59+02:00,1214,1110,12094,11290,15236,13765,17236,16969,20552,20567,22143,21119,14331,15475,9854,12062,2921,5122,10859,10122,14352,12813,16518,16142,20090,19981,21744,20660,14105,15233,9730,11893,2878,5058,166749,159698,22430,21332,35550,34616,8335,3,3
2021-08-11T23:59:59+02:00,1202,1103,12070,11265,15221,13754,17219,16956,20544,20557,22137,21109,14323,15470,9845,12057,2920,5120,10751,10015,14272,12727,16483,16099,20057,19952,21721,20648,14092,15218,9719,11881,2876,5054,166562,159021,22429,21328,35550,34615,8335,3,3
2021-08-10T23:59:59+02:00,1202,1091,12043,11247,15196,13741,17200,16942,20527,20543,22121,21097,14312,15465,9843,12053,2920,5118,10697,9963,14224,12697,16447,16076,20032,19929,21698,20626,14079,15206,9716,11878,2876,5050,166480,158757,22429,21328,35550,34615,8206,3,3
2021-08-09T23:59:59+02:00,1198,1084,12012,11217,15178,13722,17186,16922,20515,20533,22102,21087,14301,15461,9839,12047,2920,5116,10644,9903,14182,12662,16416,16045,20015,19913,21680,20618,14066,15198,9708,11871,2876,5045,166361,158484,22429,21328,35550,34615,8104,3,3
2021-08-08T23:59:59+02:00,1195,1083,12008,11211,15175,13721,17182,16920,20512,20529,22100,21086,14301,15459,9838,12046,2920,5116,10640,9903,14179,12657,16413,16042,20014,19912,21678,20618,14064,15198,9707,11870,2876,5045,166323,158459,22429,21327,35550,34615,8104,3,3
2021-08-07T23:59:59+02:00,1195,1083,12006,11209,15173,13717,17181,16918,20511,20527,22099,21086,14301,15458,9838,12045,2920,5116,10639,9901,14178,12656,16413,16041,20013,19911,21678,20615,14063,15198,9707,11870,2876,5045,166304,158447,22429,21327,35550,34615,8104,3,3
2021-08-06T23:59:59+02:00,1193,1081,11988,11198,15145,13704,17157,16903,20491,20509,22088,21077,14298,15454,9836,12041,2920,5116,10621,9889,14145,12643,16389,16026,19993,19896,21667,20606,14060,15194,9705,11866,2876,5045,166291,158437,22429,21326,35550,34614,7933,3,3
2021-08-05T23:59:59+02:00,1184,1072,11945,11166,15111,13680,17130,16869,20461,20490,22057,21059,14285,15437,9831,12033,2916,5115,10594,9875,14116,12623,16370,16006,19964,19881,21642,20592,14049,15183,9700,11861,2874,5044,166149,158409,22429,21324,35550,34613,7717,3,3
2021-08-04T23:59:59+02:00,1171,1063,11916,11134,15099,13664,17116,16856,20450,20478,22046,21046,14278,15432,9827,12031,2915,5114,10585,9858,14102,12614,16357,15999,19953,19872,21636,20590,14047,15182,9699,11861,2873,5043,165947,158336,22427,21293,35549,34613,7717,3,3
2021-08-03T23:59:59+02:00,1165,1057,11873,11100,15064,13639,17091,16826,20429,20459,22026,21024,14265,15414,9823,12028,2914,5113,10548,9837,14071,12597,16337,15979,19936,19860,21619,20576,14039,15164,9695,11859,2873,5043,165817,158292,22427,21291,35549,34611,7521,3,3
2021-08-02T23:59:59+02:00,1162,1055,11855,11082,15044,13620,17075,16806,20413,20449,22018,21014,14254,15403,9817,12026,2914,5111,10528,9822,14052,12576,16322,15961,19919,19853,21612,20565,14029,15152,9689,11857,2873,5041,165769,158253,22427,21291,35549,34611,7377,3,3
2021-08-01T23:59:59+02:00,1162,1055,11853,11078,15044,13620,17074,16805,20413,20448,22016,21014,14254,15402,9817,12026,2914,5110,10526,9821,14048,12575,16320,15961,19919,19852,21611,20565,14029,15152,9689,11857,2873,5041,165758,158244,22426,21290,35549,34610,7376,3,3
2021-07-31T23:59:59+02:00,1162,1055,11853,11078,15044,13620,17074,16805,20413,20448,22016,21014,14254,15402,9817,12026,2914,5110,10526,9820,14044,12572,16319,15961,19919,19850,21610,20565,14029,15152,9689,11857,2873,5041,165758,158233,22426,21289,35549,34610,7376,3,3
2021-07-30T23:59:59+02:00,1161,1055,11819,11064,15010,13597,17038,16777,20386,20429,21979,20995,14237,15394,9811,12018,2913,5109,10493,9808,14010,12549,16284,15934,19892,19831,21573,20545,14012,15144,9683,11849,2872,5040,165751,158230,22426,21289,35549,34609,7070,3,3
2021-07-29T23:59:59+02:00,1149,1047,11788,11035,14986,13574,17028,16764,20378,20418,21970,20989,14234,15393,9808,12016,2910,5108,10488,9799,13991,12542,16273,15926,19890,19829,21569,20544,14010,15142,9683,11849,2872,5040,165560,158163,22426,21287,35549,34609,7064,3,3
2021-07-28T23:59:59+02:00,1134,1041,11753,10989,14960,13546,17010,16745,20370,20405,21961,20981,14230,15391,9805,12014,2909,5107,10477,9789,13974,12527,16264,15916,19883,19825,21566,20542,14009,15140,9683,11848,2872,5040,165339,158094,22425,21286,35549,34607,7042,3,3
2021-07-27T23:59:59+02:00,1131,1040,11733,10973,14936,13527,16991,16736,20357,20387,21944,20962,14222,15378,9798,12010,2908,5105,10456,9777,13947,12503,16247,15908,19869,19807,21550,20521,14000,15128,9676,11844,2871,5039,165314,158069,22425,21286,35549,34607,6854,3,3
2021-07-26T23:59:59+02:00,1125,1028,11677,10912,14892,13490,16965,16714,20322,20356,21915,20946,14205,15369,9791,12002,2908,5104,10417,9751,13913,12474,16222,15892,19831,19771,21500,20492,13983,15118,9668,11835,2871,5038,165144,158007,22424,21285,35549,34547,6608,3,3
2021-07-25T23:59:59+02:00,1124,1028,11675,10908,14887,13489,16963,16713,20321,20356,21915,20946,14204,15369,9791,12002,2908,5104,10415,9739,13907,12468,16219,15890,19829,19771,21500,20492,13983,15118,9668,11835,2871,5037,165128,157976,22422,21282,35549,34547,6608,3,3
2021-07-24T23:59:59+02:00,1124,1028,11671,10906,14886,13488,16963,16712,20319,20354,21915,20945,14203,15369,9791,12002,2908,5104,10293,9626,13739,12326,15797,15523,19680,19649,21482,20466,13969,15103,9661,11827,2871,5036,165121,157954,22416,19612,35549,34547,6606,3,3
2021-07-23T23:59:59+02:00,1100,1015,11557,10835,14805,13432,16910,16658,20278,20301,21877,20907,14187,15349,9781,11994,2906,5103,8538,8243,12352,11218,15308,15089,19390,19326,21267,20273,13891,15019,9604,11777,2866,5032,164709,150296,22416,19612,35549,34490,6322,3,3
2021-07-22T23:59:59+02:00,1078,1008,11489,10765,14750,13382,16872,16632,20258,20270,21860,20882,14162,15334,9764,11984,2904,5100,8010,7762,11737,10717,14595,14485,19191,19153,21108,20096,13812,14933,9572,11728,2857,5020,164354,145885,22415,19612,35549,34478,6175,3,3
2021-07-21T23:59:59+02:00,1065,999,11443,10716,14714,13351,16842,16604,20240,20253,21842,20871,14150,15329,9762,11976,2902,5098,8006,7755,11725,10709,14589,14483,19183,19152,21053,20059,13809,14931,9572,11727,2856,5018,164022,145850,22415,19605,35549,34376,6170,3,3
2021-07-20T23:59:59+02:00,1052,984,11391,10675,14683,13322,16809,16586,20217,20232,21818,20853,14139,15316,9760,11970,2901,5097,7995,7749,11710,10701,14582,14476,19174,19148,21046,20055,13808,14929,9572,11727,2856,5018,163711,145818,22415,19605,35549,34368,6129,3,3
2021-07-19T23:59:59+02:00,1039,968,11342,10625,14656,13288,16789,16567,20198,20212,21805,20845,14133,15312,9756,11961,2899,5093,7990,7746,11704,10697,14578,14475,19172,19148,21032,20039,13806,14928,9571,11725,2856,5018,163396,145792,22415,19603,35549,34337,6127,3,3
2021-07-18T23:59:59+02:00,1039,968,11341,10625,14656,13286,16788,16566,20198,20211,21805,20845,14132,15312,9756,11961,2899,5093,7987,7742,11695,10691,14573,14472,19171,19147,21021,20034,13806,14928,9571,11725,2856,5018,163389,145764,22415,19602,35549,34318,6127,3,3
2021-07-17T23:59:59+02:00,1037,968,11296,10597,14599,13242,16752,16536,20163,20197,21779,20821,14121,15299,9753,11958,2899,5092,7912,7683,11551,10562,14380,14305,18748,18828,20823,19859,13778,14887,9556,11702,2852,5012,163363,145758,22406,17946,35549,34318,5790,3,3
2021-07-16T23:59:59+02:00,1016,951,11104,10457,14499,13142,16654,16460,20087,20132,21727,20773,14094,15274,9736,11951,2895,5087,7637,7481,10624,9927,13916,13996,18522,18636,19961,19201,13612,14675,9447,11570,2836,4988,163041,142325,21875,17936,35549,32533,5573,3,3
2021-07-15T23:59:59+02:00,992,935,11047,10395,14462,13111,16629,16439,20072,20115,21717,20764,14090,15270,9732,11947,2895,5083,7206,7112,8420,8204,13455,13604,18460,18579,19820,19065,13479,14532,9394,11508,2835,4978,162705,135984,21874,17932,35549,32495,5566,3,3
2021-07-14T23:59:59+02:00,966,917,10971,10308,14394,13051,16591,16395,20036,20079,21692,20743,14078,15258,9719,11932,2891,5081,6656,6663,7334,7346,12882,13153,18361,18485,19712,18977,13449,14495,9377,11491,2833,4975,162215,131610,21874,17928,35549,32431,5463,3,3
2021-07-13T23:59:59+02:00,948,896,10890,10235,14349,13007,16564,16365,20013,20058,21681,20730,14071,15247,9716,11925,2889,5079,6403,6375,6883,6964,12573,12885,18345,18463,19667,18940,13336,14386,9374,11487,2833,4972,161783,131572,21871,15671,35549,32427,5459,3,3
2021-07-12T23:59:59+02:00,928,884,10836,10186,14303,12961,16522,16336,19997,20045,21675,20724,14068,15242,9712,11921,2889,5077,6262,6279,6723,6842,12280,12642,17651,17899,19570,18860,13302,14361,9357,11465,2833,4969,161484,129032,21871,15667,35549,32423,5401,3,3
2021-07-11T23:59:59+02:00,928,884,10835,10184,14301,12960,16521,16336,19997,20045,21675,20724,14068,15242,9712,11921,2889,5077,6256,6275,6721,6839,12279,12642,17651,17899,19569,18859,13302,14361,9357,11464,2832,4967,161482,129022,21871,15667,35549,32416,5396,3,3
2021-07-10T23:59:59+02:00,925,879,10828,10172,14293,12955,16513,16336,19995,20038,21670,20719,14068,15241,9712,11921,2889,5077,6247,6267,6711,6834,12276,12638,17650,17895,19564,18856,13301,14361,9357,11464,2832,4967,161417,128971,21871,15667,35549,32416,5393,3,3
2021-07-09T23:59:59+02:00,911,863,10778,10128,14260,12927,16479,16307,19961,20015,21642,20697,14049,15226,9697,11913,2888,5074,5438,5531,6580,6734,12118,12534,17420,17790,19359,18723,13238,14288,9331,11445,2829,4964,161233,126064,21871,15667,35549,31468,5161,3,3
2021-07-08T23:59:59+02:00,909,863,10717,10083,14173,12873,16416,16256,19909,19969,21613,20673,14036,15209,9691,11900,2887,5068,5305,5417,6361,6559,11679,12190,16908,17419,19098,18537,13175,14204,9305,11409,2823,4952,161216,124129,21870,15664,35548,30962,4610,3,3
2021-07-07T23:59:59+02:00,908,863,10715,10077,14169,12870,16414,16256,19909,19966,21613,20673,14036,15209,9691,11900,2887,5068,5161,5233,5891,6146,10477,11203,16855,17353,19044,18492,13158,14182,9296,11406,2819,4942,161205,120452,21866,15663,35548,30959,4604,3,3
2021-07-06T23:59:59+02:00,908,863,10713,10076,14166,12868,16412,16256,19909,19966,21613,20672,14036,15208,9691,11900,2887,5068,5142,5227,5884,6140,10476,11201,16853,17353,19042,18492,13158,14180,9296,11406,2819,4942,161200,120429,21864,15660,35548,30943,4599,3,3
2021-07-05T23:59:59+02:00,908,863,10707,10071,14149,12865,16401,16254,19908,19966,21611,20672,14036,15208,9691,11900,2887,5068,5133,5226,5865,6137,10465,11199,16850,17353,19040,18491,13158,14180,9296,11406,2819,4942,161191,120425,21864,15658,35548,30936,4561,3,3
2021-07-04T23:59:59+02:00,908,863,10697,10061,14147,12861,16400,16254,19907,19966,21610,20671,14036,15208,9691,11899,2886,5067,5100,5183,5779,6060,10338,11084,16843,17350,19039,18488,13154,14178,9294,11401,2816,4940,161184,119947,21864,15657,35548,30928,4535,3,3
2021-07-03T23:59:59+02:00,827,794,8763,8505,12695,11705,15929,15800,19623,19667,21441,20506,13962,15132,9637,11853,2880,5063,4991,5051,5504,5805,10101,10869,16699,17209,18848,18336,13129,14144,9284,11391,2814,4938,152848,118389,21864,15657,35548,30558,4521,3,3
2021-07-02T23:59:59+02:00,827,792,8762,8499,12691,11701,15927,15799,19621,19667,21440,20506,13961,15131,9637,11852,2879,5062,4128,4183,4859,5156,9127,9875,16329,16732,18366,17798,12779,13822,9224,11316,2812,4930,152831,113849,21864,15657,35546,27428,4512,3,3
2021-07-01T23:59:59+02:00,807,772,8553,8330,12610,11622,15894,15768,19609,19653,21430,20489,13957,15128,9632,11844,2876,5056,2290,2462,4427,4781,8637,9448,15700,16189,17813,17360,12722,13756,9194,11260,2798,4900,152135,106210,21864,15655,35546,27388,4484,3,2
2021-06-30T23:59:59+02:00,752,722,8308,8143,12438,11474,15779,15672,19542,19585,21390,20442,13938,15102,9619,11831,2875,5051,2231,2423,4336,4662,8532,9348,15502,16050,17079,16858,12069,13112,9135,11191,2791,4894,150786,106148,21861,15654,35545,23940,4470,3,2
2021-06-29T23:59:59+02:00,752,722,8303,8134,12436,11470,15776,15672,19540,19585,21390,20442,13938,15102,9619,11831,2875,5051,2208,2411,4313,4623,8509,9303,15466,15991,17003,16773,11714,12774,9107,11157,2788,4886,150777,106134,21858,15652,35544,22781,4458,3,2
2021-06-28T23:59:59+02:00,752,722,8300,8130,12428,11465,15774,15672,19539,19585,21390,20442,13937,15102,9619,11831,2875,5051,2200,2382,4265,4505,8434,9143,15345,15713,16835,16501,11407,12470,9084,11130,2787,4882,150760,106124,21858,15652,35544,20855,4451,3,2
2021-06-27T23:59:59+02:00,752,722,8297,8124,12424,11462,15772,15672,19537,19585,21390,20442,13937,15102,9619,11830,2875,5051,2190,2378,4256,4503,8251,8989,15324,15697,16833,16496,11403,12469,9083,11128,2787,4882,150751,105725,21856,15651,35544,20851,4441,3,2
2021-06-26T23:59:59+02:00,744,718,8083,7909,11950,11054,14662,14679,19285,19386,21287,20320,13894,15051,9606,11801,2872,5048,2150,2335,4202,4448,8153,8879,15063,15437,16771,16449,11386,12450,9071,11123,2787,4880,148271,104661,20093,15630,35543,20851,4441,3,2
2021-06-25T23:59:59+02:00,725,700,8056,7885,11935,11044,14662,14672,19278,19381,21283,20319,13894,15051,9605,11799,2872,5048,2019,2157,3913,4142,6626,7444,12404,13244,16695,16361,11359,12420,9060,11099,2782,4865,148131,95781,20093,15548,35543,20818,4441,3,2
2021-06-24T23:59:59+02:00,713,683,7569,7473,10856,10148,14127,14236,19207,19321,21235,20276,13872,15022,9592,11786,2871,5045,1950,2089,3552,3802,5861,6774,12160,13033,16449,16154,11255,12293,8970,10972,2771,4831,143970,94545,20089,13169,35542,20770,4430,3,2
2021-06-23T23:59:59+02:00,713,683,7567,7468,10850,10144,14126,14235,19207,19320,21235,20275,13872,15022,9592,11786,2871,5045,1805,1921,3066,3399,4505,5598,11856,12764,16328,16036,11209,12254,8957,10945,2770,4824,143954,89895,20086,13169,35541,20742,4429,3,2
2021-06-22T23:59:59+02:00,713,683,7518,7439,10777,10094,14103,14209,19190,19305,21224,20267,13865,15012,9589,11783,2871,5045,1755,1890,2984,3345,4467,5565,11827,12725,16260,15985,11000,12063,8705,10644,2760,4793,143939,89876,20086,13165,35539,19603,4122,3,2
2021-06-21T23:59:59+02:00,711,683,7387,7370,10647,9996,13823,13960,18439,18689,21134,20190,13830,14980,9570,11758,2871,5042,1710,1865,2941,3307,4438,5535,11781,12690,16243,15969,10991,12052,8698,10636,2759,4792,141555,89750,20084,13164,35539,19590,3901,3,2
2021-06-20T23:59:59+02:00,711,683,7387,7366,10643,9993,13823,13960,18439,18689,21134,20190,13830,14980,9570,11758,2871,5042,1682,1836,2895,3291,4373,5496,11719,12657,16181,15910,10972,12036,8695,10627,2755,4788,141545,89271,20083,13160,35539,19579,3901,3,2
2021-06-19T23:59:59+02:00,711,682,7350,7329,10536,9902,13641,13802,18025,18353,20949,20017,13812,14953,9558,11738,2868,5036,1651,1801,2854,3242,4293,5422,11383,12367,16143,15872,10963,12024,8693,10622,2753,4786,141499,88257,18322,13131,35539,19578,3901,3,2
2021-06-18T23:59:59+02:00,15,13,6543,6596,10530,9901,13640,13800,18023,18351,20949,20017,13812,14952,9558,11737,2867,5034,1519,1689,2618,3086,3662,4790,10240,11222,15932,15716,10921,11984,8670,10601,2739,4758,138584,83598,18321,13129,35539,19525,3893,3,2
2021-06-17T23:59:59+02:00,13,12,6472,6527,10413,9797,13314,13496,17635,18030,20836,19919,13793,14914,9546,11723,2859,5028,1438,1571,2465,2937,3308,4451,8635,9859,15417,15283,10745,11804,8614,10523,2722,4730,136689,78123,18320,13124,35538,19474,3779,3,2
2021-06-16T23:59:59+02:00,13,12,6465,6521,10402,9794,13312,13494,17633,18029,20835,19919,13793,14914,9545,11722,2859,5028,1388,1523,2363,2862,3124,4272,7547,8918,14918,14895,10662,11693,8578,10475,2711,4714,136658,74294,18318,13122,35538,19450,3775,3,2
2021-06-15T23:59:59+02:00,13,12,6433,6502,10362,9765,13282,13479,17613,18007,20821,19905,13784,14906,9542,11716,2856,5025,1308,1464,2236,2760,3008,4187,6628,8186,14716,14728,10638,11664,8565,10453,2702,4707,136643,74283,18317,10711,35537,19430,3524,3,2
2021-06-14T23:59:59+02:00,13,12,6414,6485,10328,9739,13261,13459,17598,17989,20802,19894,13773,14897,9539,11714,2856,5021,1282,1449,2199,2733,2985,4166,6612,8166,14695,14718,10626,11655,8562,10452,2701,4703,136628,74273,18317,10711,35537,19409,3309,3,2
2021-06-13T23:59:59+02:00,13,12,6413,6485,10323,9737,13260,13456,17598,17989,20802,19894,13772,14897,9539,11714,2856,5021,1278,1443,2196,2724,2975,4156,6595,8149,14594,14653,10613,11632,8556,10440,2698,4703,136617,73981,18317,10711,35537,19404,3307,3,2
2021-06-12T23:59:59+02:00,10,10,5621,5713,10275,9701,13226,13432,17571,17968,20776,19863,13690,14824,9539,11711,2855,5021,1270,1424,2184,2707,2954,4129,6521,8066,14421,14516,10385,11348,8075,9902,2696,4702,134642,73477,18317,10711,35537,17804,3307,3,1
2021-06-11T23:59:59+02:00,9,10,5617,5706,10265,9694,13212,13420,17563,17964,20772,19861,13690,14823,9539,11709,2855,5021,1195,1340,2064,2547,2782,3874,5019,6733,12708,13136,10245,11200,7988,9796,2689,4686,134569,66192,18317,10710,35537,17795,3304,3,1
2021-06-10T23:59:59+02:00,3,4,4615,4751,10098,9566,13101,13338,17307,17728,20531,19680,13681,14812,9533,11699,2852,5018,1137,1279,1950,2441,2622,3697,4411,6096,11541,12147,9944,10876,7903,9711,2677,4661,131235,61365,18316,10710,35537,17790,3227,2,1
2021-06-09T23:59:59+02:00,3,4,4022,4142,9892,9417,13012,13265,16996,17462,20303,19498,13666,14799,9528,11693,2851,5013,1063,1235,1849,2372,2529,3584,4085,5789,11115,11820,9815,10716,7857,9645,2666,4652,128861,61288,18301,8854,35537,17784,2865,2,1
2021-06-08T23:59:59+02:00,3,4,4010,4135,9880,9408,13000,13258,16989,17453,20295,19496,13664,14796,9527,11690,2850,5011,1017,1227,1827,2357,2502,3570,4060,5769,11104,11817,9812,10711,7856,9643,2665,4649,128847,61171,18298,8849,35536,17779,2786,2,1
2021-06-07T23:59:59+02:00,3,4,3996,4126,9847,9395,12990,13240,16966,17442,20279,19485,13661,14792,9524,11686,2848,5009,1006,1219,1794,2345,2493,3551,4036,5755,11086,11803,9809,10705,7853,9640,2663,4647,128835,61160,18296,8846,35534,17772,2626,2,1
2021-06-06T23:59:59+02:00,3,4,3991,4122,9842,9391,12989,13240,16964,17441,20278,19485,13660,14791,9524,11686,2848,5009,1003,1216,1783,2343,2487,3542,4022,5748,10959,11659,9798,10698,7852,9640,2663,4647,128823,60836,18296,8845,35533,17764,2614,2,1
2021-06-05T23:59:59+02:00,2,1,3698,3821,7349,7382,12751,13055,16935,17412,20233,19444,13544,14646,9449,11595,2844,4997,925,1144,1618,2242,2321,3463,3796,5608,10062,10819,9415,10243,7740,9485,2655,4627,122844,57559,18296,8845,35533,17275,2483,2,1
2021-06-04T23:59:59+02:00,2,1,3631,3766,7197,7266,12281,12660,16795,17300,20000,19208,13425,14500,9392,11516,2830,4980,897,1078,1588,2137,2282,3295,3720,5350,9421,10142,8570,9225,7464,9081,2651,4616,120443,56086,18296,8843,35533,14111,2476,2,1
2021-06-03T23:59:59+02:00,2,1,3218,3372,7170,7250,12153,12542,16763,17258,19912,19142,13413,14483,9390,11513,2829,4979,868,1010,1542,2013,2203,3095,3530,4968,8844,9522,7809,8353,6992,8465,2648,4608,119199,54455,18293,8841,35529,10806,2367,2,1
2021-06-02T23:59:59+02:00,0,1,2830,3053,6029,6328,11849,12307,16704,17207,19790,19037,13352,14429,9368,11492,2827,4971,852,976,1478,1990,2090,3057,3359,4866,7481,8440,7729,8274,6976,8437,2645,4603,115494,51350,18292,8841,35529,10804,2257,2,1
2021-06-01T23:59:59+02:00,0,1,2542,2741,5553,5902,11527,12023,16680,17183,19739,19000,13229,14306,9361,11488,2826,4968,835,969,1463,1981,2071,3044,3333,4846,7183,8116,7692,8240,6966,8423,2643,4603,115473,50671,15943,8821,35529,10793,2122,2,1
2021-05-31T23:59:59+02:00,0,1,2527,2738,5534,5893,11498,12001,16645,17171,19698,18978,13226,14302,9357,11486,2826,4966,819,962,1444,1971,2038,3024,3297,4832,7142,8095,7689,8235,6962,8421,2643,4601,115462,50659,15939,8815,35528,10784,1916,2,1
2021-05-30T23:59:59+02:00,0,1,2523,2736,5532,5889,11498,12000,16642,17170,19696,18977,13226,14302,9357,11486,2826,4966,818,958,1439,1968,2038,3022,3295,4830,7141,8095,7689,8235,6962,8421,2643,4601,115446,50653,15939,8815,35525,10771,1915,2,1
2021-05-29T23:59:59+02:00,0,1,2507,2722,5366,5735,11431,11941,16634,17164,19688,18976,13225,14300,9355,11486,2826,4966,781,909,1328,1873,1760,2768,2890,4407,6856,7823,7505,8010,6786,8193,2640,4595,114942,50005,15939,8815,35525,8388,1915,2,1
2021-05-28T23:59:59+02:00,0,1,2372,2592,4941,5344,10750,11323,16567,17102,19662,18948,13216,14286,9336,11457,2824,4957,759,886,1269,1819,1670,2696,2757,4302,5274,6129,7342,7814,6744,8137,2637,4585,112302,45714,15939,8815,35525,8380,1910,2,1
2021-05-27T23:59:59+02:00,0,1,2352,2571,4891,5278,10085,10752,16526,17070,19648,18937,13206,14276,9334,11455,2824,4957,705,791,1162,1747,1459,2555,2383,3996,4393,5217,7105,7506,6653,8020,2620,4566,110915,41922,15936,8809,35523,8359,1787,2,1
2021-05-26T23:59:59+02:00,0,1,2314,2509,4718,5098,9647,10385,16474,17016,19580,18883,13192,14257,9324,11453,2820,4944,690,749,1115,1715,1370,2475,2174,3825,4264,5079,6941,7293,6573,7921,2608,4552,109491,40523,15934,8808,35523,8347,1665,2,1
2021-05-25T23:59:59+02:00,0,1,2311,2502,4688,5081,9622,10359,16449,16998,19566,18876,13187,14255,9321,11450,2820,4944,683,735,1068,1697,1318,2430,2104,3765,3723,4502,6639,6950,6539,7884,2607,4550,109486,40515,15932,6852,35522,8338,1488,2,1
2021-05-24T23:59:59+02:00,0,1,2303,2494,4676,5076,9613,10354,16423,16978,19540,18852,13177,14244,9318,11440,2819,4940,675,730,1056,1690,1308,2423,2079,3745,3697,4477,6628,6939,6536,7874,2606,4546,109479,40508,15932,6852,35522,8335,1313,2,1
2021-05-23T23:59:59+02:00,0,1,2287,2462,4588,5002,9479,10232,16420,16977,19540,18851,13175,14242,9315,11436,2817,4939,674,727,1054,1690,1307,2423,2079,3745,3697,4475,6627,6939,6536,7874,2606,4546,108995,40501,15932,6851,35521,8333,1313,2,1
2021-05-22T23:59:59+02:00,0,1,2267,2443,4579,4985,9399,10150,16397,16963,19488,18807,13147,14212,9312,11430,2817,4938,673,725,1053,1687,1304,2420,2076,3740,3681,4462,5796,6040,6464,7793,2598,4541,108567,38555,15932,6851,35521,8333,1313,2,1
2021-05-21T23:59:59+02:00,0,1,2232,2410,4471,4898,9203,9975,16369,16930,19473,18800,13137,14203,9310,11428,2812,4927,661,698,1016,1621,1254,2297,1989,3560,3337,4027,4034,3933,6421,7727,2593,4526,107827,34549,15932,6851,35518,6993,1300,2,1
2021-05-20T23:59:59+02:00,0,1,2203,2370,4388,4837,8981,9745,16319,16877,19420,18748,13106,14168,9293,11411,2811,4923,606,591,891,1308,1082,1892,1768,3024,2777,3345,3198,2979,6376,7677,2589,4521,106970,32719,15929,6850,35509,3863,1191,2,1
2021-05-19T23:59:59+02:00,0,1,2041,2195,3890,4413,7595,8550,16045,16629,19297,18623,13058,14120,9283,11385,2809,4920,591,554,853,1254,1053,1841,1742,2970,2727,3301,3190,2966,6372,7674,2589,4520,102332,32695,15927,6848,35507,3567,1086,2,1
2021-05-18T23:59:59+02:00,0,1,1993,2142,3583,4124,6935,7953,15897,16512,19213,18540,13025,14087,9227,11311,2803,4906,584,550,847,1252,1045,1832,1712,2954,2718,3283,3185,2961,6368,7670,2589,4520,102312,32689,13459,6843,35503,3561,976,2,1
2021-05-17T23:59:59+02:00,0,1,1985,2134,3563,4110,6889,7929,15869,16494,19191,18521,13015,14063,9225,11310,2803,4906,576,543,828,1237,1001,1808,1684,2936,2694,3262,3174,2940,6368,7669,2589,4520,102304,32683,13456,6843,35501,3557,745,2,1
2021-05-16T23:59:59+02:00,0,1,1980,2131,3556,4106,6703,7764,15845,16475,19187,18516,13010,14062,9224,11309,2803,4906,576,543,828,1235,1000,1807,1684,2936,2692,3262,3174,2940,6368,7669,2589,4520,101881,32680,13454,6843,35497,3555,744,2,1
2021-05-15T23:59:59+02:00,0,1,1952,2095,3518,4068,6617,7660,15576,16207,19131,18474,12991,14043,9215,11304,2803,4904,576,543,828,1234,1000,1807,1682,2935,2692,3262,3173,2940,6367,7669,2589,4520,100862,32676,13454,6843,35497,3553,744,2,1
2021-05-14T23:59:59+02:00,0,1,1843,1950,3272,3817,5023,6181,12923,14011,19066,18388,12967,14013,9209,11291,2800,4898,576,542,824,1234,1000,1807,1681,2934,2686,3260,3168,2934,6364,7667,2589,4519,91970,32658,13454,6841,35495,3553,732,2,1
2021-05-13T23:59:59+02:00,0,1,1816,1903,3231,3766,4911,6079,12717,13827,18906,18261,12890,13918,9174,11240,2800,4897,570,539,817,1225,990,1794,1662,2915,2579,3167,2507,2128,4909,5864,2580,4500,90753,29643,13359,4820,35493,3552,730,2,1
2021-05-12T23:59:59+02:00,0,1,1816,1903,3230,3766,4911,6079,12717,13827,18905,18261,12889,13917,9174,11240,2800,4897,570,539,817,1225,990,1794,1662,2914,2576,3165,2507,2127,4909,5862,2580,4500,90750,29639,13359,4815,35492,3552,730,2,1
2021-05-11T23:59:59+02:00,0,1,1772,1858,3138,3691,4823,6013,11788,13098,18711,18102,12874,13896,9167,11226,2794,4893,569,537,814,1220,989,1793,1661,2913,2566,3160,2506,2126,4907,5861,2579,4500,90738,29629,10899,4803,35484,3546,722,2,1
2021-05-10T23:59:59+02:00,0,1,1756,1855,3132,3688,4817,6009,11787,13097,18710,18102,12874,13896,9167,11226,2794,4893,568,535,814,1220,988,1793,1660,2913,2566,3160,2505,2125,4907,5861,2579,4500,90725,29628,10896,4802,35459,3541,722,2,1
2021-05-09T23:59:59+02:00,0,1,1720,1808,3080,3673,4747,5974,11720,13076,18647,18043,12854,13877,9164,11217,2792,4891,566,532,806,1219,980,1787,1647,2910,2562,3159,2505,2123,4906,5860,2579,4499,90255,29624,10893,4801,35452,3532,682,2,1
2021-05-08T23:59:59+02:00,0,1,1687,1774,3044,3623,4670,5901,11383,12774,18614,18009,12847,13869,9163,11215,2790,4891,554,531,799,1219,969,1787,1639,2910,2546,3148,2504,2123,4906,5859,2578,4498,89226,29620,10893,4801,35452,3466,682,2,1
2021-05-07T23:59:59+02:00,0,1,1543,1651,2796,3451,3997,5237,10174,11582,18414,17858,12808,13834,9143,11198,2782,4884,457,382,676,989,823,1468,1494,2495,2377,2791,2495,2114,4902,5855,2575,4495,84457,29615,10892,4801,35440,1409,562,2,1
2021-05-06T23:59:59+02:00,0,1,1480,1482,2663,3320,3671,4926,8469,10099,17898,17433,12640,13666,9096,11126,2779,4876,335,323,572,887,687,1379,1245,2281,2163,2596,2443,2082,4900,5848,2575,4494,78923,29593,10891,4800,35424,31,385,2,1
2021-05-05T23:59:59+02:00,0,1,1425,1405,2576,3248,3495,4751,7317,9082,17391,17033,12552,13553,9064,11080,2770,4861,335,323,570,886,686,1377,1199,2229,2151,2588,2439,2080,4900,5844,2575,4490,75042,29582,10886,4799,35414,30,260,2,1
2021-05-04T23:59:59+02:00,0,1,1414,1403,2569,3241,3493,4751,7315,9081,17390,17033,12552,13553,9064,11080,2770,4861,335,322,570,885,684,1377,1199,2229,2151,2588,2438,2079,4900,5844,2575,4489,75034,29578,10875,4799,35401,28,259,2,1
2021-05-03T23:59:59+02:00,0,1,1412,1397,2561,3236,3490,4745,7236,9021,17376,17025,12548,13551,9064,11080,2769,4860,332,316,566,881,681,1372,1120,2169,2137,2580,2434,2077,4900,5844,2574,4488,75025,29576,10875,4799,35401,26,69,2,1
2021-05-02T23:59:59+02:00,0,1,1404,1393,2558,3230,3477,4736,7216,9001,17270,16957,12535,13526,9058,11069,2766,4860,330,315,566,880,681,1372,1120,2168,2135,2580,2434,2077,4899,5842,2574,4488,74715,29570,10874,4798,35400,26,66,2,1
2021-05-01T23:59:59+02:00,0,1,1400,1387,2548,3220,3468,4718,7157,8940,17126,16840,12510,13503,9046,11063,2766,4860,330,315,566,880,681,1372,1120,2168,2135,2580,2434,2077,4897,5842,2573,4486,74211,29565,10874,4798,35400,26,66,2,1
2021-04-30T23:59:59+02:00,0,1,1330,1307,2427,3050,3299,4443,5606,7540,15379,15408,12367,13342,8951,10946,2751,4827,330,315,565,879,680,1372,1117,2166,2132,2578,2433,2067,4884,5833,2565,4468,66686,29548,10874,4797,35400,26,12,2,1
2021-04-29T23:59:59+02:00,0,1,1275,1269,2324,2940,3166,4273,4996,6891,14202,14384,12056,13014,8860,10864,2737,4799,328,313,565,878,680,1371,1116,2166,2130,2576,2431,2063,4883,5830,2564,4466,61766,29527,10874,4794,35397,26,12,2,1
2021-04-28T23:59:59+02:00,0,1,1212,1252,2262,2902,3101,4192,4687,6599,13785,14067,11941,12867,8819,10804,2729,4793,327,313,562,876,677,1371,1114,2163,2129,2569,2428,2060,4880,5826,2561,4463,61646,29522,8963,4766,35397,25,5,2,1
2021-04-27T23:59:59+02:00,0,1,1192,1250,2257,2901,3097,4191,4685,6599,13784,14066,11940,12866,8819,10804,2729,4793,327,313,562,876,676,1369,1114,2163,2128,2569,2428,2058,4880,5826,2561,4463,61614,29520,8958,4762,35395,25,5,2,1
2021-04-26T23:59:59+02:00,0,1,1192,1247,2255,2900,3093,4191,4671,6585,13744,14034,11937,12863,8818,10802,2729,4792,327,313,562,876,675,1369,1114,2163,2126,2568,2428,2058,4880,5826,2561,4463,61602,29518,8953,4761,35293,25,4,2,1
2021-04-25T23:59:59+02:00,0,1,1191,1247,2249,2900,3090,4184,4658,6578,13606,13880,11927,12857,8817,10801,2729,4792,327,313,561,876,674,1368,1112,2161,2126,2568,2428,2058,4880,5826,2561,4463,61276,29514,8950,4758,35275,25,4,2,1
2021-04-24T23:59:59+02:00,0,1,1125,1201,2111,2811,2950,4128,4447,6462,12741,13077,11650,12527,8751,10697,2722,4779,327,313,561,876,673,1367,1112,2161,2126,2568,2427,2058,4876,5825,2561,4463,57950,29507,8949,4758,35275,24,4,2,1
2021-04-23T23:59:59+02:00,0,1,1026,1181,1897,2784,2790,4095,4333,6351,11396,12021,11595,12465,8727,10650,2720,4776,326,313,561,876,672,1367,1111,2161,2124,2568,2426,2058,4875,5819,2561,4462,56472,29501,8949,4756,33382,19,3,2,1
2021-04-22T23:59:59+02:00,0,1,1016,1172,1870,2771,2728,4070,4156,6232,10778,11504,11507,12378,8697,10603,2717,4771,325,312,561,876,672,1366,1109,2161,2123,2568,2426,2056,4873,5817,2561,4462,54776,29494,8948,4751,33242,19,3,2,1
2021-04-21T23:59:59+02:00,0,1,1001,1158,1795,2747,2608,4035,4010,6158,9284,10344,11432,12309,8685,10579,2714,4768,324,312,560,876,671,1366,1108,2161,2123,2567,2422,2052,4870,5815,2560,4460,51610,29476,8947,4748,33066,19,3,2,1
2021-04-20T23:59:59+02:00,0,1,1001,1157,1794,2746,2605,4031,4006,6157,8988,10021,11405,12285,8681,10569,2712,4767,324,312,560,876,671,1366,1108,2160,2122,2566,2422,2051,4868,5814,2560,4460,50912,29472,8944,4745,33065,19,3,2,1
2021-04-19T23:59:59+02:00,0,1,999,1155,1794,2743,2604,4030,4003,6155,8987,10020,11405,12285,8681,10568,2712,4767,323,312,559,875,671,1366,1106,2160,2121,2566,2422,2051,4868,5814,2560,4460,50903,29468,8939,4744,33062,18,3,2,1
2021-04-18T23:59:59+02:00,0,1,999,1154,1792,2743,2602,4028,4003,6155,8987,10020,11405,12285,8681,10566,2712,4766,323,312,559,875,670,1366,1106,2159,2121,2566,2422,2051,4868,5814,2560,4460,50895,29467,8938,4743,33061,18,3,2,1
2021-04-17T23:59:59+02:00,0,1,999,1153,1789,2737,2525,3937,3946,6073,8970,10002,11282,12133,8678,10564,2712,4765,318,306,555,868,662,1356,1088,2146,2074,2540,2377,1999,4819,5745,2554,4454,50262,29097,8938,4743,33061,17,3,2,1
2021-04-16T23:59:59+02:00,0,1,970,1119,1678,2654,2323,3800,3696,5898,7247,8189,11085,11889,8624,10501,2709,4752,311,301,540,849,630,1320,1006,2089,1849,2380,2227,1890,4632,5476,2495,4338,45915,29083,8863,3234,32352,12,3,2,1
2021-04-15T23:59:59+02:00,0,1,900,1067,1548,2566,2042,3648,3163,5569,6236,7223,10828,11553,8524,10377,2690,4729,311,301,539,848,628,1319,1005,2086,1613,2239,2075,1759,4446,5265,2441,4235,42106,29038,8860,2060,31693,8,3,2,1
2021-04-14T23:59:59+02:00,0,1,885,1038,1502,2530,1954,3567,2993,5434,6142,7112,10664,11346,8442,10277,2678,4715,291,291,505,821,557,1260,798,1943,1393,2115,2008,1684,4315,5101,2427,4207,40730,27644,8855,2060,31690,8,3,2,1
2021-04-13T23:59:59+02:00,0,1,880,1032,1490,2527,1931,3547,2961,5399,5618,6535,10364,11006,8411,10243,2677,4714,291,289,505,820,557,1260,798,1943,1393,2114,2005,1683,4315,5101,2427,4204,40719,27642,6927,2051,31685,8,3,2,1
2021-04-12T23:59:59+02:00,0,1,880,1030,1489,2524,1931,3547,2960,5398,5617,6535,10363,11005,8410,10243,2677,4714,291,288,505,820,555,1260,796,1942,1392,2114,2005,1683,4315,5100,2427,4204,40712,27636,6924,2049,31683,8,3,2,1
2021-04-11T23:59:59+02:00,0,1,880,1030,1487,2524,1929,3546,2959,5398,5617,6535,10362,11002,8410,10243,2677,4714,291,288,504,820,553,1260,795,1942,1390,2114,2005,1683,4315,5100,2427,4204,40708,27631,6923,2049,31679,8,2,2,1
2021-04-10T23:59:59+02:00,0,1,878,1027,1484,2520,1912,3534,2890,5332,5489,6437,10132,10784,8357,10193,2673,4713,291,287,504,819,553,1260,794,1942,1390,2114,2001,1679,4310,5091,2426,4201,40137,27602,6923,2049,31292,8,2,2,1
2021-04-09T23:59:59+02:00,0,1,840,994,1388,2464,1808,3475,2761,5278,5349,6372,7754,7958,8293,10099,2663,4695,290,287,501,818,551,1258,791,1942,1388,2110,1981,1657,4288,5073,2423,4196,34664,27494,6922,2049,30602,8,2,2,1
2021-04-08T23:59:59+02:00,0,1,839,992,1384,2461,1806,3472,2749,5269,5338,6359,6966,7043,8251,10049,2660,4691,288,286,501,817,551,1257,790,1942,1386,2109,1979,1657,4287,5070,2423,4196,32810,27480,6922,2048,30594,8,2,2,1
2021-04-07T23:59:59+02:00,0,1,787,969,1309,2389,1719,3403,2556,5161,4594,5875,6298,6402,8192,9987,2654,4684,288,286,501,817,551,1254,790,1942,1386,2109,1979,1657,4286,5070,2423,4196,32802,27479,6920,2047,27254,7,2,2,0
2021-04-06T23:59:59+02:00,0,1,754,962,1290,2354,1695,3362,2526,5115,4520,5799,5936,6045,8171,9963,2649,4678,288,285,501,816,551,1254,789,1942,1386,2109,1979,1656,4286,5070,2423,4196,32797,27476,6920,2046,26099,7,2,2,0
2021-04-05T23:59:59+02:00,0,1,750,931,1249,2229,1623,3197,2407,4845,4360,5527,5628,5737,8154,9937,2647,4674,288,285,501,815,551,1254,789,1942,1386,2109,1979,1656,4286,5070,2423,4196,32795,27475,6920,2046,24177,7,2,2,0
2021-04-04T23:59:59+02:00,0,1,729,906,1157,2013,1489,2933,2193,4410,4010,5028,5383,5514,8121,9883,2646,4666,288,285,500,814,549,1253,788,1941,1312,2072,1616,1382,4128,4889,2379,4131,32791,26273,6920,2046,21367,6,2,2,0
2021-04-03T23:59:59+02:00,0,1,729,906,1156,2012,1488,2933,2192,4410,4010,5028,5383,5513,8121,9883,2646,4666,288,285,500,814,549,1253,788,1941,1312,2072,1616,1382,4128,4889,2379,4131,32787,26273,6920,2046,21366,6,2,2,0
2021-04-02T23:59:59+02:00,0,1,729,905,1156,2012,1487,2933,2192,4410,4009,5027,5383,5512,8120,9882,2645,4664,288,285,500,814,548,1253,788,1941,1311,2072,1616,1382,4128,4889,2379,4131,32785,26272,6920,2046,21359,6,1,2,0
2021-04-01T23:59:59+02:00,0,1,724,903,1153,2006,1479,2924,2178,4392,3918,4942,4889,4913,7415,8987,2643,4659,288,283,499,811,548,1252,785,1939,1273,2044,1467,1287,4029,4788,2368,4118,29879,25732,6894,2040,21350,6,1,2,0
2021-03-31T23:59:59+02:00,0,1,724,902,1151,2005,1475,2919,2174,4391,3900,4931,4716,4695,6647,8052,2633,4637,287,282,498,810,544,1249,780,1933,1168,1967,1072,1022,3620,4325,2261,3944,29761,23778,4866,1978,21323,5,1,2,0
2021-03-30T23:59:59+02:00,0,1,724,902,1150,2002,1463,2910,2165,4382,3855,4904,4517,4514,6397,7755,2624,4621,287,281,498,808,544,1249,780,1932,1168,1967,1072,1022,3620,4325,2260,3944,29756,23774,4861,1978,20266,4,1,2,0
2021-03-29T23:59:59+02:00,0,1,722,900,1150,2002,1461,2910,2165,4382,3851,4902,4514,4512,6394,7746,2622,4603,287,280,498,808,544,1249,779,1931,1168,1967,1072,1021,3620,4325,2260,3944,29747,23770,4856,1978,20231,4,1,2,0
2021-03-28T23:59:59+02:00,0,1,722,900,1150,1999,1459,2908,2164,4379,3850,4902,4513,4512,6391,7742,2622,4601,286,280,496,808,544,1249,778,1931,1168,1967,1072,1020,3620,4325,2260,3944,29745,23766,4851,1977,20216,4,1,2,0
2021-03-27T23:59:59+01:00,0,1,718,895,1146,1991,1451,2898,2145,4364,3808,4876,4464,4455,6346,7684,2615,4588,282,275,482,798,533,1237,730,1896,1007,1875,811,830,3481,4171,2098,3632,29397,22797,4851,1336,20194,4,1,2,0
2021-03-26T23:59:59+01:00,0,1,718,895,1145,1990,1448,2897,2142,4363,3803,4873,4453,4433,6336,7660,2608,4574,281,275,482,796,531,1237,728,1896,1000,1867,673,735,2504,3014,1928,3419,29341,20025,4849,1336,20146,4,1,2,0
2021-03-25T23:59:59+01:00,0,1,717,894,1145,1990,1447,2894,2138,4357,3799,4869,4444,4422,6323,7630,2587,4520,281,275,482,796,530,1234,727,1895,998,1866,651,728,1322,1564,1647,3055,29332,16710,4844,1336,19998,4,1,2,0
2021-03-24T23:59:59+01:00,0,1,694,883,1107,1960,1376,2834,1933,4210,3575,4743,4384,4363,6189,7462,2573,4488,281,275,482,795,527,1234,725,1895,997,1866,651,728,1322,1563,1647,3053,27959,16701,4841,1335,19972,4,1,2,0
2021-03-23T23:59:59+01:00,0,1,694,881,1105,1959,1376,2834,1933,4210,3574,4740,4384,4362,6188,7462,2573,4487,281,275,482,795,527,1233,725,1895,997,1866,651,728,1322,1563,1647,3053,27954,16700,4838,1335,19968,4,1,2,0
2021-03-22T23:59:59+01:00,0,1,694,879,1103,1955,1373,2834,1931,4210,3573,4740,4384,4361,6188,7461,2573,4487,281,275,482,795,527,1232,724,1895,997,1865,651,727,1322,1563,1647,3053,27950,16697,4837,1335,19957,3,1,2,0
2021-03-21T23:59:59+01:00,0,1,693,879,1101,1952,1373,2832,1930,4209,3572,4739,4384,4361,6187,7461,2573,4487,280,275,482,795,527,1232,724,1895,997,1865,651,726,1322,1563,1647,3053,27947,16696,4836,1335,19950,3,0,1,0
2021-03-20T23:59:59+01:00,0,1,691,877,1099,1950,1367,2829,1913,4202,3541,4720,4166,4086,5670,6854,2563,4454,275,273,477,789,510,1222,703,1879,962,1837,586,649,1092,1306,1297,2508,27866,15027,4738,1335,18378,3,0,1,0
2021-03-19T23:59:59+01:00,0,1,683,871,1084,1930,1333,2793,1833,4146,3320,4559,4017,3980,5493,6612,2514,4369,275,273,477,789,510,1222,703,1878,961,1837,586,649,1092,1305,1296,2507,27864,15022,3303,1335,18371,3,0,0,0
2021-03-18T23:59:59+01:00,0,1,682,870,1083,1929,1332,2791,1833,4143,3090,4416,3864,3851,5315,6410,2462,4268,275,272,476,789,510,1220,703,1877,960,1836,584,646,853,1048,1186,2339,27853,14238,2118,1334,18369,2,0,0,0
2021-03-17T23:59:59+01:00,0,1,682,870,1082,1929,1332,2790,1833,4143,3090,4416,3864,3849,5314,6410,2462,4268,275,271,476,789,510,1220,703,1877,959,1836,583,646,853,1048,1186,2339,27851,14236,2118,1333,18366,2,0,0,0
2021-03-16T23:59:59+01:00,0,1,681,870,1082,1925,1331,2790,1830,4143,3090,4414,3863,3848,5314,6410,2461,4267,273,267,462,784,501,1208,687,1863,943,1826,581,645,851,1047,1185,2338,27843,14126,2114,1333,18363,2,0,0,0
2021-03-15T23:59:59+01:00,0,1,681,869,1080,1924,1328,2790,1826,4142,3089,4414,3863,3847,5313,6410,2461,4267,273,267,462,784,501,1208,686,1863,942,1825,581,645,851,1047,1185,2338,27838,14123,2112,1333,18355,2,0,0,0
2021-03-14T23:59:59+01:00,0,1,680,867,1077,1921,1325,2787,1824,4140,3084,4413,3863,3847,5313,6410,2461,4267,273,267,462,784,501,1208,686,1863,942,1824,581,645,850,1047,1185,2338,27834,14121,2112,1333,18334,2,0,0,0
2021-03-13T23:59:59+01:00,0,1,678,862,1069,1915,1316,2780,1819,4132,2970,4335,3395,3444,5108,6177,2416,4204,273,267,462,784,501,1208,685,1863,940,1823,557,629,547,752,765,1764,26570,12485,2112,1333,17939,2,0,0,0
2021-03-12T23:59:59+01:00,0,1,648,775,1046,1802,1295,2589,1787,3866,2926,4167,2254,2002,4747,5631,2413,4195,273,267,462,784,501,1208,684,1863,939,1823,557,628,547,752,765,1763,26558,12482,2112,1333,13474,1,0,0,0
2021-03-11T23:59:59+01:00,0,1,638,730,1038,1700,1287,2431,1775,3652,2880,4028,1690,1473,4261,5089,2403,4186,271,266,462,784,501,1208,684,1862,939,1819,557,628,545,751,685,1618,26008,12479,2100,1101,11154,0,0,0,0
2021-03-10T23:59:59+01:00,0,1,633,718,1027,1677,1278,2410,1762,3626,2771,3945,1300,1206,3854,4621,2309,4029,271,266,461,782,500,1208,684,1862,937,1819,557,628,543,750,685,1618,24030,12473,2099,1098,11038,0,0,0,0
2021-03-09T23:59:59+01:00,0,1,632,713,1019,1660,1267,2395,1759,3615,2764,3940,1296,1205,3854,4620,2308,4029,271,266,461,782,500,1208,684,1862,937,1819,557,628,543,750,685,1618,24027,12473,2098,1098,10952,0,0,0,0
2021-03-08T23:59:59+01:00,0,1,628,684,1008,1635,1252,2362,1751,3582,2743,3925,1295,1203,3854,4620,2308,4029,271,266,461,782,500,1208,684,1862,937,1819,557,627,541,750,685,1618,24023,12470,2097,1098,10760,0,0,0,0
2021-03-07T23:59:59+01:00,0,1,628,681,1005,1631,1252,2359,1750,3579,2743,3923,1295,1203,3854,4620,2308,4029,271,266,461,782,499,1208,684,1862,937,1819,557,627,541,750,685,1618,24020,12469,2097,1098,10744,0,0,0,0
2021-03-06T23:59:59+01:00,0,1,592,634,886,1530,1010,2169,1330,3197,2322,3587,1013,984,3554,4243,2288,4012,271,266,461,782,497,1208,684,1862,937,1818,557,626,539,746,596,1444,23021,12466,2094,828,8237,0,0,0,0
2021-03-05T23:59:59+01:00,0,1,589,634,881,1527,1010,2168,1327,3194,2315,3582,869,887,2559,3047,2117,3780,269,266,456,770,494,1203,676,1845,923,1803,553,622,481,685,290,933,20176,12264,2083,5,8228,0,0,0,0
2021-03-04T23:59:59+01:00,0,1,571,590,844,1397,972,2014,1277,2990,2271,3482,853,878,1378,1614,1832,3415,269,266,455,770,494,1203,676,1845,923,1803,552,621,481,684,290,933,16884,12260,2082,5,7413,0,0,0,0
2021-03-03T23:59:59+01:00,0,1,565,558,821,1332,951,1952,1261,2946,2261,3438,853,877,1378,1614,1832,3415,269,266,455,769,494,1203,676,1844,923,1803,552,621,481,684,290,933,16882,12258,2082,5,7091,0,0,0,0
2021-03-02T23:59:59+01:00,0,1,564,556,818,1331,951,1952,1260,2945,2261,3438,853,877,1378,1614,1832,3415,269,266,454,769,494,1203,676,1844,923,1802,552,621,481,684,290,933,16881,12256,2082,5,7083,0,0,0,0
2021-03-01T23:59:59+01:00,0,1,564,554,817,1331,951,1951,1260,2945,2260,3437,853,876,1378,1613,1832,3415,269,266,454,769,494,1203,675,1843,923,1802,552,621,481,684,290,933,16878,12254,2081,5,7079,0,0,0,0
2021-02-28T23:59:59+01:00,0,1,563,552,817,1331,950,1951,1260,2945,2258,3436,853,874,1378,1613,1832,3415,269,266,454,769,494,1203,675,1842,923,1802,552,621,481,684,290,933,16875,12253,2081,5,7073,0,0,0,0
2021-02-27T23:59:59+01:00,0,1,558,550,806,1321,929,1940,1221,2918,2184,3387,737,758,1111,1325,1325,2545,268,266,453,769,493,1203,673,1841,922,1800,551,619,480,682,288,929,15172,12233,1373,4,7071,0,0,0,0
2021-02-26T23:59:59+01:00,0,1,548,529,777,1257,900,1827,1182,2760,1864,2966,696,730,1111,1325,1324,2544,268,266,453,769,493,1203,673,1841,922,1800,551,619,480,682,288,928,15167,12232,1373,4,5801,0,0,0,0
2021-02-25T23:59:59+01:00,0,1,514,487,715,1139,794,1634,1028,2459,1366,2416,645,685,863,1061,1215,2373,267,265,452,769,493,1202,672,1839,922,1799,551,619,480,682,288,928,14363,12227,1373,1,3659,0,0,0,0
2021-02-24T23:59:59+01:00,0,1,513,486,715,1137,793,1634,1028,2458,1366,2415,645,685,863,1061,1215,2373,267,265,452,769,493,1201,672,1839,922,1799,551,619,480,682,288,928,14362,12227,1372,0,3654,0,0,0,0
2021-02-23T23:59:59+01:00,0,1,511,482,700,1129,784,1623,1011,2444,1350,2405,643,684,861,1060,1214,2372,267,264,452,768,493,1201,672,1838,922,1798,551,619,480,682,288,928,14252,12223,1372,0,3650,0,0,0,0
2021-02-22T23:59:59+01:00,0,1,511,482,699,1129,782,1623,1011,2444,1349,2404,643,682,861,1060,1214,2372,267,264,452,768,493,1201,672,1838,922,1797,551,619,480,682,288,928,14250,12222,1372,0,3645,0,0,0,0
2021-02-21T23:59:59+01:00,0,1,511,482,699,1129,781,1623,1010,2444,1349,2403,642,682,860,1060,1214,2372,267,264,452,768,493,1201,672,1838,922,1797,551,619,480,682,288,928,14248,12222,1372,0,3642,0,0,0,0
2021-02-20T23:59:59+01:00,0,1,495,480,687,1123,761,1618,997,2442,1322,2383,615,663,551,759,786,1790,266,263,447,766,488,1195,667,1827,916,1794,548,616,475,681,284,923,12585,12156,1371,0,3517,0,0,0,0
2021-02-19T23:59:59+01:00,0,1,397,394,583,997,643,1464,856,2271,1083,2146,568,639,551,759,786,1790,263,263,443,764,486,1186,664,1811,909,1774,544,610,470,674,281,915,12584,12057,1371,0,1973,0,0,0,0
2021-02-18T23:59:59+01:00,0,1,274,269,469,794,504,1218,695,1875,948,1835,565,633,550,759,786,1790,262,261,441,761,484,1182,663,1797,905,1763,538,605,463,667,276,904,12582,11972,1371,0,12,0,0,0,0
2021-02-17T23:59:59+01:00,0,1,274,269,468,794,504,1218,694,1875,947,1835,564,633,550,758,786,1790,261,261,440,758,482,1180,660,1789,902,1756,533,600,454,645,265,885,12580,11871,1371,0,9,0,0,0,0
2021-02-16T23:59:59+01:00,0,1,274,269,466,794,503,1218,694,1875,947,1835,564,633,550,758,786,1790,250,257,434,742,470,1148,653,1713,877,1677,514,571,422,602,248,820,12580,11398,1371,0,6,0,0,0,0
2021-02-15T23:59:59+01:00,0,1,274,269,465,794,503,1218,692,1875,947,1835,564,633,550,758,786,1790,246,253,431,734,464,1122,637,1662,852,1623,493,537,404,558,236,757,12580,11009,1371,0,3,0,0,0,0
2021-02-14T23:59:59+01:00,0,1,274,269,465,794,502,1218,692,1875,947,1835,564,633,550,758,786,1790,246,253,431,733,464,1122,637,1656,850,1614,483,532,400,555,228,749,12579,10953,1371,0,3,0,0,0,0
2021-02-13T23:59:59+01:00,0,1,272,269,465,794,502,1218,691,1874,947,1835,564,633,550,758,786,1790,244,251,431,729,457,1110,628,1635,830,1581,464,507,386,530,216,713,12577,10712,1371,0,1,0,0,0,0
2021-02-12T23:59:59+01:00,0,1,272,269,464,793,502,1218,691,1873,942,1832,564,631,501,712,772,1786,227,243,412,695,436,1022,593,1473,744,1341,381,387,311,418,160,535,12451,9378,1371,0,1,0,0,0,0
2021-02-11T23:59:59+01:00,0,1,270,269,463,793,502,1218,691,1871,942,1829,563,630,498,709,689,1638,205,230,400,664,416,975,559,1379,698,1230,347,338,272,355,133,449,12439,8650,1136,0,1,0,0,0,0
2021-02-10T23:59:59+01:00,0,1,270,269,463,792,502,1218,690,1871,941,1829,562,630,498,708,688,1636,202,226,399,658,412,961,556,1359,686,1195,331,315,250,315,116,387,12432,8368,1136,0,0,0,0,0,0
2021-02-09T23:59:59+01:00,0,1,270,269,463,792,502,1218,689,1871,941,1827,562,630,498,708,688,1636,193,213,387,622,393,894,513,1265,633,1065,257,223,175,204,75,239,12429,7351,1136,0,0,0,0,0,0
2021-02-08T23:59:59+01:00,0,1,270,269,461,792,502,1218,688,1871,941,1826,562,630,498,708,688,1636,190,207,383,608,383,869,488,1215,606,995,226,182,140,154,61,184,12426,6891,1135,0,0,0,0,0,0
2021-02-07T23:59:59+01:00,0,1,270,269,461,792,502,1218,688,1871,941,1825,562,630,498,708,688,1635,189,207,381,604,381,864,483,1205,602,981,220,175,130,136,55,168,12424,6781,1135,0,0,0,0,0,0
2021-02-06T23:59:59+01:00,0,1,270,269,461,792,502,1218,688,1871,941,1825,562,630,496,703,598,1462,189,207,381,604,381,864,483,1205,602,981,220,175,130,136,55,168,12424,6781,865,0,0,0,0,0,0
2021-02-05T23:59:59+01:00,0,1,270,269,459,791,501,1216,685,1870,938,1822,558,626,489,689,291,943,183,198,364,573,368,824,464,1166,584,950,202,159,110,124,50,165,12410,6484,8,0,0,0,0,0,0
2021-02-04T23:59:59+01:00,0,1,270,268,458,785,498,1215,684,1865,933,1821,557,626,488,688,291,943,168,162,295,437,302,667,384,942,510,811,191,154,102,118,43,153,12383,5439,8,0,0,0,0,0,0
2021-02-03T23:59:59+01:00,0,1,269,268,458,783,498,1214,683,1863,933,1821,557,626,488,688,291,943,163,155,249,355,253,580,324,841,459,724,184,149,98,116,42,152,12376,4844,8,0,0,0,0,0,0
2021-02-02T23:59:59+01:00,0,1,269,267,458,780,498,1214,683,1860,933,1819,557,626,488,688,291,943,156,140,190,291,195,492,247,727,377,640,174,145,96,115,42,151,12367,4178,8,0,0,0,0,0,0
2021-02-01T23:59:59+01:00,0,1,269,267,456,779,497,1213,682,1856,930,1814,557,626,487,688,291,943,149,134,152,254,167,434,202,649,320,566,169,134,88,105,37,144,12348,3704,8,0,0,0,0,0,0
2021-01-31T23:59:59+01:00,0,1,269,267,456,779,497,1213,682,1856,930,1814,557,626,487,688,291,943,149,134,152,253,167,433,201,649,320,566,169,134,88,105,37,144,12348,3701,8,0,0,0,0,0,0
2021-01-30T23:59:59+01:00,0,1,269,267,456,779,497,1213,682,1856,926,1814,556,626,485,688,288,943,136,122,135,235,156,404,190,608,302,519,147,123,76,78,30,109,12338,3370,8,0,0,0,0,0,0
2021-01-29T23:59:59+01:00,0,1,266,266,452,776,495,1203,679,1839,919,1794,552,620,480,682,285,935,88,68,93,154,115,246,147,440,212,376,109,82,57,67,25,98,12237,2377,7,0,0,0,0,0,0
2021-01-28T23:59:59+01:00,0,0,266,266,451,776,494,1203,679,1838,919,1792,552,620,480,682,285,935,10,7,13,23,24,46,23,94,49,105,34,32,31,49,19,90,12234,649,4,0,0,0,0,0,0
2021-01-27T23:59:59+01:00,0,0,265,266,451,775,494,1202,679,1837,917,1792,552,620,480,682,285,935,10,7,13,23,23,46,23,92,48,105,34,32,31,49,19,90,12231,645,1,0,0,0,0,0,0
2021-01-26T23:59:59+01:00,0,0,265,266,450,774,494,1201,679,1837,917,1791,552,620,480,682,285,935,10,7,13,23,23,46,23,92,48,105,34,32,31,49,19,90,12227,645,1,0,0,0,0,0,0
2021-01-25T23:59:59+01:00,0,0,265,266,448,774,494,1200,679,1835,917,1790,552,620,479,680,284,935,6,1,5,13,11,21,14,39,23,46,17,16,10,15,6,19,12218,262,0,0,0,0,0,0,0
2021-01-24T23:59:59+01:00,0,0,265,265,448,774,493,1200,679,1834,917,1789,552,620,479,680,284,935,6,1,5,13,11,21,14,39,23,46,17,16,10,15,6,19,12214,262,0,0,0,0,0,0,0
2021-01-23T23:59:59+01:00,0,0,265,265,448,774,493,1199,679,1834,917,1789,552,620,479,680,284,935,6,1,5,13,11,21,14,39,23,46,17,16,10,15,6,19,12213,262,0,0,0,0,0,0,0
2021-01-22T23:59:59+01:00,0,0,263,263,448,774,492,1198,679,1833,917,1789,552,620,479,680,266,891,6,1,5,13,11,21,14,39,23,46,17,16,10,15,6,19,12144,262,0,0,0,0,0,0,0
2021-01-21T23:59:59+01:00,0,0,260,259,446,765,489,1190,676,1811,908,1772,544,611,459,655,255,855,6,1,5,13,11,21,14,39,23,46,17,16,10,15,6,19,11955,262,0,0,0,0,0,0,0
2021-01-20T23:59:59+01:00,0,0,259,257,442,760,487,1187,673,1803,905,1767,538,606,452,636,247,838,6,1,5,13,11,21,14,39,23,46,17,16,10,15,6,19,11857,262,0,0,0,0,0,0,0
2021-01-19T23:59:59+01:00,0,0,254,257,440,752,481,1172,670,1772,894,1725,526,589,441,620,235,803,6,1,5,13,11,21,14,39,23,46,17,16,10,15,6,19,11631,262,0,0,0,0,0,0,0
2021-01-18T23:59:59+01:00,0,0,250,253,437,741,476,1151,653,1735,868,1678,507,556,426,581,223,746,6,1,5,12,11,21,14,39,23,46,17,16,10,15,6,19,11281,261,0,0,0,0,0,0,0
2021-01-17T23:59:59+01:00,0,0,250,252,436,740,476,1150,650,1728,862,1666,491,545,411,559,208,721,6,1,4,12,11,21,14,39,23,46,17,15,10,15,6,19,11145,259,0,0,0,0,0,0,0
2021-01-16T23:59:59+01:00,0,0,242,244,432,720,463,1115,625,1640,816,1517,449,463,382,506,187,666,0,0,0,0,0,0,0,0,0,0,0,0,0,0,0,0,10467,0,0,0,0,0,0,0,0
2021-01-15T23:59:59+01:00,0,0,233,237,424,700,449,1064,605,1541,777,1403,400,406,331,438,169,560,0,0,0,0,0,0,0,0,0,0,0,0,0,0,0,0,9737,0,0,0,0,0,0,0,0
2021-01-14T23:59:59+01:00,0,0,210,224,405,658,427,1002,564,1424,710,1250,345,332,284,348,129,446,0,0,0,0,0,0,0,0,0,0,0,0,0,0,0,0,8758,0,0,0,0,0,0,0,0
2021-01-13T23:59:59+01:00,0,0,208,222,404,651,422,983,559,1402,697,1215,328,308,259,309,112,385,0,0,0,0,0,0,0,0,0,0,0,0,0,0,0,0,8464,0,0,0,0,0,0,0,0
2021-01-12T23:59:59+01:00,0,0,191,211,388,610,391,888,497,1248,618,1026,233,193,155,160,62,193,0,0,0,0,0,0,0,0,0,0,0,0,0,0,0,0,7064,0,0,0,0,0,0,0,0
2021-01-11T23:59:59+01:00,0,0,187,205,384,598,377,861,477,1201,598,972,213,164,123,116,45,145,0,0,0,0,0,0,0,0,0,0,0,0,0,0,0,0,6666,0,0,0,0,0,0,0,0
2021-01-10T23:59:59+01:00,0,0,186,201,372,584,373,848,468,1181,586,953,209,164,120,116,43,143,0,0,0,0,0,0,0,0,0,0,0,0,0,0,0,0,6547,0,0,0,0,0,0,0,0
2021-01-09T23:59:59+01:00,0,0,166,168,326,504,332,730,408,1001,498,804,147,108,72,73,29,105,0,0,0,0,0,0,0,0,0,0,0,0,0,0,0,0,5471,0,0,0,0,0,0,0,0
2021-01-08T23:59:59+01:00,0,0,98,78,229,352,245,436,294,669,340,510,79,67,49,58,22,93,0,0,0,0,0,0,0,0,0,0,0,0,0,0,0,0,3619,0,0,0,0,0,0,0,0
2021-01-07T23:59:59+01:00,0,0,12,11,54,97,72,124,94,194,122,179,41,35,33,50,19,93,0,0,0,0,0,0,0,0,0,0,0,0,0,0,0,0,1230,0,0,0,0,0,0,0,0
2021-01-06T23:59:59+01:00,0,0,8,4,9,23,17,46,23,90,53,108,35,32,32,50,19,93,0,0,0,0,0,0,0,0,0,0,0,0,0,0,0,0,642,0,0,0,0,0,0,0,0
2021-01-05T23:59:59+01:00,0,0,8,4,9,23,17,46,22,90,51,108,35,32,32,50,19,93,0,0,0,0,0,0,0,0,0,0,0,0,0,0,0,0,639,0,0,0,0,0,0,0,0
2021-01-04T23:59:59+01:00,0,0,6,1,5,13,11,23,14,41,23,48,18,16,11,15,6,20,0,0,0,0,0,0,0,0,0,0,0,0,0,0,0,0,271,0,0,0,0,0,0,0,0
2021-01-03T23:59:59+01:00,0,0,6,1,5,13,11,23,14,41,23,48,18,16,11,15,6,20,0,0,0,0,0,0,0,0,0,0,0,0,0,0,0,0,271,0,0,0,0,0,0,0,0
2021-01-02T23:59:59+01:00,0,0,6,1,5,13,11,23,14,41,23,48,18,16,11,15,6,20,0,0,0,0,0,0,0,0,0,0,0,0,0,0,0,0,271,0,0,0,0,0,0,0,0
2021-01-01T23:59:59+01:00,0,0,6,1,5,13,11,23,14,41,23,48,18,16,11,15,6,20,0,0,0,0,0,0,0,0,0,0,0,0,0,0,0,0,271,0,0,0,0,0,0,0,0
2020-12-31T23:59:59+01:00,0,0,6,1,5,13,11,23,14,41,23,48,18,16,11,15,6,20,0,0,0,0,0,0,0,0,0,0,0,0,0,0,0,0,271,0,0,0,0,0,0,0,0
2020-12-30T23:59:59+01:00,0,0,6,1,5,13,11,23,14,41,23,48,18,16,11,15,6,20,0,0,0,0,0,0,0,0,0,0,0,0,0,0,0,0,271,0,0,0,0,0,0,0,0
2020-12-29T23:59:59+01:00,0,0,6,1,5,13,11,23,14,41,23,48,18,16,11,15,6,20,0,0,0,0,0,0,0,0,0,0,0,0,0,0,0,0,271,0,0,0,0,0,0,0,0
2020-12-28T23:59:59+01:00,0,0,6,1,5,13,11,23,14,41,23,48,18,16,11,15,6,20,0,0,0,0,0,0,0,0,0,0,0,0,0,0,0,0,271,0,0,0,0,0,0,0,0
2020-12-27T23:59:59+01:00,0,0,6,1,4,12,11,23,14,41,23,48,18,15,11,15,6,20,0,0,0,0,0,0,0,0,0,0,0,0,0,0,0,0,268,0,0,0,0,0,0,0,0
