Datum,<24_1_m,<24_1_w,25-34_1_m,25-34_1_w,35-44_1_m,35-44_1_w,45-54_1_m,45-54_1_w,55-64_1_m,55-64_1_w,65-74_1_m,65-74_1_w,75-84_1_m,75-84_1_w,>84_1_m,>84_1_w,<24_2_m,<24_2_w,25-34_2_m,25-34_2_w,35-44_2_m,35-44_2_w,45-54_2_m,45-54_2_w,55-64_2_m,55-64_2_w,65-74_2_m,65-74_2_w,75-84_2_m,75-84_2_w,>84_2_m,>84_2_w,bp_1,bp_2,mo_1,mo_2,az_1,az_2,ja
2021-07-01T23:59:59+02:00,9299,9064,12506,11526,15772,15667,19476,19575,21334,20435,13953,15096,9638,11847,2897,5087,2261,2443,4386,4736,8567,9395,15576,16109,17697,17288,12655,13669,9149,11192,2803,4897,151523,105659,21754,15550,35463,27182,4432
2021-06-30T23:59:59+02:00,9005,8831,12339,11383,15660,15574,19410,19508,21293,20389,13934,15071,9625,11834,2896,5083,2206,2410,4301,4622,8469,9299,15386,15976,16976,16794,12023,13034,9093,11127,2796,4891,150205,105630,21751,15550,35461,23805,4418
2021-06-29T23:59:59+02:00,9002,8822,12337,11380,15657,15574,19408,19508,21293,20389,13934,15071,9625,11834,2896,5083,2184,2398,4278,4585,8445,9255,15351,15918,16901,16711,11669,12700,9067,11097,2793,4887,150198,105618,21748,15547,35460,22667,4407
2021-06-28T23:59:59+02:00,8999,8818,12330,11375,15655,15574,19407,19508,21293,20389,13933,15071,9625,11834,2896,5083,2177,2369,4232,4466,8370,9096,15231,15640,16733,16439,11364,12399,9045,11070,2792,4883,150182,105612,21748,15546,35460,20748,4400
2021-06-27T23:59:59+02:00,8997,8813,12328,11372,15653,15574,19407,19508,21293,20389,13933,15071,9625,11834,2896,5083,2170,2365,4224,4464,8190,8945,15211,15625,16731,16433,11360,12398,9044,11069,2792,4883,150174,105217,21747,15545,35460,20747,4395
2021-06-26T23:59:59+02:00,8776,8595,11859,10968,14558,14597,19158,19313,21190,20269,13891,15020,9614,11805,2893,5080,2130,2322,4170,4411,8093,8835,14949,15366,16671,16386,11343,12379,9032,11064,2792,4881,147735,104159,19996,15523,35460,20747,4395
2021-06-25T23:59:59+02:00,8731,8555,11844,10959,14558,14590,19151,19308,21186,20268,13891,15020,9613,11803,2893,5080,2001,2144,3883,4108,6575,7410,12317,13185,16596,16300,11318,12349,9024,11047,2788,4871,147599,95349,19996,15442,35460,20730,4395
2021-06-24T23:59:59+02:00,8241,8127,10777,10073,14028,14155,19081,19249,21140,20225,13869,14993,9600,11790,2892,5077,1932,2076,3525,3772,5826,6744,12076,12978,16355,16095,11215,12224,8935,10920,2777,4837,143481,94129,19992,13089,35459,20684,4385
2021-06-23T23:59:59+02:00,8239,8123,10771,10072,14027,14154,19081,19248,21140,20224,13869,14993,9600,11790,2892,5077,1787,1907,3042,3368,4472,5578,11771,12709,16235,15977,11170,12185,8923,10894,2776,4830,143468,89494,19990,13088,35458,20658,4384
2021-06-22T23:59:59+02:00,8192,8095,10699,10022,14004,14128,19065,19233,21129,20216,13862,14984,9597,11789,2892,5077,1738,1877,2961,3314,4434,5545,11743,12670,16167,15926,10962,11994,8674,10598,2767,4802,143454,89477,19990,13084,35458,19529,4082
2021-06-21T23:59:59+02:00,8060,8029,10573,9925,13724,13882,18329,18626,21041,20141,13827,14952,9578,11764,2892,5074,1693,1853,2918,3276,4406,5515,11697,12635,16149,15912,10953,11984,8668,10591,2766,4802,141108,89353,19989,13083,35458,19520,3862
2021-06-20T23:59:59+02:00,8060,8025,10569,9921,13724,13882,18329,18626,21041,20141,13827,14952,9578,11764,2892,5074,1665,1824,2872,3261,4342,5476,11635,12602,16089,15853,10934,11968,8665,10582,2762,4798,141097,88878,19988,13079,35458,19509,3862
2021-06-19T23:59:59+02:00,8027,7988,10463,9831,13544,13730,17916,18291,20858,19968,13809,14926,9566,11744,2889,5068,1634,1789,2831,3214,4262,5403,11299,12312,16051,15816,10925,11956,8663,10577,2760,4796,141057,87866,18241,13052,35458,19508,3862
2021-06-18T23:59:59+02:00,6529,6585,10458,9829,13543,13728,17914,18290,20858,19968,13809,14925,9566,11744,2888,5066,1502,1678,2595,3057,3634,4774,10164,11172,15840,15663,10885,11916,8640,10557,2746,4767,138147,83230,18239,13050,35458,19454,3856
2021-06-17T23:59:59+02:00,6457,6515,10344,9725,13223,13423,17529,17973,20745,19871,13790,14887,9554,11730,2880,5060,1422,1560,2443,2909,3280,4438,8573,9814,15333,15231,10713,11737,8584,10481,2730,4738,136268,77796,18239,13046,35457,19402,3742
2021-06-16T23:59:59+02:00,6450,6511,10333,9722,13221,13421,17528,17972,20744,19871,13790,14887,9553,11729,2880,5060,1372,1512,2341,2835,3096,4259,7489,8875,14838,14843,10630,11626,8548,10433,2719,4722,136240,73978,18237,13044,35457,19378,3738
2021-06-15T23:59:59+02:00,6419,6493,10293,9695,13192,13406,17508,17950,20730,19858,13781,14879,9550,11723,2877,5057,1292,1454,2216,2735,2984,4174,6585,8148,14638,14677,10606,11597,8536,10411,2710,4716,136228,73970,18236,10659,35457,19360,3490
2021-06-14T23:59:59+02:00,6401,6476,10261,9670,13173,13386,17494,17933,20710,19848,13771,14870,9547,11722,2877,5053,1276,1439,2183,2708,2963,4153,6571,8129,14617,14667,10595,11588,8533,10410,2710,4712,136216,73961,18236,10659,35457,19351,3283
2021-06-13T23:59:59+02:00,6400,6476,10257,9668,13172,13384,17494,17933,20710,19848,13771,14870,9547,11722,2877,5053,1272,1433,2180,2699,2953,4143,6554,8112,14516,14602,10582,11565,8527,10399,2707,4712,136208,73669,18236,10659,35457,19347,3281
2021-06-12T23:59:59+02:00,5609,5703,10213,9633,13142,13360,17469,17913,20684,19817,13689,14799,9547,11719,2876,5053,1263,1413,2169,2683,2932,4116,6480,8031,14343,14465,10354,11281,8047,9864,2705,4711,134252,73166,18236,10659,35457,17751,3281
2021-06-11T23:59:59+02:00,5604,5696,10203,9627,13128,13348,17462,17909,20680,19815,13689,14798,9547,11718,2876,5053,1187,1329,2049,2523,2762,3861,4986,6701,12645,13086,10214,11134,7960,9759,2698,4695,134180,65909,18236,10658,35457,17742,3280
2021-06-10T23:59:59+02:00,4601,4736,10037,9500,13017,13267,17208,17674,20443,19638,13680,14787,9541,11708,2874,5050,1130,1268,1934,2419,2605,3683,4380,6067,11490,12106,9918,10812,7878,9676,2685,4670,130866,61123,18235,10658,35457,17737,3203
2021-06-09T23:59:59+02:00,4008,4126,9831,9352,12930,13194,16901,17411,20216,19457,13665,14774,9537,11702,2873,5045,1056,1224,1834,2351,2513,3570,4054,5765,11070,11783,9791,10654,7833,9611,2674,4661,128498,61050,18220,8815,35457,17732,2847
2021-06-08T23:59:59+02:00,3996,4120,9819,9343,12918,13187,16894,17402,20208,19455,13663,14772,9536,11700,2872,5043,1010,1216,1812,2336,2487,3556,4030,5746,11059,11780,9788,10650,7832,9609,2673,4658,128485,60935,18217,8810,35457,17728,2769
2021-06-07T23:59:59+02:00,3982,4113,9787,9330,12908,13169,16871,17391,20192,19444,13660,14768,9533,11696,2870,5041,999,1209,1780,2325,2478,3537,4006,5733,11041,11766,9785,10645,7829,9606,2671,4656,128474,60926,18215,8807,35456,17723,2610
2021-06-06T23:59:59+02:00,3977,4109,9782,9326,12907,13169,16870,17390,20191,19444,13659,14767,9533,11696,2870,5041,996,1206,1769,2323,2472,3527,3994,5726,10916,11623,9774,10639,7828,9606,2671,4656,128462,60606,18215,8806,35455,17715,2599
2021-06-05T23:59:59+02:00,3684,3806,7308,7337,12669,12984,16841,17361,20148,19404,13543,14623,9458,11605,2866,5029,919,1133,1606,2222,2307,3448,3768,5586,10024,10784,9392,10192,7717,9453,2663,4637,122529,57347,18215,8806,35454,17230,2468
2021-06-04T23:59:59+02:00,3618,3751,7157,7223,12202,12591,16701,17249,19915,19170,13425,14477,9401,11526,2852,5012,892,1067,1575,2118,2269,3282,3693,5328,9385,10110,8552,9178,7444,9050,2659,4626,120139,55884,18215,8804,35454,14078,2462
2021-06-03T23:59:59+02:00,3206,3358,7130,7207,12079,12475,16670,17209,19829,19104,13415,14461,9399,11523,2851,5011,861,1000,1529,1994,2192,3083,3503,4947,8810,9490,7792,8308,6976,8438,2656,4618,118908,54255,18214,8803,35450,10784,2355
2021-06-02T23:59:59+02:00,2816,3040,6000,6290,11777,12246,16612,17158,19706,18999,13355,14407,9377,11502,2849,5003,845,966,1464,1971,2078,3045,3333,4845,7457,8411,7712,8229,6960,8410,2653,4613,115229,51162,18213,8803,35450,10782,2245
2021-06-01T23:59:59+02:00,2530,2728,5531,5867,11463,11966,16587,17137,19656,18962,13232,14284,9370,11498,2848,5000,828,959,1449,1962,2061,3032,3306,4828,7161,8087,7675,8195,6950,8396,2651,4613,115210,50485,15887,8784,35450,10772,2112
2021-05-31T23:59:59+02:00,2515,2725,5512,5858,11435,11945,16553,17125,19616,18940,13229,14280,9366,11496,2848,4998,812,953,1431,1952,2029,3012,3271,4814,7120,8066,7672,8190,6946,8394,2651,4611,115202,50476,15883,8779,35450,10763,1906
2021-05-30T23:59:59+02:00,2511,2723,5510,5855,11435,11944,16550,17124,19615,18940,13229,14280,9366,11496,2848,4998,811,949,1426,1949,2029,3010,3269,4812,7119,8066,7672,8190,6946,8394,2651,4611,115188,50470,15883,8779,35448,10750,1905
2021-05-29T23:59:59+02:00,2495,2710,5344,5701,11368,11886,16542,17118,19607,18939,13228,14278,9364,11496,2848,4998,774,900,1315,1854,1752,2758,2867,4389,6838,7794,7489,7966,6770,8167,2648,4605,114686,49827,15883,8779,35448,8375,1905
2021-05-28T23:59:59+02:00,2361,2580,4921,5310,10702,11279,16475,17056,19581,18911,13219,14264,9345,11467,2846,4989,753,877,1256,1801,1661,2685,2734,4284,5261,6105,7326,7770,6728,8111,2645,4595,112074,45545,15883,8779,35448,8367,1901
2021-05-27T23:59:59+02:00,2341,2559,4872,5244,10043,10709,16435,17025,19567,18899,13209,14254,9343,11466,2846,4989,699,783,1152,1729,1451,2542,2362,3979,4382,5195,7090,7464,6637,7995,2628,4576,110695,41764,15880,8774,35446,8346,1780
2021-05-26T23:59:59+02:00,2304,2497,4698,5065,9604,10346,16383,16972,19501,18845,13196,14235,9333,11464,2842,4976,684,741,1105,1697,1363,2462,2154,3808,4253,5057,6927,7251,6557,7895,2616,4562,109280,40367,15877,8773,35446,8334,1658
2021-05-25T23:59:59+02:00,2301,2490,4668,5047,9579,10320,16358,16954,19488,18839,13191,14233,9330,11461,2842,4976,678,727,1058,1679,1311,2417,2084,3748,3713,4482,6625,6909,6523,7858,2615,4560,109276,40359,15874,6822,35446,8325,1481
2021-05-24T23:59:59+02:00,2292,2484,4657,5042,9571,10315,16333,16934,19462,18815,13181,14222,9327,11451,2841,4972,669,722,1046,1672,1301,2410,2059,3728,3687,4457,6614,6898,6520,7848,2614,4556,109274,40352,15874,6822,35446,8322,1305
2021-05-23T23:59:59+02:00,2276,2451,4569,4969,9437,10194,16330,16933,19462,18814,13179,14220,9324,11447,2839,4971,668,720,1044,1672,1301,2410,2059,3728,3687,4456,6613,6898,6520,7848,2614,4556,108790,40348,15874,6821,35446,8320,1305
2021-05-22T23:59:59+02:00,2256,2432,4560,4952,9358,10113,16307,16919,19411,18771,13151,14189,9320,11441,2839,4970,667,718,1043,1669,1298,2407,2056,3723,3671,4443,5785,6006,6450,7767,2606,4551,108364,38414,15874,6821,35446,8320,1305
2021-05-21T23:59:59+02:00,2221,2399,4453,4866,9162,9939,16281,16886,19396,18764,13141,14180,9318,11439,2834,4959,655,691,1006,1603,1248,2284,1970,3544,3328,4010,4030,3912,6406,7701,2601,4536,107628,34429,15874,6821,35444,6983,1292
2021-05-20T23:59:59+02:00,2191,2361,4371,4806,8942,9714,16232,16833,19344,18712,13110,14145,9301,11422,2833,4955,600,584,882,1291,1076,1881,1748,3010,2769,3328,3197,2964,6361,7652,2597,4531,106782,32609,15872,6820,35435,3859,1183
2021-05-19T23:59:59+02:00,2029,2185,3876,4381,7561,8525,15957,16585,19223,18587,13062,14097,9291,11396,2831,4952,585,547,844,1237,1047,1830,1722,2957,2719,3284,3189,2951,6357,7649,2597,4530,102156,32585,15870,6818,35434,3564,1078
2021-05-18T23:59:59+02:00,1981,2132,3570,4097,6912,7931,15810,16470,19140,18504,13030,14064,9235,11322,2825,4938,579,543,839,1235,1039,1822,1693,2941,2710,3266,3184,2946,6353,7645,2597,4530,102137,32582,13426,6813,35430,3559,968
2021-05-17T23:59:59+02:00,1973,2124,3550,4083,6869,7907,15782,16452,19118,18485,13020,14041,9234,11321,2825,4938,571,536,820,1220,997,1798,1665,2923,2687,3245,3173,2925,6353,7644,2597,4530,102130,32577,13424,6813,35430,3556,738
2021-05-16T23:59:59+02:00,1968,2121,3543,4079,6683,7741,15761,16433,19114,18480,13015,14040,9233,11320,2825,4938,571,536,820,1219,996,1797,1665,2923,2685,3245,3173,2925,6353,7644,2597,4530,101708,32575,13423,6813,35426,3554,737
2021-05-15T23:59:59+02:00,1940,2085,3505,4043,6597,7637,15492,16164,19058,18438,12996,14021,9224,11315,2825,4936,571,536,820,1218,996,1797,1663,2922,2685,3245,3172,2925,6352,7644,2597,4530,100690,32571,13423,6813,35426,3552,737
2021-05-14T23:59:59+02:00,1831,1940,3259,3793,5006,6164,12862,13976,18994,18352,12973,13991,9217,11302,2821,4930,571,535,817,1218,996,1797,1662,2921,2679,3244,3168,2919,6350,7642,2597,4529,91838,32554,13423,6813,35424,3552,726
2021-05-13T23:59:59+02:00,1805,1892,3218,3742,4894,6063,12659,13793,18835,18226,12897,13896,9181,11249,2821,4929,565,532,810,1209,986,1785,1643,2902,2572,3151,2509,2117,4904,5842,2587,4510,90627,29548,13327,4801,35422,3551,724
2021-05-12T23:59:59+02:00,1805,1892,3217,3742,4894,6063,12659,13793,18834,18226,12897,13896,9181,11249,2821,4929,565,532,810,1209,986,1785,1643,2901,2570,3149,2509,2117,4904,5840,2587,4510,90626,29546,13327,4796,35421,3551,724
2021-05-11T23:59:59+02:00,1761,1847,3126,3668,4808,5997,11740,13066,18640,18068,12883,13875,9174,11235,2815,4925,564,530,807,1205,985,1784,1642,2901,2562,3145,2508,2116,4902,5839,2586,4510,90615,29541,10884,4784,35413,3545,716
2021-05-10T23:59:59+02:00,1746,1845,3120,3665,4802,5993,11739,13065,18639,18068,12883,13875,9174,11235,2815,4925,563,529,807,1205,985,1784,1641,2901,2562,3145,2507,2115,4902,5839,2586,4510,90603,29540,10881,4784,35389,3541,716
2021-05-09T23:59:59+02:00,1710,1798,3068,3650,4733,5958,11672,13045,18576,18009,12863,13856,9171,11226,2813,4923,561,526,799,1204,977,1779,1629,2899,2558,3144,2507,2113,4901,5838,2586,4509,90134,29537,10878,4783,35382,3533,677
2021-05-08T23:59:59+02:00,1677,1764,3032,3601,4656,5885,11334,12743,18543,17975,12856,13848,9170,11224,2811,4923,549,525,792,1204,966,1779,1622,2899,2542,3132,2506,2113,4901,5837,2585,4508,89105,29534,10878,4783,35382,3466,677
2021-05-07T23:59:59+02:00,1533,1641,2784,3429,3983,5223,10128,11554,18343,17826,12817,13813,9151,11207,2803,4916,452,376,669,974,820,1460,1477,2485,2372,2776,2497,2104,4898,5833,2582,4505,84346,29529,10877,4783,35370,1410,558
2021-05-06T23:59:59+02:00,1471,1472,2650,3298,3656,4915,8434,10076,17828,17402,12649,13645,9104,11135,2800,4908,331,317,566,872,685,1371,1232,2271,2158,2581,2445,2072,4896,5826,2582,4504,78834,29511,10876,4782,35353,36,380
2021-05-05T23:59:59+02:00,1417,1398,2562,3226,3481,4740,7285,9061,17323,17002,12561,13532,9072,11089,2791,4893,331,317,564,871,684,1369,1186,2219,2148,2575,2441,2070,4896,5822,2582,4500,74961,29504,10872,4781,35345,35,255
2021-05-04T23:59:59+02:00,1408,1396,2555,3220,3479,4740,7283,9060,17322,17002,12561,13532,9072,11089,2791,4893,331,316,564,870,682,1369,1186,2219,2148,2575,2440,2070,4896,5822,2582,4499,74953,29501,10861,4781,35335,33,254
2021-05-03T23:59:59+02:00,1406,1390,2547,3215,3476,4734,7205,9000,17308,16994,12557,13530,9072,11089,2790,4892,328,310,560,866,677,1364,1108,2159,2135,2567,2436,2068,4896,5822,2581,4498,74944,29500,10861,4781,35335,29,65
2021-05-02T23:59:59+02:00,1398,1386,2544,3209,3464,4725,7185,8980,17202,16926,12544,13505,9066,11078,2787,4892,326,309,560,866,677,1364,1108,2158,2133,2567,2436,2068,4895,5820,2581,4498,74635,29495,10860,4780,35334,29,62
2021-05-01T23:59:59+02:00,1394,1379,2535,3199,3455,4707,7126,8919,17058,16809,12519,13482,9054,11072,2787,4892,326,309,560,866,677,1364,1108,2158,2133,2567,2436,2068,4893,5820,2580,4496,74131,29490,10860,4780,35334,29,62
2021-04-30T23:59:59+02:00,1324,1299,2415,3029,3287,4433,5581,7522,15325,15378,12376,13322,8959,10955,2772,4859,326,309,559,865,676,1364,1105,2156,2130,2564,2435,2059,4880,5811,2572,4478,66634,29473,10860,4779,35334,29,8
2021-04-29T23:59:59+02:00,1269,1262,2311,2920,3155,4263,4974,6876,14155,14357,12068,12994,8869,10873,2758,4831,324,308,559,864,676,1363,1104,2156,2128,2562,2433,2055,4879,5808,2571,4476,61737,29453,10860,4776,35330,29,8
2021-04-28T23:59:59+02:00,1206,1245,2249,2884,3090,4182,4664,6586,13744,14041,11953,12847,8828,10815,2750,4825,323,308,556,863,674,1363,1103,2155,2127,2555,2431,2053,4876,5804,2568,4473,61620,29452,8958,4751,35330,28,1
2021-04-27T23:59:59+02:00,1186,1243,2244,2883,3086,4181,4662,6586,13743,14040,11952,12846,8828,10815,2750,4825,323,308,556,863,673,1361,1103,2155,2126,2555,2431,2051,4876,5804,2568,4473,61588,29450,8953,4747,35328,28,1
2021-04-26T23:59:59+02:00,1186,1241,2242,2882,3084,4181,4648,6572,13703,14009,11949,12844,8828,10814,2750,4824,323,308,556,863,673,1361,1103,2155,2124,2554,2431,2051,4876,5804,2568,4473,61581,29449,8949,4746,35226,27,1
2021-04-25T23:59:59+02:00,1185,1241,2236,2882,3081,4173,4636,6565,13567,13857,11939,12838,8828,10814,2750,4824,323,308,555,863,672,1360,1101,2153,2124,2554,2431,2051,4876,5804,2568,4473,61258,29445,8947,4743,35210,27,1
2021-04-24T23:59:59+02:00,1119,1195,2098,2793,2942,4117,4425,6450,12708,13054,11663,12509,8762,10710,2743,4811,323,308,555,863,671,1359,1101,2153,2124,2553,2430,2051,4872,5803,2568,4473,57942,29438,8946,4743,35210,25,1
2021-04-23T23:59:59+02:00,1020,1175,1883,2766,2782,4085,4311,6339,11372,12002,11609,12446,8738,10663,2741,4808,322,308,555,863,670,1359,1100,2153,2122,2553,2429,2051,4871,5798,2568,4471,56471,29432,8946,4741,33323,20,0
2021-04-22T23:59:59+02:00,1010,1166,1856,2753,2720,4061,4135,6220,10754,11485,11521,12360,8708,10616,2738,4803,321,307,555,863,670,1358,1098,2153,2121,2553,2429,2049,4869,5796,2568,4471,54778,29425,8945,4736,33183,20,0
2021-04-21T23:59:59+02:00,994,1152,1780,2729,2599,4026,3990,6147,9268,10326,11445,12293,8696,10592,2735,4800,321,307,554,863,669,1358,1097,2153,2120,2553,2425,2045,4866,5794,2567,4469,51619,29407,8945,4734,33008,20,0
2021-04-20T23:59:59+02:00,994,1151,1779,2728,2596,4023,3986,6146,8972,10003,11418,12269,8692,10583,2734,4799,321,307,554,863,669,1358,1097,2152,2119,2552,2425,2044,4864,5793,2567,4469,50924,29403,8942,4731,33007,20,0
2021-04-19T23:59:59+02:00,992,1149,1779,2725,2595,4022,3984,6144,8972,10002,11418,12269,8692,10582,2734,4799,321,307,554,862,669,1358,1095,2152,2118,2552,2425,2044,4864,5793,2567,4469,50916,29400,8937,4730,33005,20,0
2021-04-18T23:59:59+02:00,992,1149,1777,2725,2593,4020,3984,6144,8972,10002,11418,12269,8692,10581,2734,4798,321,307,554,862,668,1358,1095,2151,2118,2552,2425,2044,4864,5793,2567,4469,50910,29399,8936,4729,33004,20,0
2021-04-17T23:59:59+02:00,992,1148,1774,2719,2516,3931,3928,6062,8955,9984,11295,12117,8689,10579,2734,4797,316,301,550,855,660,1348,1077,2138,2071,2526,2380,1992,4815,5725,2561,4462,50280,29029,8936,4729,33004,19,0
2021-04-16T23:59:59+02:00,963,1114,1663,2636,2313,3793,3679,5888,7236,8175,11097,11873,8635,10516,2731,4784,309,296,536,836,628,1311,996,2081,1847,2367,2233,1882,4628,5460,2501,4345,45940,29014,8861,3228,32295,14,0
2021-04-15T23:59:59+02:00,893,1062,1536,2548,2035,3641,3149,5560,6227,7210,10840,11540,8534,10393,2712,4761,309,296,535,835,626,1310,995,2078,1612,2226,2080,1752,4440,5250,2447,4242,42142,28969,8858,2055,31641,9,0
2021-04-14T23:59:59+02:00,878,1033,1491,2512,1948,3560,2980,5425,6133,7098,10677,11333,8452,10292,2700,4747,289,286,501,808,555,1250,789,1935,1392,2103,2014,1678,4309,5088,2433,4214,40767,27580,8854,2055,31638,9,0
2021-04-13T23:59:59+02:00,875,1027,1479,2509,1925,3541,2948,5391,5611,6522,10376,10994,8421,10258,2699,4746,289,284,501,807,555,1250,789,1935,1392,2102,2011,1677,4309,5088,2433,4211,40760,27578,6927,2046,31635,9,0
2021-04-12T23:59:59+02:00,875,1026,1478,2507,1925,3541,2947,5390,5610,6522,10375,10994,8421,10258,2699,4746,289,283,501,807,553,1250,787,1934,1391,2102,2011,1677,4309,5087,2433,4211,40756,27572,6925,2044,31633,9,0
2021-04-11T23:59:59+02:00,875,1026,1477,2507,1924,3541,2947,5390,5610,6522,10374,10993,8421,10258,2699,4746,289,283,500,807,553,1250,786,1934,1389,2102,2011,1677,4309,5087,2433,4211,40755,27568,6924,2044,31631,9,0
2021-04-10T23:59:59+02:00,873,1023,1474,2503,1907,3529,2879,5324,5482,6424,10144,10776,8369,10208,2695,4745,289,282,500,806,553,1250,785,1934,1389,2102,2007,1673,4304,5078,2432,4208,40186,27539,6924,2044,31245,9,0
2021-04-09T23:59:59+02:00,835,991,1378,2447,1804,3470,2750,5270,5343,6359,7767,7950,8305,10114,2685,4727,288,282,495,805,550,1248,782,1934,1387,2098,1988,1651,4282,5060,2429,4203,34714,27431,6923,2044,30558,7,0
2021-04-08T23:59:59+02:00,834,989,1375,2444,1802,3467,2741,5261,5332,6346,6978,7036,8263,10064,2682,4723,287,282,495,804,550,1247,781,1934,1385,2097,1986,1651,4281,5057,2429,4203,32864,27419,6923,2043,30550,7,0
2021-04-07T23:59:59+02:00,782,966,1299,2372,1715,3399,2549,5154,4592,5863,6311,6396,8205,10003,2676,4717,287,282,495,804,550,1244,781,1934,1385,2097,1986,1651,4281,5057,2429,4203,32860,27418,6922,2042,27217,6,0
2021-04-06T23:59:59+02:00,749,959,1280,2337,1691,3359,2519,5108,4518,5787,5949,6039,8184,9979,2671,4711,287,281,495,803,550,1244,781,1934,1384,2097,1986,1650,4281,5057,2429,4203,32856,27416,6922,2040,26062,6,0
2021-04-05T23:59:59+02:00,745,928,1239,2213,1619,3194,2400,4838,4358,5515,5642,5734,8167,9953,2669,4707,287,281,495,802,550,1244,781,1934,1384,2097,1986,1650,4281,5057,2429,4203,32855,27415,6922,2040,24144,6,0
2021-04-04T23:59:59+02:00,724,902,1149,1997,1485,2928,2185,4404,4009,5017,5398,5510,8135,9899,2668,4699,287,281,494,801,548,1243,780,1933,1311,2060,1623,1376,4123,4876,2385,4138,32851,26214,6922,2040,21336,5,0
2021-04-03T23:59:59+02:00,724,902,1148,1997,1484,2928,2184,4404,4009,5017,5398,5509,8135,9899,2668,4699,287,281,494,801,548,1243,780,1933,1311,2060,1623,1376,4123,4876,2385,4138,32848,26214,6922,2040,21335,5,0
2021-04-02T23:59:59+02:00,724,901,1148,1997,1484,2928,2184,4404,4008,5017,5398,5508,8134,9898,2667,4697,287,281,494,801,548,1243,780,1933,1310,2060,1623,1376,4123,4876,2385,4138,32847,26213,6922,2040,21328,5,0
2021-04-01T23:59:59+02:00,719,899,1145,1991,1476,2920,2170,4386,3917,4932,4905,4909,7431,9004,2665,4692,287,279,493,798,548,1242,777,1931,1272,2032,1475,1281,4024,4775,2374,4124,29946,25673,6896,2034,21319,5,0
2021-03-31T23:59:59+02:00,719,898,1143,1990,1472,2915,2166,4385,3899,4921,4734,4692,6665,8070,2653,4670,286,278,493,798,544,1239,772,1924,1167,1955,1084,1018,3621,4320,2267,3950,29827,23741,4874,1971,21291,4,0
2021-03-30T23:59:59+02:00,719,898,1142,1987,1460,2906,2157,4376,3855,4895,4536,4511,6416,7774,2644,4654,286,277,493,796,544,1239,772,1923,1167,1955,1084,1018,3621,4320,2266,3950,29824,23737,4870,1971,20236,3,0
2021-03-29T23:59:59+02:00,718,896,1142,1987,1459,2906,2157,4376,3852,4893,4533,4509,6413,7765,2642,4635,286,276,493,796,544,1239,771,1922,1167,1955,1084,1017,3621,4320,2266,3950,29818,23733,4865,1971,20200,3,0
2021-03-28T23:59:59+02:00,718,896,1142,1984,1457,2904,2156,4373,3851,4893,4532,4509,6410,7761,2642,4634,285,276,491,796,544,1239,770,1922,1167,1955,1084,1016,3621,4320,2266,3950,29816,23729,4860,1970,20186,3,0
2021-03-27T23:59:59+01:00,714,891,1138,1976,1449,2894,2137,4357,3809,4867,4483,4452,6367,7707,2636,4624,281,271,477,786,533,1227,722,1886,1007,1863,825,826,3482,4169,2105,3637,29464,22765,4860,1329,20177,3,0
2021-03-26T23:59:59+01:00,714,891,1137,1975,1446,2893,2134,4357,3804,4864,4471,4430,6356,7681,2628,4610,280,271,477,785,531,1227,720,1886,1000,1855,688,731,2503,3012,1935,3424,29403,19993,4859,1329,20129,3,0
2021-03-25T23:59:59+01:00,713,890,1137,1975,1445,2890,2130,4351,3799,4860,4462,4419,6340,7649,2607,4556,280,271,477,785,530,1225,719,1886,999,1854,667,725,1325,1568,1653,3064,29388,16696,4854,1329,19981,3,0
2021-03-24T23:59:59+01:00,691,879,1099,1945,1374,2829,1924,4203,3575,4734,4402,4359,6205,7481,2593,4524,280,271,477,785,527,1225,718,1886,998,1854,667,725,1325,1567,1653,3062,28010,16689,4852,1328,19955,3,0
2021-03-23T23:59:59+01:00,691,877,1097,1944,1374,2829,1924,4203,3574,4731,4402,4359,6204,7481,2593,4523,280,271,477,785,527,1225,718,1886,998,1854,667,725,1325,1567,1653,3062,28006,16689,4849,1328,19951,3,0
2021-03-22T23:59:59+01:00,691,875,1095,1940,1371,2829,1922,4203,3573,4731,4402,4358,6204,7480,2593,4523,280,271,477,785,527,1224,717,1886,998,1853,667,725,1325,1567,1653,3062,28002,16686,4848,1328,19940,3,0
2021-03-21T23:59:59+01:00,691,875,1094,1939,1371,2827,1921,4202,3572,4730,4402,4358,6203,7480,2593,4523,280,271,477,785,527,1224,717,1886,998,1853,667,724,1325,1567,1653,3062,27999,16685,4847,1328,19935,3,0
2021-03-20T23:59:59+01:00,689,873,1092,1937,1365,2824,1905,4195,3541,4711,4184,4083,5685,6873,2583,4488,275,269,472,779,510,1214,696,1869,960,1824,597,647,1094,1308,1302,2516,27917,15001,4747,1328,18364,3,0
2021-03-19T23:59:59+01:00,681,867,1077,1917,1331,2787,1825,4139,3321,4551,4036,3976,5510,6630,2533,4402,275,269,472,779,510,1214,696,1868,959,1824,597,647,1094,1307,1301,2515,27915,14996,3312,1328,18356,3,0
2021-03-18T23:59:59+01:00,681,866,1076,1916,1330,2785,1825,4136,3091,4408,3882,3847,5330,6426,2481,4300,275,268,471,779,510,1212,696,1867,958,1823,595,645,856,1052,1190,2348,27903,14216,2123,1327,18354,2,0
2021-03-17T23:59:59+01:00,681,866,1075,1916,1330,2784,1825,4136,3091,4408,3882,3845,5329,6426,2481,4300,275,268,471,779,510,1212,696,1867,957,1823,594,645,856,1052,1190,2348,27901,14214,2123,1327,18351,2,0
2021-03-16T23:59:59+01:00,680,866,1075,1912,1329,2784,1823,4136,3091,4406,3881,3844,5329,6426,2480,4299,273,264,457,774,501,1200,680,1853,941,1813,592,644,854,1051,1189,2347,27894,14104,2119,1327,18348,2,0
2021-03-15T23:59:59+01:00,680,865,1073,1911,1326,2784,1819,4135,3090,4406,3881,3843,5328,6426,2480,4299,273,264,457,774,501,1200,680,1853,940,1812,592,644,854,1051,1189,2347,27889,14102,2117,1327,18340,2,0
2021-03-14T23:59:59+01:00,679,863,1070,1908,1324,2781,1817,4133,3085,4405,3881,3843,5328,6426,2480,4299,273,264,457,774,501,1200,680,1853,940,1812,592,644,854,1051,1189,2347,27886,14102,2117,1327,18319,2,0
2021-03-13T23:59:59+01:00,677,858,1063,1902,1315,2774,1812,4125,2972,4327,3412,3440,5123,6193,2435,4236,273,264,457,774,501,1200,679,1853,939,1812,568,628,553,755,767,1773,26620,12467,2117,1327,17927,2,0
2021-03-12T23:59:59+01:00,647,771,1040,1789,1294,2583,1780,3859,2928,4159,2267,2001,4763,5647,2432,4227,273,264,457,774,501,1200,678,1853,939,1812,568,627,553,755,767,1772,26609,12465,2117,1327,13461,1,0
2021-03-11T23:59:59+01:00,637,727,1032,1687,1286,2424,1768,3645,2882,4020,1703,1472,4277,5105,2422,4217,271,264,457,774,501,1200,678,1852,939,1809,568,626,551,754,685,1627,26059,12463,2105,1093,11140,0,0
2021-03-10T23:59:59+01:00,632,715,1022,1665,1277,2403,1755,3619,2773,3937,1312,1204,3868,4636,2327,4060,271,264,456,773,500,1200,678,1852,937,1809,568,626,549,752,685,1627,24077,12457,2104,1090,11024,0,0
2021-03-09T23:59:59+01:00,631,710,1014,1648,1267,2390,1752,3608,2766,3932,1308,1203,3868,4635,2326,4060,271,264,456,773,500,1200,678,1852,937,1809,568,626,549,752,685,1627,24074,12457,2103,1090,10941,0,0
2021-03-08T23:59:59+01:00,627,681,1003,1623,1252,2357,1744,3575,2745,3917,1307,1201,3868,4635,2326,4060,271,264,456,773,500,1200,678,1852,937,1809,568,626,548,752,685,1627,24070,12456,2102,1090,10749,0,0
2021-03-07T23:59:59+01:00,627,678,999,1619,1252,2354,1743,3572,2745,3915,1307,1201,3868,4635,2326,4060,271,264,456,773,499,1200,678,1852,937,1809,568,626,548,752,685,1627,24067,12455,2102,1090,10732,0,0
2021-03-06T23:59:59+01:00,591,631,880,1518,1011,2164,1325,3190,2325,3579,1027,982,3568,4258,2306,4042,271,264,456,773,497,1200,678,1852,937,1808,568,625,546,748,596,1453,23069,12452,2099,820,8229,0,0
2021-03-05T23:59:59+01:00,588,631,876,1515,1011,2163,1322,3187,2318,3574,883,885,2572,3063,2135,3810,269,264,451,761,493,1195,670,1834,923,1793,563,621,489,689,296,946,20224,12253,2089,4,8220,0,0
2021-03-04T23:59:59+01:00,570,588,839,1388,973,2009,1273,2984,2276,3476,868,877,1391,1625,1847,3446,269,264,450,761,493,1195,670,1834,923,1793,562,620,489,688,296,946,16929,12249,2088,4,7413,0,0
2021-03-03T23:59:59+01:00,564,555,816,1323,952,1947,1258,2940,2266,3432,868,876,1391,1625,1847,3446,269,264,450,761,493,1195,670,1834,923,1793,562,620,489,688,296,946,16928,12249,2088,4,7090,0,0
2021-03-02T23:59:59+01:00,563,553,813,1322,952,1947,1257,2939,2266,3432,868,876,1391,1625,1847,3446,269,264,450,761,493,1195,670,1834,923,1792,562,620,489,688,296,946,16927,12248,2088,4,7082,0,0
2021-03-01T23:59:59+01:00,563,551,812,1322,952,1947,1257,2939,2266,3431,868,875,1391,1624,1847,3446,269,264,450,761,493,1195,669,1833,923,1792,562,620,489,688,296,946,16925,12246,2087,4,7079,0,0
2021-02-28T23:59:59+01:00,562,549,812,1322,951,1947,1257,2939,2264,3430,868,874,1391,1624,1847,3446,269,264,450,761,493,1195,669,1832,923,1792,562,620,489,688,296,946,16922,12245,2087,4,7074,0,0
2021-02-27T23:59:59+01:00,557,547,801,1312,930,1936,1218,2911,2187,3380,748,758,1122,1334,1339,2572,268,264,450,761,492,1195,667,1831,922,1790,561,617,488,686,296,942,15201,12229,1379,1,7072,0,0
2021-02-26T23:59:59+01:00,547,526,772,1248,901,1823,1179,2753,1867,2959,707,730,1122,1334,1338,2571,268,264,450,761,492,1195,667,1831,922,1790,561,617,488,686,296,941,15196,12228,1379,1,5802,0,0
2021-02-25T23:59:59+01:00,513,484,710,1130,794,1630,1025,2453,1368,2409,656,685,874,1071,1228,2401,267,263,449,761,492,1194,666,1830,922,1790,561,617,488,686,296,941,14394,12223,1379,0,3658,0,0
2021-02-24T23:59:59+01:00,512,483,710,1129,793,1630,1025,2452,1368,2408,656,685,874,1071,1228,2401,267,263,449,761,492,1194,666,1830,922,1790,561,617,488,686,296,941,14394,12223,1378,0,3653,0,0
2021-02-23T23:59:59+01:00,510,479,695,1121,784,1619,1008,2438,1352,2398,654,684,872,1070,1227,2400,267,262,449,760,492,1194,666,1829,922,1790,561,617,488,686,296,941,14284,12220,1378,0,3649,0,0
2021-02-22T23:59:59+01:00,510,479,695,1121,782,1619,1008,2438,1351,2397,654,683,872,1070,1227,2400,267,262,449,760,492,1194,666,1829,922,1789,561,617,488,686,296,941,14282,12219,1378,0,3646,0,0
2021-02-21T23:59:59+01:00,510,479,695,1121,781,1619,1007,2438,1351,2397,653,683,872,1070,1227,2400,267,262,449,760,492,1194,666,1829,922,1789,561,617,488,686,296,941,14282,12219,1378,0,3643,0,0
2021-02-20T23:59:59+01:00,494,477,683,1115,761,1614,994,2436,1325,2376,626,664,563,768,797,1815,266,261,444,758,487,1188,661,1818,916,1787,558,614,484,686,292,936,12614,12156,1377,0,3517,0,0
2021-02-19T23:59:59+01:00,396,391,579,989,643,1459,854,2265,1086,2138,579,640,563,768,797,1815,263,261,440,756,485,1180,658,1802,909,1767,554,608,479,679,289,928,12612,12058,1377,0,1973,0,0
2021-02-18T23:59:59+01:00,274,267,465,786,504,1212,693,1870,949,1827,576,634,562,768,797,1815,262,260,438,753,483,1176,657,1788,905,1756,548,603,472,672,284,917,12611,11974,1377,0,11,0,0
2021-02-17T23:59:59+01:00,274,267,464,786,504,1212,693,1870,948,1827,575,634,562,767,797,1815,261,260,437,750,481,1174,654,1780,902,1749,543,598,463,650,273,898,12609,11873,1377,0,9,0,0
2021-02-16T23:59:59+01:00,274,267,462,785,503,1212,693,1870,948,1827,575,634,562,767,797,1815,250,256,431,734,469,1142,647,1705,877,1670,524,569,430,606,255,831,12609,11396,1377,0,5,0,0
2021-02-15T23:59:59+01:00,274,267,461,785,503,1211,691,1870,948,1827,575,634,562,767,797,1815,246,252,428,726,463,1117,631,1655,853,1616,503,535,412,562,242,768,12608,11009,1377,0,2,0,0
2021-02-14T23:59:59+01:00,274,267,461,785,502,1211,691,1870,948,1827,575,634,562,767,797,1815,246,252,428,726,463,1117,631,1649,851,1607,492,530,408,559,234,759,12607,10952,1377,0,2,0,0
2021-02-13T23:59:59+01:00,272,267,461,785,502,1211,691,1869,948,1827,575,634,562,767,797,1815,244,250,428,722,456,1106,622,1628,831,1574,473,503,392,534,221,722,12605,10706,1377,0,1,0,0
2021-02-12T23:59:59+01:00,272,267,461,784,502,1211,691,1868,944,1824,575,632,513,721,783,1811,227,242,408,688,435,1019,587,1467,744,1335,389,384,317,421,164,543,12481,9370,1377,0,1,0,0
2021-02-11T23:59:59+01:00,270,267,460,784,502,1211,691,1866,944,1821,574,631,510,718,698,1663,205,230,396,658,415,972,553,1373,698,1226,355,336,278,357,137,457,12469,8646,1140,0,1,0,0
2021-02-10T23:59:59+01:00,270,267,460,783,502,1211,690,1866,943,1821,573,631,510,717,697,1661,202,226,395,652,411,958,550,1353,686,1191,339,313,256,317,118,392,12462,8359,1140,0,0,0,0
2021-02-09T23:59:59+01:00,270,267,460,783,502,1211,689,1866,943,1819,573,631,510,717,697,1661,193,213,384,617,391,892,507,1260,633,1061,265,222,180,206,77,240,12459,7341,1140,0,0,0,0
2021-02-08T23:59:59+01:00,270,267,458,783,502,1211,689,1866,943,1819,573,631,510,717,697,1661,190,207,380,603,382,867,486,1210,606,991,234,181,144,155,62,184,12458,6882,1139,0,0,0,0
2021-02-07T23:59:59+01:00,270,267,458,783,502,1211,689,1866,943,1819,573,631,510,717,697,1660,189,207,380,599,380,862,481,1200,602,977,228,174,134,137,56,168,12457,6774,1139,0,0,0,0
2021-02-06T23:59:59+01:00,270,267,458,783,502,1211,689,1866,943,1819,573,631,508,712,607,1486,189,207,380,599,380,862,481,1200,602,977,228,174,134,137,56,168,12457,6774,868,0,0,0,0
2021-02-05T23:59:59+01:00,270,267,456,782,500,1209,686,1864,940,1816,568,627,501,697,299,962,183,198,363,568,367,822,461,1159,584,946,206,157,110,124,51,165,12441,6464,3,0,0,0,0
2021-02-04T23:59:59+01:00,270,266,455,776,497,1208,685,1859,935,1816,567,626,500,696,299,962,168,162,295,433,301,666,381,935,510,807,195,152,102,118,44,153,12414,5422,3,0,0,0,0
2021-02-03T23:59:59+01:00,269,266,455,775,497,1207,684,1858,935,1816,567,626,500,696,299,962,163,155,250,353,252,579,322,837,459,723,188,148,98,116,43,152,12409,4838,3,0,0,0,0
2021-02-02T23:59:59+01:00,269,265,455,772,497,1207,684,1854,935,1814,567,626,500,696,299,962,156,140,190,289,195,491,245,724,377,640,178,144,96,115,43,151,12399,4174,3,0,0,0,0
2021-02-01T23:59:59+01:00,269,265,453,771,496,1206,683,1850,932,1808,567,626,499,696,299,962,149,134,152,253,167,433,200,646,320,567,172,133,88,105,38,144,12379,3701,3,0,0,0,0
2021-01-31T23:59:59+01:00,269,265,453,771,496,1206,683,1850,932,1808,567,626,499,696,299,962,149,134,152,252,167,432,199,646,320,567,172,133,88,105,38,144,12379,3698,3,0,0,0,0
2021-01-30T23:59:59+01:00,269,265,453,771,496,1206,683,1850,928,1808,566,626,497,696,296,962,136,122,135,234,156,404,188,606,302,520,150,122,77,78,31,110,12369,3371,3,0,0,0,0
2021-01-29T23:59:59+01:00,266,265,449,768,494,1198,680,1833,921,1788,562,620,492,690,293,954,88,68,93,153,115,246,145,439,212,377,112,81,58,67,26,99,12270,2379,3,0,0,0,0
2021-01-28T23:59:59+01:00,266,265,448,768,493,1198,680,1833,921,1787,562,620,492,690,293,954,10,7,13,23,24,46,22,93,49,105,37,31,31,48,20,91,12267,650,3,0,0,0,0
2021-01-27T23:59:59+01:00,265,265,448,768,493,1198,680,1833,919,1787,562,620,492,690,293,954,10,7,13,23,23,46,22,91,48,105,37,31,31,48,20,91,12266,646,1,0,0,0,0
2021-01-26T23:59:59+01:00,265,265,448,767,493,1197,680,1833,919,1786,562,620,492,690,293,954,10,7,13,23,23,46,22,91,48,105,37,31,31,48,20,91,12263,646,1,0,0,0,0
2021-01-25T23:59:59+01:00,265,264,446,767,493,1196,680,1831,919,1785,562,620,491,688,293,954,6,1,5,13,11,21,13,39,22,46,18,15,10,15,7,19,12254,261,0,0,0,0,0
2021-01-24T23:59:59+01:00,265,264,446,767,492,1196,680,1830,919,1784,562,620,491,688,293,954,6,1,5,13,11,21,13,39,22,46,18,15,10,15,7,19,12251,261,0,0,0,0,0
2021-01-23T23:59:59+01:00,265,264,446,767,492,1196,680,1830,919,1784,562,620,491,688,293,954,6,1,5,13,11,21,13,39,22,46,18,15,10,15,7,19,12251,261,0,0,0,0,0
2021-01-22T23:59:59+01:00,263,262,446,767,491,1195,680,1829,919,1784,562,620,491,688,275,910,6,1,5,13,11,21,13,39,22,46,18,15,10,15,7,19,12182,261,0,0,0,0,0
2021-01-21T23:59:59+01:00,260,258,444,758,488,1187,677,1808,910,1767,554,612,472,663,263,873,6,1,5,13,11,21,13,39,22,46,18,15,10,15,7,19,11994,261,0,0,0,0,0
2021-01-20T23:59:59+01:00,259,256,440,753,486,1185,674,1800,907,1762,548,607,465,644,255,856,6,1,5,13,11,21,13,39,22,46,18,15,10,15,7,19,11897,261,0,0,0,0,0
2021-01-19T23:59:59+01:00,254,256,438,745,480,1170,671,1769,896,1721,536,590,454,627,243,820,6,1,5,13,11,21,13,39,22,46,18,15,10,15,7,19,11670,261,0,0,0,0,0
2021-01-18T23:59:59+01:00,250,252,435,734,475,1149,654,1732,871,1673,517,557,439,589,230,763,6,1,5,12,11,21,13,39,22,46,18,15,10,15,7,19,11320,260,0,0,0,0,0
2021-01-17T23:59:59+01:00,250,251,435,734,475,1148,651,1725,865,1661,500,546,424,567,215,737,6,1,4,12,11,21,13,39,22,46,18,15,10,15,7,19,11184,259,0,0,0,0,0
2021-01-16T23:59:59+01:00,242,243,431,714,462,1113,626,1637,818,1512,458,462,393,514,194,680,0,0,0,0,0,0,0,0,0,0,0,0,0,0,0,0,10499,0,0,0,0,0,0
2021-01-15T23:59:59+01:00,233,236,423,694,448,1062,606,1537,779,1398,409,405,342,445,175,573,0,0,0,0,0,0,0,0,0,0,0,0,0,0,0,0,9765,0,0,0,0,0,0
2021-01-14T23:59:59+01:00,210,223,405,652,425,1000,563,1420,712,1245,353,331,293,351,133,454,0,0,0,0,0,0,0,0,0,0,0,0,0,0,0,0,8770,0,0,0,0,0,0
2021-01-13T23:59:59+01:00,208,221,404,645,420,981,559,1398,698,1210,335,307,268,311,114,390,0,0,0,0,0,0,0,0,0,0,0,0,0,0,0,0,8469,0,0,0,0,0,0
2021-01-12T23:59:59+01:00,191,210,389,606,389,887,497,1244,619,1021,240,191,161,162,65,194,0,0,0,0,0,0,0,0,0,0,0,0,0,0,0,0,7066,0,0,0,0,0,0
2021-01-11T23:59:59+01:00,187,204,385,594,376,860,478,1197,599,967,220,162,128,117,47,144,0,0,0,0,0,0,0,0,0,0,0,0,0,0,0,0,6665,0,0,0,0,0,0
2021-01-10T23:59:59+01:00,186,200,374,580,372,847,469,1177,587,948,216,162,125,117,45,142,0,0,0,0,0,0,0,0,0,0,0,0,0,0,0,0,6547,0,0,0,0,0,0
2021-01-09T23:59:59+01:00,166,168,328,500,331,728,408,997,499,799,151,106,73,73,31,105,0,0,0,0,0,0,0,0,0,0,0,0,0,0,0,0,5463,0,0,0,0,0,0
2021-01-08T23:59:59+01:00,98,78,232,349,244,435,294,666,341,505,83,65,48,58,24,93,0,0,0,0,0,0,0,0,0,0,0,0,0,0,0,0,3613,0,0,0,0,0,0
2021-01-07T23:59:59+01:00,12,11,55,97,72,124,94,192,122,176,44,33,32,50,21,93,0,0,0,0,0,0,0,0,0,0,0,0,0,0,0,0,1228,0,0,0,0,0,0
2021-01-06T23:59:59+01:00,8,4,9,23,17,46,23,91,53,108,38,31,32,50,21,93,0,0,0,0,0,0,0,0,0,0,0,0,0,0,0,0,647,0,0,0,0,0,0
2021-01-05T23:59:59+01:00,8,4,9,23,17,46,22,91,51,108,38,31,32,50,21,93,0,0,0,0,0,0,0,0,0,0,0,0,0,0,0,0,644,0,0,0,0,0,0
2021-01-04T23:59:59+01:00,6,1,5,13,11,23,14,41,23,47,19,15,11,15,7,20,0,0,0,0,0,0,0,0,0,0,0,0,0,0,0,0,271,0,0,0,0,0,0
2021-01-03T23:59:59+01:00,6,1,5,13,11,23,14,41,23,47,19,15,11,15,7,20,0,0,0,0,0,0,0,0,0,0,0,0,0,0,0,0,271,0,0,0,0,0,0
2021-01-02T23:59:59+01:00,6,1,5,13,11,23,14,41,23,47,19,15,11,15,7,20,0,0,0,0,0,0,0,0,0,0,0,0,0,0,0,0,271,0,0,0,0,0,0
2021-01-01T23:59:59+01:00,6,1,5,13,11,23,14,41,23,47,19,15,11,15,7,20,0,0,0,0,0,0,0,0,0,0,0,0,0,0,0,0,271,0,0,0,0,0,0
2020-12-31T23:59:59+01:00,6,1,5,13,11,23,14,41,23,47,19,15,11,15,7,20,0,0,0,0,0,0,0,0,0,0,0,0,0,0,0,0,271,0,0,0,0,0,0
2020-12-30T23:59:59+01:00,6,1,5,13,11,23,14,41,23,47,19,15,11,15,7,20,0,0,0,0,0,0,0,0,0,0,0,0,0,0,0,0,271,0,0,0,0,0,0
2020-12-29T23:59:59+01:00,6,1,5,13,11,23,14,41,23,47,19,15,11,15,7,20,0,0,0,0,0,0,0,0,0,0,0,0,0,0,0,0,271,0,0,0,0,0,0
2020-12-28T23:59:59+01:00,6,1,5,13,11,23,14,41,23,47,19,15,11,15,7,20,0,0,0,0,0,0,0,0,0,0,0,0,0,0,0,0,271,0,0,0,0,0,0
2020-12-27T23:59:59+01:00,6,1,4,12,11,23,14,41,23,47,19,15,11,15,7,20,0,0,0,0,0,0,0,0,0,0,0,0,0,0,0,0,269,0,0,0,0,0,0
