Datum,<15_m,<15_w,15-24_1_m,15-24_1_w,25-34_1_m,25-34_1_w,35-44_1_m,35-44_1_w,45-54_1_m,45-54_1_w,55-64_1_m,55-64_1_w,65-74_1_m,65-74_1_w,75-84_1_m,75-84_1_w,>84_1_m,>84_1_w,<24_2_m,<24_2_w,25-34_2_m,25-34_2_w,35-44_2_m,35-44_2_w,45-54_2_m,45-54_2_w,55-64_2_m,55-64_2_w,65-74_2_m,65-74_2_w,75-84_2_m,75-84_2_w,>84_2_m,>84_2_w,bp_1,bp_2,mo_1,mo_2,az_1,az_2,ja,unb_1,unb_2
2021-09-23T23:59:59+02:00,1741,1654,13602,12686,16337,14938,18123,17929,21271,21246,22679,21640,14605,15805,10020,12271,2966,5208,12555,11718,15611,14070,17544,17174,20797,20643,22287,21181,14389,15519,9883,12090,2916,5114,174882,167633,22725,22296,35553,34640,11569,3,3
2021-09-22T23:59:59+02:00,1728,1640,13565,12643,16310,14905,18106,17896,21262,21226,22668,21631,14595,15797,10017,12267,2962,5205,12521,11693,15588,14053,17528,17148,20788,20624,22277,21171,14380,15507,9880,12085,2916,5114,174591,167413,22724,22296,35553,34640,11563,3,3
2021-09-21T23:59:59+02:00,1722,1636,13528,12619,16278,14875,18087,17868,21248,21207,22660,21622,14592,15792,10012,12265,2962,5203,12495,11670,15574,14027,17511,17126,20779,20613,22273,21161,14378,15502,9879,12080,2915,5113,174419,167302,22724,22295,35553,34640,11487,3,3
2021-09-20T23:59:59+02:00,1715,1631,13508,12593,16262,14852,18069,17853,21233,21198,22658,21615,14586,15785,10009,12257,2962,5200,12483,11660,15569,14013,17503,17116,20774,20606,22273,21155,14373,15493,9877,12078,2915,5111,174288,167246,22709,22290,35552,34640,11444,3,3
2021-09-19T23:59:59+02:00,1713,1625,13491,12577,16239,14830,18054,17849,21226,21191,22649,21605,14577,15780,10006,12252,2960,5195,12478,11656,15552,13997,17491,17114,20770,20601,22266,21151,14365,15491,9875,12074,2914,5110,174206,167236,22709,22289,35551,34640,11360,3,3
2021-09-18T23:59:59+02:00,1713,1622,13481,12572,16234,14824,18049,17844,21225,21189,22647,21604,14577,15780,10006,12252,2960,5194,12343,11483,15479,13887,17435,17044,20727,20564,22244,21124,14354,15476,9865,12062,2914,5108,174166,166294,22709,22289,35551,34640,11354,3,3
2021-09-17T23:59:59+02:00,1670,1575,13372,12474,16177,14743,17993,17783,21182,21141,22618,21579,14566,15764,9998,12240,2958,5188,12296,11436,15443,13856,17384,16997,20715,20542,22229,21107,14350,15465,9860,12056,2913,5107,173563,166216,22608,22051,35551,34640,11305,3,3
2021-09-16T23:59:59+02:00,1636,1534,13286,12381,16124,14665,17936,17721,21143,21086,22590,21545,14552,15746,9984,12228,2955,5184,12268,11412,15428,13840,17365,16976,20711,20524,22221,21097,14348,15462,9857,12054,2913,5106,172881,166070,22606,22051,35551,34640,11264,3,3
2021-09-15T23:59:59+02:00,1615,1516,13236,12343,16090,14636,17914,17689,21121,21061,22579,21532,14544,15733,9974,12221,2951,5174,12242,11395,15402,13818,17351,16949,20696,20509,22210,21086,14340,15457,9853,12053,2913,5102,172588,165928,22606,22051,35551,34640,11190,3,3
2021-09-14T23:59:59+02:00,1603,1504,13193,12311,16067,14612,17890,17663,21113,21039,22564,21522,14540,15724,9964,12213,2950,5173,12213,11359,15381,13795,17328,16922,20683,20493,22200,21070,14329,15451,9847,12052,2913,5101,172354,165720,22604,22051,35551,34640,11142,3,3
2021-09-13T23:59:59+02:00,1588,1488,13132,12261,16030,14574,17856,17628,21095,21014,22544,21505,14532,15719,9959,12205,2948,5172,12176,11325,15361,13772,17313,16909,20670,20479,22180,21064,14326,15443,9844,12045,2911,5099,172035,165561,22604,22051,35550,34640,11067,3,3
2021-09-12T23:59:59+02:00,1588,1486,13131,12260,16027,14574,17856,17625,21093,21012,22543,21503,14532,15717,9955,12201,2948,5168,12174,11321,15359,13772,17313,16908,20670,20479,22180,21063,14325,15443,9844,12044,2911,5099,172006,165551,22604,22051,35550,34640,11065,3,3
2021-09-11T23:59:59+02:00,1588,1486,13131,12260,16027,14574,17855,17625,21093,21012,22543,21503,14532,15717,9955,12201,2948,5168,12174,11321,15359,13772,17312,16908,20670,20479,22180,21063,14325,15443,9844,12044,2911,5099,172006,165551,22604,22051,35550,34640,11064,3,3
2021-09-10T23:59:59+02:00,1564,1469,13093,12233,15996,14534,17828,17596,21067,20984,22519,21486,14525,15704,9951,12196,2947,5166,12167,11310,15349,13760,17303,16903,20659,20469,22174,21058,14320,15435,9842,12040,2911,5096,171722,165517,22604,22051,35550,34640,10988,3,3
2021-09-09T23:59:59+02:00,1536,1429,13005,12165,15931,14463,17785,17542,21028,20947,22489,21461,14503,15683,9941,12187,2945,5162,12126,11274,15320,13731,17282,16874,20642,20451,22152,21043,14314,15426,9837,12034,2909,5096,171148,165281,22603,22049,35550,34639,10907,3,3
2021-09-08T23:59:59+02:00,1518,1416,12965,12119,15910,14433,17758,17509,21008,20929,22475,21450,14498,15673,9937,12180,2945,5159,12087,11228,15297,13705,17257,16848,20622,20431,22134,21023,14302,15418,9828,12027,2907,5094,170932,165061,22603,22047,35550,34639,10803,3,3
2021-09-07T23:59:59+02:00,1487,1388,12889,12052,15844,14388,17717,17464,20980,20909,22453,21424,14487,15665,9937,12174,2943,5155,12039,11193,15259,13685,17230,16827,20599,20412,22122,21008,14289,15413,9828,12022,2906,5094,170517,164873,22599,22041,35550,34639,10696,3,3
2021-09-06T23:59:59+02:00,1473,1366,12860,12024,15823,14361,17709,17450,20967,20897,22444,21416,14480,15655,9937,12169,2942,5153,12030,11178,15256,13674,17225,16822,20597,20410,22116,21006,14286,15411,9828,12018,2906,5094,170290,164799,22597,22041,35550,34639,10695,3,3
2021-09-05T23:59:59+02:00,1473,1365,12860,12020,15822,14360,17706,17449,20967,20896,22443,21415,14480,15653,9934,12168,2942,5153,12028,11178,15255,13673,17224,16821,20595,20410,22115,21006,14286,15411,9828,12018,2906,5093,170271,164790,22597,22041,35550,34639,10694,3,3
2021-09-04T23:59:59+02:00,1473,1365,12860,12020,15822,14360,17706,17449,20967,20895,22443,21415,14480,15652,9934,12168,2942,5153,12028,11178,15255,13673,17224,16821,20595,20409,22115,21006,14286,15410,9828,12018,2906,5093,170271,164790,22597,22041,35550,34639,10692,3,3
2021-09-03T23:59:59+02:00,1451,1337,12800,11956,15791,14316,17670,17418,20934,20869,22422,21391,14465,15638,9929,12159,2939,5151,11927,11086,15206,13610,17195,16779,20566,20386,22094,20987,14273,15402,9823,12010,2905,5092,169919,164295,22597,22041,35550,34634,10576,3,3
2021-09-02T23:59:59+02:00,1441,1328,12752,11930,15744,14278,17644,17386,20906,20846,22404,21380,14457,15615,9921,12154,2937,5149,11897,11062,15179,13583,17172,16756,20546,20370,22083,20978,14270,15387,9819,12006,2904,5090,169695,164185,22597,22041,35550,34634,10436,3,3
2021-09-01T23:59:59+02:00,1434,1324,12724,11908,15729,14254,17636,17373,20902,20843,22399,21377,14455,15608,9919,12150,2936,5147,11885,11044,15172,13573,17163,16749,20541,20364,22079,20971,14268,15387,9818,12004,2904,5090,169547,164094,22597,22040,35550,34634,10430,3,3
2021-08-31T23:59:59+02:00,1421,1309,12675,11872,15699,14210,17615,17348,20877,20828,22377,21367,14448,15604,9918,12145,2935,5147,11839,11009,15143,13536,17136,16713,20518,20345,22054,20957,14263,15386,9813,12001,2903,5089,169381,163936,22597,22039,35550,34633,10273,3,3
2021-08-30T23:59:59+02:00,1414,1307,12662,11845,15682,14194,17601,17339,20856,20810,22369,21356,14441,15599,9915,12141,2935,5145,11802,10968,15112,13507,17124,16692,20496,20330,22046,20948,14257,15383,9809,11996,2903,5088,169315,163787,22597,22039,35550,34633,10155,3,3
2021-08-29T23:59:59+02:00,1414,1307,12660,11845,15678,14194,17601,17339,20856,20810,22369,21356,14441,15599,9915,12141,2935,5145,11801,10966,15108,13506,17124,16692,20494,20330,22046,20948,14257,15383,9809,11996,2903,5088,169311,163777,22597,22039,35550,34633,10153,3,3
2021-08-28T23:59:59+02:00,1414,1307,12660,11845,15678,14194,17601,17339,20856,20810,22369,21356,14441,15599,9915,12141,2935,5145,11800,10966,15108,13506,17123,16692,20494,20330,22046,20948,14257,15383,9809,11996,2903,5088,169311,163775,22597,22039,35550,34633,10153,3,3
2021-08-27T23:59:59+02:00,1413,1301,12635,11826,15653,14172,17583,17316,20836,20801,22353,21342,14435,15593,9911,12135,2934,5143,11784,10955,15087,13490,17109,16676,20477,20322,22031,20935,14251,15378,9803,11989,2902,5086,169241,163749,22597,22039,35550,34632,10000,3,3
2021-08-26T23:59:59+02:00,1409,1297,12603,11801,15627,14144,17558,17302,20810,20782,22339,21329,14426,15588,9907,12129,2933,5141,11727,10888,15036,13437,17070,16648,20446,20297,22015,20913,14237,15365,9795,11985,2899,5084,169159,163468,22597,22038,35550,34631,9825,3,3
2021-08-25T23:59:59+02:00,1404,1294,12586,11784,15610,14132,17545,17286,20802,20772,22334,21319,14423,15581,9906,12126,2932,5141,11664,10825,14984,13396,17049,16617,20435,20281,22000,20902,14231,15358,9792,11983,2897,5081,169037,163115,22597,22038,35550,34631,9799,3,3
2021-08-24T23:59:59+02:00,1396,1285,12560,11762,15584,14099,17527,17269,20786,20758,22318,21306,14417,15569,9901,12117,2928,5139,11631,10802,14951,13357,17022,16601,20414,20258,21975,20892,14223,15346,9786,11975,2896,5079,168940,162975,22597,22038,35550,34631,9639,3,3
2021-08-23T23:59:59+02:00,1394,1281,12535,11745,15555,14074,17494,17251,20758,20748,22302,21293,14401,15556,9898,12113,2927,5138,11563,10747,14891,13305,16976,16572,20379,20234,21953,20874,14203,15335,9781,11968,2895,5077,168906,162726,22597,22037,35550,34631,9415,3,3
2021-08-22T23:59:59+02:00,1393,1281,12534,11743,15553,14073,17494,17251,20757,20746,22300,21293,14400,15556,9898,12113,2927,5138,11561,10743,14889,13303,16975,16570,20378,20234,21953,20874,14202,15335,9781,11968,2895,5077,168896,162713,22596,22036,35550,34631,9413,3,3
2021-08-21T23:59:59+02:00,1314,1207,12378,11550,15476,13951,17432,17167,20716,20704,22267,21250,14390,15540,9890,12100,2926,5134,11463,10652,14829,13250,16939,16528,20347,20209,21931,20844,14190,15323,9774,11957,2893,5073,167841,162133,22596,22028,35550,34631,9410,3,3
2021-08-20T23:59:59+02:00,1308,1206,12356,11521,15461,13937,17411,17149,20709,20694,22259,21243,14387,15532,9890,12097,2926,5134,11357,10574,14742,13177,16841,16424,20287,20154,21896,20811,14178,15304,9766,11952,2892,5073,167836,162051,22433,21341,35550,34617,9406,3,3
2021-08-19T23:59:59+02:00,1304,1202,12291,11470,15365,13888,17337,17096,20657,20655,22223,21200,14369,15517,9881,12084,2925,5130,11254,10475,14633,13103,16744,16349,20227,20106,21857,20759,14155,15289,9757,11939,2890,5066,167722,161715,22433,21341,35550,34616,8893,3,3
2021-08-18T23:59:59+02:00,1297,1200,12271,11455,15354,13879,17332,17087,20647,20645,22221,21192,14367,15513,9879,12083,2925,5130,11213,10437,14606,13080,16714,16322,20212,20094,21847,20754,14148,15282,9756,11938,2890,5066,167611,161459,22433,21341,35550,34616,8887,3,3
2021-08-17T23:59:59+02:00,1289,1194,12237,11431,15324,13853,17312,17063,20629,20634,22213,21178,14360,15509,9871,12080,2924,5129,11116,10369,14555,13023,16671,16280,20181,20070,21825,20730,14141,15274,9749,11927,2887,5066,167460,161037,22433,21338,35550,34616,8791,3,3
2021-08-16T23:59:59+02:00,1286,1189,12211,11407,15306,13831,17295,17047,20606,20609,22193,21169,14350,15498,9869,12077,2922,5128,11044,10297,14493,12961,16631,16242,20145,20034,21800,20710,14124,15261,9744,11913,2882,5063,167400,160657,22433,21337,35550,34616,8614,3,3
2021-08-15T23:59:59+02:00,1285,1189,12208,11406,15304,13829,17294,17045,20604,20608,22191,21168,14350,15498,9869,12077,2922,5127,11042,10288,14481,12957,16628,16241,20142,20034,21800,20710,14123,15261,9744,11913,2882,5063,167382,160623,22433,21336,35550,34616,8613,3,3
2021-08-14T23:59:59+02:00,1285,1189,12208,11406,15304,13829,17294,17045,20604,20608,22191,21168,14350,15498,9869,12077,2922,5127,11007,10253,14455,12934,16612,16224,20136,20025,21795,20706,14123,15261,9744,11913,2881,5063,167382,160429,22433,21336,35550,34616,8613,3,3
2021-08-13T23:59:59+02:00,1217,1115,12116,11301,15267,13785,17262,16999,20575,20582,22167,21144,14342,15487,9862,12070,2921,5125,10935,10192,14412,12875,16571,16188,20119,20003,21777,20691,14117,15248,9740,11905,2880,5062,166836,160072,22433,21335,35550,34616,8522,3,3
2021-08-12T23:59:59+02:00,1214,1110,12094,11290,15239,13766,17237,16969,20552,20567,22144,21120,14331,15475,9854,12062,2921,5122,10859,10122,14355,12813,16519,16142,20090,19981,21745,20661,14105,15233,9730,11893,2878,5058,166754,159702,22432,21334,35550,34616,8335,3,3
2021-08-11T23:59:59+02:00,1202,1103,12070,11265,15224,13755,17220,16956,20544,20557,22138,21110,14323,15470,9845,12057,2920,5120,10751,10015,14275,12727,16484,16099,20057,19952,21722,20649,14092,15218,9719,11881,2876,5054,166567,159025,22431,21330,35550,34615,8335,3,3
2021-08-10T23:59:59+02:00,1202,1091,12043,11247,15199,13742,17201,16942,20527,20543,22122,21098,14312,15465,9843,12053,2920,5118,10697,9963,14227,12697,16448,16076,20032,19929,21699,20627,14079,15206,9716,11878,2876,5050,166485,158761,22431,21330,35550,34615,8206,3,3
2021-08-09T23:59:59+02:00,1198,1084,12012,11217,15181,13722,17187,16922,20515,20533,22103,21088,14301,15461,9839,12047,2920,5116,10644,9903,14185,12662,16417,16045,20015,19913,21681,20619,14066,15198,9708,11871,2876,5045,166365,158488,22431,21330,35550,34615,8104,3,3
2021-08-08T23:59:59+02:00,1195,1083,12008,11211,15178,13721,17183,16920,20512,20529,22101,21087,14301,15459,9838,12046,2920,5116,10640,9903,14182,12657,16414,16042,20014,19912,21679,20619,14064,15198,9707,11870,2876,5045,166327,158463,22431,21329,35550,34615,8104,3,3
2021-08-07T23:59:59+02:00,1195,1083,12006,11209,15176,13717,17182,16918,20511,20527,22100,21087,14301,15458,9838,12045,2920,5116,10639,9901,14181,12656,16414,16041,20013,19911,21679,20616,14063,15198,9707,11870,2876,5045,166308,158451,22431,21329,35550,34615,8104,3,3
2021-08-06T23:59:59+02:00,1193,1081,11988,11198,15148,13704,17158,16903,20491,20509,22089,21078,14298,15454,9836,12041,2920,5116,10621,9889,14148,12643,16390,16026,19993,19896,21668,20607,14060,15194,9705,11866,2876,5045,166295,158441,22431,21328,35550,34614,7933,3,3
2021-08-05T23:59:59+02:00,1184,1072,11945,11166,15114,13680,17131,16869,20461,20490,22058,21060,14285,15437,9831,12033,2916,5115,10594,9875,14119,12623,16371,16006,19964,19881,21643,20593,14049,15183,9700,11861,2874,5044,166153,158413,22431,21326,35550,34613,7717,3,3
2021-08-04T23:59:59+02:00,1171,1063,11916,11134,15102,13664,17117,16856,20450,20478,22047,21047,14278,15432,9827,12031,2915,5114,10585,9858,14105,12614,16358,15999,19953,19872,21637,20591,14047,15182,9699,11861,2873,5043,165951,158340,22429,21295,35549,34613,7717,3,3
2021-08-03T23:59:59+02:00,1165,1057,11873,11100,15067,13639,17092,16826,20429,20459,22027,21025,14265,15414,9823,12028,2914,5113,10548,9837,14074,12597,16338,15979,19936,19860,21620,20577,14039,15164,9695,11859,2873,5043,165821,158296,22429,21293,35549,34611,7521,3,3
2021-08-02T23:59:59+02:00,1162,1055,11855,11082,15047,13620,17076,16806,20413,20449,22019,21015,14254,15403,9817,12026,2914,5111,10528,9822,14055,12576,16323,15961,19919,19853,21613,20566,14029,15152,9689,11857,2873,5041,165773,158257,22429,21293,35549,34611,7377,3,3
2021-08-01T23:59:59+02:00,1162,1055,11853,11078,15047,13620,17075,16805,20413,20448,22017,21015,14254,15402,9817,12026,2914,5110,10526,9821,14051,12575,16321,15961,19919,19852,21612,20566,14029,15152,9689,11857,2873,5041,165762,158248,22428,21292,35549,34610,7376,3,3
2021-07-31T23:59:59+02:00,1162,1055,11853,11078,15047,13620,17075,16805,20413,20448,22017,21015,14254,15402,9817,12026,2914,5110,10526,9820,14047,12572,16320,15961,19919,19850,21611,20566,14029,15152,9689,11857,2873,5041,165762,158237,22428,21291,35549,34610,7376,3,3
2021-07-30T23:59:59+02:00,1161,1055,11819,11064,15013,13597,17039,16777,20386,20429,21980,20996,14237,15394,9811,12018,2913,5109,10493,9808,14013,12549,16285,15934,19892,19831,21574,20546,14012,15144,9683,11849,2872,5040,165755,158234,22428,21291,35549,34609,7070,3,3
2021-07-29T23:59:59+02:00,1149,1047,11788,11035,14989,13574,17029,16764,20378,20418,21971,20990,14234,15393,9808,12016,2910,5108,10488,9799,13994,12542,16274,15926,19890,19829,21570,20545,14010,15142,9683,11849,2872,5040,165564,158167,22428,21289,35549,34609,7064,3,3
2021-07-28T23:59:59+02:00,1134,1041,11753,10989,14963,13546,17011,16745,20370,20405,21962,20982,14230,15391,9805,12014,2909,5107,10477,9789,13977,12527,16265,15916,19883,19825,21567,20543,14009,15140,9683,11848,2872,5040,165343,158098,22427,21288,35549,34607,7042,3,3
2021-07-27T23:59:59+02:00,1131,1040,11733,10973,14939,13527,16992,16736,20357,20387,21945,20963,14222,15378,9798,12010,2908,5105,10456,9777,13950,12503,16248,15908,19869,19807,21551,20522,14000,15128,9676,11844,2871,5039,165318,158073,22427,21288,35549,34607,6854,3,3
2021-07-26T23:59:59+02:00,1125,1028,11677,10912,14895,13490,16966,16714,20322,20356,21916,20947,14205,15369,9791,12002,2908,5104,10417,9751,13916,12474,16223,15892,19831,19771,21501,20493,13983,15118,9668,11835,2871,5038,165148,158011,22426,21287,35549,34547,6608,3,3
2021-07-25T23:59:59+02:00,1124,1028,11675,10908,14890,13489,16964,16713,20321,20356,21916,20947,14204,15369,9791,12002,2908,5104,10415,9739,13910,12468,16220,15890,19829,19771,21501,20493,13983,15118,9668,11835,2871,5037,165132,157980,22424,21284,35549,34547,6608,3,3
2021-07-24T23:59:59+02:00,1124,1028,11671,10906,14889,13488,16964,16712,20319,20354,21916,20946,14203,15369,9791,12002,2908,5104,10293,9626,13742,12326,15798,15523,19680,19649,21483,20467,13969,15103,9661,11827,2871,5036,165125,157958,22418,19614,35549,34547,6606,3,3
2021-07-23T23:59:59+02:00,1100,1015,11557,10835,14808,13432,16911,16658,20278,20301,21878,20908,14187,15349,9781,11994,2906,5103,8538,8243,12355,11218,15309,15089,19390,19326,21268,20274,13891,15019,9604,11777,2866,5032,164713,150300,22418,19614,35549,34490,6322,3,3
2021-07-22T23:59:59+02:00,1078,1008,11489,10765,14753,13382,16873,16632,20258,20270,21861,20883,14162,15334,9764,11984,2904,5100,8010,7762,11740,10717,14596,14485,19191,19153,21109,20097,13812,14933,9572,11728,2857,5020,164358,145889,22417,19614,35549,34478,6175,3,3
2021-07-21T23:59:59+02:00,1065,999,11443,10716,14717,13351,16843,16604,20240,20253,21843,20872,14150,15329,9762,11976,2902,5098,8006,7755,11728,10709,14590,14483,19183,19152,21054,20060,13809,14931,9572,11727,2856,5018,164026,145854,22417,19607,35549,34376,6170,3,3
2021-07-20T23:59:59+02:00,1052,984,11391,10675,14686,13322,16810,16586,20217,20232,21819,20854,14139,15316,9760,11970,2901,5097,7995,7749,11713,10701,14583,14476,19174,19148,21047,20056,13808,14929,9572,11727,2856,5018,163715,145822,22417,19607,35549,34368,6129,3,3
2021-07-19T23:59:59+02:00,1039,968,11342,10625,14659,13288,16790,16567,20198,20212,21806,20846,14133,15312,9756,11961,2899,5093,7990,7746,11707,10697,14579,14475,19172,19148,21033,20040,13806,14928,9571,11725,2856,5018,163400,145796,22417,19605,35549,34337,6127,3,3
2021-07-18T23:59:59+02:00,1039,968,11341,10625,14659,13286,16789,16566,20198,20211,21806,20846,14132,15312,9756,11961,2899,5093,7987,7742,11698,10691,14574,14472,19171,19147,21022,20035,13806,14928,9571,11725,2856,5018,163393,145768,22417,19604,35549,34318,6127,3,3
2021-07-17T23:59:59+02:00,1037,968,11296,10597,14602,13242,16753,16536,20163,20197,21780,20822,14121,15299,9753,11958,2899,5092,7912,7683,11554,10562,14381,14305,18748,18828,20824,19860,13778,14887,9556,11702,2852,5012,163367,145762,22408,17948,35549,34318,5790,3,3
2021-07-16T23:59:59+02:00,1016,951,11104,10457,14502,13142,16655,16460,20087,20132,21728,20774,14094,15274,9736,11951,2895,5087,7637,7481,10627,9927,13917,13996,18522,18636,19962,19202,13612,14675,9447,11570,2836,4988,163045,142329,21877,17938,35549,32533,5573,3,3
2021-07-15T23:59:59+02:00,992,935,11047,10395,14465,13111,16630,16439,20072,20115,21718,20765,14090,15270,9732,11947,2895,5083,7206,7112,8423,8204,13456,13604,18460,18579,19821,19066,13479,14532,9394,11508,2835,4978,162709,135988,21876,17934,35549,32495,5566,3,3
2021-07-14T23:59:59+02:00,966,917,10971,10308,14397,13051,16592,16395,20036,20079,21693,20744,14078,15258,9719,11932,2891,5081,6656,6663,7337,7346,12883,13153,18361,18485,19713,18978,13449,14495,9377,11491,2833,4975,162219,131614,21876,17930,35549,32431,5463,3,3
2021-07-13T23:59:59+02:00,948,896,10890,10235,14352,13007,16565,16365,20013,20058,21682,20731,14071,15247,9716,11925,2889,5079,6403,6375,6886,6964,12574,12885,18345,18463,19668,18941,13336,14386,9374,11487,2833,4972,161787,131576,21873,15673,35549,32427,5459,3,3
2021-07-12T23:59:59+02:00,928,884,10836,10186,14306,12961,16523,16336,19997,20045,21676,20725,14068,15242,9712,11921,2889,5077,6262,6279,6726,6842,12281,12642,17651,17899,19571,18861,13302,14361,9357,11465,2833,4969,161488,129036,21873,15669,35549,32423,5401,3,3
2021-07-11T23:59:59+02:00,928,884,10835,10184,14304,12960,16522,16336,19997,20045,21676,20725,14068,15242,9712,11921,2889,5077,6256,6275,6724,6839,12280,12642,17651,17899,19570,18860,13302,14361,9357,11464,2832,4967,161486,129026,21873,15669,35549,32416,5396,3,3
2021-07-10T23:59:59+02:00,925,879,10828,10172,14296,12955,16514,16336,19995,20038,21671,20720,14068,15241,9712,11921,2889,5077,6247,6267,6714,6834,12277,12638,17650,17895,19565,18857,13301,14361,9357,11464,2832,4967,161421,128975,21873,15669,35549,32416,5393,3,3
2021-07-09T23:59:59+02:00,911,863,10778,10128,14263,12927,16480,16307,19961,20015,21643,20698,14049,15226,9697,11913,2888,5074,5438,5531,6583,6734,12119,12534,17420,17790,19360,18724,13238,14288,9331,11445,2829,4964,161237,126068,21873,15669,35549,31468,5161,3,3
2021-07-08T23:59:59+02:00,909,863,10717,10083,14176,12873,16417,16256,19909,19969,21614,20674,14036,15209,9691,11900,2887,5068,5305,5417,6364,6559,11680,12190,16908,17419,19099,18538,13175,14204,9305,11409,2823,4952,161220,124133,21872,15666,35548,30962,4610,3,3
2021-07-07T23:59:59+02:00,908,863,10715,10077,14172,12870,16415,16256,19909,19966,21614,20674,14036,15209,9691,11900,2887,5068,5161,5233,5894,6146,10478,11203,16855,17353,19045,18493,13158,14182,9296,11406,2819,4942,161209,120456,21868,15665,35548,30959,4604,3,3
2021-07-06T23:59:59+02:00,908,863,10713,10076,14169,12868,16413,16256,19909,19966,21614,20673,14036,15208,9691,11900,2887,5068,5142,5227,5887,6140,10477,11201,16853,17353,19043,18493,13158,14180,9296,11406,2819,4942,161204,120433,21866,15662,35548,30943,4599,3,3
2021-07-05T23:59:59+02:00,908,863,10707,10071,14152,12865,16402,16254,19908,19966,21612,20673,14036,15208,9691,11900,2887,5068,5133,5226,5868,6137,10466,11199,16850,17353,19041,18492,13158,14180,9296,11406,2819,4942,161195,120429,21866,15660,35548,30936,4561,3,3
2021-07-04T23:59:59+02:00,908,863,10697,10061,14150,12861,16401,16254,19907,19966,21611,20672,14036,15208,9691,11899,2886,5067,5100,5183,5782,6060,10339,11084,16843,17350,19040,18489,13154,14178,9294,11401,2816,4940,161188,119951,21866,15659,35548,30928,4535,3,3
2021-07-03T23:59:59+02:00,827,794,8763,8505,12698,11705,15930,15800,19623,19667,21442,20507,13962,15132,9637,11853,2880,5063,4991,5051,5507,5805,10102,10869,16699,17209,18849,18337,13129,14144,9284,11391,2814,4938,152852,118393,21866,15659,35548,30558,4521,3,3
2021-07-02T23:59:59+02:00,827,792,8762,8499,12694,11701,15928,15799,19621,19667,21441,20507,13961,15131,9637,11852,2879,5062,4128,4183,4862,5156,9128,9875,16329,16732,18367,17799,12779,13822,9224,11316,2812,4930,152835,113853,21866,15659,35546,27428,4512,3,3
2021-07-01T23:59:59+02:00,807,772,8553,8330,12613,11622,15895,15768,19609,19653,21431,20490,13957,15128,9632,11844,2876,5056,2290,2462,4430,4781,8638,9448,15700,16189,17814,17361,12722,13756,9194,11260,2798,4900,152139,106214,21866,15657,35546,27388,4484,3,2
2021-06-30T23:59:59+02:00,752,722,8308,8143,12441,11474,15780,15672,19542,19585,21391,20443,13938,15102,9619,11831,2875,5051,2231,2423,4339,4662,8533,9348,15502,16050,17080,16859,12069,13112,9135,11191,2791,4894,150790,106152,21863,15656,35545,23940,4470,3,2
2021-06-29T23:59:59+02:00,752,722,8303,8134,12439,11470,15777,15672,19540,19585,21391,20443,13938,15102,9619,11831,2875,5051,2208,2411,4316,4623,8510,9303,15466,15991,17004,16774,11714,12774,9107,11157,2788,4886,150781,106138,21860,15654,35544,22781,4458,3,2
2021-06-28T23:59:59+02:00,752,722,8300,8130,12431,11465,15775,15672,19539,19585,21391,20443,13937,15102,9619,11831,2875,5051,2200,2382,4268,4505,8435,9143,15345,15713,16836,16502,11407,12470,9084,11130,2787,4882,150764,106128,21860,15654,35544,20855,4451,3,2
2021-06-27T23:59:59+02:00,752,722,8297,8124,12427,11462,15773,15672,19537,19585,21391,20443,13937,15102,9619,11830,2875,5051,2190,2378,4259,4503,8252,8989,15324,15697,16834,16497,11403,12469,9083,11128,2787,4882,150755,105729,21858,15653,35544,20851,4441,3,2
2021-06-26T23:59:59+02:00,744,718,8083,7909,11953,11054,14663,14679,19285,19386,21288,20321,13894,15051,9606,11801,2872,5048,2150,2335,4205,4448,8154,8879,15063,15437,16772,16450,11386,12450,9071,11123,2787,4880,148275,104665,20095,15632,35543,20851,4441,3,2
2021-06-25T23:59:59+02:00,725,700,8056,7885,11938,11044,14663,14672,19278,19381,21284,20320,13894,15051,9605,11799,2872,5048,2019,2157,3916,4142,6627,7444,12404,13244,16696,16362,11359,12420,9060,11099,2782,4865,148135,95785,20095,15550,35543,20818,4441,3,2
2021-06-24T23:59:59+02:00,713,683,7569,7473,10859,10148,14128,14236,19207,19321,21236,20277,13872,15022,9592,11786,2871,5045,1950,2089,3555,3802,5862,6774,12160,13033,16450,16155,11255,12293,8970,10972,2771,4831,143974,94549,20091,13171,35542,20770,4430,3,2
2021-06-23T23:59:59+02:00,713,683,7567,7468,10853,10144,14127,14235,19207,19320,21236,20276,13872,15022,9592,11786,2871,5045,1805,1921,3069,3399,4506,5598,11856,12764,16329,16037,11209,12254,8957,10945,2770,4824,143958,89899,20088,13171,35541,20742,4429,3,2
2021-06-22T23:59:59+02:00,713,683,7518,7439,10780,10094,14104,14209,19190,19305,21225,20268,13865,15012,9589,11783,2871,5045,1755,1890,2987,3345,4468,5565,11827,12725,16261,15986,11000,12063,8705,10644,2760,4793,143943,89880,20088,13167,35539,19603,4122,3,2
2021-06-21T23:59:59+02:00,711,683,7387,7370,10650,9996,13824,13960,18439,18689,21135,20191,13830,14980,9570,11758,2871,5042,1710,1865,2944,3307,4439,5535,11781,12690,16244,15970,10991,12052,8698,10636,2759,4792,141559,89754,20086,13166,35539,19590,3901,3,2
2021-06-20T23:59:59+02:00,711,683,7387,7366,10646,9993,13824,13960,18439,18689,21135,20191,13830,14980,9570,11758,2871,5042,1682,1836,2898,3291,4374,5496,11719,12657,16182,15911,10972,12036,8695,10627,2755,4788,141549,89275,20085,13162,35539,19579,3901,3,2
2021-06-19T23:59:59+02:00,711,682,7350,7329,10539,9902,13642,13802,18025,18353,20950,20018,13812,14953,9558,11738,2868,5036,1651,1801,2857,3242,4294,5422,11383,12367,16144,15873,10963,12024,8693,10622,2753,4786,141503,88261,18324,13133,35539,19578,3901,3,2
2021-06-18T23:59:59+02:00,15,13,6543,6596,10533,9901,13641,13800,18023,18351,20950,20018,13812,14952,9558,11737,2867,5034,1519,1689,2621,3086,3663,4790,10240,11222,15933,15717,10921,11984,8670,10601,2739,4758,138588,83602,18323,13131,35539,19525,3893,3,2
2021-06-17T23:59:59+02:00,13,12,6472,6527,10416,9797,13315,13496,17635,18030,20837,19920,13793,14914,9546,11723,2859,5028,1438,1571,2468,2937,3309,4451,8635,9859,15418,15284,10745,11804,8614,10523,2722,4730,136693,78127,18322,13126,35538,19474,3779,3,2
2021-06-16T23:59:59+02:00,13,12,6465,6521,10405,9794,13313,13494,17633,18029,20836,19920,13793,14914,9545,11722,2859,5028,1388,1523,2365,2862,3125,4272,7547,8918,14919,14896,10662,11693,8578,10475,2711,4714,136662,74297,18320,13124,35538,19450,3775,3,2
2021-06-15T23:59:59+02:00,13,12,6433,6502,10365,9765,13283,13479,17613,18007,20822,19906,13784,14906,9542,11716,2856,5025,1308,1464,2237,2760,3008,4187,6628,8186,14717,14729,10638,11664,8565,10453,2702,4707,136647,74286,18319,10711,35537,19430,3524,3,2
2021-06-14T23:59:59+02:00,13,12,6414,6485,10331,9739,13262,13459,17598,17989,20803,19895,13773,14897,9539,11714,2856,5021,1282,1449,2200,2733,2985,4166,6612,8166,14696,14719,10626,11655,8562,10452,2701,4703,136632,74276,18319,10711,35537,19409,3309,3,2
2021-06-13T23:59:59+02:00,13,12,6413,6485,10326,9737,13261,13456,17598,17989,20803,19895,13772,14897,9539,11714,2856,5021,1278,1443,2197,2724,2975,4156,6595,8149,14595,14654,10613,11632,8556,10440,2698,4703,136621,73984,18319,10711,35537,19404,3307,3,2
2021-06-12T23:59:59+02:00,10,10,5621,5713,10278,9701,13227,13432,17571,17968,20777,19864,13690,14824,9539,11711,2855,5021,1270,1424,2185,2707,2954,4129,6521,8066,14422,14517,10385,11348,8075,9902,2696,4702,134646,73480,18319,10711,35537,17804,3307,3,1
2021-06-11T23:59:59+02:00,9,10,5617,5706,10268,9694,13213,13420,17563,17964,20773,19862,13690,14823,9539,11709,2855,5021,1195,1340,2065,2547,2782,3874,5019,6733,12709,13137,10245,11200,7988,9796,2689,4686,134573,66195,18319,10710,35537,17795,3304,3,1
2021-06-10T23:59:59+02:00,3,4,4615,4751,10101,9566,13102,13338,17307,17728,20532,19681,13681,14812,9533,11699,2852,5018,1137,1279,1951,2441,2622,3697,4411,6096,11542,12148,9944,10876,7903,9711,2677,4661,131239,61368,18318,10710,35537,17790,3227,2,1
2021-06-09T23:59:59+02:00,3,4,4022,4142,9895,9417,13013,13265,16996,17462,20304,19499,13666,14799,9528,11693,2851,5013,1063,1235,1850,2372,2529,3584,4085,5789,11116,11821,9815,10716,7857,9645,2666,4652,128865,61291,18303,8854,35537,17784,2865,2,1
2021-06-08T23:59:59+02:00,3,4,4010,4135,9883,9408,13001,13258,16989,17453,20296,19497,13664,14796,9527,11690,2850,5011,1017,1227,1828,2357,2502,3570,4060,5769,11105,11818,9812,10711,7856,9643,2665,4649,128851,61174,18300,8849,35536,17779,2786,2,1
2021-06-07T23:59:59+02:00,3,4,3996,4126,9850,9395,12991,13240,16966,17442,20280,19486,13661,14792,9524,11686,2848,5009,1006,1219,1795,2345,2493,3551,4036,5755,11087,11804,9809,10705,7853,9640,2663,4647,128839,61163,18298,8846,35534,17772,2626,2,1
2021-06-06T23:59:59+02:00,3,4,3991,4122,9845,9391,12990,13240,16964,17441,20279,19486,13660,14791,9524,11686,2848,5009,1003,1216,1784,2343,2487,3542,4022,5748,10960,11660,9798,10698,7852,9640,2663,4647,128827,60839,18298,8845,35533,17764,2614,2,1
2021-06-05T23:59:59+02:00,2,1,3698,3821,7352,7382,12752,13055,16935,17412,20234,19445,13544,14646,9449,11595,2844,4997,925,1144,1619,2242,2321,3463,3796,5608,10062,10820,9415,10243,7740,9485,2655,4627,122848,57561,18298,8845,35533,17275,2483,2,1
2021-06-04T23:59:59+02:00,2,1,3631,3766,7200,7266,12282,12660,16795,17300,20001,19209,13425,14500,9392,11516,2830,4980,897,1078,1589,2137,2282,3295,3720,5350,9421,10143,8570,9225,7464,9081,2651,4616,120447,56088,18298,8843,35533,14111,2476,2,1
2021-06-03T23:59:59+02:00,2,1,3218,3372,7173,7250,12154,12542,16763,17258,19913,19143,13413,14483,9390,11513,2829,4979,868,1010,1543,2013,2203,3095,3530,4968,8844,9523,7809,8353,6992,8465,2648,4608,119203,54457,18295,8841,35529,10806,2367,2,1
2021-06-02T23:59:59+02:00,0,1,2830,3053,6032,6328,11850,12307,16704,17207,19791,19038,13352,14429,9368,11492,2827,4971,852,976,1479,1990,2090,3057,3359,4866,7481,8441,7729,8274,6976,8437,2645,4603,115498,51352,18294,8841,35529,10804,2257,2,1
2021-06-01T23:59:59+02:00,0,1,2542,2741,5556,5902,11528,12023,16680,17183,19740,19001,13229,14306,9361,11488,2826,4968,835,969,1464,1981,2071,3044,3333,4846,7183,8117,7692,8240,6966,8423,2643,4603,115477,50673,15945,8821,35529,10793,2122,2,1
2021-05-31T23:59:59+02:00,0,1,2527,2738,5537,5893,11499,12001,16645,17171,19699,18979,13226,14302,9357,11486,2826,4966,819,962,1445,1971,2038,3024,3297,4832,7142,8096,7689,8235,6962,8421,2643,4601,115466,50661,15941,8815,35528,10784,1916,2,1
2021-05-30T23:59:59+02:00,0,1,2523,2736,5535,5889,11499,12000,16642,17170,19697,18978,13226,14302,9357,11486,2826,4966,818,958,1440,1968,2038,3022,3295,4830,7141,8096,7689,8235,6962,8421,2643,4601,115450,50655,15941,8815,35525,10771,1915,2,1
2021-05-29T23:59:59+02:00,0,1,2507,2722,5369,5735,11432,11941,16634,17164,19689,18977,13225,14300,9355,11486,2826,4966,781,909,1329,1873,1760,2768,2890,4407,6856,7824,7505,8010,6786,8193,2640,4595,114946,50007,15941,8815,35525,8388,1915,2,1
2021-05-28T23:59:59+02:00,0,1,2372,2592,4944,5344,10751,11323,16567,17102,19663,18949,13216,14286,9336,11457,2824,4957,759,886,1270,1819,1670,2696,2757,4302,5274,6130,7342,7814,6744,8137,2637,4585,112306,45716,15941,8815,35525,8380,1910,2,1
2021-05-27T23:59:59+02:00,0,1,2352,2571,4894,5278,10086,10752,16526,17070,19649,18938,13206,14276,9334,11455,2824,4957,705,791,1163,1747,1459,2555,2383,3996,4393,5218,7105,7506,6653,8020,2620,4566,110919,41924,15938,8809,35523,8359,1787,2,1
2021-05-26T23:59:59+02:00,0,1,2314,2509,4721,5098,9648,10385,16474,17016,19581,18884,13192,14257,9324,11453,2820,4944,690,749,1116,1715,1370,2475,2174,3825,4264,5080,6941,7293,6573,7921,2608,4552,109495,40525,15936,8808,35523,8347,1665,2,1
2021-05-25T23:59:59+02:00,0,1,2311,2502,4691,5081,9623,10359,16449,16998,19567,18877,13187,14255,9321,11450,2820,4944,683,735,1069,1697,1318,2430,2104,3765,3723,4502,6639,6950,6539,7884,2607,4550,109490,40516,15934,6852,35522,8338,1488,2,1
2021-05-24T23:59:59+02:00,0,1,2303,2494,4679,5076,9614,10354,16423,16978,19541,18853,13177,14244,9318,11440,2819,4940,675,730,1057,1690,1308,2423,2079,3745,3697,4477,6628,6939,6536,7874,2606,4546,109483,40509,15934,6852,35522,8335,1313,2,1
2021-05-23T23:59:59+02:00,0,1,2287,2462,4591,5002,9480,10232,16420,16977,19541,18852,13175,14242,9315,11436,2817,4939,674,727,1055,1690,1307,2423,2079,3745,3697,4475,6627,6939,6536,7874,2606,4546,108999,40502,15934,6851,35521,8333,1313,2,1
2021-05-22T23:59:59+02:00,0,1,2267,2443,4582,4985,9400,10150,16397,16963,19489,18808,13147,14212,9312,11430,2817,4938,673,725,1054,1687,1304,2420,2076,3740,3681,4462,5796,6040,6464,7793,2598,4541,108571,38556,15934,6851,35521,8333,1313,2,1
2021-05-21T23:59:59+02:00,0,1,2232,2410,4474,4898,9204,9975,16369,16930,19474,18801,13137,14203,9310,11428,2812,4927,661,698,1017,1621,1254,2297,1989,3560,3337,4027,4034,3933,6421,7727,2593,4526,107831,34550,15934,6851,35518,6993,1300,2,1
2021-05-20T23:59:59+02:00,0,1,2203,2370,4391,4837,8982,9745,16319,16877,19421,18749,13106,14168,9293,11411,2811,4923,606,591,892,1308,1082,1892,1768,3024,2777,3345,3198,2979,6376,7677,2589,4521,106974,32720,15931,6850,35509,3863,1191,2,1
2021-05-19T23:59:59+02:00,0,1,2041,2195,3893,4413,7596,8550,16045,16629,19298,18624,13058,14120,9283,11385,2809,4920,591,554,854,1254,1053,1841,1742,2970,2727,3301,3190,2966,6372,7674,2589,4520,102336,32696,15929,6848,35507,3567,1086,2,1
2021-05-18T23:59:59+02:00,0,1,1993,2142,3586,4124,6936,7953,15897,16512,19214,18541,13025,14087,9227,11311,2803,4906,584,550,848,1252,1045,1832,1712,2954,2718,3283,3185,2961,6368,7670,2589,4520,102316,32690,13461,6843,35503,3561,976,2,1
2021-05-17T23:59:59+02:00,0,1,1985,2134,3566,4110,6890,7929,15869,16494,19192,18522,13015,14063,9225,11310,2803,4906,576,543,829,1237,1001,1808,1684,2936,2694,3262,3174,2940,6368,7669,2589,4520,102308,32684,13458,6843,35501,3557,745,2,1
2021-05-16T23:59:59+02:00,0,1,1980,2131,3559,4106,6704,7764,15845,16475,19188,18517,13010,14062,9224,11309,2803,4906,576,543,829,1235,1000,1807,1684,2936,2692,3262,3174,2940,6368,7669,2589,4520,101885,32681,13456,6843,35497,3555,744,2,1
2021-05-15T23:59:59+02:00,0,1,1952,2095,3521,4068,6618,7660,15576,16207,19132,18475,12991,14043,9215,11304,2803,4904,576,543,829,1234,1000,1807,1682,2935,2692,3262,3173,2940,6367,7669,2589,4520,100866,32677,13456,6843,35497,3553,744,2,1
2021-05-14T23:59:59+02:00,0,1,1843,1950,3275,3817,5024,6181,12923,14011,19067,18389,12967,14013,9209,11291,2800,4898,576,542,825,1234,1000,1807,1681,2934,2686,3260,3168,2934,6364,7667,2589,4519,91974,32659,13456,6841,35495,3553,732,2,1
2021-05-13T23:59:59+02:00,0,1,1816,1903,3234,3766,4912,6079,12717,13827,18907,18262,12890,13918,9174,11240,2800,4897,570,539,818,1225,990,1794,1662,2915,2579,3167,2507,2128,4909,5864,2580,4500,90757,29644,13361,4820,35493,3552,730,2,1
2021-05-12T23:59:59+02:00,0,1,1816,1903,3233,3766,4912,6079,12717,13827,18906,18262,12889,13917,9174,11240,2800,4897,570,539,818,1225,990,1794,1662,2914,2576,3165,2507,2127,4909,5862,2580,4500,90754,29640,13361,4815,35492,3552,730,2,1
2021-05-11T23:59:59+02:00,0,1,1772,1858,3140,3691,4823,6013,11788,13098,18712,18103,12874,13896,9167,11226,2794,4893,569,537,815,1220,989,1793,1661,2913,2566,3160,2506,2126,4907,5861,2579,4500,90742,29630,10899,4803,35484,3546,722,2,1
2021-05-10T23:59:59+02:00,0,1,1756,1855,3134,3688,4817,6009,11787,13097,18711,18103,12874,13896,9167,11226,2794,4893,568,535,815,1220,988,1793,1660,2913,2566,3160,2505,2125,4907,5861,2579,4500,90729,29629,10896,4802,35459,3541,722,2,1
2021-05-09T23:59:59+02:00,0,1,1720,1808,3082,3673,4747,5974,11720,13076,18648,18044,12854,13877,9164,11217,2792,4891,566,532,807,1219,980,1787,1647,2910,2562,3159,2505,2123,4906,5860,2579,4499,90259,29625,10893,4801,35452,3532,682,2,1
2021-05-08T23:59:59+02:00,0,1,1687,1774,3046,3623,4670,5901,11383,12774,18615,18010,12847,13869,9163,11215,2790,4891,554,531,800,1219,969,1787,1639,2910,2546,3148,2504,2123,4906,5859,2578,4498,89230,29621,10893,4801,35452,3466,682,2,1
2021-05-07T23:59:59+02:00,0,1,1543,1651,2798,3451,3997,5237,10174,11582,18415,17859,12808,13834,9143,11198,2782,4884,457,382,677,989,823,1468,1494,2495,2377,2791,2495,2114,4902,5855,2575,4495,84461,29616,10892,4801,35440,1409,562,2,1
2021-05-06T23:59:59+02:00,0,1,1480,1482,2665,3320,3671,4926,8469,10099,17899,17434,12640,13666,9096,11126,2779,4876,335,323,573,887,687,1379,1245,2281,2163,2596,2443,2082,4900,5848,2575,4494,78927,29594,10891,4800,35424,31,385,2,1
2021-05-05T23:59:59+02:00,0,1,1425,1405,2578,3248,3495,4751,7317,9082,17392,17034,12552,13553,9064,11080,2770,4861,335,323,571,886,686,1377,1199,2229,2151,2588,2439,2080,4900,5844,2575,4490,75046,29583,10886,4799,35414,30,260,2,1
2021-05-04T23:59:59+02:00,0,1,1414,1403,2570,3241,3493,4751,7315,9081,17391,17034,12552,13553,9064,11080,2770,4861,335,322,570,885,684,1377,1199,2229,2151,2588,2438,2079,4900,5844,2575,4489,75037,29578,10875,4799,35401,28,259,2,1
2021-05-03T23:59:59+02:00,0,1,1412,1397,2562,3236,3490,4745,7236,9021,17377,17026,12548,13551,9064,11080,2769,4860,332,316,566,881,681,1372,1120,2169,2137,2580,2434,2077,4900,5844,2574,4488,75028,29576,10875,4799,35401,26,69,2,1
2021-05-02T23:59:59+02:00,0,1,1404,1393,2559,3230,3477,4736,7216,9001,17271,16958,12535,13526,9058,11069,2766,4860,330,315,566,880,681,1372,1120,2168,2135,2580,2434,2077,4899,5842,2574,4488,74718,29570,10874,4798,35400,26,66,2,1
2021-05-01T23:59:59+02:00,0,1,1400,1387,2549,3220,3468,4718,7157,8940,17127,16841,12510,13503,9046,11063,2766,4860,330,315,566,880,681,1372,1120,2168,2135,2580,2434,2077,4897,5842,2573,4486,74214,29565,10874,4798,35400,26,66,2,1
2021-04-30T23:59:59+02:00,0,1,1330,1307,2428,3050,3299,4443,5606,7540,15380,15409,12367,13342,8951,10946,2751,4827,330,315,565,879,680,1372,1117,2166,2132,2578,2433,2067,4884,5833,2565,4468,66689,29548,10874,4797,35400,26,12,2,1
2021-04-29T23:59:59+02:00,0,1,1275,1269,2325,2940,3166,4273,4996,6891,14203,14385,12056,13014,8860,10864,2737,4799,328,313,565,878,680,1371,1116,2166,2130,2576,2431,2063,4883,5830,2564,4466,61769,29527,10874,4794,35397,26,12,2,1
2021-04-28T23:59:59+02:00,0,1,1212,1252,2263,2902,3101,4192,4687,6599,13786,14067,11941,12867,8819,10804,2729,4793,327,313,562,876,677,1371,1114,2163,2129,2569,2428,2060,4880,5826,2561,4463,61648,29522,8963,4766,35397,25,5,2,1
2021-04-27T23:59:59+02:00,0,1,1192,1250,2258,2901,3097,4191,4685,6599,13785,14066,11940,12866,8819,10804,2729,4793,327,313,562,876,676,1369,1114,2163,2128,2569,2428,2058,4880,5826,2561,4463,61616,29520,8958,4762,35395,25,5,2,1
2021-04-26T23:59:59+02:00,0,1,1192,1247,2256,2900,3093,4191,4671,6585,13745,14034,11937,12863,8818,10802,2729,4792,327,313,562,876,675,1369,1114,2163,2126,2568,2428,2058,4880,5826,2561,4463,61604,29518,8953,4761,35293,25,4,2,1
2021-04-25T23:59:59+02:00,0,1,1191,1247,2250,2900,3090,4184,4658,6578,13607,13880,11927,12857,8817,10801,2729,4792,327,313,561,876,674,1368,1112,2161,2126,2568,2428,2058,4880,5826,2561,4463,61278,29514,8950,4758,35275,25,4,2,1
2021-04-24T23:59:59+02:00,0,1,1125,1201,2112,2811,2950,4128,4447,6462,12741,13077,11650,12527,8751,10697,2722,4779,327,313,561,876,673,1367,1112,2161,2126,2568,2427,2058,4876,5825,2561,4463,57951,29507,8949,4758,35275,24,4,2,1
2021-04-23T23:59:59+02:00,0,1,1026,1181,1898,2784,2790,4095,4333,6351,11396,12021,11595,12465,8727,10650,2720,4776,326,313,561,876,672,1367,1111,2161,2124,2568,2426,2058,4875,5819,2561,4462,56473,29501,8949,4756,33382,19,3,2,1
2021-04-22T23:59:59+02:00,0,1,1016,1172,1871,2771,2728,4070,4156,6232,10778,11504,11507,12378,8697,10603,2717,4771,325,312,561,876,672,1366,1109,2161,2123,2568,2426,2056,4873,5817,2561,4462,54777,29494,8948,4751,33242,19,3,2,1
2021-04-21T23:59:59+02:00,0,1,1001,1158,1796,2747,2608,4035,4010,6158,9284,10344,11432,12309,8685,10579,2714,4768,324,312,560,876,671,1366,1108,2161,2123,2567,2422,2052,4870,5815,2560,4460,51611,29476,8947,4748,33066,19,3,2,1
2021-04-20T23:59:59+02:00,0,1,1001,1157,1795,2746,2605,4031,4006,6157,8988,10021,11405,12285,8681,10569,2712,4767,324,312,560,876,671,1366,1108,2160,2122,2566,2422,2051,4868,5814,2560,4460,50913,29472,8944,4745,33065,19,3,2,1
2021-04-19T23:59:59+02:00,0,1,999,1155,1795,2743,2604,4030,4003,6155,8987,10020,11405,12285,8681,10568,2712,4767,323,312,559,875,671,1366,1106,2160,2121,2566,2422,2051,4868,5814,2560,4460,50904,29468,8939,4744,33062,18,3,2,1
2021-04-18T23:59:59+02:00,0,1,999,1154,1793,2743,2602,4028,4003,6155,8987,10020,11405,12285,8681,10566,2712,4766,323,312,559,875,670,1366,1106,2159,2121,2566,2422,2051,4868,5814,2560,4460,50896,29467,8938,4743,33061,18,3,2,1
2021-04-17T23:59:59+02:00,0,1,999,1153,1790,2737,2525,3937,3946,6073,8970,10002,11282,12133,8678,10564,2712,4765,318,306,555,868,662,1356,1088,2146,2074,2540,2377,1999,4819,5745,2554,4454,50263,29097,8938,4743,33061,17,3,2,1
2021-04-16T23:59:59+02:00,0,1,970,1119,1679,2654,2323,3800,3696,5898,7247,8189,11085,11889,8624,10501,2709,4752,311,301,540,849,630,1320,1006,2089,1849,2380,2227,1890,4632,5476,2495,4338,45916,29083,8863,3234,32352,12,3,2,1
2021-04-15T23:59:59+02:00,0,1,900,1067,1549,2566,2042,3648,3163,5569,6236,7223,10828,11553,8524,10377,2690,4729,311,301,539,848,628,1319,1005,2086,1613,2239,2075,1759,4446,5265,2441,4235,42107,29038,8860,2060,31693,8,3,2,1
2021-04-14T23:59:59+02:00,0,1,885,1038,1503,2530,1954,3567,2993,5434,6142,7112,10664,11346,8442,10277,2678,4715,291,291,505,821,557,1260,798,1943,1393,2115,2008,1684,4315,5101,2427,4207,40731,27644,8855,2060,31690,8,3,2,1
2021-04-13T23:59:59+02:00,0,1,880,1032,1490,2527,1931,3547,2961,5399,5618,6535,10364,11006,8411,10243,2677,4714,291,289,505,820,557,1260,798,1943,1393,2114,2005,1683,4315,5101,2427,4204,40719,27642,6927,2051,31685,8,3,2,1
2021-04-12T23:59:59+02:00,0,1,880,1030,1489,2524,1931,3547,2960,5398,5617,6535,10363,11005,8410,10243,2677,4714,291,288,505,820,555,1260,796,1942,1392,2114,2005,1683,4315,5100,2427,4204,40712,27636,6924,2049,31683,8,3,2,1
2021-04-11T23:59:59+02:00,0,1,880,1030,1487,2524,1929,3546,2959,5398,5617,6535,10362,11002,8410,10243,2677,4714,291,288,504,820,553,1260,795,1942,1390,2114,2005,1683,4315,5100,2427,4204,40708,27631,6923,2049,31679,8,2,2,1
2021-04-10T23:59:59+02:00,0,1,878,1027,1484,2520,1912,3534,2890,5332,5489,6437,10132,10784,8357,10193,2673,4713,291,287,504,819,553,1260,794,1942,1390,2114,2001,1679,4310,5091,2426,4201,40137,27602,6923,2049,31292,8,2,2,1
2021-04-09T23:59:59+02:00,0,1,840,994,1388,2464,1808,3475,2761,5278,5349,6372,7754,7958,8293,10099,2663,4695,290,287,501,818,551,1258,791,1942,1388,2110,1981,1657,4288,5073,2423,4196,34664,27494,6922,2049,30602,8,2,2,1
2021-04-08T23:59:59+02:00,0,1,839,992,1384,2461,1806,3472,2749,5269,5338,6359,6966,7043,8251,10049,2660,4691,288,286,501,817,551,1257,790,1942,1386,2109,1979,1657,4287,5070,2423,4196,32810,27480,6922,2048,30594,8,2,2,1
2021-04-07T23:59:59+02:00,0,1,787,969,1309,2389,1719,3403,2556,5161,4594,5875,6298,6402,8192,9987,2654,4684,288,286,501,817,551,1254,790,1942,1386,2109,1979,1657,4286,5070,2423,4196,32802,27479,6920,2047,27254,7,2,2,0
2021-04-06T23:59:59+02:00,0,1,754,962,1290,2354,1695,3362,2526,5115,4520,5799,5936,6045,8171,9963,2649,4678,288,285,501,816,551,1254,789,1942,1386,2109,1979,1656,4286,5070,2423,4196,32797,27476,6920,2046,26099,7,2,2,0
2021-04-05T23:59:59+02:00,0,1,750,931,1249,2229,1623,3197,2407,4845,4360,5527,5628,5737,8154,9937,2647,4674,288,285,501,815,551,1254,789,1942,1386,2109,1979,1656,4286,5070,2423,4196,32795,27475,6920,2046,24177,7,2,2,0
2021-04-04T23:59:59+02:00,0,1,729,906,1157,2013,1489,2933,2193,4410,4010,5028,5383,5514,8121,9883,2646,4666,288,285,500,814,549,1253,788,1941,1312,2072,1616,1382,4128,4889,2379,4131,32791,26273,6920,2046,21367,6,2,2,0
2021-04-03T23:59:59+02:00,0,1,729,906,1156,2012,1488,2933,2192,4410,4010,5028,5383,5513,8121,9883,2646,4666,288,285,500,814,549,1253,788,1941,1312,2072,1616,1382,4128,4889,2379,4131,32787,26273,6920,2046,21366,6,2,2,0
2021-04-02T23:59:59+02:00,0,1,729,905,1156,2012,1487,2933,2192,4410,4009,5027,5383,5512,8120,9882,2645,4664,288,285,500,814,548,1253,788,1941,1311,2072,1616,1382,4128,4889,2379,4131,32785,26272,6920,2046,21359,6,1,2,0
2021-04-01T23:59:59+02:00,0,1,724,903,1153,2006,1479,2924,2178,4392,3918,4942,4889,4913,7415,8987,2643,4659,288,283,499,811,548,1252,785,1939,1273,2044,1467,1287,4029,4788,2368,4118,29879,25732,6894,2040,21350,6,1,2,0
2021-03-31T23:59:59+02:00,0,1,724,902,1151,2005,1475,2919,2174,4391,3900,4931,4716,4695,6647,8052,2633,4637,287,282,498,810,544,1249,780,1933,1168,1967,1072,1022,3620,4325,2261,3944,29761,23778,4866,1978,21323,5,1,2,0
2021-03-30T23:59:59+02:00,0,1,724,902,1150,2002,1463,2910,2165,4382,3855,4904,4517,4514,6397,7755,2624,4621,287,281,498,808,544,1249,780,1932,1168,1967,1072,1022,3620,4325,2260,3944,29756,23774,4861,1978,20266,4,1,2,0
2021-03-29T23:59:59+02:00,0,1,722,900,1150,2002,1461,2910,2165,4382,3851,4902,4514,4512,6394,7746,2622,4603,287,280,498,808,544,1249,779,1931,1168,1967,1072,1021,3620,4325,2260,3944,29747,23770,4856,1978,20231,4,1,2,0
2021-03-28T23:59:59+02:00,0,1,722,900,1150,1999,1459,2908,2164,4379,3850,4902,4513,4512,6391,7742,2622,4601,286,280,496,808,544,1249,778,1931,1168,1967,1072,1020,3620,4325,2260,3944,29745,23766,4851,1977,20216,4,1,2,0
2021-03-27T23:59:59+01:00,0,1,718,895,1146,1991,1451,2898,2145,4364,3808,4876,4464,4455,6346,7684,2615,4588,282,275,482,798,533,1237,730,1896,1007,1875,811,830,3481,4171,2098,3632,29397,22797,4851,1336,20194,4,1,2,0
2021-03-26T23:59:59+01:00,0,1,718,895,1145,1990,1448,2897,2142,4363,3803,4873,4453,4433,6336,7660,2608,4574,281,275,482,796,531,1237,728,1896,1000,1867,673,735,2504,3014,1928,3419,29341,20025,4849,1336,20146,4,1,2,0
2021-03-25T23:59:59+01:00,0,1,717,894,1145,1990,1447,2894,2138,4357,3799,4869,4444,4422,6323,7630,2587,4520,281,275,482,796,530,1234,727,1895,998,1866,651,728,1322,1564,1647,3055,29332,16710,4844,1336,19998,4,1,2,0
2021-03-24T23:59:59+01:00,0,1,694,883,1107,1960,1376,2834,1933,4210,3575,4743,4384,4363,6189,7462,2573,4488,281,275,482,795,527,1234,725,1895,997,1866,651,728,1322,1563,1647,3053,27959,16701,4841,1335,19972,4,1,2,0
2021-03-23T23:59:59+01:00,0,1,694,881,1105,1959,1376,2834,1933,4210,3574,4740,4384,4362,6188,7462,2573,4487,281,275,482,795,527,1233,725,1895,997,1866,651,728,1322,1563,1647,3053,27954,16700,4838,1335,19968,4,1,2,0
2021-03-22T23:59:59+01:00,0,1,694,879,1103,1955,1373,2834,1931,4210,3573,4740,4384,4361,6188,7461,2573,4487,281,275,482,795,527,1232,724,1895,997,1865,651,727,1322,1563,1647,3053,27950,16697,4837,1335,19957,3,1,2,0
2021-03-21T23:59:59+01:00,0,1,693,879,1101,1952,1373,2832,1930,4209,3572,4739,4384,4361,6187,7461,2573,4487,280,275,482,795,527,1232,724,1895,997,1865,651,726,1322,1563,1647,3053,27947,16696,4836,1335,19950,3,0,1,0
2021-03-20T23:59:59+01:00,0,1,691,877,1099,1950,1367,2829,1913,4202,3541,4720,4166,4086,5670,6854,2563,4454,275,273,477,789,510,1222,703,1879,962,1837,586,649,1092,1306,1297,2508,27866,15027,4738,1335,18378,3,0,1,0
2021-03-19T23:59:59+01:00,0,1,683,871,1084,1930,1333,2793,1833,4146,3320,4559,4017,3980,5493,6612,2514,4369,275,273,477,789,510,1222,703,1878,961,1837,586,649,1092,1305,1296,2507,27864,15022,3303,1335,18371,3,0,0,0
2021-03-18T23:59:59+01:00,0,1,682,870,1083,1929,1332,2791,1833,4143,3090,4416,3864,3851,5315,6410,2462,4268,275,272,476,789,510,1220,703,1877,960,1836,584,646,853,1048,1186,2339,27853,14238,2118,1334,18369,2,0,0,0
2021-03-17T23:59:59+01:00,0,1,682,870,1082,1929,1332,2790,1833,4143,3090,4416,3864,3849,5314,6410,2462,4268,275,271,476,789,510,1220,703,1877,959,1836,583,646,853,1048,1186,2339,27851,14236,2118,1333,18366,2,0,0,0
2021-03-16T23:59:59+01:00,0,1,681,870,1082,1925,1331,2790,1830,4143,3090,4414,3863,3848,5314,6410,2461,4267,273,267,462,784,501,1208,687,1863,943,1826,581,645,851,1047,1185,2338,27843,14126,2114,1333,18363,2,0,0,0
2021-03-15T23:59:59+01:00,0,1,681,869,1080,1924,1328,2790,1826,4142,3089,4414,3863,3847,5313,6410,2461,4267,273,267,462,784,501,1208,686,1863,942,1825,581,645,851,1047,1185,2338,27838,14123,2112,1333,18355,2,0,0,0
2021-03-14T23:59:59+01:00,0,1,680,867,1077,1921,1325,2787,1824,4140,3084,4413,3863,3847,5313,6410,2461,4267,273,267,462,784,501,1208,686,1863,942,1824,581,645,850,1047,1185,2338,27834,14121,2112,1333,18334,2,0,0,0
2021-03-13T23:59:59+01:00,0,1,678,862,1069,1915,1316,2780,1819,4132,2970,4335,3395,3444,5108,6177,2416,4204,273,267,462,784,501,1208,685,1863,940,1823,557,629,547,752,765,1764,26570,12485,2112,1333,17939,2,0,0,0
2021-03-12T23:59:59+01:00,0,1,648,775,1046,1802,1295,2589,1787,3866,2926,4167,2254,2002,4747,5631,2413,4195,273,267,462,784,501,1208,684,1863,939,1823,557,628,547,752,765,1763,26558,12482,2112,1333,13474,1,0,0,0
2021-03-11T23:59:59+01:00,0,1,638,730,1038,1700,1287,2431,1775,3652,2880,4028,1690,1473,4261,5089,2403,4186,271,266,462,784,501,1208,684,1862,939,1819,557,628,545,751,685,1618,26008,12479,2100,1101,11154,0,0,0,0
2021-03-10T23:59:59+01:00,0,1,633,718,1027,1677,1278,2410,1762,3626,2771,3945,1300,1206,3854,4621,2309,4029,271,266,461,782,500,1208,684,1862,937,1819,557,628,543,750,685,1618,24030,12473,2099,1098,11038,0,0,0,0
2021-03-09T23:59:59+01:00,0,1,632,713,1019,1660,1267,2395,1759,3615,2764,3940,1296,1205,3854,4620,2308,4029,271,266,461,782,500,1208,684,1862,937,1819,557,628,543,750,685,1618,24027,12473,2098,1098,10952,0,0,0,0
2021-03-08T23:59:59+01:00,0,1,628,684,1008,1635,1252,2362,1751,3582,2743,3925,1295,1203,3854,4620,2308,4029,271,266,461,782,500,1208,684,1862,937,1819,557,627,541,750,685,1618,24023,12470,2097,1098,10760,0,0,0,0
2021-03-07T23:59:59+01:00,0,1,628,681,1005,1631,1252,2359,1750,3579,2743,3923,1295,1203,3854,4620,2308,4029,271,266,461,782,499,1208,684,1862,937,1819,557,627,541,750,685,1618,24020,12469,2097,1098,10744,0,0,0,0
2021-03-06T23:59:59+01:00,0,1,592,634,886,1530,1010,2169,1330,3197,2322,3587,1013,984,3554,4243,2288,4012,271,266,461,782,497,1208,684,1862,937,1818,557,626,539,746,596,1444,23021,12466,2094,828,8237,0,0,0,0
2021-03-05T23:59:59+01:00,0,1,589,634,881,1527,1010,2168,1327,3194,2315,3582,869,887,2559,3047,2117,3780,269,266,456,770,494,1203,676,1845,923,1803,553,622,481,685,290,933,20176,12264,2083,5,8228,0,0,0,0
2021-03-04T23:59:59+01:00,0,1,571,590,844,1397,972,2014,1277,2990,2271,3482,853,878,1378,1614,1832,3415,269,266,455,770,494,1203,676,1845,923,1803,552,621,481,684,290,933,16884,12260,2082,5,7413,0,0,0,0
2021-03-03T23:59:59+01:00,0,1,565,558,821,1332,951,1952,1261,2946,2261,3438,853,877,1378,1614,1832,3415,269,266,455,769,494,1203,676,1844,923,1803,552,621,481,684,290,933,16882,12258,2082,5,7091,0,0,0,0
2021-03-02T23:59:59+01:00,0,1,564,556,818,1331,951,1952,1260,2945,2261,3438,853,877,1378,1614,1832,3415,269,266,454,769,494,1203,676,1844,923,1802,552,621,481,684,290,933,16881,12256,2082,5,7083,0,0,0,0
2021-03-01T23:59:59+01:00,0,1,564,554,817,1331,951,1951,1260,2945,2260,3437,853,876,1378,1613,1832,3415,269,266,454,769,494,1203,675,1843,923,1802,552,621,481,684,290,933,16878,12254,2081,5,7079,0,0,0,0
2021-02-28T23:59:59+01:00,0,1,563,552,817,1331,950,1951,1260,2945,2258,3436,853,874,1378,1613,1832,3415,269,266,454,769,494,1203,675,1842,923,1802,552,621,481,684,290,933,16875,12253,2081,5,7073,0,0,0,0
2021-02-27T23:59:59+01:00,0,1,558,550,806,1321,929,1940,1221,2918,2184,3387,737,758,1111,1325,1325,2545,268,266,453,769,493,1203,673,1841,922,1800,551,619,480,682,288,929,15172,12233,1373,4,7071,0,0,0,0
2021-02-26T23:59:59+01:00,0,1,548,529,777,1257,900,1827,1182,2760,1864,2966,696,730,1111,1325,1324,2544,268,266,453,769,493,1203,673,1841,922,1800,551,619,480,682,288,928,15167,12232,1373,4,5801,0,0,0,0
2021-02-25T23:59:59+01:00,0,1,514,487,715,1139,794,1634,1028,2459,1366,2416,645,685,863,1061,1215,2373,267,265,452,769,493,1202,672,1839,922,1799,551,619,480,682,288,928,14363,12227,1373,1,3659,0,0,0,0
2021-02-24T23:59:59+01:00,0,1,513,486,715,1137,793,1634,1028,2458,1366,2415,645,685,863,1061,1215,2373,267,265,452,769,493,1201,672,1839,922,1799,551,619,480,682,288,928,14362,12227,1372,0,3654,0,0,0,0
2021-02-23T23:59:59+01:00,0,1,511,482,700,1129,784,1623,1011,2444,1350,2405,643,684,861,1060,1214,2372,267,264,452,768,493,1201,672,1838,922,1798,551,619,480,682,288,928,14252,12223,1372,0,3650,0,0,0,0
2021-02-22T23:59:59+01:00,0,1,511,482,699,1129,782,1623,1011,2444,1349,2404,643,682,861,1060,1214,2372,267,264,452,768,493,1201,672,1838,922,1797,551,619,480,682,288,928,14250,12222,1372,0,3645,0,0,0,0
2021-02-21T23:59:59+01:00,0,1,511,482,699,1129,781,1623,1010,2444,1349,2403,642,682,860,1060,1214,2372,267,264,452,768,493,1201,672,1838,922,1797,551,619,480,682,288,928,14248,12222,1372,0,3642,0,0,0,0
2021-02-20T23:59:59+01:00,0,1,495,480,687,1123,761,1618,997,2442,1322,2383,615,663,551,759,786,1790,266,263,447,766,488,1195,667,1827,916,1794,548,616,475,681,284,923,12585,12156,1371,0,3517,0,0,0,0
2021-02-19T23:59:59+01:00,0,1,397,394,583,997,643,1464,856,2271,1083,2146,568,639,551,759,786,1790,263,263,443,764,486,1186,664,1811,909,1774,544,610,470,674,281,915,12584,12057,1371,0,1973,0,0,0,0
2021-02-18T23:59:59+01:00,0,1,274,269,469,794,504,1218,695,1875,948,1835,565,633,550,759,786,1790,262,261,441,761,484,1182,663,1797,905,1763,538,605,463,667,276,904,12582,11972,1371,0,12,0,0,0,0
2021-02-17T23:59:59+01:00,0,1,274,269,468,794,504,1218,694,1875,947,1835,564,633,550,758,786,1790,261,261,440,758,482,1180,660,1789,902,1756,533,600,454,645,265,885,12580,11871,1371,0,9,0,0,0,0
2021-02-16T23:59:59+01:00,0,1,274,269,466,794,503,1218,694,1875,947,1835,564,633,550,758,786,1790,250,257,434,742,470,1148,653,1713,877,1677,514,571,422,602,248,820,12580,11398,1371,0,6,0,0,0,0
2021-02-15T23:59:59+01:00,0,1,274,269,465,794,503,1218,692,1875,947,1835,564,633,550,758,786,1790,246,253,431,734,464,1122,637,1662,852,1623,493,537,404,558,236,757,12580,11009,1371,0,3,0,0,0,0
2021-02-14T23:59:59+01:00,0,1,274,269,465,794,502,1218,692,1875,947,1835,564,633,550,758,786,1790,246,253,431,733,464,1122,637,1656,850,1614,483,532,400,555,228,749,12579,10953,1371,0,3,0,0,0,0
2021-02-13T23:59:59+01:00,0,1,272,269,465,794,502,1218,691,1874,947,1835,564,633,550,758,786,1790,244,251,431,729,457,1110,628,1635,830,1581,464,507,386,530,216,713,12577,10712,1371,0,1,0,0,0,0
2021-02-12T23:59:59+01:00,0,1,272,269,464,793,502,1218,691,1873,942,1832,564,631,501,712,772,1786,227,243,412,695,436,1022,593,1473,744,1341,381,387,311,418,160,535,12451,9378,1371,0,1,0,0,0,0
2021-02-11T23:59:59+01:00,0,1,270,269,463,793,502,1218,691,1871,942,1829,563,630,498,709,689,1638,205,230,400,664,416,975,559,1379,698,1230,347,338,272,355,133,449,12439,8650,1136,0,1,0,0,0,0
2021-02-10T23:59:59+01:00,0,1,270,269,463,792,502,1218,690,1871,941,1829,562,630,498,708,688,1636,202,226,399,658,412,961,556,1359,686,1195,331,315,250,315,116,387,12432,8368,1136,0,0,0,0,0,0
2021-02-09T23:59:59+01:00,0,1,270,269,463,792,502,1218,689,1871,941,1827,562,630,498,708,688,1636,193,213,387,622,393,894,513,1265,633,1065,257,223,175,204,75,239,12429,7351,1136,0,0,0,0,0,0
2021-02-08T23:59:59+01:00,0,1,270,269,461,792,502,1218,688,1871,941,1826,562,630,498,708,688,1636,190,207,383,608,383,869,488,1215,606,995,226,182,140,154,61,184,12426,6891,1135,0,0,0,0,0,0
2021-02-07T23:59:59+01:00,0,1,270,269,461,792,502,1218,688,1871,941,1825,562,630,498,708,688,1635,189,207,381,604,381,864,483,1205,602,981,220,175,130,136,55,168,12424,6781,1135,0,0,0,0,0,0
2021-02-06T23:59:59+01:00,0,1,270,269,461,792,502,1218,688,1871,941,1825,562,630,496,703,598,1462,189,207,381,604,381,864,483,1205,602,981,220,175,130,136,55,168,12424,6781,865,0,0,0,0,0,0
2021-02-05T23:59:59+01:00,0,1,270,269,459,791,501,1216,685,1870,938,1822,558,626,489,689,291,943,183,198,364,573,368,824,464,1166,584,950,202,159,110,124,50,165,12410,6484,8,0,0,0,0,0,0
2021-02-04T23:59:59+01:00,0,1,270,268,458,785,498,1215,684,1865,933,1821,557,626,488,688,291,943,168,162,295,437,302,667,384,942,510,811,191,154,102,118,43,153,12383,5439,8,0,0,0,0,0,0
2021-02-03T23:59:59+01:00,0,1,269,268,458,783,498,1214,683,1863,933,1821,557,626,488,688,291,943,163,155,249,355,253,580,324,841,459,724,184,149,98,116,42,152,12376,4844,8,0,0,0,0,0,0
2021-02-02T23:59:59+01:00,0,1,269,267,458,780,498,1214,683,1860,933,1819,557,626,488,688,291,943,156,140,190,291,195,492,247,727,377,640,174,145,96,115,42,151,12367,4178,8,0,0,0,0,0,0
2021-02-01T23:59:59+01:00,0,1,269,267,456,779,497,1213,682,1856,930,1814,557,626,487,688,291,943,149,134,152,254,167,434,202,649,320,566,169,134,88,105,37,144,12348,3704,8,0,0,0,0,0,0
2021-01-31T23:59:59+01:00,0,1,269,267,456,779,497,1213,682,1856,930,1814,557,626,487,688,291,943,149,134,152,253,167,433,201,649,320,566,169,134,88,105,37,144,12348,3701,8,0,0,0,0,0,0
2021-01-30T23:59:59+01:00,0,1,269,267,456,779,497,1213,682,1856,926,1814,556,626,485,688,288,943,136,122,135,235,156,404,190,608,302,519,147,123,76,78,30,109,12338,3370,8,0,0,0,0,0,0
2021-01-29T23:59:59+01:00,0,1,266,266,452,776,495,1203,679,1839,919,1794,552,620,480,682,285,935,88,68,93,154,115,246,147,440,212,376,109,82,57,67,25,98,12237,2377,7,0,0,0,0,0,0
2021-01-28T23:59:59+01:00,0,0,266,266,451,776,494,1203,679,1838,919,1792,552,620,480,682,285,935,10,7,13,23,24,46,23,94,49,105,34,32,31,49,19,90,12234,649,4,0,0,0,0,0,0
2021-01-27T23:59:59+01:00,0,0,265,266,451,775,494,1202,679,1837,917,1792,552,620,480,682,285,935,10,7,13,23,23,46,23,92,48,105,34,32,31,49,19,90,12231,645,1,0,0,0,0,0,0
2021-01-26T23:59:59+01:00,0,0,265,266,450,774,494,1201,679,1837,917,1791,552,620,480,682,285,935,10,7,13,23,23,46,23,92,48,105,34,32,31,49,19,90,12227,645,1,0,0,0,0,0,0
2021-01-25T23:59:59+01:00,0,0,265,266,448,774,494,1200,679,1835,917,1790,552,620,479,680,284,935,6,1,5,13,11,21,14,39,23,46,17,16,10,15,6,19,12218,262,0,0,0,0,0,0,0
2021-01-24T23:59:59+01:00,0,0,265,265,448,774,493,1200,679,1834,917,1789,552,620,479,680,284,935,6,1,5,13,11,21,14,39,23,46,17,16,10,15,6,19,12214,262,0,0,0,0,0,0,0
2021-01-23T23:59:59+01:00,0,0,265,265,448,774,493,1199,679,1834,917,1789,552,620,479,680,284,935,6,1,5,13,11,21,14,39,23,46,17,16,10,15,6,19,12213,262,0,0,0,0,0,0,0
2021-01-22T23:59:59+01:00,0,0,263,263,448,774,492,1198,679,1833,917,1789,552,620,479,680,266,891,6,1,5,13,11,21,14,39,23,46,17,16,10,15,6,19,12144,262,0,0,0,0,0,0,0
2021-01-21T23:59:59+01:00,0,0,260,259,446,765,489,1190,676,1811,908,1772,544,611,459,655,255,855,6,1,5,13,11,21,14,39,23,46,17,16,10,15,6,19,11955,262,0,0,0,0,0,0,0
2021-01-20T23:59:59+01:00,0,0,259,257,442,760,487,1187,673,1803,905,1767,538,606,452,636,247,838,6,1,5,13,11,21,14,39,23,46,17,16,10,15,6,19,11857,262,0,0,0,0,0,0,0
2021-01-19T23:59:59+01:00,0,0,254,257,440,752,481,1172,670,1772,894,1725,526,589,441,620,235,803,6,1,5,13,11,21,14,39,23,46,17,16,10,15,6,19,11631,262,0,0,0,0,0,0,0
2021-01-18T23:59:59+01:00,0,0,250,253,437,741,476,1151,653,1735,868,1678,507,556,426,581,223,746,6,1,5,12,11,21,14,39,23,46,17,16,10,15,6,19,11281,261,0,0,0,0,0,0,0
2021-01-17T23:59:59+01:00,0,0,250,252,436,740,476,1150,650,1728,862,1666,491,545,411,559,208,721,6,1,4,12,11,21,14,39,23,46,17,15,10,15,6,19,11145,259,0,0,0,0,0,0,0
2021-01-16T23:59:59+01:00,0,0,242,244,432,720,463,1115,625,1640,816,1517,449,463,382,506,187,666,0,0,0,0,0,0,0,0,0,0,0,0,0,0,0,0,10467,0,0,0,0,0,0,0,0
2021-01-15T23:59:59+01:00,0,0,233,237,424,700,449,1064,605,1541,777,1403,400,406,331,438,169,560,0,0,0,0,0,0,0,0,0,0,0,0,0,0,0,0,9737,0,0,0,0,0,0,0,0
2021-01-14T23:59:59+01:00,0,0,210,224,405,658,427,1002,564,1424,710,1250,345,332,284,348,129,446,0,0,0,0,0,0,0,0,0,0,0,0,0,0,0,0,8758,0,0,0,0,0,0,0,0
2021-01-13T23:59:59+01:00,0,0,208,222,404,651,422,983,559,1402,697,1215,328,308,259,309,112,385,0,0,0,0,0,0,0,0,0,0,0,0,0,0,0,0,8464,0,0,0,0,0,0,0,0
2021-01-12T23:59:59+01:00,0,0,191,211,388,610,391,888,497,1248,618,1026,233,193,155,160,62,193,0,0,0,0,0,0,0,0,0,0,0,0,0,0,0,0,7064,0,0,0,0,0,0,0,0
2021-01-11T23:59:59+01:00,0,0,187,205,384,598,377,861,477,1201,598,972,213,164,123,116,45,145,0,0,0,0,0,0,0,0,0,0,0,0,0,0,0,0,6666,0,0,0,0,0,0,0,0
2021-01-10T23:59:59+01:00,0,0,186,201,372,584,373,848,468,1181,586,953,209,164,120,116,43,143,0,0,0,0,0,0,0,0,0,0,0,0,0,0,0,0,6547,0,0,0,0,0,0,0,0
2021-01-09T23:59:59+01:00,0,0,166,168,326,504,332,730,408,1001,498,804,147,108,72,73,29,105,0,0,0,0,0,0,0,0,0,0,0,0,0,0,0,0,5471,0,0,0,0,0,0,0,0
2021-01-08T23:59:59+01:00,0,0,98,78,229,352,245,436,294,669,340,510,79,67,49,58,22,93,0,0,0,0,0,0,0,0,0,0,0,0,0,0,0,0,3619,0,0,0,0,0,0,0,0
2021-01-07T23:59:59+01:00,0,0,12,11,54,97,72,124,94,194,122,179,41,35,33,50,19,93,0,0,0,0,0,0,0,0,0,0,0,0,0,0,0,0,1230,0,0,0,0,0,0,0,0
2021-01-06T23:59:59+01:00,0,0,8,4,9,23,17,46,23,90,53,108,35,32,32,50,19,93,0,0,0,0,0,0,0,0,0,0,0,0,0,0,0,0,642,0,0,0,0,0,0,0,0
2021-01-05T23:59:59+01:00,0,0,8,4,9,23,17,46,22,90,51,108,35,32,32,50,19,93,0,0,0,0,0,0,0,0,0,0,0,0,0,0,0,0,639,0,0,0,0,0,0,0,0
2021-01-04T23:59:59+01:00,0,0,6,1,5,13,11,23,14,41,23,48,18,16,11,15,6,20,0,0,0,0,0,0,0,0,0,0,0,0,0,0,0,0,271,0,0,0,0,0,0,0,0
2021-01-03T23:59:59+01:00,0,0,6,1,5,13,11,23,14,41,23,48,18,16,11,15,6,20,0,0,0,0,0,0,0,0,0,0,0,0,0,0,0,0,271,0,0,0,0,0,0,0,0
2021-01-02T23:59:59+01:00,0,0,6,1,5,13,11,23,14,41,23,48,18,16,11,15,6,20,0,0,0,0,0,0,0,0,0,0,0,0,0,0,0,0,271,0,0,0,0,0,0,0,0
2021-01-01T23:59:59+01:00,0,0,6,1,5,13,11,23,14,41,23,48,18,16,11,15,6,20,0,0,0,0,0,0,0,0,0,0,0,0,0,0,0,0,271,0,0,0,0,0,0,0,0
2020-12-31T23:59:59+01:00,0,0,6,1,5,13,11,23,14,41,23,48,18,16,11,15,6,20,0,0,0,0,0,0,0,0,0,0,0,0,0,0,0,0,271,0,0,0,0,0,0,0,0
2020-12-30T23:59:59+01:00,0,0,6,1,5,13,11,23,14,41,23,48,18,16,11,15,6,20,0,0,0,0,0,0,0,0,0,0,0,0,0,0,0,0,271,0,0,0,0,0,0,0,0
2020-12-29T23:59:59+01:00,0,0,6,1,5,13,11,23,14,41,23,48,18,16,11,15,6,20,0,0,0,0,0,0,0,0,0,0,0,0,0,0,0,0,271,0,0,0,0,0,0,0,0
2020-12-28T23:59:59+01:00,0,0,6,1,5,13,11,23,14,41,23,48,18,16,11,15,6,20,0,0,0,0,0,0,0,0,0,0,0,0,0,0,0,0,271,0,0,0,0,0,0,0,0
2020-12-27T23:59:59+01:00,0,0,6,1,4,12,11,23,14,41,23,48,18,15,11,15,6,20,0,0,0,0,0,0,0,0,0,0,0,0,0,0,0,0,268,0,0,0,0,0,0,0,0
