Datum,<15_1_m,<15_1_w,15-24_1_m,15-24_1_w,25-34_1_m,25-34_1_w,35-44_1_m,35-44_1_w,45-54_1_m,45-54_1_w,55-64_1_m,55-64_1_w,65-74_1_m,65-74_1_w,75-84_1_m,75-84_1_w,>84_1_m,>84_1_w,<15_2_m,<15_2_w,15-24_2_m,15-24_2_w,25-34_2_m,25-34_2_w,35-44_2_m,35-44_2_w,45-54_2_m,45-54_2_w,55-64_2_m,55-64_2_w,65-74_2_m,65-74_2_w,75-84_2_m,75-84_2_w,>84_2_m,>84_2_w,bp_1,bp_2,mo_1,mo_2,az_1,az_2,ja,unb_1,unb_2
2021-11-08T23:59:59+01:00,2215,2125,15007,13754,17777,16072,19121,18754,22058,21896,23181,22034,14837,16035,10172,12431,3109,5422,1912,1807,13812,12825,16733,15147,18375,18026,21422,21245,22752,21592,14633,15797,10054,12285,3047,5306,184887,177025,22970,22528,35588,34647,12564,6,6
2021-11-07T23:59:59+01:00,2215,2123,15004,13746,17775,16070,19119,18745,22052,21890,23179,22031,14836,16033,10171,12430,3109,5421,1911,1807,13810,12823,16731,15145,18375,18022,21422,21242,22752,21591,14633,15797,10054,12285,3047,5306,184836,177008,22970,22528,35588,34647,12564,6,6
2021-11-06T23:59:59+01:00,2214,2122,15000,13746,17773,16067,19117,18745,22050,21890,23178,22030,14835,16033,10171,12430,3109,5421,1911,1807,13809,12821,16729,15144,18373,18021,21422,21240,22752,21591,14633,15797,10054,12285,3047,5306,184818,176997,22970,22528,35588,34647,12564,6,6
2021-11-05T23:59:59+01:00,2177,2079,14875,13654,17668,15973,19049,18689,21990,21840,23150,22004,14825,16020,10167,12428,3107,5419,1884,1784,13732,12768,16693,15119,18349,17996,21409,21227,22740,21583,14631,15791,10051,12283,3046,5304,184028,176656,22951,22525,35588,34647,12556,6,6
2021-11-04T23:59:59+01:00,2131,2039,14711,13535,17514,15869,18939,18607,21910,21778,23114,21978,14820,16013,10161,12421,3106,5416,1867,1758,13683,12716,16656,15084,18314,17958,21384,21213,22721,21568,14623,15782,10049,12281,3043,5301,183041,176297,22903,22512,35588,34647,12539,6,6
2021-11-03T23:59:59+01:00,2122,2020,14665,13497,17466,15838,18917,18586,21889,21753,23104,21967,14814,16012,10160,12420,3106,5416,1847,1737,13610,12672,16590,15040,18280,17924,21353,21190,22694,21549,14616,15772,10042,12274,3042,5298,182757,175847,22896,22510,35588,34647,12520,6,6
2021-11-02T23:59:59+01:00,2109,2012,14646,13479,17443,15814,18905,18572,21869,21741,23099,21963,14809,16009,10160,12420,3106,5415,1825,1725,13582,12639,16567,15021,18258,17902,21339,21177,22687,21532,14613,15769,10040,12269,3042,5298,182581,175605,22892,22508,35588,34647,12519,6,6
2021-11-01T23:59:59+01:00,2109,2008,14636,13472,17432,15805,18898,18568,21861,21732,23096,21960,14809,16009,10159,12418,3106,5415,1819,1721,13567,12624,16556,15015,18251,17896,21330,21173,22686,21528,14612,15768,10039,12267,3042,5298,182526,175537,22892,22506,35588,34647,12496,6,6
2021-10-31T23:59:59+01:00,2109,2008,14636,13472,17432,15805,18898,18568,21861,21732,23096,21960,14809,16008,10159,12418,3106,5415,1819,1721,13567,12624,16556,15015,18251,17896,21330,21173,22686,21528,14612,15768,10039,12267,3042,5298,182525,175537,22892,22506,35588,34647,12496,6,6
2021-10-30T23:59:59+02:00,2109,2008,14635,13472,17432,15805,18898,18568,21859,21732,23096,21960,14808,16007,10159,12417,3106,5415,1817,1720,13567,12624,16555,15015,18251,17895,21329,21172,22686,21528,14612,15767,10039,12267,3041,5298,182519,175528,22892,22506,35588,34647,12496,6,6
2021-10-29T23:59:59+02:00,2098,1995,14549,13415,17337,15756,18819,18534,21812,21703,23073,21943,14806,16003,10159,12416,3105,5415,1812,1718,13550,12613,16545,15005,18239,17888,21321,21166,22684,21522,14611,15766,10037,12266,3041,5298,181978,175432,22889,22505,35588,34647,12492,6,6
2021-10-28T23:59:59+02:00,2083,1968,14441,13332,17210,15680,18741,18480,21746,21652,23038,21920,14799,15997,10155,12415,3105,5409,1800,1707,13514,12583,16507,14976,18207,17859,21302,21145,22666,21512,14603,15757,10035,12260,3041,5297,181303,175214,22889,22504,35588,34647,12400,6,6
2021-10-27T23:59:59+02:00,2071,1964,14416,13316,17185,15657,18716,18465,21728,21642,23026,21915,14798,15990,10148,12407,3103,5409,1792,1702,13473,12546,16477,14960,18183,17839,21280,21132,22653,21505,14600,15748,10030,12255,3041,5295,181148,175013,22888,22504,35588,34647,12341,6,6
2021-10-26T23:59:59+02:00,2065,1959,14411,13309,17183,15649,18704,18459,21723,21640,23022,21913,14795,15990,10148,12407,3103,5408,1784,1696,13455,12523,16472,14950,18178,17832,21273,21126,22651,21503,14598,15746,10025,12252,3040,5295,181083,174902,22886,22504,35588,34647,12340,6,6
2021-10-25T23:59:59+02:00,2065,1959,14406,13307,17180,15648,18703,18456,21720,21639,23021,21913,14795,15990,10148,12406,3102,5408,1783,1696,13452,12522,16469,14949,18177,17830,21270,21125,22650,21503,14598,15746,10025,12251,3039,5295,181079,174901,22886,22504,35588,34647,12322,6,6
2021-10-24T23:59:59+02:00,2065,1958,14403,13306,17177,15648,18702,18455,21720,21639,23021,21912,14793,15990,10148,12406,3102,5407,1782,1696,13452,12522,16468,14949,18176,17830,21269,21125,22648,21503,14598,15745,10025,12248,3038,5287,181067,174883,22885,22504,35588,34647,12321,6,6
2021-10-23T23:59:59+02:00,2065,1958,14402,13306,17176,15647,18702,18455,21719,21639,23021,21912,14793,15990,10148,12406,3102,5406,1782,1696,13452,12522,16468,14949,18176,17830,21269,21125,22648,21503,14598,15745,10025,12248,3038,5287,181062,174883,22885,22504,35588,34647,12321,6,6
2021-10-22T23:59:59+02:00,2045,1931,14342,13263,17119,15598,18662,18424,21687,21613,23002,21901,14787,15983,10147,12406,3102,5405,1768,1683,13420,12495,16447,14930,18162,17812,21258,21108,22642,21495,14597,15742,10022,12247,3037,5286,180635,174680,22883,22498,35588,34647,12320,6,6
2021-10-21T23:59:59+02:00,2036,1914,14274,13224,17057,15555,18622,18393,21665,21586,22976,21885,14783,15981,10144,12402,3100,5402,1758,1670,13377,12473,16415,14901,18140,17787,21250,21097,22630,21478,14592,15736,10020,12239,3036,5285,180257,174451,22881,22498,35588,34647,12282,6,6
2021-10-20T23:59:59+02:00,2021,1903,14252,13212,17044,15536,18611,18378,21656,21577,22967,21882,14780,15976,10143,12396,3098,5400,1743,1646,13313,12421,16381,14865,18114,17747,21237,21077,22611,21463,14586,15725,10014,12235,3034,5280,180095,174064,22881,22498,35588,34647,12277,6,6
2021-10-19T23:59:59+02:00,2007,1893,14237,13198,17033,15522,18606,18372,21651,21572,22958,21876,14776,15968,10140,12395,3098,5399,1732,1644,13291,12394,16366,14843,18104,17734,21224,21065,22602,21453,14585,15716,10008,12232,3032,5279,179986,173898,22881,22498,35588,34647,12255,6,6
2021-10-18T23:59:59+02:00,1993,1880,14219,13175,17018,15512,18601,18366,21644,21563,22953,21873,14772,15965,10140,12394,3098,5398,1723,1633,13269,12361,16349,14815,18090,17725,21215,21057,22596,21452,14578,15716,10003,12226,3030,5278,179872,173749,22880,22481,35588,34647,12233,6,6
2021-10-17T23:59:59+02:00,1992,1878,14219,13173,17018,15512,18601,18364,21642,21558,22953,21870,14772,15962,10140,12393,3097,5398,1722,1630,13268,12356,16343,14811,18088,17719,21212,21052,22594,21449,14577,15715,10002,12224,3028,5275,179850,173698,22880,22481,35588,34647,12233,6,6
2021-10-16T23:59:59+02:00,1992,1878,14219,13173,17018,15512,18601,18364,21642,21558,22953,21870,14772,15962,10140,12393,3097,5398,1722,1630,13268,12356,16343,14810,18088,17719,21212,21052,22594,21449,14577,15715,10002,12224,3028,5275,179850,173697,22880,22481,35588,34647,12233,6,6
2021-10-15T23:59:59+02:00,1985,1865,14177,13140,16986,15483,18582,18346,21627,21546,22944,21863,14771,15958,10139,12389,3097,5396,1679,1602,13202,12291,16296,14758,18053,17690,21184,21020,22573,21431,14566,15702,9998,12217,3027,5270,179628,173228,22862,22453,35588,34647,12225,6,6
2021-10-14T23:59:59+02:00,1973,1852,14123,13102,16938,15440,18554,18318,21604,21534,22930,21849,14761,15948,10137,12386,3093,5391,1620,1551,13087,12163,16239,14678,17990,17617,21144,20970,22540,21391,14550,15686,9991,12205,3025,5265,179290,172453,22843,22386,35588,34647,12221,6,5
2021-10-13T23:59:59+02:00,1963,1841,14092,13066,16917,15405,18530,18298,21593,21524,22918,21843,14756,15941,10135,12383,3093,5386,1599,1534,13042,12110,16198,14621,17952,17574,21125,20949,22520,21377,14541,15675,9987,12199,3021,5259,179072,172055,22843,22386,35588,34647,12190,6,5
2021-10-12T23:59:59+02:00,1957,1833,14069,13055,16899,15394,18525,18286,21586,21517,22913,21835,14753,15939,10135,12382,3093,5385,1591,1519,13015,12083,16176,14599,17940,17559,21116,20940,22510,21371,14533,15671,9985,12198,3020,5257,178972,171883,22843,22386,35588,34647,12162,6,5
2021-10-11T23:59:59+02:00,1944,1828,14049,13030,16891,15390,18518,18275,21580,21511,22908,21831,14751,15937,10134,12379,3093,5384,1587,1508,12987,12061,16158,14577,17922,17534,21105,20924,22506,21360,14528,15667,9981,12195,3020,5256,178854,171681,22843,22386,35588,34647,12157,6,5
2021-10-10T23:59:59+02:00,1940,1827,14042,13023,16881,15387,18511,18269,21578,21508,22906,21827,14750,15936,10134,12379,3093,5384,1583,1502,12975,12046,16142,14571,17914,17527,21103,20920,22501,21352,14525,15662,9980,12192,3019,5255,178823,171602,22843,22385,35588,34647,12130,6,5
2021-10-09T23:59:59+02:00,1940,1827,14041,13022,16880,15387,18511,18269,21578,21507,22906,21827,14750,15936,10134,12379,3093,5384,1583,1502,12975,12046,16142,14571,17914,17527,21103,20920,22501,21352,14525,15662,9980,12192,3019,5255,178819,171602,22843,22385,35588,34647,12130,6,5
2021-10-08T23:59:59+02:00,1927,1814,13989,12995,16851,15373,18492,18248,21558,21490,22892,21813,14745,15934,10129,12377,3093,5383,1560,1479,12928,12007,16115,14539,17881,17498,21078,20885,22483,21341,14520,15655,9978,12186,3019,5252,178551,171238,22843,22384,35588,34647,12130,6,5
2021-10-07T23:59:59+02:00,1906,1796,13940,12949,16813,15345,18460,18217,21531,21468,22874,21802,14740,15926,10122,12369,3092,5380,1527,1435,12862,11924,16063,14472,17835,17453,21043,20844,22464,21320,14507,15639,9969,12176,3018,5246,178191,170644,22843,22384,35588,34647,12117,6,5
2021-10-06T23:59:59+02:00,1898,1788,13898,12908,16808,15340,18457,18210,21528,21463,22867,21795,14737,15922,10120,12366,3091,5380,1510,1426,12827,11894,16058,14449,17827,17436,21031,20838,22459,21317,14506,15631,9967,12173,3018,5244,178044,170462,22840,22384,35588,34647,12113,6,5
2021-10-05T23:59:59+02:00,1884,1775,13865,12877,16777,15311,18430,18197,21508,21445,22860,21783,14725,15912,10116,12361,3090,5379,1494,1408,12766,11834,16010,14401,17788,17400,21006,20811,22439,21292,14493,15618,9966,12167,3016,5242,177842,170082,22838,22381,35588,34647,12036,6,5
2021-10-04T23:59:59+02:00,1871,1762,13843,12848,16762,15300,18419,18182,21499,21438,22852,21774,14721,15909,10113,12360,3090,5378,1488,1392,12722,11803,15982,14371,17775,17380,20994,20792,22435,21279,14488,15609,9965,12163,3014,5239,177698,169852,22838,22381,35588,34647,12006,6,5
2021-10-03T23:59:59+02:00,1870,1762,13841,12847,16761,15297,18419,18181,21497,21437,22851,21774,14721,15909,10113,12360,3090,5378,1488,1392,12721,11800,15977,14368,17774,17378,20993,20789,22435,21277,14488,15609,9963,12163,3014,5239,177687,169832,22838,22381,35588,34646,12004,6,5
2021-10-02T23:59:59+02:00,1869,1762,13840,12847,16761,15297,18419,18181,21497,21435,22850,21774,14721,15908,10113,12360,3089,5378,1488,1392,12720,11800,15977,14368,17774,17378,20993,20789,22435,21277,14488,15608,9963,12162,3014,5239,177680,169829,22838,22381,35588,34646,12004,6,5
2021-10-01T23:59:59+02:00,1861,1750,13805,12817,16722,15275,18396,18157,21476,21414,22835,21771,14717,15906,10110,12358,3088,5377,1476,1384,12687,11776,15945,14341,17751,17358,20970,20774,22420,21270,14484,15607,9961,12161,3013,5239,177469,169635,22837,22381,35588,34646,11950,6,5
2021-09-30T23:59:59+02:00,1843,1733,13736,12775,16660,15229,18361,18116,21449,21394,22812,21750,14702,15897,10107,12350,3086,5375,1456,1351,12608,11714,15884,14276,17724,17309,20931,20747,22388,21255,14465,15592,9956,12154,3012,5237,177120,169188,22837,22381,35588,34646,11839,6,5
2021-09-29T23:59:59+02:00,1832,1721,13684,12737,16620,15195,18332,18086,21425,21376,22797,21730,14696,15889,10103,12344,3084,5374,1443,1336,12565,11679,15848,14237,17700,17284,20915,20730,22381,21248,14464,15586,9954,12148,3011,5234,176829,168951,22837,22381,35588,34646,11780,6,5
2021-09-28T23:59:59+02:00,1823,1717,13672,12709,16615,15183,18320,18076,21417,21367,22792,21728,14694,15883,10099,12341,3081,5370,1414,1313,12529,11642,15827,14216,17684,17265,20900,20716,22375,21239,14461,15583,9954,12144,3009,5232,176692,168693,22837,22381,35588,34646,11778,6,5
2021-09-27T23:59:59+02:00,1816,1711,13655,12678,16602,15163,18309,18062,21404,21358,22788,21721,14692,15878,10096,12338,3079,5369,1402,1303,12516,11609,15803,14202,17673,17253,20896,20710,22369,21233,14456,15575,9953,12142,3008,5229,176531,168527,22835,22381,35588,34646,11773,6,5
2021-09-26T23:59:59+02:00,1807,1708,13639,12664,16591,15154,18301,18057,21398,21344,22778,21717,14691,15874,10093,12331,3076,5364,1401,1298,12504,11600,15796,14198,17669,17252,20894,20706,22367,21231,14455,15574,9951,12140,3007,5229,176401,168470,22835,22380,35588,34646,11771,6,5
2021-09-25T23:59:59+02:00,1807,1708,13639,12664,16591,15154,18301,18057,21398,21344,22778,21717,14691,15874,10093,12331,3076,5364,1401,1298,12504,11599,15796,14198,17669,17252,20894,20706,22367,21231,14455,15574,9951,12140,3007,5229,176401,168469,22835,22380,35588,34646,11771,6,5
2021-09-24T23:59:59+02:00,1795,1702,13602,12608,16556,15117,18276,18036,21376,21321,22760,21707,14687,15869,10091,12328,3076,5363,1385,1284,12474,11557,15766,14166,17649,17225,20874,20692,22351,21219,14447,15565,9945,12134,3006,5227,176160,168239,22834,22380,35588,34646,11696,6,5
2021-09-23T23:59:59+02:00,1771,1683,13543,12547,16505,15059,18234,17996,21338,21289,22739,21677,14679,15859,10088,12322,3075,5357,1376,1277,12437,11529,15743,14140,17629,17211,20850,20679,22336,21207,14438,15556,9938,12131,3005,5223,175716,168043,22834,22380,35588,34646,11631,6,5
2021-09-22T23:59:59+02:00,1758,1669,13488,12501,16477,15026,18215,17960,21327,21268,22726,21668,14667,15851,10084,12318,3071,5354,1372,1272,12398,11505,15718,14121,17610,17183,20841,20657,22326,21197,14429,15544,9935,12126,3005,5223,175389,167805,22833,22380,35588,34646,11626,6,5
2021-09-21T23:59:59+02:00,1752,1665,13452,12479,16443,14998,18197,17930,21314,21249,22719,21659,14664,15844,10076,12315,3070,5349,1368,1265,12370,11482,15701,14096,17594,17159,20829,20646,22320,21187,14427,15539,9934,12120,3004,5222,175209,167682,22833,22378,35588,34646,11552,6,5
2021-09-20T23:59:59+02:00,1745,1659,13432,12452,16425,14974,18177,17915,21299,21240,22717,21652,14658,15837,10073,12307,3070,5347,1365,1261,12359,11472,15696,14081,17585,17149,20824,20640,22320,21182,14422,15530,9932,12118,3004,5220,175072,167627,22818,22373,35587,34646,11509,6,5
2021-09-19T23:59:59+02:00,1742,1653,13414,12436,16401,14951,18162,17911,21292,21232,22708,21642,14649,15832,10070,12302,3068,5342,1364,1261,12353,11469,15680,14064,17573,17147,20819,20634,22313,21178,14414,15528,9930,12114,3003,5219,174988,167618,22818,22372,35586,34646,11422,6,5
2021-09-18T23:59:59+02:00,1742,1650,13404,12431,16395,14945,18157,17906,21291,21230,22706,21641,14649,15832,10070,12302,3068,5341,1287,1186,12215,11297,15604,13953,17516,17077,20774,20596,22289,21150,14403,15513,9920,12102,3003,5217,174947,166663,22818,22372,35586,34646,11416,6,5
2021-09-17T23:59:59+02:00,1699,1603,13296,12332,16335,14862,18098,17842,21248,21182,22677,21615,14638,15816,10062,12290,3066,5335,1280,1181,12167,11249,15565,13921,17462,17026,20760,20572,22273,21132,14399,15501,9915,12096,3002,5216,174339,166575,22715,22129,35586,34646,11362,6,5
2021-09-16T23:59:59+02:00,1665,1559,13208,12236,16281,14781,18038,17781,21205,21127,22647,21579,14623,15797,10046,12278,3063,5331,1271,1176,12139,11225,15550,13904,17441,17002,20756,20554,22265,21121,14397,15497,9911,12094,3002,5215,173629,166419,22715,22129,35586,34646,11321,6,5
2021-09-15T23:59:59+02:00,1644,1541,13157,12198,16246,14750,18015,17746,21183,21101,22637,21566,14615,15784,10036,12271,3059,5321,1269,1168,12113,11208,15522,13881,17426,16974,20741,20539,22255,21110,14389,15492,9907,12093,3002,5211,173328,166273,22715,22129,35586,34646,11247,6,5
2021-09-14T23:59:59+02:00,1632,1529,13111,12161,16222,14726,17991,17719,21174,21079,22622,21557,14609,15773,10026,12262,3058,5320,1258,1161,12083,11171,15502,13858,17402,16947,20727,20523,22246,21095,14378,15486,9900,12092,3002,5210,173076,166060,22714,22129,35586,34646,11201,6,5
2021-09-13T23:59:59+02:00,1617,1512,13049,12112,16185,14688,17958,17684,21155,21054,22602,21540,14601,15768,10021,12254,3056,5319,1250,1155,12045,11140,15478,13834,17387,16934,20715,20509,22226,21089,14375,15478,9897,12085,3000,5208,172754,165897,22714,22129,35585,34646,11128,6,5
2021-09-12T23:59:59+02:00,1617,1510,13048,12109,16182,14688,17957,17681,21153,21053,22601,21538,14601,15767,10018,12250,3056,5315,1250,1155,12042,11136,15476,13834,17386,16933,20715,20509,22226,21088,14374,15478,9897,12084,3000,5208,172726,165886,22714,22129,35585,34646,11125,6,5
2021-09-11T23:59:59+02:00,1617,1510,13048,12109,16182,14688,17956,17681,21153,21053,22601,21538,14601,15767,10018,12250,3056,5315,1250,1155,12041,11136,15476,13834,17385,16933,20715,20509,22226,21088,14374,15478,9897,12084,3000,5208,172726,165885,22714,22129,35585,34646,11124,6,5
2021-09-10T23:59:59+02:00,1584,1479,13000,12067,16140,14640,17923,17644,21121,21017,22574,21520,14593,15753,10014,12245,3055,5312,1249,1154,12035,11126,15465,13822,17375,16928,20704,20498,22220,21083,14369,15470,9895,12080,3000,5205,172340,165851,22714,22128,35585,34646,11048,6,5
2021-09-09T23:59:59+02:00,1540,1425,12890,11979,16065,14543,17869,17579,21073,20970,22538,21490,14570,15725,10003,12235,3053,5309,1233,1132,11994,11089,15437,13792,17354,16899,20687,20480,22198,21068,14363,15459,9890,12074,2997,5205,171599,165608,22712,22127,35585,34645,10966,6,5
2021-09-08T23:59:59+02:00,1521,1412,12851,11933,16042,14512,17842,17546,21052,20951,22524,21477,14565,15715,9999,12228,3053,5306,1217,1125,11956,11045,15413,13764,17328,16872,20666,20460,22179,21048,14351,15451,9881,12067,2995,5203,171378,165384,22712,22126,35585,34645,10861,5,5
2021-09-07T23:59:59+02:00,1489,1384,12771,11863,15966,14466,17797,17495,21020,20930,22502,21450,14552,15707,9999,12222,3051,5301,1208,1115,11907,11010,15365,13741,17299,16850,20642,20440,22166,21033,14338,15445,9881,12062,2994,5203,170935,165185,22708,22120,35585,34645,10744,5,5
2021-09-06T23:59:59+02:00,1475,1362,12744,11835,15945,14439,17789,17481,21006,20918,22493,21442,14546,15697,9999,12217,3050,5298,1207,1112,11898,10996,15362,13730,17295,16846,20640,20438,22160,21030,14335,15443,9881,12058,2994,5203,170707,165114,22707,22120,35585,34645,10744,5,5
2021-09-05T23:59:59+02:00,1475,1361,12744,11832,15944,14437,17785,17479,21006,20917,22491,21441,14546,15695,9996,12216,3050,5298,1207,1112,11896,10996,15361,13728,17293,16844,20638,20438,22159,21030,14335,15443,9881,12058,2994,5202,170688,165105,22707,22120,35585,34645,10740,5,5
2021-09-04T23:59:59+02:00,1475,1361,12744,11832,15944,14437,17785,17479,21006,20916,22491,21441,14546,15694,9996,12216,3050,5298,1207,1112,11896,10996,15361,13728,17293,16844,20638,20437,22159,21030,14335,15442,9881,12058,2994,5202,170688,165105,22707,22120,35585,34645,10738,5,5
2021-09-03T23:59:59+02:00,1452,1333,12681,11768,15910,14390,17747,17444,20974,20888,22468,21416,14531,15680,9990,12207,3047,5296,1160,1047,11793,10903,15311,13667,17264,16801,20609,20413,22137,21011,14322,15434,9876,12050,2993,5201,170315,164605,22707,22120,35585,34640,10622,5,5
2021-09-02T23:59:59+02:00,1442,1324,12630,11742,15863,14350,17721,17411,20945,20865,22448,21404,14523,15657,9981,12201,3045,5294,1150,1046,11762,10881,15283,13640,17241,16776,20589,20397,22126,21002,14319,15419,9872,12046,2992,5199,170083,164497,22707,22120,35585,34640,10478,5,5
2021-09-01T23:59:59+02:00,1435,1320,12599,11721,15848,14325,17714,17398,20942,20862,22443,21401,14521,15650,9979,12197,3044,5292,1145,1043,11751,10862,15274,13628,17232,16769,20585,20391,22122,20995,14317,15419,9871,12044,2992,5199,169934,164401,22706,22120,35585,34640,10473,5,5
2021-08-31T23:59:59+02:00,1422,1305,12545,11685,15819,14278,17689,17373,20917,20847,22421,21391,14514,15646,9978,12192,3043,5292,1141,1037,11703,10828,15243,13589,17205,16733,20562,20371,22097,20980,14312,15418,9866,12041,2991,5198,169759,164238,22706,22119,35585,34640,10313,5,5
2021-08-30T23:59:59+02:00,1415,1303,12532,11660,15802,14262,17675,17362,20895,20829,22412,21380,14507,15641,9974,12187,3043,5290,1129,1026,11667,10789,15213,13561,17193,16710,20539,20356,22089,20971,14306,15415,9862,12036,2991,5197,169690,164092,22706,22119,35585,34640,10194,5,5
2021-08-29T23:59:59+02:00,1415,1303,12530,11660,15799,14262,17674,17362,20895,20829,22412,21380,14507,15641,9974,12187,3043,5290,1128,1026,11666,10787,15209,13560,17193,16710,20537,20356,22089,20971,14306,15415,9862,12036,2991,5197,169686,164083,22706,22119,35585,34640,10192,5,5
2021-08-28T23:59:59+02:00,1415,1303,12530,11660,15799,14262,17674,17362,20895,20829,22412,21380,14507,15641,9974,12187,3043,5290,1128,1026,11665,10787,15209,13560,17192,16710,20537,20356,22089,20971,14306,15415,9862,12036,2991,5197,169686,164081,22706,22119,35585,34640,10192,5,5
2021-08-27T23:59:59+02:00,1414,1297,12505,11641,15775,14240,17655,17339,20875,20820,22396,21366,14501,15635,9970,12181,3042,5288,1125,1023,11649,10776,15187,13544,17177,16694,20520,20348,22074,20958,14300,15410,9856,12029,2990,5195,169617,164054,22706,22119,35585,34639,10038,5,5
2021-08-26T23:59:59+02:00,1410,1293,12468,11615,15741,14212,17628,17325,20848,20801,22382,21353,14492,15630,9966,12175,3041,5286,1113,1010,11587,10711,15129,13492,17135,16665,20488,20322,22057,20936,14286,15397,9848,12025,2987,5193,169534,163772,22706,22118,35585,34639,9847,5,5
2021-08-25T23:59:59+02:00,1405,1290,12451,11598,15722,14198,17615,17309,20840,20791,22377,21343,14490,15623,9965,12172,3040,5286,1096,996,11525,10649,15078,13451,17114,16634,20477,20305,22042,20925,14281,15390,9845,12023,2985,5190,169409,163423,22706,22118,35585,34639,9821,5,5
2021-08-24T23:59:59+02:00,1397,1281,12423,11576,15695,14163,17598,17292,20824,20777,22360,21330,14484,15611,9960,12163,3036,5284,1089,990,11492,10626,15044,13411,17088,16618,20456,20282,22017,20915,14273,15378,9839,12015,2984,5188,169307,163282,22706,22118,35585,34639,9661,5,5
2021-08-23T23:59:59+02:00,1395,1277,12394,11559,15664,14137,17565,17274,20794,20767,22344,21316,14467,15598,9957,12159,3035,5283,1075,984,11425,10569,14983,13358,17042,16589,20420,20258,21995,20897,14253,15367,9834,12008,2983,5186,169267,163032,22705,22117,35585,34639,9433,5,5
2021-08-22T23:59:59+02:00,1394,1277,12393,11557,15661,14136,17565,17274,20793,20765,22343,21316,14466,15598,9957,12159,3035,5283,1074,984,11425,10565,14980,13356,17041,16587,20419,20258,21994,20897,14252,15367,9834,12008,2983,5186,169257,163020,22705,22116,35585,34639,9430,5,5
2021-08-21T23:59:59+02:00,1315,1202,12234,11365,15583,14012,17502,17188,20751,20723,22311,21272,14456,15582,9949,12146,3034,5279,1044,958,11328,10474,14916,13302,17004,16544,20388,20233,21972,20867,14240,15355,9827,11997,2981,5182,168192,162432,22705,22109,35585,34639,9427,5,5
2021-08-20T23:59:59+02:00,1309,1202,12211,11338,15567,13997,17479,17169,20744,20713,22302,21265,14453,15574,9949,12143,3034,5279,1036,953,11221,10399,14825,13227,16903,16438,20327,20178,21937,20834,14228,15336,9819,11992,2980,5182,168188,162348,22537,21414,35585,34625,9423,5,5
2021-08-19T23:59:59+02:00,1305,1198,12146,11287,15471,13947,17402,17114,20692,20674,22265,21221,14435,15559,9940,12130,3033,5275,1024,940,11118,10301,14716,13152,16803,16361,20267,20130,21897,20781,14205,15321,9810,11979,2978,5175,168072,162011,22537,21414,35585,34624,8904,5,5
2021-08-18T23:59:59+02:00,1298,1196,12125,11273,15460,13936,17395,17104,20682,20663,22263,21213,14433,15554,9938,12129,3033,5275,1012,934,11076,10261,14685,13127,16772,16333,20252,20118,21887,20777,14198,15314,9809,11978,2978,5175,167954,161745,22537,21414,35585,34624,8898,5,5
2021-08-17T23:59:59+02:00,1290,1190,12094,11248,15431,13910,17374,17079,20663,20652,22254,21198,14426,15550,9930,12126,3032,5274,998,922,10980,10193,14630,13069,16728,16290,20221,20094,21865,20754,14191,15306,9802,11967,2975,5175,167803,161320,22537,21412,35585,34623,8800,5,5
2021-08-16T23:59:59+02:00,1287,1186,12070,11223,15411,13888,17358,17063,20639,20628,22235,21189,14416,15539,9928,12123,3030,5273,978,904,10911,10120,14569,13005,16689,16252,20184,20060,21841,20734,14174,15293,9797,11953,2970,5172,167741,160940,22537,21411,35585,34623,8627,5,5
2021-08-15T23:59:59+02:00,1286,1186,12067,11222,15409,13886,17357,17062,20638,20627,22233,21188,14416,15539,9928,12123,3030,5272,977,904,10909,10111,14557,12999,16685,16250,20181,20059,21841,20734,14174,15293,9797,11953,2970,5172,167725,160902,22537,21410,35585,34623,8626,5,5
2021-08-14T23:59:59+02:00,1286,1186,12067,11221,15409,13886,17357,17062,20638,20627,22233,21188,14416,15539,9928,12123,3030,5272,964,900,10874,10076,14531,12976,16669,16233,20175,20050,21836,20730,14174,15293,9797,11953,2969,5172,167725,160708,22537,21410,35584,34623,8626,5,5
2021-08-13T23:59:59+02:00,1218,1112,11974,11116,15371,13842,17325,17016,20609,20601,22207,21164,14408,15528,9921,12116,3029,5270,942,890,10802,10015,14488,12918,16628,16196,20158,20028,21818,20715,14168,15280,9793,11945,2968,5171,167174,160350,22537,21409,35584,34623,8536,5,5
2021-08-12T23:59:59+02:00,1215,1107,11952,11106,15344,13822,17302,16987,20586,20585,22184,21140,14397,15516,9913,12108,3029,5267,928,877,10729,9945,14431,12854,16577,16151,20129,20006,21786,20685,14155,15265,9783,11933,2966,5167,167091,159979,22537,21408,35584,34623,8352,5,5
2021-08-11T23:59:59+02:00,1203,1100,11930,11082,15330,13812,17286,16974,20577,20575,22178,21130,14389,15511,9904,12103,3028,5265,884,852,10619,9840,14350,12765,16541,16106,20095,19978,21762,20673,14142,15250,9771,11920,2964,5163,166908,159291,22537,21405,35584,34622,8352,5,5
2021-08-10T23:59:59+02:00,1203,1088,11906,11065,15306,13797,17265,16960,20560,20561,22161,21118,14378,15506,9902,12099,3028,5263,872,841,10564,9787,14303,12729,16503,16083,20070,19955,21738,20651,14129,15238,9768,11917,2964,5159,166824,159014,22537,21405,35584,34622,8225,5,5
2021-08-09T23:59:59+02:00,1199,1081,11874,11035,15286,13778,17249,16940,20548,20551,22143,21108,14367,15502,9898,12093,3028,5261,863,827,10512,9728,14260,12694,16469,16052,20053,19939,21720,20643,14116,15230,9760,11910,2964,5154,166704,158742,22537,21405,35584,34622,8120,5,5
2021-08-08T23:59:59+02:00,1196,1080,11870,11030,15283,13777,17245,16938,20545,20547,22141,21107,14367,15500,9897,12092,3028,5261,863,827,10508,9727,14256,12689,16465,16049,20052,19938,21717,20642,14114,15230,9759,11909,2964,5154,166667,158714,22537,21402,35584,34622,8120,5,5
2021-08-07T23:59:59+02:00,1196,1080,11868,11028,15281,13772,17244,16936,20544,20545,22140,21107,14367,15499,9897,12091,3028,5261,863,827,10507,9726,14255,12688,16465,16047,20051,19937,21717,20639,14113,15230,9759,11909,2964,5154,166647,158702,22537,21402,35584,34622,8120,5,5
2021-08-06T23:59:59+02:00,1194,1078,11850,11018,15252,13759,17219,16921,20524,20527,22129,21098,14364,15495,9895,12087,3028,5261,863,827,10489,9715,14221,12676,16440,16031,20031,19922,21706,20630,14110,15226,9757,11905,2964,5154,166634,158692,22537,21401,35584,34621,7948,5,5
2021-08-05T23:59:59+02:00,1185,1069,11809,10986,15218,13736,17193,16887,20494,20507,22098,21079,14351,15476,9890,12079,3024,5260,863,827,10462,9702,14191,12656,16422,16011,20001,19907,21681,20615,14099,15215,9752,11900,2961,5153,166491,158662,22537,21399,35584,34620,7732,5,5
2021-08-04T23:59:59+02:00,1172,1060,11780,10954,15205,13719,17178,16874,20483,20495,22087,21066,14344,15471,9886,12077,3023,5259,862,827,10452,9686,14177,12647,16407,16004,19991,19899,21675,20613,14097,15214,9751,11900,2960,5152,166286,158587,22535,21370,35583,34620,7732,5,5
2021-08-03T23:59:59+02:00,1166,1055,11737,10920,15167,13694,17154,16842,20462,20475,22067,21044,14331,15453,9882,12074,3022,5258,861,822,10414,9666,14144,12630,16388,15984,19974,19887,21658,20600,14089,15196,9747,11898,2960,5152,166153,158544,22535,21368,35583,34618,7535,5,5
2021-08-02T23:59:59+02:00,1163,1053,11718,10903,15146,13672,17138,16823,20444,20465,22058,21033,14320,15442,9876,12072,3022,5256,861,821,10395,9651,14124,12607,16372,15965,19954,19878,21650,20588,14080,15184,9741,11896,2960,5150,166103,158502,22535,21367,35583,34617,7386,5,5
2021-08-01T23:59:59+02:00,1163,1053,11717,10899,15146,13672,17137,16822,20444,20464,22056,21033,14320,15441,9876,12072,3022,5255,861,821,10394,9650,14118,12606,16369,15965,19954,19877,21649,20587,14080,15184,9741,11896,2960,5150,166092,158490,22534,21365,35583,34616,7386,5,5
2021-07-31T23:59:59+02:00,1163,1053,11717,10899,15146,13672,17137,16822,20444,20464,22056,21033,14320,15441,9876,12072,3022,5255,861,821,10394,9649,14114,12603,16369,15965,19954,19875,21649,20587,14080,15184,9741,11896,2960,5150,166092,158481,22534,21364,35583,34616,7386,5,5
2021-07-30T23:59:59+02:00,1163,1053,11683,10885,15112,13649,17102,16794,20417,20445,22018,21014,14303,15433,9870,12064,3021,5254,861,819,10361,9637,14080,12579,16334,15937,19927,19856,21611,20567,14062,15176,9735,11888,2959,5149,166088,158477,22534,21364,35583,34614,7078,5,5
2021-07-29T23:59:59+02:00,1151,1045,11651,10856,15089,13627,17092,16781,20409,20434,22009,21008,14300,15432,9867,12062,3018,5253,860,817,10356,9628,14060,12571,16322,15928,19924,19854,21606,20566,14060,15173,9735,11888,2959,5149,165898,158404,22534,21362,35583,34613,7072,5,5
2021-07-28T23:59:59+02:00,1136,1039,11616,10811,15060,13597,17073,16762,20401,20421,21999,21001,14296,15430,9864,12060,3017,5252,859,816,10344,9618,14040,12555,16310,15918,19916,19850,21603,20564,14059,15171,9735,11887,2959,5149,165673,158327,22533,21361,35583,34611,7049,5,5
2021-07-27T23:59:59+02:00,1133,1038,11592,10796,15037,13578,17054,16753,20388,20402,21981,20982,14288,15417,9857,12056,3016,5250,858,816,10318,9608,14014,12530,16292,15909,19902,19831,21586,20543,14051,15159,9728,11883,2958,5148,165648,158300,22533,21361,35583,34611,6857,5,5
2021-07-26T23:59:59+02:00,1127,1026,11537,10735,14993,13541,17027,16731,20353,20371,21952,20966,14271,15408,9850,12048,3016,5249,858,814,10280,9582,13980,12500,16267,15893,19864,19796,21536,20514,14034,15149,9720,11874,2958,5147,165478,158239,22532,21360,35583,34551,6611,5,5
2021-07-25T23:59:59+02:00,1126,1025,11535,10731,14989,13540,17026,16730,20352,20371,21952,20966,14270,15408,9850,12048,3016,5249,858,814,10277,9569,13974,12493,16262,15891,19862,19796,21536,20514,14034,15149,9720,11874,2958,5146,165464,158204,22529,21356,35583,34551,6611,5,5
2021-07-24T23:59:59+02:00,1126,1025,11532,10728,14987,13539,17026,16729,20350,20369,21952,20965,14270,15408,9850,12048,3016,5249,858,814,10158,9461,13806,12351,15840,15526,19712,19673,21518,20488,14020,15134,9713,11866,2958,5145,165456,158183,22524,19693,35583,34551,6609,5,5
2021-07-23T23:59:59+02:00,1102,1012,11418,10654,14904,13479,16973,16674,20308,20316,21914,20927,14254,15388,9840,12040,3014,5248,785,744,8417,8100,12405,11245,15350,15088,19420,19348,21303,20297,13942,15050,9656,11816,2953,5141,165036,150547,22524,19692,35583,34494,6322,5,5
2021-07-22T23:59:59+02:00,1080,1005,11350,10586,14847,13431,16935,16648,20288,20285,21897,20902,14229,15373,9823,12030,3012,5245,706,670,7891,7628,11787,10745,14633,14487,19225,19175,21145,20121,13863,14964,9624,11767,2944,5129,164680,146151,22524,19690,35583,34481,6177,5,5
2021-07-21T23:59:59+02:00,1067,996,11305,10536,14809,13398,16904,16619,20270,20268,21879,20891,14218,15368,9821,12022,3010,5243,706,670,7886,7620,11774,10735,14626,14485,19218,19174,21090,20084,13860,14962,9624,11766,2943,5127,164343,146113,22524,19681,35583,34379,6172,5,5
2021-07-20T23:59:59+02:00,1054,981,11254,10497,14778,13371,16871,16602,20245,20248,21854,20873,14207,15355,9819,12016,3009,5242,706,670,7875,7614,11760,10727,14619,14478,19208,19170,21082,20080,13859,14960,9624,11766,2943,5127,164037,146081,22524,19681,35583,34371,6130,5,5
2021-07-19T23:59:59+02:00,1041,965,11204,10447,14749,13337,16849,16583,20226,20228,21841,20865,14201,15351,9815,12007,3007,5238,706,670,7870,7611,11754,10723,14615,14477,19205,19170,21068,20064,13857,14959,9623,11764,2943,5127,163718,146055,22524,19679,35583,34340,6127,5,5
2021-07-18T23:59:59+02:00,1041,965,11203,10447,14749,13335,16847,16581,20226,20227,21841,20865,14200,15351,9815,12007,3007,5238,706,670,7867,7607,11745,10716,14611,14474,19204,19169,21057,20059,13857,14959,9623,11764,2943,5127,163709,146027,22524,19678,35583,34321,6127,5,5
2021-07-17T23:59:59+02:00,1039,965,11157,10420,14689,13291,16809,16552,20190,20213,21815,20842,14189,15338,9812,12004,3007,5237,706,670,7792,7548,11600,10585,14418,14307,18777,18849,20859,19885,13829,14918,9608,11741,2940,5121,163680,146019,22517,18020,35582,34321,5788,5,5
2021-07-16T23:59:59+02:00,1018,948,10964,10282,14586,13193,16708,16475,20113,20148,21763,20794,14162,15313,9797,11997,3003,5232,691,649,7521,7349,10676,9955,13952,13996,18551,18653,19997,19226,13663,14704,9499,11609,2924,5097,163356,142588,21980,18010,35582,32534,5575,5,5
2021-07-15T23:59:59+02:00,994,932,10907,10219,14548,13162,16683,16454,20098,20131,21753,20785,14157,15309,9792,11993,3003,5228,686,642,7095,6981,8449,8222,13492,13603,18490,18595,19855,19089,13530,14562,9446,11547,2923,5087,163017,136221,21979,18005,35582,32496,5567,5,5
2021-07-14T23:59:59+02:00,968,914,10830,10133,14482,13102,16644,16409,20061,20095,21727,20763,14145,15297,9779,11978,2999,5226,643,602,6550,6530,7363,7360,12921,13154,18392,18501,19748,19000,13500,14525,9429,11530,2921,5084,162526,131852,21979,18001,35582,32433,5462,5,5
2021-07-13T23:59:59+02:00,949,893,10749,10061,14437,13058,16617,16378,20038,20074,21716,20750,14138,15286,9776,11971,2997,5224,643,602,6300,6253,6905,6975,12608,12886,18375,18479,19703,18963,13386,14416,9426,11526,2921,5081,162092,131807,21976,15749,35582,32428,5459,5,5
2021-07-12T23:59:59+02:00,929,881,10696,10011,14390,13014,16575,16348,20023,20062,21709,20744,14136,15281,9772,11967,2997,5221,634,596,6161,6159,6747,6855,12313,12641,17680,17912,19605,18884,13352,14391,9409,11504,2921,5077,161796,129268,21976,15745,35582,32424,5399,5,5
2021-07-11T23:59:59+02:00,929,881,10695,10010,14388,13013,16574,16348,20022,20062,21709,20744,14136,15281,9772,11967,2997,5221,634,596,6157,6156,6744,6852,12312,12641,17680,17912,19604,18883,13352,14391,9409,11503,2920,5075,161793,129259,21976,15745,35582,32417,5395,5,5
2021-07-10T23:59:59+02:00,926,876,10688,9997,14381,13006,16567,16348,20020,20055,21703,20739,14136,15280,9772,11967,2997,5221,634,595,6150,6148,6734,6847,12309,12637,17679,17907,19599,18880,13351,14391,9409,11503,2920,5075,161727,129209,21975,15745,35582,32417,5392,5,5
2021-07-09T23:59:59+02:00,912,860,10638,9954,14347,12978,16531,16318,19986,20032,21675,20717,14117,15265,9757,11959,2996,5218,24,17,5341,5415,6602,6747,12149,12533,17448,17801,19393,18747,13287,14318,9382,11484,2917,5072,161543,126305,21974,15745,35582,31464,5158,5,5
2021-07-08T23:59:59+02:00,910,860,10578,9910,14261,12923,16467,16268,19935,19985,21647,20693,14104,15248,9751,11946,2995,5212,16,11,5211,5306,6386,6571,11711,12191,16939,17428,19133,18560,13224,14234,9356,11448,2911,5060,161523,124380,21973,15742,35582,30957,4612,5,5
2021-07-07T23:59:59+02:00,909,860,10575,9903,14257,12918,16465,16266,19935,19982,21646,20692,14104,15248,9751,11946,2995,5212,13,10,5070,5124,5910,6161,10506,11207,16885,17363,19079,18515,13207,14212,9347,11445,2907,5050,161505,120708,21970,15740,35582,30954,4604,5,5
2021-07-06T23:59:59+02:00,909,860,10572,9902,14251,12915,16463,16266,19935,19982,21646,20691,14104,15246,9751,11946,2995,5212,13,10,5051,5117,5903,6154,10506,11207,16883,17363,19077,18515,13207,14210,9347,11445,2907,5050,161496,120685,21965,15737,35582,30938,4600,5,5
2021-07-05T23:59:59+02:00,909,860,10566,9897,14233,12912,16453,16264,19934,19982,21644,20691,14104,15246,9751,11946,2995,5212,13,10,5042,5114,5884,6151,10496,11204,16880,17363,19075,18514,13207,14210,9347,11445,2906,5050,161486,120678,21965,15734,35582,30931,4563,5,5
2021-07-04T23:59:59+02:00,909,860,10556,9888,14232,12907,16452,16264,19933,19981,21643,20690,14104,15246,9751,11945,2994,5211,13,10,5009,5074,5798,6073,10369,11090,16873,17360,19074,18509,13202,14208,9345,11440,2903,5048,161478,120199,21964,15733,35582,30922,4539,5,5
2021-07-03T23:59:59+02:00,828,791,8640,8364,12764,11750,15982,15807,19648,19681,21474,20526,14030,15170,9697,11899,2988,5207,7,8,4900,4948,5525,5817,10131,10875,16728,17221,18883,18358,13177,14174,9335,11430,2901,5046,153170,118644,21964,15733,35582,30555,4527,5,5
2021-07-02T23:59:59+02:00,828,789,8639,8358,12758,11746,15979,15806,19646,19681,21474,20526,14029,15169,9697,11898,2987,5206,6,7,4048,4097,4884,5167,9152,9881,16357,16744,18400,17820,12828,13853,9275,11354,2899,5037,153152,114127,21962,15733,35581,27426,4518,5,5
2021-07-01T23:59:59+02:00,808,770,8431,8192,12676,11668,15945,15774,19634,19667,21463,20509,14025,15165,9692,11890,2984,5200,1,1,2236,2422,4450,4792,8658,9448,15727,16202,17846,17381,12770,13787,9245,11299,2884,5007,152457,106548,21962,15730,35581,27384,4490,5,4
2021-06-30T23:59:59+02:00,753,720,8185,8009,12502,11517,15831,15679,19569,19600,21424,20462,14006,15139,9679,11877,2983,5195,0,1,2180,2386,4359,4675,8551,9349,15529,16063,17110,16879,12117,13141,9186,11230,2877,5001,151110,106483,21960,15729,35580,23941,4477,5,4
2021-06-29T23:59:59+02:00,753,720,8177,8001,12498,11509,15827,15679,19567,19600,21424,20462,14006,15139,9679,11877,2983,5195,0,1,2157,2374,4336,4633,8528,9302,15493,16004,17034,16794,11762,12803,9158,11196,2874,4993,151093,106466,21957,15726,35579,22782,4464,5,4
2021-06-28T23:59:59+02:00,753,720,8173,7997,12489,11502,15822,15678,19567,19600,21424,20462,14005,15139,9679,11877,2983,5195,0,1,2149,2348,4289,4518,8453,9140,15372,15724,16867,16523,11454,12499,9135,11169,2873,4989,151073,106454,21956,15726,35579,20865,4454,5,4
2021-06-27T23:59:59+02:00,753,720,8170,7991,12484,11498,15819,15677,19564,19600,21424,20462,14005,15139,9679,11876,2983,5195,0,1,2139,2344,4279,4515,8271,8985,15351,15708,16865,16518,11448,12498,9134,11167,2873,4989,151062,106055,21954,15724,35578,20860,4442,5,4
2021-06-26T23:59:59+02:00,745,716,7959,7781,12008,11091,14703,14686,19314,19400,21321,20343,13962,15088,9666,11847,2980,5192,0,1,2099,2302,4223,4460,8173,8876,15089,15449,16803,16471,11430,12479,9122,11162,2873,4987,148584,104990,20196,15703,35577,20860,4442,5,4
2021-06-25T23:59:59+02:00,726,698,7932,7757,11994,11080,14703,14679,19307,19395,21317,20342,13962,15088,9665,11845,2980,5192,0,0,1969,2125,3933,4155,6649,7440,12429,13253,16726,16383,11402,12450,9111,11138,2867,4972,148444,96108,20196,15622,35577,20826,4442,5,4
2021-06-24T23:59:59+02:00,714,681,7449,7345,10913,10176,14171,14243,19236,19333,21269,20299,13940,15059,9652,11832,2979,5189,0,0,1904,2057,3572,3814,5882,6766,12181,13042,16480,16175,11298,12323,9021,11011,2856,4938,144279,94871,20191,13237,35576,20777,4431,5,4
2021-06-23T23:59:59+02:00,714,681,7447,7340,10907,10172,14170,14242,19236,19332,21269,20298,13940,15059,9652,11832,2979,5189,0,0,1760,1894,3087,3414,4532,5593,11878,12776,16359,16057,11252,12283,9008,10984,2855,4931,144263,90243,20188,13233,35575,20753,4430,5,4
2021-06-22T23:59:59+02:00,714,681,7398,7311,10835,10123,14144,14216,19219,19317,21258,20291,13934,15049,9649,11829,2979,5189,0,0,1710,1863,3006,3360,4492,5559,11849,12737,16291,16006,11044,12092,8756,10683,2845,4900,144248,90223,20188,13227,35573,19615,4124,5,4
2021-06-21T23:59:59+02:00,712,681,7267,7244,10705,10023,13863,13964,18467,18698,21168,20215,13899,15017,9630,11804,2979,5186,0,0,1666,1838,2963,3323,4462,5529,11802,12703,16274,15989,11035,12081,8749,10675,2844,4899,141857,90097,20185,13224,35573,19603,3904,5,4
2021-06-20T23:59:59+02:00,712,681,7267,7239,10699,10020,13862,13964,18467,18698,21168,20215,13899,15017,9630,11804,2979,5186,0,0,1638,1809,2915,3306,4397,5490,11740,12670,16212,15929,11016,12065,8746,10666,2840,4896,141843,89616,20184,13218,35573,19593,3904,5,4
2021-06-19T23:59:59+02:00,712,680,7233,7202,10593,9930,13681,13806,18051,18361,20983,20042,13881,14990,9618,11784,2976,5180,0,0,1607,1775,2876,3259,4317,5419,11404,12380,16174,15891,11007,12054,8744,10661,2838,4894,141800,88610,18423,13190,35573,19592,3904,5,4
2021-06-18T23:59:59+02:00,15,13,6426,6469,10585,9929,13680,13804,18049,18358,20983,20042,13881,14989,9618,11783,2975,5178,0,0,1478,1664,2637,3102,3686,4788,10260,11235,15962,15735,10965,12014,8721,10640,2824,4865,138884,83951,18422,13188,35573,19538,3895,5,4
2021-06-17T23:59:59+02:00,13,12,6355,6401,10467,9823,13356,13501,17662,18035,20871,19944,13862,14951,9606,11769,2967,5172,0,0,1397,1546,2481,2953,3329,4450,8649,9872,15448,15303,10789,11834,8665,10562,2807,4837,136991,78469,18421,13182,35572,19487,3780,5,4
2021-06-16T23:59:59+02:00,13,12,6348,6395,10455,9819,13354,13499,17659,18034,20870,19943,13862,14951,9605,11768,2967,5172,0,0,1344,1501,2379,2875,3145,4271,7559,8931,14948,14916,10707,11723,8629,10515,2796,4821,136957,74641,18418,13178,35572,19461,3776,5,4
2021-06-15T23:59:59+02:00,13,12,6316,6377,10414,9789,13324,13483,17639,18014,20856,19929,13853,14943,9602,11762,2964,5169,0,0,1263,1444,2252,2772,3028,4185,6635,8196,14746,14749,10682,11694,8616,10493,2787,4814,136942,74629,18417,10757,35571,19441,3525,5,4
2021-06-14T23:59:59+02:00,13,12,6298,6358,10379,9763,13303,13463,17622,17996,20837,19918,13842,14934,9599,11760,2964,5164,0,0,1237,1428,2216,2745,3006,4164,6619,8176,14725,14739,10669,11685,8613,10492,2786,4809,136924,74619,18416,10757,35571,19420,3309,5,4
2021-06-13T23:59:59+02:00,13,12,6297,6357,10376,9761,13303,13459,17622,17996,20837,19918,13841,14934,9599,11760,2964,5164,0,0,1233,1423,2212,2736,2996,4154,6602,8159,14625,14674,10656,11662,8607,10480,2783,4809,136914,74328,18416,10757,35571,19415,3307,5,4
2021-06-12T23:59:59+02:00,10,10,5517,5599,10331,9722,13269,13434,17594,17975,20810,19887,13759,14862,9599,11757,2963,5164,0,0,1225,1405,2199,2719,2976,4128,6528,8075,14453,14537,10427,11377,8126,9942,2781,4808,134963,73823,18416,10757,35571,17815,3307,5,4
2021-06-11T23:59:59+02:00,9,10,5513,5592,10321,9715,13254,13422,17587,17970,20805,19885,13759,14861,9599,11755,2963,5164,0,0,1150,1322,2080,2560,2805,3874,5019,6740,12733,13155,10287,11231,8039,9836,2774,4792,134888,66527,18416,10756,35571,17806,3304,5,4
2021-06-10T23:59:59+02:00,3,4,4525,4653,10153,9588,13141,13337,17331,17735,20564,19702,13749,14850,9593,11745,2960,5161,0,0,1095,1261,1965,2454,2641,3697,4411,6100,11566,12164,9986,10906,7954,9751,2762,4767,131580,61693,18412,10755,35571,17801,3227,4,4
2021-06-09T23:59:59+02:00,3,4,3941,4069,9948,9440,13051,13265,17019,17468,20336,19520,13734,14837,9588,11739,2959,5156,0,0,1022,1217,1865,2384,2546,3584,4084,5796,11143,11839,9856,10748,7908,9685,2751,4758,129237,61612,18397,8908,35571,17794,2868,4,4
2021-06-08T23:59:59+02:00,3,4,3929,4063,9935,9428,13039,13258,17012,17459,20328,19518,13732,14834,9587,11736,2958,5154,0,0,976,1209,1842,2367,2518,3570,4058,5776,11132,11836,9853,10743,7907,9683,2750,4756,129220,61494,18394,8900,35570,17789,2789,4,4
2021-06-07T23:59:59+02:00,3,4,3915,4054,9902,9416,13029,13239,16989,17446,20311,19507,13728,14830,9584,11732,2956,5152,0,0,965,1201,1807,2354,2508,3551,4034,5762,11114,11822,9850,10737,7904,9680,2748,4754,129204,61483,18392,8897,35568,17778,2629,4,4
2021-06-06T23:59:59+02:00,3,4,3911,4050,9896,9411,13027,13239,16986,17445,20310,19505,13726,14829,9584,11732,2956,5152,0,0,962,1198,1795,2352,2502,3542,4020,5755,10986,11678,9839,10730,7903,9680,2748,4754,129188,61158,18391,8896,35566,17769,2617,4,4
2021-06-05T23:59:59+02:00,2,1,3619,3751,7400,7408,12787,13054,16957,17416,20266,19464,13610,14685,9509,11641,2952,5140,0,0,887,1127,1634,2252,2336,3461,3793,5614,10084,10836,9451,10274,7790,9524,2740,4734,123215,57881,18391,8896,35566,17270,2486,4,4
2021-06-04T23:59:59+02:00,2,1,3553,3695,7248,7293,12318,12657,16818,17303,20031,19228,13492,14540,9451,11562,2938,5123,0,0,862,1062,1604,2147,2297,3294,3717,5356,9443,10156,8606,9253,7514,9120,2736,4723,120813,56404,18391,8894,35566,14109,2479,4,4
2021-06-03T23:59:59+02:00,2,1,3145,3310,7220,7277,12191,12539,16786,17261,19943,19161,13480,14523,9449,11559,2937,5122,0,0,835,993,1558,2023,2216,3094,3528,4975,8866,9541,7845,8381,7040,8504,2733,4715,119584,54776,18387,8892,35562,10806,2369,4,4
2021-06-02T23:59:59+02:00,0,1,2763,2996,6063,6342,11885,12302,16726,17210,19820,19055,13417,14467,9427,11538,2935,5114,0,0,820,958,1492,1999,2102,3056,3357,4872,7501,8457,7765,8302,7024,8476,2729,4710,115850,51663,18386,8892,35562,10802,2259,4,4
2021-06-01T23:59:59+02:00,0,1,2480,2696,5581,5911,11559,12018,16702,17187,19769,19018,13294,14344,9420,11534,2934,5111,0,0,803,951,1476,1988,2081,3043,3331,4853,7201,8133,7726,8268,7014,8461,2728,4710,115827,50977,16044,8872,35562,10792,2122,4,4
2021-05-31T23:59:59+02:00,0,1,2465,2692,5561,5903,11531,11996,16666,17175,19728,18996,13291,14340,9416,11532,2934,5109,0,0,787,943,1457,1978,2050,3023,3295,4839,7160,8111,7722,8263,7010,8459,2728,4708,115814,50962,16040,8866,35561,10784,1917,4,4
2021-05-30T23:59:59+02:00,0,1,2462,2690,5558,5899,11530,11995,16663,17174,19726,18995,13291,14340,9416,11532,2934,5109,0,0,786,939,1451,1975,2047,3021,3293,4837,7159,8111,7722,8263,7010,8458,2728,4708,115798,50954,16040,8866,35558,10769,1915,4,4
2021-05-29T23:59:59+02:00,0,1,2448,2676,5393,5745,11463,11938,16655,17168,19719,18994,13290,14338,9414,11532,2934,5109,0,0,750,889,1338,1880,1768,2769,2887,4415,6874,7839,7538,8039,6834,8230,2725,4702,115300,50307,16040,8866,35558,8385,1915,4,4
2021-05-28T23:59:59+02:00,0,1,2316,2551,4973,5352,10773,11319,16589,17106,19693,18965,13281,14324,9395,11503,2932,5100,0,0,729,866,1278,1826,1679,2699,2753,4310,5286,6144,7373,7843,6792,8174,2722,4692,112661,46012,16040,8865,35558,8375,1910,4,4
2021-05-27T23:59:59+02:00,0,1,2296,2531,4922,5285,10105,10749,16549,17074,19678,18954,13271,14314,9393,11501,2932,5100,0,0,676,774,1172,1752,1468,2558,2380,4004,4404,5232,7136,7533,6700,8057,2705,4673,111271,42221,16037,8859,35556,8353,1787,4,4
2021-05-26T23:59:59+02:00,0,1,2258,2470,4749,5107,9669,10388,16497,17021,19610,18900,13257,14295,9382,11499,2928,5087,0,0,660,731,1122,1719,1379,2478,2171,3832,4275,5094,6973,7319,6620,7958,2693,4659,109861,40817,16032,8858,35556,8339,1665,4,4
2021-05-25T23:59:59+02:00,0,1,2255,2462,4719,5090,9643,10362,16472,17003,19596,18893,13252,14293,9379,11496,2928,5087,0,0,653,718,1077,1701,1325,2432,2101,3772,3734,4516,6671,6976,6586,7921,2692,4657,109855,40809,16030,6903,35555,8329,1487,4,4
2021-05-24T23:59:59+02:00,0,1,2247,2455,4707,5084,9634,10356,16445,16982,19570,18868,13241,14282,9376,11486,2927,5083,0,0,644,713,1065,1694,1315,2425,2076,3752,3708,4491,6659,6965,6583,7911,2691,4653,109846,40802,16027,6903,35555,8324,1312,4,4
2021-05-23T23:59:59+02:00,0,1,2231,2425,4618,5010,9500,10234,16442,16981,19570,18866,13239,14280,9373,11482,2925,5082,0,0,643,710,1063,1693,1314,2425,2076,3752,3708,4489,6658,6965,6583,7911,2691,4653,109363,40795,16026,6902,35554,8321,1312,4,4
2021-05-22T23:59:59+02:00,0,1,2211,2406,4609,4993,9420,10153,16419,16967,19518,18823,13211,14250,9370,11476,2925,5081,0,0,642,708,1062,1690,1312,2422,2073,3747,3692,4475,5825,6065,6511,7830,2683,4648,108937,38846,16026,6902,35554,8321,1312,4,4
2021-05-21T23:59:59+02:00,0,1,2177,2373,4499,4906,9220,9976,16391,16934,19503,18816,13201,14241,9368,11474,2920,5070,0,0,631,681,1025,1622,1262,2299,1986,3567,3346,4040,4060,3956,6467,7764,2678,4633,108191,34834,16026,6902,35550,6978,1299,4,4
2021-05-20T23:59:59+02:00,0,1,2148,2332,4415,4845,8998,9743,16341,16882,19450,18765,13172,14207,9350,11457,2919,5065,0,0,577,578,900,1309,1090,1893,1765,3030,2787,3357,3221,2999,6420,7713,2674,4628,107334,32996,16022,6901,35541,3851,1189,4,4
2021-05-19T23:59:59+02:00,0,1,1988,2164,3915,4425,7618,8550,16068,16636,19327,18641,13124,14160,9340,11431,2917,5062,0,0,562,543,864,1253,1060,1843,1739,2976,2737,3313,3213,2987,6416,7710,2674,4627,102720,32971,16019,6899,35539,3558,1085,4,4
2021-05-18T23:59:59+02:00,0,1,1942,2113,3608,4135,6956,7950,15919,16520,19243,18558,13090,14126,9284,11357,2911,5048,0,0,555,540,857,1250,1051,1834,1709,2960,2728,3294,3208,2982,6412,7706,2674,4627,102699,32964,13548,6894,35535,3550,975,4,4
2021-05-17T23:59:59+02:00,0,1,1934,2105,3589,4121,6911,7926,15891,16502,19222,18539,13080,14104,9282,11356,2911,5048,0,0,547,533,837,1234,1008,1810,1681,2942,2705,3273,3196,2963,6412,7705,2674,4627,102692,32958,13545,6893,35533,3544,748,4,4
2021-05-16T23:59:59+02:00,0,1,1929,2102,3582,4115,6724,7762,15868,16483,19217,18534,13074,14103,9281,11355,2911,5048,0,0,547,533,836,1231,1007,1809,1681,2941,2703,3273,3196,2963,6412,7705,2674,4627,102268,32955,13541,6893,35529,3539,747,4,4
2021-05-15T23:59:59+02:00,0,1,1901,2066,3542,4077,6638,7659,15598,16215,19161,18492,13054,14084,9272,11350,2911,5046,0,0,547,533,836,1230,1007,1809,1679,2940,2703,3273,3195,2963,6411,7705,2674,4627,101246,32951,13541,6893,35529,3537,747,4,4
2021-05-14T23:59:59+02:00,0,1,1793,1922,3294,3829,5050,6178,12944,14016,19096,18406,13029,14054,9265,11337,2908,5040,0,0,547,532,832,1230,1007,1809,1678,2939,2697,3271,3190,2957,6408,7703,2674,4626,92355,32933,13541,6891,35527,3537,735,4,4
2021-05-13T23:59:59+02:00,0,1,1767,1874,3255,3780,4938,6076,12738,13832,18936,18278,12953,13959,9232,11286,2908,5039,0,0,541,529,825,1221,997,1796,1659,2920,2590,3178,2527,2150,4952,5904,2664,4608,91140,29917,13450,4871,35525,3536,733,4,4
2021-05-12T23:59:59+02:00,0,1,1767,1874,3253,3779,4938,6076,12738,13832,18935,18278,12952,13958,9232,11286,2908,5039,0,0,541,529,825,1221,996,1796,1659,2919,2587,3176,2527,2149,4952,5902,2664,4608,91135,29912,13450,4866,35524,3536,733,4,4
2021-05-11T23:59:59+02:00,0,1,1723,1831,3162,3701,4847,6009,11803,13100,18741,18119,12937,13937,9225,11272,2902,5035,0,0,540,527,822,1216,995,1795,1658,2918,2577,3171,2526,2147,4950,5901,2663,4608,91121,29901,10979,4854,35516,3530,725,4,4
2021-05-10T23:59:59+02:00,0,1,1706,1828,3155,3697,4840,6005,11802,13099,18740,18119,12937,13937,9225,11272,2902,5035,0,0,539,525,822,1216,994,1795,1657,2918,2577,3171,2525,2146,4950,5901,2663,4608,91108,29900,10972,4853,35491,3525,725,4,4
2021-05-09T23:59:59+02:00,0,1,1670,1782,3101,3682,4770,5970,11735,13078,18677,18059,12916,13918,9222,11262,2900,5033,0,0,536,522,812,1215,986,1789,1644,2915,2573,3170,2525,2144,4949,5900,2663,4607,90635,29895,10968,4852,35484,3514,685,4,4
2021-05-08T23:59:59+02:00,0,1,1637,1748,3065,3634,4693,5899,11398,12776,18644,18025,12909,13911,9221,11260,2898,5033,0,0,525,521,805,1215,975,1789,1636,2915,2557,3158,2524,2144,4949,5899,2662,4606,89611,29891,10968,4852,35484,3448,685,4,4
2021-05-07T23:59:59+02:00,0,1,1496,1625,2814,3463,4020,5236,10188,11582,18443,17874,12870,13877,9201,11243,2890,5026,0,0,436,371,682,988,829,1472,1491,2499,2388,2800,2515,2134,4945,5895,2659,4603,84840,29885,10967,4852,35472,1400,566,4,4
2021-05-06T23:59:59+02:00,0,1,1433,1456,2680,3331,3692,4925,8475,10099,17926,17450,12702,13709,9154,11171,2887,5018,0,0,322,314,576,888,693,1382,1244,2285,2173,2604,2463,2101,4943,5888,2659,4602,79296,29861,10966,4851,35455,33,388,4,4
2021-05-05T23:59:59+02:00,0,1,1377,1381,2593,3259,3515,4750,7321,9081,17418,17052,12615,13596,9122,11126,2878,5003,0,0,322,314,573,887,692,1380,1197,2232,2161,2597,2459,2099,4942,5884,2659,4598,75416,29849,10960,4850,35446,31,262,4,4
2021-05-04T23:59:59+02:00,0,1,1364,1379,2586,3251,3512,4749,7319,9080,17417,17051,12615,13596,9122,11126,2878,5003,0,0,322,313,572,886,690,1380,1197,2232,2161,2597,2458,2098,4942,5884,2659,4597,75404,29844,10948,4850,35432,29,261,4,4
2021-05-03T23:59:59+02:00,0,1,1362,1373,2577,3245,3509,4743,7241,9020,17403,17043,12611,13594,9122,11126,2877,5002,0,0,319,307,568,881,687,1375,1119,2172,2147,2589,2454,2096,4942,5884,2658,4596,75395,29842,10948,4850,35431,27,71,4,4
2021-05-02T23:59:59+02:00,0,1,1354,1369,2574,3239,3496,4734,7221,9000,17298,16975,12598,13569,9116,11115,2874,5002,0,0,317,306,567,880,687,1375,1119,2171,2145,2589,2454,2096,4941,5882,2658,4596,75086,29836,10947,4849,35430,26,68,4,4
2021-05-01T23:59:59+02:00,0,1,1350,1363,2565,3229,3486,4716,7162,8939,17155,16858,12573,13545,9104,11109,2874,5002,0,0,317,306,567,880,687,1375,1119,2171,2145,2589,2454,2096,4939,5882,2657,4594,74583,29831,10946,4849,35430,26,68,4,4
2021-04-30T23:59:59+02:00,0,1,1280,1285,2444,3062,3318,4443,5603,7538,15400,15422,12430,13385,9008,10992,2859,4969,0,0,317,306,566,879,686,1375,1116,2169,2142,2586,2453,2086,4925,5873,2649,4576,67047,29814,10946,4848,35430,26,12,4,4
2021-04-29T23:59:59+02:00,0,1,1226,1245,2342,2952,3182,4273,4992,6887,14223,14396,12118,13056,8917,10910,2845,4941,0,0,314,304,566,878,686,1374,1115,2169,2140,2584,2451,2082,4924,5869,2648,4574,62118,29792,10945,4845,35428,26,11,4,4
2021-04-28T23:59:59+02:00,0,1,1164,1228,2280,2912,3116,4192,4682,6597,13808,14080,11999,12911,8876,10851,2837,4935,0,0,313,304,563,876,683,1374,1113,2166,2138,2577,2448,2079,4921,5864,2645,4571,61995,29786,9039,4816,35427,25,4,4,4
2021-04-27T23:59:59+02:00,0,1,1145,1225,2274,2910,3112,4190,4680,6597,13807,14079,11998,12910,8876,10851,2837,4935,0,0,313,304,563,876,682,1372,1113,2166,2137,2577,2448,2077,4921,5864,2645,4571,61963,29784,9031,4812,35425,25,4,4,4
2021-04-26T23:59:59+02:00,0,1,1145,1222,2272,2909,3108,4190,4666,6583,13767,14046,11994,12907,8876,10850,2837,4934,0,0,313,304,563,875,681,1372,1113,2166,2135,2576,2448,2077,4920,5863,2645,4571,61950,29780,9027,4810,35323,25,3,4,4
2021-04-25T23:59:59+02:00,0,1,1144,1222,2265,2909,3105,4183,4653,6576,13629,13892,11984,12901,8875,10849,2837,4934,0,0,313,304,562,875,680,1371,1111,2164,2135,2576,2448,2077,4920,5863,2645,4571,61623,29776,9024,4807,35305,25,3,4,4
2021-04-24T23:59:59+02:00,0,1,1081,1177,2130,2822,2964,4126,4442,6459,12759,13087,11707,12571,8809,10746,2830,4921,0,0,313,304,562,875,679,1370,1111,2164,2135,2576,2447,2077,4916,5862,2645,4571,58299,29769,9023,4807,35303,24,3,4,4
2021-04-23T23:59:59+02:00,0,1,983,1157,1915,2794,2804,4092,4328,6346,11414,12027,11652,12508,8786,10699,2828,4918,0,0,312,304,562,875,678,1370,1110,2164,2133,2576,2446,2077,4915,5856,2645,4569,56812,29763,9022,4804,33412,19,2,4,4
2021-04-22T23:59:59+02:00,0,1,973,1148,1889,2780,2739,4066,4152,6227,10795,11515,11563,12420,8755,10652,2825,4913,0,0,311,303,562,875,678,1369,1108,2164,2132,2576,2446,2075,4913,5854,2645,4569,55116,29756,9021,4799,33270,19,2,4,4
2021-04-21T23:59:59+02:00,0,1,958,1133,1813,2755,2620,4031,4006,6152,9299,10353,11487,12351,8743,10628,2821,4910,0,0,310,303,561,875,677,1369,1107,2164,2132,2575,2442,2071,4910,5853,2644,4567,51941,29738,9020,4797,33094,19,2,4,4
2021-04-20T23:59:59+02:00,0,1,958,1132,1811,2753,2616,4027,4002,6151,9001,10030,11460,12326,8739,10618,2820,4909,0,0,310,303,561,875,677,1369,1107,2163,2131,2574,2442,2070,4908,5851,2643,4567,51238,29732,9017,4794,33093,19,2,4,4
2021-04-19T23:59:59+02:00,0,1,956,1129,1811,2750,2615,4026,3999,6149,9000,10029,11460,12326,8739,10617,2819,4909,0,0,310,303,559,874,677,1369,1106,2163,2129,2574,2442,2070,4908,5851,2643,4567,51228,29727,9012,4794,33089,18,2,4,4
2021-04-18T23:59:59+02:00,0,1,956,1128,1808,2750,2613,4024,3998,6149,9000,10029,11460,12326,8739,10615,2819,4908,0,0,310,303,559,874,676,1369,1106,2162,2129,2574,2442,2070,4908,5851,2643,4567,51219,29726,9011,4793,33087,18,2,4,4
2021-04-17T23:59:59+02:00,0,1,956,1127,1805,2744,2537,3933,3941,6067,8983,10011,11337,12174,8736,10613,2819,4907,0,0,305,297,555,867,668,1359,1088,2149,2082,2548,2396,2017,4858,5782,2637,4560,50587,29352,9011,4793,33087,17,2,4,4
2021-04-16T23:59:59+02:00,0,1,927,1093,1696,2661,2336,3799,3691,5891,7254,8198,11138,11929,8681,10550,2816,4893,0,0,298,293,540,848,635,1323,1006,2093,1856,2387,2247,1904,4671,5513,2575,4438,46236,29337,8936,3272,32376,12,2,4,4
2021-04-15T23:59:59+02:00,0,1,858,1043,1567,2573,2056,3646,3158,5562,6243,7232,10881,11591,8580,10427,2797,4870,0,0,298,293,539,847,633,1322,1005,2090,1621,2246,2095,1772,4484,5300,2521,4334,42429,29291,8933,2095,31717,8,2,4,4
2021-04-14T23:59:59+02:00,0,1,843,1014,1521,2536,1967,3565,2988,5426,6149,7120,10718,11383,8498,10327,2785,4856,0,0,278,284,505,820,562,1262,797,1947,1402,2122,2028,1697,4354,5136,2507,4306,41049,27898,8928,2095,31714,8,2,4,4
2021-04-13T23:59:59+02:00,0,1,838,1009,1509,2533,1943,3545,2957,5391,5625,6542,10418,11044,8467,10293,2784,4855,0,0,278,282,505,819,562,1262,797,1947,1401,2121,2025,1696,4354,5135,2507,4303,41037,27894,7002,2086,31709,8,2,4,4
2021-04-12T23:59:59+02:00,0,1,838,1007,1508,2530,1943,3545,2956,5390,5624,6542,10417,11043,8466,10293,2784,4855,0,0,278,281,505,819,560,1262,795,1946,1400,2121,2025,1696,4354,5134,2507,4303,41030,27888,6999,2084,31707,8,2,4,4
2021-04-11T23:59:59+02:00,0,1,838,1007,1506,2530,1941,3544,2955,5390,5624,6542,10415,11041,8466,10293,2784,4855,0,0,278,280,504,818,558,1262,794,1946,1398,2121,2025,1696,4354,5134,2507,4303,41026,27882,6998,2083,31703,8,1,4,4
2021-04-10T23:59:59+02:00,0,1,836,1004,1503,2526,1924,3532,2887,5325,5498,6445,10185,10822,8413,10243,2780,4854,0,0,278,279,504,817,557,1262,793,1946,1398,2121,2021,1692,4349,5125,2506,4300,40454,27852,6998,2083,31321,8,1,4,4
2021-04-09T23:59:59+02:00,0,1,798,971,1406,2471,1820,3474,2758,5271,5358,6380,7801,7993,8346,10149,2770,4836,0,0,278,279,502,816,555,1260,790,1946,1396,2117,2001,1670,4327,5106,2503,4295,34971,27745,6996,2083,30631,8,1,4,4
2021-04-08T23:59:59+02:00,0,1,797,968,1402,2468,1818,3471,2746,5262,5347,6366,7007,7075,8303,10098,2767,4833,0,0,276,278,502,815,555,1259,789,1946,1394,2116,1999,1670,4326,5103,2503,4295,33105,27731,6996,2082,30623,8,1,4,4
2021-04-07T23:59:59+02:00,0,1,747,948,1328,2398,1732,3402,2555,5155,4603,5882,6339,6434,8244,10037,2760,4827,0,0,276,278,502,815,555,1256,789,1946,1394,2116,1999,1670,4325,5103,2503,4294,33099,27729,6994,2081,27294,7,1,4,3
2021-04-06T23:59:59+02:00,0,1,715,941,1309,2362,1708,3361,2525,5109,4529,5805,5976,6077,8223,10013,2755,4821,0,0,276,277,502,814,555,1256,788,1946,1394,2116,1999,1669,4325,5103,2503,4294,33092,27726,6994,2080,26139,7,1,4,3
2021-04-05T23:59:59+02:00,0,1,712,913,1268,2239,1636,3196,2406,4839,4369,5534,5667,5768,8206,9987,2753,4817,0,0,276,277,502,813,555,1256,788,1946,1394,2116,1999,1669,4325,5103,2503,4294,33089,27725,6994,2080,24223,7,1,4,3
2021-04-04T23:59:59+02:00,0,1,693,888,1175,2024,1503,2932,2191,4404,4018,5035,5422,5543,8173,9933,2752,4809,0,0,276,277,501,812,553,1255,787,1945,1320,2079,1636,1395,4164,4922,2458,4228,33085,26518,6994,2080,21412,6,1,4,3
2021-04-03T23:59:59+02:00,0,1,693,888,1174,2023,1502,2932,2190,4404,4018,5035,5422,5542,8173,9933,2752,4809,0,0,276,277,501,812,553,1255,787,1945,1320,2079,1636,1395,4164,4922,2458,4228,33081,26518,6994,2080,21411,6,1,4,3
2021-04-02T23:59:59+02:00,0,1,693,887,1174,2023,1501,2932,2190,4404,4017,5034,5421,5541,8172,9931,2751,4807,0,0,276,277,501,812,552,1255,787,1945,1319,2079,1636,1395,4164,4922,2458,4228,33079,26517,6994,2080,21402,6,0,4,3
2021-04-01T23:59:59+02:00,0,1,688,885,1170,2017,1493,2923,2176,4386,3926,4949,4927,4939,7466,9035,2749,4802,0,0,276,275,500,809,552,1254,784,1944,1281,2051,1486,1298,4064,4821,2447,4215,30169,25975,6967,2074,21392,6,0,4,2
2021-03-31T23:59:59+02:00,0,1,688,884,1168,2016,1489,2918,2172,4385,3908,4938,4751,4719,6696,8101,2736,4781,0,0,275,274,499,808,548,1251,779,1938,1177,1974,1088,1032,3652,4355,2338,4040,30048,24009,4937,2012,21362,5,0,4,2
2021-03-30T23:59:59+02:00,0,1,688,884,1166,2013,1476,2909,2163,4376,3863,4911,4552,4538,6446,7803,2727,4765,0,0,275,273,499,806,548,1251,779,1937,1177,1974,1088,1032,3652,4355,2337,4039,30043,24004,4932,2012,20302,4,0,4,2
2021-03-29T23:59:59+02:00,0,1,688,882,1165,2013,1474,2909,2163,4376,3858,4909,4549,4536,6443,7794,2725,4746,0,0,275,272,499,806,548,1251,778,1936,1177,1974,1088,1031,3652,4355,2337,4038,30033,23999,4927,2012,20267,4,0,4,2
2021-03-28T23:59:59+02:00,0,1,687,882,1165,2009,1472,2907,2162,4373,3857,4909,4548,4536,6440,7790,2725,4744,0,0,274,272,498,806,548,1251,777,1936,1177,1974,1088,1030,3652,4355,2337,4038,30031,23996,4922,2011,20250,4,0,4,2
2021-03-27T23:59:59+01:00,0,1,683,877,1161,2001,1464,2897,2143,4358,3815,4883,4498,4478,6394,7732,2718,4731,0,0,270,267,484,796,537,1239,729,1901,1016,1881,826,841,3512,4200,2175,3722,29680,23024,4922,1366,20228,4,0,4,2
2021-03-26T23:59:59+01:00,0,1,683,877,1160,2000,1460,2896,2140,4357,3810,4880,4487,4456,6387,7717,2709,4717,0,0,269,267,484,794,535,1239,727,1901,1009,1873,689,746,2530,3038,2003,3508,29635,20240,4920,1366,20178,4,0,4,2
2021-03-25T23:59:59+01:00,0,1,682,876,1159,1999,1459,2893,2136,4351,3806,4876,4478,4445,6374,7688,2684,4663,0,0,269,267,484,794,534,1236,726,1900,1007,1872,667,739,1348,1592,1720,3143,29628,16927,4915,1366,20023,4,0,4,1
2021-03-24T23:59:59+01:00,0,1,658,866,1121,1968,1388,2832,1930,4206,3583,4750,4417,4386,6239,7521,2670,4631,0,0,269,267,484,793,531,1236,724,1900,1006,1872,667,739,1348,1591,1719,3141,28254,16917,4913,1365,19996,4,0,4,1
2021-03-23T23:59:59+01:00,0,1,658,864,1119,1967,1388,2832,1930,4206,3581,4747,4417,4385,6238,7521,2670,4630,0,0,269,267,484,793,531,1235,724,1900,1006,1872,667,739,1348,1591,1719,3141,28248,16916,4910,1365,19992,4,0,4,1
2021-03-22T23:59:59+01:00,0,1,658,862,1117,1963,1385,2832,1929,4206,3580,4747,4417,4384,6238,7520,2670,4630,0,0,269,267,484,793,531,1234,723,1900,1006,1871,667,738,1348,1591,1719,3141,28244,16913,4910,1365,19981,3,0,4,1
2021-03-21T23:59:59+01:00,0,1,658,862,1115,1962,1385,2830,1928,4205,3579,4746,4417,4384,6237,7520,2670,4630,0,0,269,267,484,793,531,1234,723,1900,1006,1871,667,737,1348,1591,1719,3141,28241,16912,4909,1365,19975,3,0,4,1
2021-03-20T23:59:59+01:00,0,1,656,861,1113,1960,1380,2827,1911,4198,3548,4727,4198,4108,5719,6910,2660,4594,0,0,264,265,479,788,514,1223,702,1884,970,1843,601,659,1117,1333,1364,2595,28158,15233,4807,1364,18402,3,0,4,1
2021-03-19T23:59:59+01:00,0,1,648,855,1099,1939,1346,2791,1831,4143,3326,4565,4049,3998,5543,6666,2607,4504,0,0,264,265,479,788,514,1223,702,1883,969,1843,601,659,1117,1332,1363,2594,28155,15228,3359,1364,18394,3,0,3,1
2021-03-18T23:59:59+01:00,0,1,647,854,1098,1938,1345,2789,1831,4139,3097,4421,3895,3868,5363,6463,2554,4402,0,0,264,264,478,788,514,1221,702,1882,968,1842,599,656,878,1074,1251,2426,28146,14441,2165,1363,18391,2,0,3,1
2021-03-17T23:59:59+01:00,0,1,647,854,1097,1938,1344,2788,1831,4139,3097,4421,3895,3866,5362,6463,2554,4402,0,0,264,263,478,788,514,1221,702,1882,967,1842,598,656,878,1073,1251,2426,28144,14438,2165,1362,18387,2,0,3,1
2021-03-16T23:59:59+01:00,0,1,647,854,1097,1934,1342,2788,1828,4139,3097,4419,3894,3865,5362,6463,2554,4401,0,0,262,259,464,783,505,1209,686,1868,951,1832,596,655,876,1072,1250,2425,28137,14328,2161,1362,18384,2,0,3,1
2021-03-15T23:59:59+01:00,0,1,647,853,1095,1933,1339,2788,1824,4138,3096,4419,3894,3864,5361,6463,2554,4401,0,0,262,259,464,783,505,1209,685,1868,950,1831,596,655,876,1072,1250,2425,28132,14325,2159,1362,18376,2,0,3,1
2021-03-14T23:59:59+01:00,0,1,646,850,1091,1929,1336,2785,1822,4136,3091,4418,3894,3864,5361,6463,2554,4401,0,0,262,259,464,783,505,1209,685,1868,950,1830,596,655,875,1072,1250,2425,28127,14323,2158,1362,18354,2,0,3,1
2021-03-13T23:59:59+01:00,0,1,644,845,1083,1923,1326,2778,1816,4128,2977,4340,3418,3460,5152,6228,2508,4337,0,0,262,259,464,783,505,1209,684,1868,948,1829,572,639,571,774,817,1844,26855,12663,2158,1362,17948,2,0,3,1
2021-03-12T23:59:59+01:00,0,1,617,759,1059,1810,1305,2589,1784,3863,2933,4172,2273,2014,4790,5680,2505,4328,0,0,262,259,464,783,505,1209,683,1868,947,1829,572,638,570,774,817,1843,26843,12659,2158,1362,13478,1,0,3,1
2021-03-11T23:59:59+01:00,0,1,609,714,1052,1707,1296,2432,1772,3651,2886,4033,1708,1482,4303,5139,2495,4318,0,0,259,258,464,783,505,1209,683,1867,947,1825,572,638,568,773,733,1697,26290,12655,2145,1125,11160,0,0,3,1
2021-03-10T23:59:59+01:00,0,1,603,704,1039,1682,1286,2411,1759,3625,2778,3950,1315,1214,3892,4667,2400,4160,0,0,259,258,463,781,504,1209,683,1867,945,1825,572,638,566,772,733,1697,24298,12649,2144,1122,11041,0,0,3,1
2021-03-09T23:59:59+01:00,0,1,602,701,1031,1665,1275,2396,1756,3614,2771,3945,1311,1213,3891,4666,2399,4159,0,0,259,258,463,781,504,1209,683,1867,945,1825,572,638,566,770,733,1697,24294,12648,2143,1122,10956,0,0,3,0
2021-03-08T23:59:59+01:00,0,1,597,672,1020,1638,1259,2363,1748,3581,2750,3930,1310,1210,3891,4666,2399,4158,0,0,259,258,463,781,503,1209,683,1867,945,1825,572,637,564,770,733,1697,24288,12644,2142,1122,10760,0,0,3,0
2021-03-07T23:59:59+01:00,0,1,597,669,1015,1634,1259,2360,1747,3578,2750,3928,1310,1210,3891,4666,2399,4158,0,0,259,258,463,781,502,1209,683,1867,945,1825,572,637,564,770,732,1697,24286,12642,2142,1122,10741,0,0,3,0
2021-03-06T23:59:59+01:00,0,1,562,621,894,1533,1015,2171,1326,3197,2330,3592,1028,992,3590,4288,2379,4140,0,0,259,258,463,781,500,1209,683,1867,945,1824,572,636,562,766,643,1515,23285,12638,2139,845,8232,0,0,3,0
2021-03-05T23:59:59+01:00,0,1,560,621,889,1529,1015,2169,1323,3194,2323,3587,884,895,2593,3089,2205,3907,0,0,258,258,458,770,497,1204,675,1850,931,1809,567,632,502,706,329,997,20431,12437,2128,6,8222,0,0,3,0
2021-03-04T23:59:59+01:00,0,1,543,578,853,1398,976,2017,1273,2990,2280,3488,870,886,1410,1649,1913,3540,0,0,258,258,456,770,497,1204,675,1850,931,1809,566,631,502,705,329,997,17123,12432,2127,6,7412,0,0,3,0
2021-03-03T23:59:59+01:00,0,1,537,547,830,1333,955,1955,1257,2947,2270,3444,870,885,1410,1649,1912,3540,0,0,258,258,456,769,497,1204,675,1849,931,1809,566,631,502,705,329,997,17120,12430,2127,6,7092,0,0,3,0
2021-03-02T23:59:59+01:00,0,1,536,545,828,1332,954,1954,1256,2946,2270,3444,870,884,1410,1649,1912,3540,0,0,258,258,455,769,496,1204,675,1849,931,1808,565,631,502,705,329,997,17119,12427,2127,5,7083,0,0,2,0
2021-03-01T23:59:59+01:00,0,1,536,543,826,1331,954,1953,1256,2946,2269,3443,870,883,1410,1648,1912,3540,0,0,258,258,455,769,496,1204,674,1848,931,1808,565,631,502,705,329,997,17116,12425,2126,5,7077,0,0,2,0
2021-02-28T23:59:59+01:00,0,1,535,541,825,1330,953,1953,1256,2945,2267,3442,870,881,1410,1648,1912,3540,0,0,258,258,455,769,496,1204,674,1847,931,1808,565,631,502,705,329,997,17113,12424,2126,5,7068,0,0,2,0
2021-02-27T23:59:59+01:00,0,1,530,539,814,1321,932,1941,1217,2918,2192,3393,752,764,1141,1358,1400,2662,0,0,257,258,454,769,495,1204,672,1846,930,1806,564,628,501,703,327,993,15395,12403,1412,4,7066,0,0,2,0
2021-02-26T23:59:59+01:00,0,1,521,518,785,1254,903,1828,1178,2760,1871,2972,711,736,1141,1358,1399,2661,0,0,257,258,454,769,495,1204,672,1846,930,1806,564,628,501,703,327,992,15390,12402,1412,4,5793,0,0,2,0
2021-02-25T23:59:59+01:00,0,1,487,478,723,1137,797,1634,1024,2458,1372,2421,659,691,892,1091,1288,2488,0,0,256,257,453,769,495,1203,671,1843,930,1805,564,628,501,703,327,992,14578,12396,1412,1,3650,0,0,1,0
2021-02-24T23:59:59+01:00,0,1,486,477,723,1135,796,1634,1024,2457,1372,2420,659,691,892,1091,1288,2488,0,0,256,257,453,769,495,1202,671,1843,930,1805,564,628,501,703,327,992,14577,12396,1411,0,3645,0,0,1,0
2021-02-23T23:59:59+01:00,0,1,484,473,707,1126,787,1623,1007,2443,1356,2409,657,690,890,1090,1287,2487,0,0,256,256,453,768,495,1202,671,1842,930,1804,564,628,501,703,327,992,14467,12392,1411,0,3638,0,0,1,0
2021-02-22T23:59:59+01:00,0,1,484,473,705,1126,785,1623,1007,2443,1355,2408,657,688,890,1089,1287,2487,0,0,256,256,453,768,495,1202,671,1842,930,1803,564,628,501,703,327,992,14464,12391,1411,0,3632,0,0,1,0
2021-02-21T23:59:59+01:00,0,1,484,473,704,1126,784,1623,1006,2443,1355,2407,656,688,889,1089,1287,2487,0,0,256,256,452,768,495,1202,671,1842,930,1803,564,628,501,703,327,992,14462,12390,1411,0,3628,0,0,1,0
2021-02-20T23:59:59+01:00,0,1,469,471,692,1120,764,1618,993,2441,1328,2386,629,669,580,785,845,1896,0,0,255,256,447,766,490,1196,666,1831,924,1800,561,625,496,702,323,987,12773,12325,1410,0,3503,0,0,1,0
2021-02-19T23:59:59+01:00,0,1,376,386,588,994,646,1464,853,2270,1089,2147,582,645,579,785,845,1896,0,0,252,256,443,764,488,1186,663,1815,917,1780,557,619,490,695,320,977,12771,12222,1410,0,1964,0,0,1,0
2021-02-18T23:59:59+01:00,0,1,265,262,473,793,507,1219,692,1874,954,1836,579,639,578,785,845,1895,0,0,251,254,441,761,486,1182,662,1800,913,1769,550,614,483,688,314,966,12768,12134,1410,0,18,0,0,1,0
2021-02-17T23:59:59+01:00,0,1,265,262,471,793,507,1217,691,1874,953,1836,578,639,578,784,845,1895,0,0,249,254,440,758,484,1180,659,1792,909,1762,545,609,473,666,303,946,12766,12029,1410,0,12,0,0,1,0
2021-02-16T23:59:59+01:00,0,1,265,262,469,792,506,1217,691,1874,953,1836,578,639,578,783,845,1895,0,0,239,250,434,742,472,1148,652,1716,884,1682,526,580,439,620,283,875,12765,11542,1410,0,8,0,0,1,0
2021-02-15T23:59:59+01:00,0,1,265,262,468,792,506,1217,689,1874,953,1836,578,639,578,783,845,1895,0,0,235,246,431,734,466,1122,636,1664,858,1628,505,546,421,576,267,810,12765,11145,1410,0,5,0,0,1,0
2021-02-14T23:59:59+01:00,0,1,265,262,468,792,506,1217,689,1874,953,1836,578,639,578,783,845,1895,0,0,235,246,431,733,466,1122,636,1658,856,1619,494,541,417,573,258,801,12765,11086,1410,0,5,0,0,1,0
2021-02-13T23:59:59+01:00,0,1,264,262,468,792,506,1217,688,1873,953,1836,578,639,578,783,845,1895,0,0,233,244,430,729,459,1110,627,1638,836,1586,474,513,400,547,245,763,12764,10834,1410,0,3,0,0,1,0
2021-02-12T23:59:59+01:00,0,1,264,262,468,791,506,1217,688,1872,948,1833,578,637,528,737,831,1891,0,0,217,236,409,695,438,1022,592,1476,750,1346,390,390,325,432,186,575,12638,9479,1410,0,3,0,0,1,0
2021-02-11T23:59:59+01:00,0,1,261,262,465,791,506,1217,688,1870,948,1830,577,636,525,734,743,1742,0,0,196,224,397,662,418,975,558,1381,704,1236,356,341,284,364,156,484,12625,8736,1168,0,2,0,0,1,0
2021-02-10T23:59:59+01:00,0,1,260,262,465,790,506,1217,687,1870,947,1830,576,636,525,733,742,1740,0,0,193,220,396,654,414,961,555,1362,692,1201,339,318,261,323,133,418,12617,8440,1168,0,1,0,0,1,0
2021-02-09T23:59:59+01:00,0,1,260,262,465,790,506,1217,686,1870,947,1828,576,636,525,733,742,1740,0,0,184,207,383,618,395,896,513,1268,639,1071,264,225,182,210,89,254,12614,7398,1168,0,1,0,0,1,0
2021-02-08T23:59:59+01:00,0,1,260,262,463,790,506,1217,685,1870,947,1827,576,636,525,732,742,1740,0,0,184,201,378,604,384,870,488,1218,612,1001,233,183,146,158,71,194,12611,6925,1167,0,1,0,0,0,0
2021-02-07T23:59:59+01:00,0,1,259,262,463,790,506,1217,685,1870,947,1826,576,636,525,732,742,1739,0,0,183,201,376,600,381,865,482,1207,606,986,227,176,136,140,64,177,12609,6807,1167,0,0,0,0,0,0
2021-02-06T23:59:59+01:00,0,1,259,262,463,790,506,1217,685,1870,947,1825,576,636,523,727,652,1561,0,0,183,201,376,600,381,865,482,1207,606,986,227,176,136,140,64,177,12608,6807,892,0,0,0,0,0,0
2021-02-05T23:59:59+01:00,0,1,259,262,461,789,505,1215,682,1868,944,1822,571,632,515,712,336,1029,0,0,177,192,359,569,368,824,464,1167,587,953,208,160,116,128,59,174,12594,6505,9,0,0,0,0,0,0
2021-02-04T23:59:59+01:00,0,1,259,261,460,784,502,1214,681,1863,939,1821,570,632,514,711,336,1029,0,0,162,159,289,433,303,667,384,942,512,815,196,155,107,122,52,162,12568,5460,9,0,0,0,0,0,0
2021-02-03T23:59:59+01:00,0,1,258,261,460,782,502,1213,680,1861,939,1821,570,632,514,711,336,1029,0,0,158,151,245,352,254,580,324,841,460,726,188,150,102,120,51,161,12561,4863,9,0,0,0,0,0,0
2021-02-02T23:59:59+01:00,0,1,258,260,460,779,501,1213,680,1859,939,1819,570,632,514,711,336,1029,0,0,151,137,187,289,196,493,248,727,378,643,178,146,99,119,50,160,12553,4201,8,0,0,0,0,0,0
2021-02-01T23:59:59+01:00,0,1,258,260,458,778,499,1212,679,1855,936,1814,570,632,513,711,336,1029,0,0,145,131,149,252,167,435,203,649,321,568,173,135,90,108,44,153,12533,3723,8,0,0,0,0,0,0
2021-01-31T23:59:59+01:00,0,1,258,260,458,778,499,1212,679,1855,936,1814,570,632,513,711,336,1029,0,0,145,131,149,251,167,434,202,649,321,568,173,135,90,108,44,153,12533,3720,8,0,0,0,0,0,0
2021-01-30T23:59:59+01:00,0,1,258,260,458,778,499,1212,679,1855,932,1814,569,632,511,711,333,1029,0,0,133,120,134,234,156,405,191,608,302,521,150,124,78,79,35,113,12523,3383,8,0,0,0,0,0,0
2021-01-29T23:59:59+01:00,0,1,255,259,454,775,497,1202,676,1838,925,1794,565,626,505,705,328,1019,0,0,89,66,93,154,115,248,148,440,213,378,112,83,59,68,30,102,12417,2398,7,0,0,0,0,0,0
2021-01-28T23:59:59+01:00,0,0,255,259,453,775,496,1202,676,1837,925,1792,565,626,505,705,328,1019,0,0,10,7,13,23,24,48,24,94,49,107,37,33,33,50,24,94,12414,670,4,0,0,0,0,0,0
2021-01-27T23:59:59+01:00,0,0,253,259,453,774,496,1201,676,1836,923,1792,565,626,505,705,328,1019,0,0,10,7,13,23,23,48,24,92,48,107,37,33,33,50,24,94,12410,666,1,0,0,0,0,0,0
2021-01-26T23:59:59+01:00,0,0,253,259,452,773,496,1200,676,1836,923,1791,565,626,505,705,328,1019,0,0,10,7,13,23,23,48,24,92,48,107,37,33,33,50,24,94,12406,666,1,0,0,0,0,0,0
2021-01-25T23:59:59+01:00,0,0,253,259,450,773,496,1199,676,1834,923,1790,565,626,505,703,327,1019,0,0,6,1,5,13,11,23,15,39,23,47,18,16,11,16,7,22,12398,273,0,0,0,0,0,0,0
2021-01-24T23:59:59+01:00,0,0,253,258,450,773,495,1199,676,1833,923,1789,565,626,505,703,327,1019,0,0,6,1,5,13,11,23,15,39,23,47,18,16,11,16,7,22,12394,273,0,0,0,0,0,0,0
2021-01-23T23:59:59+01:00,0,0,253,258,450,773,495,1198,676,1833,923,1789,565,626,505,703,327,1019,0,0,6,1,5,13,11,23,15,39,23,47,18,16,11,16,7,22,12393,273,0,0,0,0,0,0,0
2021-01-22T23:59:59+01:00,0,0,251,256,449,773,494,1197,676,1832,923,1789,565,626,505,703,309,974,0,0,6,1,5,13,11,23,15,39,23,47,18,16,11,16,7,22,12322,273,0,0,0,0,0,0,0
2021-01-21T23:59:59+01:00,0,0,249,252,447,763,491,1189,673,1809,914,1772,556,617,486,678,294,936,0,0,6,1,5,13,11,22,15,39,23,47,18,16,11,16,7,22,12126,272,0,0,0,0,0,0,0
2021-01-20T23:59:59+01:00,0,0,248,250,443,758,489,1186,670,1801,910,1767,550,612,478,659,286,917,0,0,6,1,5,13,11,22,15,39,23,47,18,16,11,16,7,22,12024,272,0,0,0,0,0,0,0
2021-01-19T23:59:59+01:00,0,0,243,250,440,750,483,1171,667,1769,899,1725,537,595,465,640,273,877,0,0,6,1,5,13,11,22,15,39,23,47,18,16,11,16,7,22,11784,272,0,0,0,0,0,0,0
2021-01-18T23:59:59+01:00,0,0,239,246,436,737,477,1150,649,1732,873,1678,518,562,448,601,257,818,0,0,6,1,5,12,11,21,15,39,23,46,18,16,11,16,7,22,11421,269,0,0,0,0,0,0,0
2021-01-17T23:59:59+01:00,0,0,239,245,435,736,476,1149,646,1726,867,1668,504,554,434,581,243,794,0,0,6,1,4,12,11,21,15,39,23,46,18,15,11,16,7,22,11297,267,0,0,0,0,0,0,0
2021-01-16T23:59:59+01:00,0,0,231,237,430,716,463,1114,621,1639,821,1519,461,469,401,527,221,734,0,0,0,0,0,0,0,0,0,0,0,0,0,0,0,0,0,0,10604,0,0,0,0,0,0,0,0
2021-01-15T23:59:59+01:00,0,0,224,231,422,696,449,1061,601,1539,782,1406,412,411,349,456,200,621,0,0,0,0,0,0,0,0,0,0,0,0,0,0,0,0,0,0,9860,0,0,0,0,0,0,0,0
2021-01-14T23:59:59+01:00,0,0,203,218,402,652,426,999,560,1422,714,1253,356,336,298,362,155,488,0,0,0,0,0,0,0,0,0,0,0,0,0,0,0,0,0,0,8844,0,0,0,0,0,0,0,0
2021-01-13T23:59:59+01:00,0,0,201,216,401,645,421,980,555,1401,700,1218,337,312,272,321,131,422,0,0,0,0,0,0,0,0,0,0,0,0,0,0,0,0,0,0,8533,0,0,0,0,0,0,0,0
2021-01-12T23:59:59+01:00,0,0,185,204,384,604,391,886,493,1246,621,1028,238,194,162,164,77,207,0,0,0,0,0,0,0,0,0,0,0,0,0,0,0,0,0,0,7084,0,0,0,0,0,0,0,0
2021-01-11T23:59:59+01:00,0,0,181,198,380,592,375,858,473,1199,601,973,218,164,129,117,55,150,0,0,0,0,0,0,0,0,0,0,0,0,0,0,0,0,0,0,6663,0,0,0,0,0,0,0,0
2021-01-10T23:59:59+01:00,0,0,180,194,368,577,371,845,464,1179,587,954,214,164,125,117,53,148,0,0,0,0,0,0,0,0,0,0,0,0,0,0,0,0,0,0,6540,0,0,0,0,0,0,0,0
2021-01-09T23:59:59+01:00,0,0,161,161,323,497,330,728,404,998,496,804,151,109,77,74,37,109,0,0,0,0,0,0,0,0,0,0,0,0,0,0,0,0,0,0,5459,0,0,0,0,0,0,0,0
2021-01-08T23:59:59+01:00,0,0,95,74,228,347,243,436,291,667,340,509,82,68,53,59,28,97,0,0,0,0,0,0,0,0,0,0,0,0,0,0,0,0,0,0,3617,0,0,0,0,0,0,0,0
2021-01-07T23:59:59+01:00,0,0,12,10,54,96,72,126,93,193,122,179,44,36,36,51,25,97,0,0,0,0,0,0,0,0,0,0,0,0,0,0,0,0,0,0,1246,0,0,0,0,0,0,0,0
2021-01-06T23:59:59+01:00,0,0,8,4,9,23,17,49,24,90,53,107,38,33,35,51,25,97,0,0,0,0,0,0,0,0,0,0,0,0,0,0,0,0,0,0,663,0,0,0,0,0,0,0,0
2021-01-05T23:59:59+01:00,0,0,8,4,9,23,17,48,23,90,51,107,38,33,34,51,25,97,0,0,0,0,0,0,0,0,0,0,0,0,0,0,0,0,0,0,658,0,0,0,0,0,0,0,0
2021-01-04T23:59:59+01:00,0,0,6,1,5,13,11,25,15,41,23,48,19,16,12,16,7,23,0,0,0,0,0,0,0,0,0,0,0,0,0,0,0,0,0,0,281,0,0,0,0,0,0,0,0
2021-01-03T23:59:59+01:00,0,0,6,1,5,13,11,25,15,41,23,48,19,16,12,16,7,23,0,0,0,0,0,0,0,0,0,0,0,0,0,0,0,0,0,0,281,0,0,0,0,0,0,0,0
2021-01-02T23:59:59+01:00,0,0,6,1,5,13,11,25,15,41,23,48,19,16,12,16,7,23,0,0,0,0,0,0,0,0,0,0,0,0,0,0,0,0,0,0,281,0,0,0,0,0,0,0,0
2021-01-01T23:59:59+01:00,0,0,6,1,5,13,11,24,15,41,23,48,19,16,12,16,7,23,0,0,0,0,0,0,0,0,0,0,0,0,0,0,0,0,0,0,280,0,0,0,0,0,0,0,0
2020-12-31T23:59:59+01:00,0,0,6,1,5,13,11,24,15,41,23,48,19,16,12,16,7,23,0,0,0,0,0,0,0,0,0,0,0,0,0,0,0,0,0,0,280,0,0,0,0,0,0,0,0
2020-12-30T23:59:59+01:00,0,0,6,1,5,13,11,24,15,41,23,48,19,16,12,16,7,23,0,0,0,0,0,0,0,0,0,0,0,0,0,0,0,0,0,0,280,0,0,0,0,0,0,0,0
2020-12-29T23:59:59+01:00,0,0,6,1,5,13,11,23,15,41,23,48,19,16,12,16,7,23,0,0,0,0,0,0,0,0,0,0,0,0,0,0,0,0,0,0,279,0,0,0,0,0,0,0,0
2020-12-28T23:59:59+01:00,0,0,6,1,5,13,11,23,15,41,23,47,19,16,12,16,7,23,0,0,0,0,0,0,0,0,0,0,0,0,0,0,0,0,0,0,278,0,0,0,0,0,0,0,0
2020-12-27T23:59:59+01:00,0,0,6,1,4,12,11,23,15,41,23,47,19,15,12,16,7,23,0,0,0,0,0,0,0,0,0,0,0,0,0,0,0,0,0,0,275,0,0,0,0,0,0,0,0
