Datum,<24_1_m,<24_1_w,25-34_1_m,25-34_1_w,35-44_1_m,35-44_1_w,45-54_1_m,45-54_1_w,55-64_1_m,55-64_1_w,65-74_1_m,65-74_1_w,75-84_1_m,75-84_1_w,>84_1_m,>84_1_w,<24_2_m,<24_2_w,25-34_2_m,25-34_2_w,35-44_2_m,35-44_2_w,45-54_2_m,45-54_2_w,55-64_2_m,55-64_2_w,65-74_2_m,65-74_2_w,75-84_2_m,75-84_2_w,>84_2_m,>84_2_w,bp_1,bp_2,mo_1,mo_2,az_1,az_2,ja
2021-04-26T23:59:59+02:00,1335,1495,2275,2899,3046,4307,5179,7118,13994,14183,11660,12717,8230,10241,2305,4228,360,397,588,870,651,1402,1214,2288,2159,2468,2479,2090,5098,6180,2122,3864,61408,29562,8956,4643,34848,25,0
2021-04-25T23:59:59+02:00,1333,1495,2270,2899,3041,4301,5169,7110,13860,14032,11650,12712,8230,10241,2305,4228,360,397,588,870,651,1402,1214,2287,2159,2468,2479,2090,5098,6180,2122,3864,61089,29562,8955,4642,34832,25,0
2021-04-24T23:59:59+02:00,1263,1447,2137,2822,2917,4249,4967,6993,12975,13186,11426,12442,8180,10151,2299,4216,360,397,588,870,651,1401,1214,2287,2159,2467,2477,2090,5095,6179,2122,3864,57883,29556,8955,4642,34832,23,0
2021-04-23T23:59:59+02:00,1169,1427,1971,2802,2800,4220,4842,6868,11754,12202,11382,12381,8161,10115,2297,4214,360,397,588,870,650,1401,1213,2287,2157,2467,2477,2089,5095,6176,2122,3863,56455,29551,8955,4641,33195,20,0
2021-04-22T23:59:59+02:00,1156,1418,1945,2787,2736,4194,4395,6541,11401,11882,11312,12312,8135,10067,2295,4211,359,396,588,870,650,1400,1211,2287,2156,2467,2477,2088,5093,6174,2122,3863,54776,29545,8954,4636,33057,20,0
2021-04-21T23:59:59+02:00,1136,1404,1860,2763,2614,4159,4242,6457,9925,10725,11251,12259,8125,10045,2293,4208,359,396,587,870,649,1400,1210,2286,2154,2467,2473,2085,5090,6171,2122,3862,51633,29527,8954,4634,32879,20,0
2021-04-20T23:59:59+02:00,1136,1403,1860,2762,2612,4157,4237,6456,9629,10404,11225,12237,8122,10037,2292,4207,359,396,587,870,649,1400,1210,2285,2153,2466,2472,2085,5089,6170,2122,3862,50947,29524,8951,4631,32878,20,0
2021-04-19T23:59:59+02:00,1135,1402,1859,2759,2612,4156,4237,6456,9629,10403,11225,12236,8122,10037,2292,4207,359,396,587,870,649,1400,1209,2285,2152,2466,2472,2085,5089,6170,2122,3862,50940,29523,8951,4630,32876,20,0
2021-04-18T23:59:59+02:00,1135,1402,1857,2759,2610,4155,4237,6455,9629,10402,11225,12235,8122,10036,2292,4207,359,396,587,870,649,1400,1209,2285,2152,2466,2472,2085,5089,6170,2122,3862,50934,29523,8950,4630,32874,20,0
2021-04-17T23:59:59+02:00,1135,1402,1846,2747,2536,4070,4189,6378,9614,10383,11112,12087,8119,10034,2292,4206,352,387,585,865,642,1391,1184,2270,2105,2439,2427,2028,5045,6105,2117,3856,50326,29149,8950,4630,32874,19,0
2021-04-16T23:59:59+02:00,1102,1363,1725,2662,2318,3922,3943,6191,7868,8551,10952,11887,8074,9980,2290,4196,345,382,567,845,612,1356,1090,2200,1875,2286,2297,1921,4874,5875,2083,3799,45981,29138,8875,3255,32168,14,0
2021-04-15T23:59:59+02:00,1020,1309,1595,2571,2025,3763,3383,5843,6881,7586,10730,11589,7988,9875,2273,4175,345,382,564,844,611,1355,1087,2197,1619,2126,2154,1799,4681,5649,2047,3722,42217,29092,8872,2081,31517,9,0
2021-04-14T23:59:59+02:00,1003,1277,1543,2533,1936,3685,3223,5709,6787,7477,10556,11372,7923,9790,2263,4164,321,371,531,811,539,1294,845,2036,1438,2019,2083,1723,4557,5491,2036,3701,40857,27706,8870,2081,31514,9,0
2021-04-13T23:59:59+02:00,999,1271,1527,2529,1917,3666,3183,5673,6079,6700,10449,11238,7901,9761,2262,4164,321,370,531,811,539,1294,845,2036,1438,2018,2081,1723,4557,5491,2036,3698,40856,27705,6951,2075,31512,9,0
2021-04-12T23:59:59+02:00,999,1270,1527,2528,1917,3666,3182,5672,6078,6700,10448,11238,7901,9761,2262,4164,321,369,531,811,537,1294,844,2035,1437,2018,2081,1723,4557,5490,2036,3698,40854,27700,6949,2073,31510,9,0
2021-04-11T23:59:59+02:00,999,1270,1527,2528,1917,3666,3182,5672,6078,6700,10448,11237,7901,9761,2262,4164,321,369,530,811,537,1294,844,2035,1436,2018,2081,1723,4557,5490,2036,3698,40854,27698,6949,2073,31509,9,0
2021-04-10T23:59:59+02:00,997,1267,1523,2523,1901,3655,3107,5596,5955,6608,10203,11012,7865,9722,2260,4163,321,367,530,811,537,1294,844,2035,1436,2018,2076,1718,4553,5483,2036,3695,40285,27672,6949,2073,31123,9,0
2021-04-09T23:59:59+02:00,950,1226,1429,2469,1790,3603,2978,5534,5785,6487,7873,8253,7809,9629,2251,4149,320,367,525,810,534,1292,841,2034,1435,2014,2054,1693,4531,5467,2035,3692,34832,27564,6948,2073,30435,7,0
2021-04-08T23:59:59+02:00,949,1222,1426,2466,1788,3600,2971,5525,5776,6472,7084,7338,7771,9583,2247,4145,319,367,525,808,534,1291,840,2034,1433,2013,2051,1692,4530,5465,2035,3692,32985,27550,6948,2072,30430,7,0
2021-04-07T23:59:59+02:00,895,1194,1343,2396,1709,3528,2729,5404,4816,5752,6694,6955,7720,9524,2241,4139,319,367,525,807,534,1288,840,2034,1432,2013,2051,1692,4530,5465,2035,3692,32982,27547,6947,2071,27110,6,0
2021-04-06T23:59:59+02:00,858,1186,1325,2359,1689,3488,2696,5354,4687,5617,6388,6661,7700,9501,2238,4133,319,366,525,806,534,1288,840,2034,1432,2013,2051,1691,4530,5465,2035,3692,32978,27545,6947,2070,25955,6,0
2021-04-05T23:59:59+02:00,854,1153,1277,2229,1613,3310,2580,5079,4521,5361,6100,6367,7684,9481,2236,4129,319,366,525,806,533,1288,840,2034,1432,2013,2051,1691,4530,5465,2035,3692,32978,27545,6947,2069,24049,6,0
2021-04-04T23:59:59+02:00,831,1114,1176,2000,1472,3032,2363,4626,4156,4877,5884,6154,7661,9444,2235,4122,319,366,523,805,532,1287,839,2033,1318,1955,1706,1404,4386,5301,1998,3644,32975,26342,6947,2069,21225,5,0
2021-04-03T23:59:59+02:00,831,1114,1176,2000,1472,3032,2362,4626,4156,4877,5884,6154,7661,9444,2235,4122,319,366,523,805,532,1287,839,2033,1318,1955,1706,1404,4386,5301,1998,3644,32974,26342,6947,2069,21225,5,0
2021-04-02T23:59:59+02:00,831,1113,1176,2000,1472,3032,2362,4626,4155,4876,5883,6154,7660,9442,2234,4120,319,366,523,805,532,1287,839,2033,1318,1955,1706,1404,4386,5301,1998,3644,32974,26342,6947,2069,21215,5,0
2021-04-01T23:59:59+02:00,826,1111,1173,1992,1463,3025,2347,4606,4065,4792,4961,5003,7398,9108,2232,4115,317,363,522,804,531,1286,837,2030,1280,1928,1522,1279,4313,5227,1990,3632,30092,25792,6921,2064,21204,5,0
2021-03-31T23:59:59+02:00,825,1110,1172,1990,1460,3021,2341,4604,4048,4777,4789,4787,6644,8191,2222,4094,316,362,520,804,529,1283,831,2021,1147,1838,1136,1007,3894,4744,1919,3509,29980,23855,4920,2001,21175,4,0
2021-03-30T23:59:59+02:00,825,1110,1168,1987,1450,3013,2329,4592,4001,4749,4589,4611,6406,7893,2215,4081,316,361,520,803,529,1283,831,2021,1147,1838,1136,1007,3894,4744,1918,3509,29977,23853,4919,2001,20123,3,0
2021-03-29T23:59:59+02:00,824,1108,1168,1987,1450,3013,2329,4592,3996,4747,4587,4609,6403,7882,2213,4065,316,360,520,803,529,1283,831,2021,1147,1838,1136,1006,3894,4744,1918,3509,29973,23851,4914,2001,20086,3,0
2021-03-28T23:59:59+02:00,824,1108,1168,1984,1449,3012,2328,4589,3996,4747,4586,4608,6401,7882,2213,4065,316,360,519,803,529,1283,830,2021,1147,1838,1136,1005,3894,4744,1918,3509,29972,23849,4910,2000,20078,3,0
2021-03-27T23:59:59+01:00,818,1100,1166,1978,1443,3002,2303,4572,3952,4720,4537,4545,6365,7833,2208,4057,312,355,502,792,517,1270,772,1979,976,1728,885,833,3729,4537,1793,3255,29617,22879,4910,1353,20072,3,0
2021-03-26T23:59:59+01:00,818,1100,1165,1977,1441,3002,2300,4572,3946,4713,4526,4523,6355,7810,2199,4041,311,355,502,791,515,1270,770,1978,966,1721,699,709,2715,3324,1689,3109,29555,20068,4909,1353,20024,3,0
2021-03-25T23:59:59+01:00,817,1099,1164,1976,1440,3000,2296,4568,3943,4710,4517,4513,6340,7782,2179,3998,311,355,502,791,514,1269,770,1978,963,1720,674,700,1398,1720,1551,2916,29539,16776,4904,1353,19899,3,0
2021-03-24T23:59:59+01:00,788,1087,1128,1941,1368,2938,2052,4400,3757,4601,4452,4451,6215,7618,2169,3975,311,355,502,791,511,1269,769,1977,962,1720,674,700,1398,1719,1551,2914,28155,16768,4902,1352,19883,3,0
2021-03-23T23:59:59+01:00,787,1086,1127,1940,1368,2938,2052,4399,3756,4599,4451,4451,6215,7618,2169,3975,311,355,502,791,511,1269,769,1977,962,1720,674,700,1398,1719,1551,2914,28153,16768,4899,1352,19879,3,0
2021-03-22T23:59:59+01:00,786,1083,1126,1938,1367,2938,2051,4399,3755,4599,4451,4450,6215,7617,2169,3975,311,355,502,791,511,1269,769,1977,962,1720,674,700,1398,1719,1551,2914,28151,16768,4898,1352,19870,3,0
2021-03-21T23:59:59+01:00,786,1083,1125,1935,1367,2937,2050,4399,3755,4598,4451,4450,6215,7617,2169,3975,311,355,502,791,511,1269,769,1977,962,1720,674,699,1398,1719,1551,2914,28149,16767,4898,1352,19865,3,0
2021-03-20T23:59:59+01:00,784,1081,1122,1933,1362,2934,2033,4389,3717,4570,4195,4146,5740,7056,2160,3942,306,352,495,786,495,1259,743,1956,919,1686,607,628,1149,1436,1221,2395,28068,15079,4796,1351,18300,3,0
2021-03-19T23:59:59+01:00,776,1074,1103,1911,1330,2899,1940,4318,3483,4411,4063,4037,5568,6810,2119,3862,306,352,495,786,495,1259,743,1956,919,1686,607,628,1149,1436,1220,2393,28066,15076,3347,1351,18291,3,0
2021-03-18T23:59:59+01:00,776,1073,1102,1910,1329,2897,1939,4315,3231,4247,3919,3915,5381,6589,2084,3787,306,351,494,786,495,1257,743,1955,918,1685,593,621,877,1121,1148,2291,28054,14289,2151,1350,18289,2,0
2021-03-17T23:59:59+01:00,776,1073,1101,1909,1329,2897,1938,4315,3231,4247,3919,3914,5380,6589,2084,3787,306,351,494,786,495,1257,743,1955,918,1685,592,621,877,1121,1148,2291,28053,14288,2151,1350,18285,2,0
2021-03-16T23:59:59+01:00,775,1073,1101,1906,1328,2897,1936,4315,3231,4245,3919,3913,5380,6588,2083,3787,302,347,480,779,485,1247,728,1942,904,1675,591,621,875,1120,1147,2290,28046,14181,2149,1350,18282,2,0
2021-03-15T23:59:59+01:00,774,1072,1101,1905,1325,2897,1933,4314,3230,4245,3919,3912,5379,6588,2083,3787,302,347,480,779,485,1247,728,1941,903,1675,591,621,875,1120,1147,2290,28042,14179,2147,1350,18275,2,0
2021-03-14T23:59:59+01:00,772,1070,1099,1902,1323,2893,1933,4313,3226,4244,3919,3912,5379,6588,2083,3787,302,347,480,779,485,1247,728,1941,903,1675,591,621,875,1120,1147,2290,28040,14179,2147,1350,18256,2,0
2021-03-13T23:59:59+01:00,770,1067,1091,1898,1315,2885,1928,4306,3063,4133,3462,3492,5196,6389,2046,3738,302,347,480,779,485,1247,727,1941,901,1674,560,598,555,797,737,1739,26768,12517,2147,1350,17864,2,0
2021-03-12T23:59:59+01:00,735,966,1072,1783,1295,2691,1894,4038,2993,3948,2261,1973,4923,5966,2044,3732,302,347,480,779,485,1247,727,1941,901,1674,560,597,555,797,737,1739,26759,12517,2147,1350,13408,1,0
2021-03-11T23:59:59+01:00,722,912,1064,1681,1285,2524,1885,3820,2940,3829,1568,1314,4566,5554,2035,3722,300,347,480,779,485,1247,727,1939,901,1672,560,596,553,795,654,1592,26197,12515,2134,1112,11090,0,0
2021-03-10T23:59:59+01:00,715,893,1056,1663,1276,2501,1871,3795,2804,3734,1179,1035,4142,5054,1973,3612,300,347,479,778,484,1247,727,1939,900,1672,560,596,551,793,654,1592,24194,12509,2133,1110,10976,0,0
2021-03-09T23:59:59+01:00,713,888,1049,1646,1268,2488,1866,3786,2801,3730,1175,1033,4142,5054,1972,3612,300,347,479,778,484,1247,727,1939,900,1672,560,596,551,793,654,1592,24192,12509,2133,1110,10898,0,0
2021-03-08T23:59:59+01:00,707,853,1037,1626,1255,2454,1855,3755,2783,3716,1174,1031,4142,5054,1972,3612,300,347,479,778,484,1247,727,1939,900,1672,560,596,551,793,654,1592,24190,12509,2131,1110,10705,0,0
2021-03-07T23:59:59+01:00,707,850,1035,1624,1255,2452,1854,3754,2783,3715,1174,1031,4142,5054,1972,3612,300,347,479,778,484,1247,727,1939,900,1672,560,596,551,793,654,1592,24188,12509,2131,1110,10695,0,0
2021-03-06T23:59:59+01:00,661,795,895,1516,1023,2252,1407,3343,2341,3347,954,886,3849,4680,1956,3597,300,347,479,778,483,1247,727,1939,900,1671,560,595,550,788,564,1411,23187,12506,2128,833,8187,0,0
2021-03-05T23:59:59+01:00,658,792,892,1514,1023,2251,1403,3340,2333,3343,762,758,2823,3443,1849,3434,298,345,473,767,478,1242,718,1923,887,1655,555,592,485,724,268,900,20322,12306,2118,4,8178,0,0
2021-03-04T23:59:59+01:00,638,740,854,1388,981,2093,1352,3140,2295,3268,743,749,1496,1834,1712,3244,298,345,472,767,478,1242,718,1923,886,1654,554,592,485,723,268,900,17026,12301,2118,4,7383,0,0
2021-03-03T23:59:59+01:00,629,699,830,1326,961,2029,1339,3094,2285,3230,743,749,1496,1834,1712,3244,298,345,472,767,478,1242,718,1923,886,1654,554,592,485,723,268,900,17025,12301,2118,4,7057,0,0
2021-03-02T23:59:59+01:00,626,697,829,1325,961,2029,1338,3094,2285,3230,743,749,1496,1834,1712,3244,298,344,472,767,478,1242,718,1923,886,1654,554,592,485,723,268,900,17025,12300,2118,4,7049,0,0
2021-03-01T23:59:59+01:00,626,696,828,1325,961,2029,1338,3094,2285,3229,743,748,1496,1833,1712,3244,298,344,472,767,478,1242,718,1923,886,1654,554,592,485,723,268,900,17023,12300,2117,4,7047,0,0
2021-02-28T23:59:59+01:00,626,694,828,1325,960,2029,1337,3094,2284,3229,743,747,1496,1833,1712,3244,298,344,471,767,478,1242,718,1923,886,1654,554,592,485,723,268,900,17021,12299,2117,4,7043,0,0
2021-02-27T23:59:59+01:00,621,690,812,1318,940,2018,1292,3060,2204,3171,623,638,1176,1460,1259,2457,297,344,471,767,476,1242,717,1921,885,1653,553,589,484,720,268,897,15294,12283,1403,1,7042,0,0
2021-02-26T23:59:59+01:00,611,663,783,1255,907,1889,1244,2887,1855,2760,622,638,1176,1460,1258,2455,297,344,471,767,476,1242,717,1921,885,1653,553,589,484,720,268,896,15290,12282,1403,1,5770,0,0
2021-02-25T23:59:59+01:00,568,610,726,1135,795,1688,1069,2556,1345,2230,608,631,895,1138,1187,2350,296,343,471,767,476,1242,717,1921,885,1653,553,589,484,720,268,896,14484,12280,1403,1,3644,0,0
2021-02-24T23:59:59+01:00,567,609,726,1134,793,1688,1069,2556,1345,2229,608,631,895,1138,1187,2350,296,343,471,767,476,1242,717,1921,885,1653,553,589,484,720,268,896,14484,12280,1402,1,3639,0,0
2021-02-23T23:59:59+01:00,563,605,711,1124,783,1678,1053,2543,1331,2219,607,631,893,1137,1186,2349,296,342,471,766,476,1242,717,1921,885,1653,553,589,484,720,268,896,14375,12278,1402,1,3636,0,0
2021-02-22T23:59:59+01:00,563,605,711,1124,781,1678,1053,2542,1330,2218,607,631,893,1137,1186,2349,296,342,471,766,476,1242,717,1921,885,1653,553,589,484,720,268,896,14373,12278,1402,1,3633,0,0
2021-02-21T23:59:59+01:00,563,605,711,1124,780,1678,1052,2542,1330,2218,607,631,893,1137,1186,2349,296,342,471,766,476,1242,717,1921,885,1653,553,589,484,720,268,896,14373,12278,1402,1,3631,0,0
2021-02-20T23:59:59+01:00,545,601,699,1117,760,1676,1040,2537,1303,2198,570,607,567,808,768,1787,294,341,467,764,471,1236,712,1910,877,1651,551,586,480,719,265,895,12678,12218,1401,1,3504,0,0
2021-02-19T23:59:59+01:00,434,505,601,990,635,1516,897,2361,1035,1959,570,607,567,808,768,1787,291,340,463,762,469,1225,709,1893,869,1634,547,579,476,714,261,886,12677,12117,1401,1,1962,0,0
2021-02-18T23:59:59+01:00,304,351,488,793,490,1256,743,1960,909,1686,570,607,566,808,768,1787,290,339,461,760,467,1221,709,1880,865,1621,540,574,470,708,256,875,12676,12035,1401,1,9,0,0
2021-02-17T23:59:59+01:00,304,350,486,793,490,1256,743,1960,908,1686,569,607,566,808,768,1787,289,338,460,758,465,1218,706,1872,861,1615,535,569,459,686,246,855,12675,11931,1401,1,5,0,0
2021-02-16T23:59:59+01:00,304,350,484,793,490,1256,743,1960,908,1686,569,607,566,808,768,1787,277,333,454,742,455,1182,698,1788,836,1546,515,540,424,637,230,792,12675,11448,1401,1,3,0,0
2021-02-15T23:59:59+01:00,304,350,484,793,489,1255,742,1960,908,1686,569,607,566,808,768,1787,273,329,450,733,449,1154,679,1735,811,1491,494,508,405,593,219,733,12674,11055,1401,1,1,0,0
2021-02-14T23:59:59+01:00,304,350,484,793,488,1255,742,1960,908,1686,569,607,566,808,768,1787,273,329,450,733,449,1152,679,1730,808,1483,483,503,402,590,210,724,12673,10997,1401,1,1,0,0
2021-02-13T23:59:59+01:00,302,350,484,793,488,1255,742,1960,908,1686,569,607,566,808,768,1787,271,326,446,730,444,1140,666,1709,788,1450,466,475,384,562,197,688,12671,10741,1401,1,1,0,0
2021-02-12T23:59:59+01:00,302,349,484,793,488,1255,741,1959,906,1683,569,605,508,759,762,1786,254,315,424,694,421,1046,623,1541,704,1212,377,359,314,448,146,515,12547,9392,1401,1,1,0,0
2021-02-11T23:59:59+01:00,300,349,483,793,488,1255,741,1956,906,1681,568,604,505,755,676,1636,231,298,411,662,401,1001,588,1439,659,1111,339,315,277,374,122,436,12535,8663,1160,1,1,0,0
2021-02-10T23:59:59+01:00,300,349,483,792,488,1255,740,1956,906,1681,567,604,505,754,675,1634,228,294,410,658,397,987,585,1413,645,1080,323,292,251,330,104,376,12529,8372,1160,1,0,0,0
2021-02-09T23:59:59+01:00,300,348,483,792,488,1255,739,1956,906,1679,567,604,505,754,675,1634,219,279,397,622,375,920,544,1312,593,960,242,193,176,215,68,231,12525,7345,1160,1,0,0,0
2021-02-08T23:59:59+01:00,300,348,481,792,488,1255,739,1956,906,1679,567,604,505,754,675,1634,216,271,392,607,365,895,523,1256,563,884,213,160,139,166,55,175,12524,6879,1159,1,0,0,0
2021-02-07T23:59:59+01:00,300,348,481,792,488,1255,739,1956,906,1679,567,604,505,754,675,1633,215,271,391,602,365,891,518,1246,557,870,209,151,128,148,49,161,12523,6771,1159,1,0,0,0
2021-02-06T23:59:59+01:00,300,348,481,792,488,1255,739,1956,906,1679,567,604,504,748,584,1453,215,271,391,602,365,891,518,1246,557,870,209,151,128,148,49,161,12523,6771,881,1,0,0,0
2021-02-05T23:59:59+01:00,300,348,478,791,486,1253,736,1954,903,1675,561,601,497,731,271,922,209,259,374,570,351,852,497,1204,540,837,185,137,107,136,44,159,12506,6461,1,0,0,0,0
2021-02-04T23:59:59+01:00,300,347,477,785,483,1252,735,1949,897,1675,560,600,496,730,271,922,188,210,304,440,288,685,411,981,472,718,175,132,97,131,39,148,12478,5419,1,0,0,0,0
2021-02-03T23:59:59+01:00,299,347,477,783,483,1252,734,1949,896,1675,560,600,496,730,271,922,182,195,254,360,244,596,349,879,424,647,168,127,93,129,38,147,12473,4832,1,0,0,0,0
2021-02-02T23:59:59+01:00,299,345,477,781,483,1252,734,1945,896,1673,560,600,496,730,271,922,172,174,193,290,189,513,263,749,350,587,162,124,92,128,38,147,12463,4171,1,0,0,0,0
2021-02-01T23:59:59+01:00,299,345,475,780,482,1251,733,1941,893,1667,560,600,495,730,271,922,165,168,155,255,162,454,222,665,305,524,158,114,87,117,34,140,12443,3725,1,0,0,0,0
2021-01-31T23:59:59+01:00,299,345,475,780,482,1251,733,1941,893,1667,560,600,495,730,271,922,165,168,155,255,162,453,222,665,305,524,158,114,87,117,34,140,12443,3724,1,0,0,0,0
2021-01-30T23:59:59+01:00,299,345,475,780,482,1251,733,1941,888,1667,560,600,493,730,268,922,152,153,136,240,152,423,207,626,286,478,138,103,75,86,28,105,12433,3388,1,0,0,0,0
2021-01-29T23:59:59+01:00,296,344,471,777,480,1241,730,1923,880,1650,556,593,489,725,264,913,99,87,97,156,112,261,162,456,196,347,103,67,57,75,24,95,12331,2394,1,0,0,0,0
2021-01-28T23:59:59+01:00,295,344,471,777,480,1241,730,1923,880,1650,556,593,489,725,264,913,11,12,13,23,21,51,27,99,44,96,40,29,27,57,21,88,12330,659,1,0,0,0,0
2021-01-27T23:59:59+01:00,294,344,471,777,480,1241,730,1923,879,1650,556,593,489,725,264,913,11,12,13,23,21,50,27,98,43,96,40,29,27,57,21,88,12329,656,0,0,0,0,0
2021-01-26T23:59:59+01:00,294,344,471,777,480,1241,730,1923,879,1650,556,593,489,725,264,913,11,12,13,23,21,50,27,98,43,96,40,29,27,57,21,88,12329,656,0,0,0,0,0
2021-01-25T23:59:59+01:00,294,343,471,777,480,1240,730,1922,879,1649,556,593,488,723,264,913,7,4,5,12,10,25,15,39,21,42,19,14,8,20,7,20,12322,268,0,0,0,0,0
2021-01-24T23:59:59+01:00,294,343,471,777,480,1240,730,1922,879,1649,556,593,488,723,264,913,7,4,5,12,10,25,15,39,21,42,19,14,8,20,7,20,12322,268,0,0,0,0,0
2021-01-23T23:59:59+01:00,294,343,471,777,480,1240,730,1922,879,1649,556,593,488,723,264,913,7,4,5,12,10,25,15,39,21,42,19,14,8,20,7,20,12322,268,0,0,0,0,0
2021-01-22T23:59:59+01:00,292,341,471,777,479,1239,730,1921,879,1649,556,593,488,723,245,868,7,4,5,12,10,25,15,39,21,42,19,14,8,20,7,19,12251,267,0,0,0,0,0
2021-01-21T23:59:59+01:00,289,337,469,770,475,1232,729,1901,870,1631,546,585,471,696,233,834,7,4,5,12,10,25,15,39,21,42,19,14,8,20,7,19,12068,267,0,0,0,0,0
2021-01-20T23:59:59+01:00,287,334,466,767,473,1229,726,1893,865,1627,540,580,463,677,225,816,7,4,5,12,10,25,15,39,21,42,19,14,8,20,7,19,11968,267,0,0,0,0,0
2021-01-19T23:59:59+01:00,281,333,464,761,468,1211,722,1857,855,1592,527,562,449,659,216,781,7,4,5,12,10,25,15,39,21,42,19,14,8,20,7,19,11738,267,0,0,0,0,0
2021-01-18T23:59:59+01:00,277,326,460,751,463,1191,704,1818,829,1543,507,530,434,623,204,726,7,3,5,12,10,25,15,39,21,42,19,14,8,20,7,19,11386,266,0,0,0,0,0
2021-01-17T23:59:59+01:00,277,326,460,751,463,1188,701,1812,820,1532,492,517,418,600,189,703,7,3,4,12,10,25,15,39,21,42,19,14,8,20,7,19,11249,265,0,0,0,0,0
2021-01-16T23:59:59+01:00,269,315,451,732,449,1146,672,1720,775,1387,452,436,385,545,170,650,0,0,0,0,0,0,0,0,0,0,0,0,0,0,0,0,10554,0,0,0,0,0,0
2021-01-15T23:59:59+01:00,260,307,442,710,435,1093,651,1613,737,1271,392,383,342,475,155,551,0,0,0,0,0,0,0,0,0,0,0,0,0,0,0,0,9817,0,0,0,0,0,0
2021-01-14T23:59:59+01:00,235,288,421,667,410,1033,605,1483,667,1124,337,316,293,370,116,435,0,0,0,0,0,0,0,0,0,0,0,0,0,0,0,0,8800,0,0,0,0,0,0
2021-01-13T23:59:59+01:00,233,285,418,661,406,1014,599,1455,654,1093,319,292,264,326,98,376,0,0,0,0,0,0,0,0,0,0,0,0,0,0,0,0,8493,0,0,0,0,0,0
2021-01-12T23:59:59+01:00,217,274,400,618,373,915,540,1293,575,908,219,173,156,173,57,188,0,0,0,0,0,0,0,0,0,0,0,0,0,0,0,0,7079,0,0,0,0,0,0
2021-01-11T23:59:59+01:00,213,269,395,604,363,890,519,1244,557,856,199,141,121,127,42,135,0,0,0,0,0,0,0,0,0,0,0,0,0,0,0,0,6675,0,0,0,0,0,0
2021-01-10T23:59:59+01:00,212,262,384,590,359,879,508,1222,543,840,196,141,118,126,40,134,0,0,0,0,0,0,0,0,0,0,0,0,0,0,0,0,6554,0,0,0,0,0,0
2021-01-09T23:59:59+01:00,191,216,339,519,318,756,443,1027,461,707,133,88,69,80,28,100,0,0,0,0,0,0,0,0,0,0,0,0,0,0,0,0,5475,0,0,0,0,0,0
2021-01-08T23:59:59+01:00,110,112,246,351,234,462,320,681,307,448,75,51,44,65,23,89,0,0,0,0,0,0,0,0,0,0,0,0,0,0,0,0,3618,0,0,0,0,0,0
2021-01-07T23:59:59+01:00,18,23,60,95,69,134,102,200,109,154,45,32,28,58,22,89,0,0,0,0,0,0,0,0,0,0,0,0,0,0,0,0,1238,0,0,0,0,0,0
2021-01-06T23:59:59+01:00,9,10,11,22,15,49,28,98,48,101,40,31,28,58,22,89,0,0,0,0,0,0,0,0,0,0,0,0,0,0,0,0,659,0,0,0,0,0,0
2021-01-05T23:59:59+01:00,9,10,11,22,15,49,28,98,48,101,40,31,28,58,22,89,0,0,0,0,0,0,0,0,0,0,0,0,0,0,0,0,659,0,0,0,0,0,0
2021-01-04T23:59:59+01:00,7,4,5,12,10,27,16,41,23,44,19,14,9,20,7,20,0,0,0,0,0,0,0,0,0,0,0,0,0,0,0,0,278,0,0,0,0,0,0
2021-01-03T23:59:59+01:00,7,4,5,12,10,27,16,41,23,44,19,14,9,20,7,20,0,0,0,0,0,0,0,0,0,0,0,0,0,0,0,0,278,0,0,0,0,0,0
2021-01-02T23:59:59+01:00,7,4,5,12,10,27,16,41,23,44,19,14,9,20,7,20,0,0,0,0,0,0,0,0,0,0,0,0,0,0,0,0,278,0,0,0,0,0,0
2021-01-01T23:59:59+01:00,7,4,5,12,10,27,16,41,23,44,19,14,9,20,7,20,0,0,0,0,0,0,0,0,0,0,0,0,0,0,0,0,278,0,0,0,0,0,0
2020-12-31T23:59:59+01:00,7,4,5,12,10,27,16,41,23,44,19,14,9,20,7,20,0,0,0,0,0,0,0,0,0,0,0,0,0,0,0,0,278,0,0,0,0,0,0
2020-12-30T23:59:59+01:00,7,4,5,12,10,27,16,41,23,44,19,14,9,20,7,20,0,0,0,0,0,0,0,0,0,0,0,0,0,0,0,0,278,0,0,0,0,0,0
2020-12-29T23:59:59+01:00,7,4,5,12,10,27,16,41,23,44,19,14,9,20,7,20,0,0,0,0,0,0,0,0,0,0,0,0,0,0,0,0,278,0,0,0,0,0,0
2020-12-28T23:59:59+01:00,7,4,5,12,10,27,16,41,23,44,19,14,9,20,7,20,0,0,0,0,0,0,0,0,0,0,0,0,0,0,0,0,278,0,0,0,0,0,0
2020-12-27T23:59:59+01:00,7,3,4,12,10,27,16,41,23,44,19,14,9,20,7,20,0,0,0,0,0,0,0,0,0,0,0,0,0,0,0,0,276,0,0,0,0,0,0
