Datum,<15_1_m,<15_1_w,15-24_1_m,15-24_1_w,25-34_1_m,25-34_1_w,35-44_1_m,35-44_1_w,45-54_1_m,45-54_1_w,55-64_1_m,55-64_1_w,65-74_1_m,65-74_1_w,75-84_1_m,75-84_1_w,>84_1_m,>84_1_w,<15_2_m,<15_2_w,15-24_2_m,15-24_2_w,25-34_2_m,25-34_2_w,35-44_2_m,35-44_2_w,45-54_2_m,45-54_2_w,55-64_2_m,55-64_2_w,65-74_2_m,65-74_2_w,75-84_2_m,75-84_2_w,>84_2_m,>84_2_w,bp_1,bp_2,mo_1,mo_2,az_1,az_2,ja,unb_1,unb_2
2021-11-09T23:59:59+01:00,2225,2142,15056,13791,17821,16118,19155,18783,22083,21926,23203,22053,14847,16045,10177,12436,3113,5424,1918,1818,13836,12860,16746,15169,18385,18041,21435,21257,22763,21605,14634,15800,10056,12286,3047,5308,185276,177205,22972,22533,35587,34647,12573,6,6
2021-11-08T23:59:59+01:00,2223,2131,15043,13775,17805,16097,19143,18772,22075,21911,23195,22045,14844,16044,10177,12434,3112,5423,1915,1812,13823,12836,16737,15160,18380,18035,21431,21250,22759,21596,14634,15800,10056,12286,3047,5306,185127,177107,22972,22530,35587,34647,12573,6,6
2021-11-07T23:59:59+01:00,2220,2129,15035,13764,17799,16094,19140,18764,22066,21904,23188,22038,14843,16041,10174,12432,3110,5422,1914,1810,13820,12831,16735,15157,18380,18028,21430,21246,22759,21595,14634,15800,10055,12286,3047,5306,185041,177077,22972,22530,35587,34647,12573,6,6
2021-11-06T23:59:59+01:00,2219,2128,15031,13764,17797,16091,19138,18764,22064,21904,23187,22037,14842,16041,10174,12432,3110,5422,1914,1810,13819,12829,16733,15156,18378,18027,21430,21244,22759,21595,14634,15800,10055,12286,3047,5306,185023,177066,22972,22530,35587,34647,12573,6,6
2021-11-05T23:59:59+01:00,2181,2080,14893,13664,17682,15985,19060,18700,22000,21851,23157,22009,14831,16024,10170,12429,3108,5420,1887,1785,13742,12775,16696,15131,18352,18002,21417,21231,22745,21586,14632,15793,10052,12284,3046,5304,184152,176718,22953,22527,35587,34647,12562,6,6
2021-11-04T23:59:59+01:00,2132,2039,14715,13538,17515,15873,18942,18610,21916,21781,23118,21983,14823,16016,10162,12422,3107,5417,1869,1759,13688,12720,16657,15092,18316,17961,21391,21214,22725,21570,14624,15783,10049,12282,3043,5301,183084,176335,22905,22513,35587,34647,12543,6,6
2021-11-03T23:59:59+01:00,2122,2020,14669,13498,17466,15839,18919,18588,21893,21754,23107,21970,14817,16015,10161,12421,3107,5417,1848,1738,13612,12674,16590,15044,18281,17926,21357,21190,22696,21550,14617,15773,10042,12275,3042,5298,182786,175867,22898,22511,35587,34647,12522,6,6
2021-11-02T23:59:59+01:00,2109,2012,14650,13480,17443,15815,18907,18574,21873,21742,23102,21966,14812,16012,10161,12421,3107,5416,1826,1726,13584,12641,16567,15025,18259,17904,21343,21177,22689,21533,14614,15770,10040,12270,3042,5298,182610,175625,22894,22509,35587,34647,12521,6,6
2021-11-01T23:59:59+01:00,2109,2008,14639,13473,17432,15806,18900,18570,21865,21733,23099,21963,14812,16012,10160,12419,3107,5416,1820,1722,13569,12626,16556,15019,18252,17898,21334,21173,22688,21529,14613,15769,10039,12268,3042,5298,182554,175557,22894,22507,35587,34647,12498,6,6
2021-10-31T23:59:59+01:00,2109,2008,14639,13473,17432,15806,18900,18570,21865,21733,23099,21963,14812,16011,10160,12419,3107,5416,1820,1722,13569,12626,16556,15019,18252,17898,21334,21173,22688,21529,14613,15769,10039,12268,3042,5298,182553,175557,22894,22507,35587,34647,12498,6,6
2021-10-30T23:59:59+02:00,2109,2008,14638,13473,17432,15806,18900,18570,21863,21733,23099,21963,14811,16010,10160,12418,3107,5416,1818,1721,13569,12626,16555,15019,18252,17897,21333,21172,22688,21529,14613,15768,10039,12268,3041,5298,182547,175548,22894,22507,35587,34647,12498,6,6
2021-10-29T23:59:59+02:00,2098,1995,14552,13416,17337,15757,18821,18536,21816,21704,23076,21946,14809,16006,10160,12417,3106,5416,1813,1719,13552,12615,16545,15009,18240,17890,21325,21165,22686,21523,14612,15767,10037,12267,3041,5298,182006,175451,22891,22506,35587,34647,12494,6,6
2021-10-28T23:59:59+02:00,2083,1968,14444,13333,17210,15681,18743,18482,21750,21653,23041,21923,14802,16000,10156,12416,3106,5410,1800,1708,13515,12585,16507,14980,18208,17860,21305,21144,22668,21513,14604,15758,10035,12261,3041,5297,181331,175229,22891,22505,35587,34647,12402,6,6
2021-10-27T23:59:59+02:00,2071,1964,14419,13317,17185,15658,18718,18467,21732,21643,23029,21918,14801,15993,10149,12408,3104,5410,1792,1703,13474,12548,16477,14964,18184,17840,21283,21131,22655,21506,14601,15749,10030,12256,3041,5295,181176,175028,22890,22505,35587,34647,12343,6,6
2021-10-26T23:59:59+02:00,2065,1959,14414,13310,17183,15650,18706,18461,21727,21641,23025,21916,14798,15993,10149,12408,3104,5409,1784,1697,13456,12525,16472,14954,18179,17833,21276,21125,22653,21504,14599,15747,10025,12253,3040,5295,181111,174917,22888,22505,35587,34647,12342,6,6
2021-10-25T23:59:59+02:00,2065,1959,14409,13308,17180,15649,18705,18458,21724,21640,23024,21916,14798,15993,10149,12407,3103,5409,1783,1697,13453,12524,16469,14953,18178,17831,21273,21124,22652,21504,14599,15747,10025,12252,3039,5295,181107,174916,22888,22505,35587,34647,12324,6,6
2021-10-24T23:59:59+02:00,2065,1958,14406,13307,17177,15649,18704,18457,21724,21640,23024,21915,14796,15993,10149,12407,3103,5408,1782,1697,13453,12524,16468,14953,18177,17831,21272,21124,22650,21504,14599,15746,10025,12249,3038,5287,181095,174898,22887,22505,35587,34647,12323,6,6
2021-10-23T23:59:59+02:00,2065,1958,14405,13307,17176,15648,18704,18457,21723,21640,23024,21915,14796,15993,10149,12407,3103,5407,1782,1697,13453,12524,16468,14953,18177,17831,21272,21124,22650,21504,14599,15746,10025,12249,3038,5287,181090,174898,22887,22505,35587,34647,12323,6,6
2021-10-22T23:59:59+02:00,2045,1932,14345,13264,17119,15599,18664,18426,21691,21614,23005,21904,14790,15986,10148,12407,3103,5406,1768,1683,13421,12497,16447,14934,18163,17813,21261,21107,22644,21496,14598,15743,10022,12248,3037,5286,180664,174694,22885,22499,35587,34647,12322,6,6
2021-10-21T23:59:59+02:00,2036,1915,14277,13225,17057,15556,18624,18395,21669,21587,22979,21888,14786,15984,10145,12403,3101,5403,1758,1670,13378,12475,16415,14905,18141,17788,21253,21096,22632,21479,14593,15737,10020,12240,3036,5285,180286,174465,22883,22499,35587,34647,12284,6,6
2021-10-20T23:59:59+02:00,2021,1904,14255,13213,17044,15537,18613,18380,21660,21578,22970,21885,14783,15979,10144,12397,3099,5401,1743,1646,13314,12423,16381,14869,18115,17747,21240,21076,22613,21464,14587,15726,10014,12236,3034,5280,180124,174077,22883,22499,35587,34647,12279,6,6
2021-10-19T23:59:59+02:00,2007,1894,14240,13199,17033,15523,18608,18374,21655,21573,22961,21879,14779,15971,10141,12396,3099,5400,1732,1644,13292,12396,16366,14847,18105,17734,21227,21064,22604,21454,14586,15717,10008,12233,3032,5279,180015,173911,22883,22499,35587,34647,12257,6,6
2021-10-18T23:59:59+02:00,1993,1881,14222,13176,17018,15513,18603,18368,21648,21564,22956,21876,14775,15968,10141,12395,3099,5399,1723,1633,13270,12363,16349,14819,18091,17725,21218,21056,22598,21453,14579,15717,10003,12227,3030,5278,179901,173762,22882,22482,35587,34647,12235,6,6
2021-10-17T23:59:59+02:00,1992,1879,14222,13174,17018,15513,18603,18366,21646,21559,22956,21873,14775,15965,10141,12394,3098,5399,1722,1630,13269,12358,16343,14815,18089,17719,21215,21051,22596,21450,14578,15716,10002,12225,3028,5275,179879,173711,22882,22482,35587,34647,12235,6,6
2021-10-16T23:59:59+02:00,1992,1879,14222,13174,17018,15513,18603,18366,21646,21559,22956,21873,14775,15965,10141,12394,3098,5399,1722,1630,13269,12358,16343,14814,18089,17719,21215,21051,22596,21450,14578,15716,10002,12225,3028,5275,179879,173710,22882,22482,35587,34647,12235,6,6
2021-10-15T23:59:59+02:00,1985,1866,14180,13141,16986,15484,18583,18348,21631,21547,22947,21866,14774,15961,10140,12390,3098,5397,1679,1602,13203,12293,16296,14762,18054,17690,21187,21019,22575,21432,14567,15703,9998,12218,3027,5270,179657,173241,22863,22454,35587,34647,12227,6,6
2021-10-14T23:59:59+02:00,1973,1853,14126,13103,16938,15441,18555,18320,21608,21535,22933,21852,14764,15951,10138,12387,3094,5392,1620,1551,13088,12165,16239,14682,17991,17617,21147,20969,22542,21392,14551,15687,9991,12206,3025,5265,179319,172466,22844,22387,35587,34647,12223,6,5
2021-10-13T23:59:59+02:00,1963,1842,14095,13067,16917,15406,18531,18300,21597,21525,22921,21846,14759,15944,10136,12384,3094,5387,1599,1534,13043,12112,16198,14625,17953,17574,21128,20948,22522,21378,14541,15676,9987,12200,3021,5259,179101,172067,22844,22387,35587,34647,12192,6,5
2021-10-12T23:59:59+02:00,1957,1834,14072,13056,16899,15395,18526,18288,21590,21518,22916,21838,14756,15942,10136,12383,3094,5386,1591,1519,13016,12085,16176,14603,17941,17559,21119,20939,22512,21372,14533,15672,9985,12199,3020,5257,179001,171895,22844,22387,35587,34647,12164,6,5
2021-10-11T23:59:59+02:00,1944,1829,14052,13031,16891,15391,18519,18277,21584,21512,22911,21834,14754,15940,10135,12380,3094,5385,1587,1508,12988,12063,16158,14581,17923,17534,21108,20923,22508,21361,14528,15668,9981,12196,3020,5256,178883,171693,22844,22387,35587,34647,12159,6,5
2021-10-10T23:59:59+02:00,1940,1828,14045,13024,16881,15388,18512,18271,21582,21509,22909,21830,14753,15939,10135,12380,3094,5385,1583,1502,12976,12048,16142,14575,17915,17527,21106,20919,22503,21353,14525,15663,9980,12193,3019,5255,178852,171614,22844,22386,35587,34647,12132,6,5
2021-10-09T23:59:59+02:00,1940,1828,14044,13023,16880,15388,18512,18271,21582,21508,22909,21830,14753,15939,10135,12380,3094,5385,1583,1502,12976,12048,16142,14575,17915,17527,21106,20919,22503,21353,14525,15663,9980,12193,3019,5255,178848,171614,22844,22386,35587,34647,12132,6,5
2021-10-08T23:59:59+02:00,1927,1815,13992,12996,16851,15374,18493,18250,21562,21491,22895,21816,14748,15937,10130,12378,3094,5384,1560,1479,12929,12009,16115,14543,17882,17498,21081,20884,22485,21342,14520,15656,9978,12187,3019,5252,178580,171250,22844,22385,35587,34647,12132,6,5
2021-10-07T23:59:59+02:00,1906,1797,13943,12950,16813,15346,18461,18219,21535,21469,22877,21805,14743,15929,10123,12370,3093,5381,1527,1435,12863,11926,16063,14476,17836,17453,21046,20843,22466,21321,14507,15640,9969,12177,3018,5246,178220,170656,22844,22385,35587,34647,12119,6,5
2021-10-06T23:59:59+02:00,1898,1789,13901,12909,16808,15341,18458,18212,21532,21464,22870,21798,14740,15925,10121,12367,3092,5381,1510,1426,12828,11896,16058,14453,17828,17436,21034,20837,22461,21318,14506,15632,9967,12174,3018,5244,178073,170474,22841,22385,35587,34647,12115,6,5
2021-10-05T23:59:59+02:00,1884,1776,13867,12878,16777,15312,18431,18199,21512,21446,22863,21786,14728,15915,10117,12362,3091,5380,1494,1408,12767,11836,16010,14405,17789,17400,21009,20810,22441,21293,14493,15619,9966,12168,3016,5242,177870,170094,22839,22382,35587,34647,12038,6,5
2021-10-04T23:59:59+02:00,1871,1763,13845,12849,16762,15301,18420,18184,21503,21439,22855,21777,14724,15912,10114,12361,3091,5379,1488,1392,12723,11805,15982,14375,17776,17380,20997,20791,22437,21280,14488,15610,9965,12164,3014,5239,177726,169864,22839,22382,35587,34647,12008,6,5
2021-10-03T23:59:59+02:00,1870,1763,13843,12848,16761,15298,18420,18183,21501,21438,22854,21777,14724,15912,10114,12361,3091,5379,1488,1392,12722,11802,15977,14372,17775,17378,20996,20788,22437,21278,14488,15610,9963,12164,3014,5239,177715,169844,22839,22382,35587,34646,12006,6,5
2021-10-02T23:59:59+02:00,1869,1763,13842,12848,16761,15298,18420,18183,21501,21436,22853,21777,14724,15911,10114,12361,3090,5379,1488,1392,12721,11802,15977,14372,17775,17378,20996,20788,22437,21278,14488,15609,9963,12163,3014,5239,177708,169841,22839,22382,35587,34646,12006,6,5
2021-10-01T23:59:59+02:00,1861,1751,13807,12818,16722,15276,18397,18159,21480,21415,22838,21774,14720,15909,10111,12359,3089,5378,1476,1384,12688,11778,15945,14345,17752,17358,20973,20773,22422,21271,14484,15608,9961,12162,3013,5239,177497,169647,22838,22382,35587,34646,11952,6,5
2021-09-30T23:59:59+02:00,1843,1733,13736,12775,16660,15230,18362,18117,21452,21395,22815,21753,14705,15900,10108,12351,3087,5376,1456,1351,12609,11716,15884,14280,17725,17309,20934,20746,22390,21256,14465,15593,9956,12155,3012,5237,177142,169200,22838,22382,35587,34646,11841,6,5
2021-09-29T23:59:59+02:00,1832,1721,13684,12737,16620,15196,18333,18087,21428,21377,22800,21733,14699,15892,10104,12345,3085,5375,1443,1336,12566,11680,15848,14241,17701,17284,20918,20729,22383,21249,14464,15587,9954,12149,3011,5234,176851,168962,22838,22382,35587,34646,11782,6,5
2021-09-28T23:59:59+02:00,1823,1717,13672,12709,16615,15184,18321,18077,21420,21368,22795,21731,14697,15886,10100,12342,3082,5371,1414,1313,12530,11643,15827,14220,17685,17265,20903,20715,22377,21240,14461,15584,9954,12145,3009,5232,176714,168704,22838,22382,35587,34646,11780,6,5
2021-09-27T23:59:59+02:00,1816,1711,13655,12678,16602,15164,18310,18063,21407,21359,22791,21724,14695,15881,10097,12339,3080,5370,1402,1303,12517,11611,15803,14206,17674,17253,20899,20709,22371,21234,14456,15576,9953,12143,3008,5229,176553,168539,22836,22382,35587,34646,11775,6,5
2021-09-26T23:59:59+02:00,1807,1708,13639,12664,16591,15155,18302,18058,21401,21345,22781,21720,14694,15877,10094,12332,3077,5365,1401,1298,12505,11602,15796,14202,17670,17252,20897,20705,22369,21232,14455,15575,9951,12141,3007,5229,176423,168482,22836,22381,35587,34646,11773,6,5
2021-09-25T23:59:59+02:00,1807,1708,13639,12664,16591,15155,18302,18058,21401,21345,22781,21720,14694,15877,10094,12332,3077,5365,1401,1298,12505,11601,15796,14202,17670,17252,20897,20705,22369,21232,14455,15575,9951,12141,3007,5229,176423,168481,22836,22381,35587,34646,11773,6,5
2021-09-24T23:59:59+02:00,1795,1702,13602,12608,16556,15118,18277,18037,21379,21322,22763,21710,14690,15872,10092,12329,3077,5364,1385,1284,12475,11559,15766,14170,17650,17225,20877,20691,22353,21220,14447,15566,9945,12135,3006,5227,176182,168251,22835,22381,35587,34646,11698,6,5
2021-09-23T23:59:59+02:00,1771,1683,13543,12547,16505,15060,18235,17997,21341,21290,22742,21680,14682,15862,10089,12323,3076,5358,1376,1277,12438,11530,15743,14144,17630,17211,20853,20678,22338,21208,14438,15557,9938,12132,3005,5223,175738,168054,22835,22381,35587,34646,11633,6,5
2021-09-22T23:59:59+02:00,1758,1669,13488,12501,16477,15027,18216,17961,21330,21269,22729,21670,14668,15853,10084,12319,3071,5354,1372,1272,12399,11506,15718,14125,17611,17183,20844,20656,22328,21197,14429,15545,9935,12127,3005,5223,175404,167815,22834,22381,35587,34646,11628,6,5
2021-09-21T23:59:59+02:00,1752,1665,13452,12479,16443,14999,18198,17931,21317,21250,22722,21661,14665,15846,10076,12316,3070,5349,1368,1265,12371,11483,15701,14100,17595,17159,20832,20645,22322,21187,14427,15540,9934,12121,3004,5222,175224,167692,22834,22379,35587,34646,11554,6,5
2021-09-20T23:59:59+02:00,1745,1659,13432,12452,16425,14975,18178,17916,21302,21241,22720,21654,14659,15839,10073,12308,3070,5347,1365,1261,12360,11473,15696,14085,17586,17149,20827,20639,22322,21182,14422,15531,9932,12119,3004,5220,175087,167637,22819,22374,35586,34646,11511,6,5
2021-09-19T23:59:59+02:00,1742,1653,13414,12436,16401,14952,18163,17912,21295,21233,22711,21644,14650,15834,10070,12303,3068,5342,1364,1261,12354,11470,15680,14068,17574,17147,20822,20633,22315,21178,14414,15529,9930,12115,3003,5219,175003,167628,22819,22373,35585,34646,11424,6,5
2021-09-18T23:59:59+02:00,1742,1650,13404,12431,16395,14946,18158,17907,21294,21231,22709,21643,14650,15834,10070,12303,3068,5341,1287,1186,12216,11298,15604,13957,17517,17077,20777,20595,22291,21150,14403,15514,9920,12103,3003,5217,174962,166673,22819,22373,35585,34646,11418,6,5
2021-09-17T23:59:59+02:00,1699,1603,13296,12332,16335,14863,18099,17843,21251,21183,22680,21617,14639,15818,10062,12291,3066,5335,1280,1181,12168,11250,15565,13925,17463,17026,20763,20571,22275,21132,14399,15502,9915,12097,3002,5216,174354,166585,22716,22130,35585,34646,11364,6,5
2021-09-16T23:59:59+02:00,1665,1559,13208,12236,16281,14782,18039,17782,21208,21128,22650,21581,14624,15799,10046,12279,3063,5331,1271,1176,12140,11226,15550,13908,17442,17002,20759,20553,22267,21121,14397,15498,9911,12095,3002,5215,173644,166429,22716,22130,35585,34646,11323,6,5
2021-09-15T23:59:59+02:00,1644,1541,13157,12198,16246,14751,18016,17747,21186,21102,22640,21568,14616,15786,10036,12272,3059,5321,1269,1168,12114,11209,15522,13885,17427,16974,20744,20538,22257,21110,14389,15493,9907,12094,3002,5211,173343,166283,22716,22130,35585,34646,11249,6,5
2021-09-14T23:59:59+02:00,1632,1529,13111,12161,16222,14727,17992,17720,21177,21080,22625,21559,14610,15775,10026,12263,3058,5320,1258,1161,12083,11172,15502,13862,17403,16947,20730,20522,22248,21095,14378,15487,9900,12093,3002,5210,173091,166069,22715,22130,35585,34646,11203,6,5
2021-09-13T23:59:59+02:00,1617,1512,13049,12112,16185,14689,17959,17685,21158,21055,22605,21542,14602,15770,10021,12255,3056,5319,1250,1155,12045,11141,15478,13837,17388,16934,20718,20508,22228,21089,14375,15479,9897,12086,3000,5208,172769,165905,22715,22130,35584,34646,11130,6,5
2021-09-12T23:59:59+02:00,1617,1510,13048,12109,16182,14689,17958,17682,21156,21054,22604,21540,14602,15769,10018,12251,3056,5315,1250,1155,12042,11137,15476,13837,17387,16933,20718,20508,22228,21088,14374,15479,9897,12085,3000,5208,172741,165894,22715,22130,35584,34646,11127,6,5
2021-09-11T23:59:59+02:00,1617,1510,13048,12109,16182,14689,17957,17682,21156,21054,22604,21540,14602,15769,10018,12251,3056,5315,1250,1155,12041,11137,15476,13837,17386,16933,20718,20508,22228,21088,14374,15479,9897,12085,3000,5208,172741,165893,22715,22130,35584,34646,11126,6,5
2021-09-10T23:59:59+02:00,1584,1479,13000,12067,16140,14641,17924,17645,21124,21018,22576,21522,14594,15755,10014,12246,3055,5312,1249,1154,12035,11127,15465,13825,17376,16928,20707,20497,22222,21083,14369,15471,9895,12081,3000,5205,172354,165859,22715,22129,35584,34646,11050,6,5
2021-09-09T23:59:59+02:00,1540,1425,12890,11979,16065,14544,17870,17580,21076,20971,22540,21492,14571,15727,10003,12236,3053,5309,1233,1132,11994,11090,15437,13795,17355,16899,20690,20479,22200,21068,14363,15460,9890,12075,2997,5205,171613,165616,22713,22128,35584,34645,10968,6,5
2021-09-08T23:59:59+02:00,1521,1412,12851,11933,16042,14513,17843,17547,21055,20952,22526,21479,14566,15717,9999,12229,3053,5306,1217,1125,11956,11046,15413,13767,17329,16872,20669,20459,22181,21048,14351,15452,9881,12068,2995,5203,171392,165392,22713,22127,35584,34645,10863,5,5
2021-09-07T23:59:59+02:00,1489,1384,12771,11863,15966,14467,17798,17496,21023,20931,22504,21452,14553,15709,9999,12223,3051,5301,1208,1115,11907,11011,15365,13744,17300,16850,20645,20439,22168,21033,14338,15446,9881,12063,2994,5203,170949,165193,22709,22121,35584,34645,10746,5,5
2021-09-06T23:59:59+02:00,1475,1362,12744,11835,15945,14440,17790,17482,21009,20919,22495,21444,14547,15699,9999,12218,3050,5298,1207,1112,11898,10997,15362,13733,17296,16846,20643,20437,22162,21030,14335,15444,9881,12059,2994,5203,170721,165122,22708,22121,35584,34645,10746,5,5
2021-09-05T23:59:59+02:00,1475,1361,12744,11832,15944,14438,17786,17480,21009,20918,22493,21443,14547,15697,9996,12217,3050,5298,1207,1112,11896,10997,15361,13731,17294,16844,20641,20437,22161,21030,14335,15444,9881,12059,2994,5202,170702,165113,22708,22121,35584,34645,10742,5,5
2021-09-04T23:59:59+02:00,1475,1361,12744,11832,15944,14438,17786,17480,21009,20917,22493,21443,14547,15696,9996,12217,3050,5298,1207,1112,11896,10997,15361,13731,17294,16844,20641,20436,22161,21030,14335,15443,9881,12059,2994,5202,170702,165113,22708,22121,35584,34645,10740,5,5
2021-09-03T23:59:59+02:00,1452,1333,12681,11768,15910,14391,17748,17445,20977,20889,22470,21418,14532,15682,9990,12208,3047,5296,1160,1047,11793,10904,15311,13670,17265,16801,20612,20412,22139,21011,14322,15435,9876,12051,2993,5201,170329,164613,22708,22121,35584,34640,10624,5,5
2021-09-02T23:59:59+02:00,1442,1324,12630,11742,15863,14351,17722,17412,20948,20866,22450,21406,14524,15659,9981,12202,3045,5294,1150,1046,11762,10882,15283,13643,17242,16776,20592,20396,22128,21002,14319,15420,9872,12047,2992,5199,170097,164505,22708,22121,35584,34640,10480,5,5
2021-09-01T23:59:59+02:00,1435,1320,12599,11721,15848,14326,17715,17399,20945,20863,22445,21403,14522,15652,9979,12198,3044,5292,1145,1043,11751,10863,15274,13631,17233,16769,20587,20390,22124,20995,14317,15420,9871,12045,2992,5199,169948,164408,22707,22121,35584,34640,10475,5,5
2021-08-31T23:59:59+02:00,1422,1305,12545,11685,15819,14279,17690,17374,20920,20848,22423,21393,14515,15648,9978,12193,3043,5292,1141,1037,11703,10829,15243,13592,17206,16733,20564,20370,22099,20980,14312,15419,9866,12042,2991,5198,169773,164245,22707,22120,35584,34640,10315,5,5
2021-08-30T23:59:59+02:00,1415,1303,12532,11660,15802,14263,17676,17363,20898,20830,22414,21382,14508,15643,9974,12188,3043,5290,1129,1026,11667,10790,15213,13564,17194,16710,20541,20355,22091,20971,14306,15416,9862,12037,2991,5197,169704,164099,22707,22120,35584,34640,10196,5,5
2021-08-29T23:59:59+02:00,1415,1303,12530,11660,15799,14263,17675,17363,20898,20830,22414,21382,14508,15643,9974,12188,3043,5290,1128,1026,11666,10788,15209,13563,17194,16710,20539,20355,22091,20971,14306,15416,9862,12037,2991,5197,169700,164090,22707,22120,35584,34640,10194,5,5
2021-08-28T23:59:59+02:00,1415,1303,12530,11660,15799,14263,17675,17363,20898,20830,22414,21382,14508,15643,9974,12188,3043,5290,1128,1026,11665,10788,15209,13563,17193,16710,20539,20355,22091,20971,14306,15416,9862,12037,2991,5197,169700,164088,22707,22120,35584,34640,10194,5,5
2021-08-27T23:59:59+02:00,1414,1297,12505,11641,15775,14241,17656,17340,20878,20821,22398,21368,14502,15637,9970,12182,3042,5288,1125,1023,11649,10777,15187,13547,17178,16694,20522,20347,22076,20958,14300,15411,9856,12030,2990,5195,169631,164061,22707,22120,35584,34639,10040,5,5
2021-08-26T23:59:59+02:00,1410,1293,12468,11615,15741,14213,17629,17326,20851,20802,22384,21355,14493,15632,9966,12176,3041,5286,1113,1010,11587,10712,15129,13495,17136,16665,20490,20321,22059,20936,14286,15398,9848,12026,2987,5193,169548,163779,22707,22119,35584,34639,9849,5,5
2021-08-25T23:59:59+02:00,1405,1290,12451,11598,15722,14199,17616,17310,20843,20792,22379,21345,14491,15625,9965,12173,3040,5286,1096,996,11525,10650,15078,13454,17115,16634,20479,20304,22044,20925,14281,15391,9845,12024,2985,5190,169423,163430,22707,22119,35584,34639,9823,5,5
2021-08-24T23:59:59+02:00,1397,1281,12423,11576,15695,14164,17599,17293,20827,20778,22362,21332,14485,15613,9960,12164,3036,5284,1089,990,11492,10627,15044,13414,17089,16618,20458,20281,22019,20915,14273,15379,9839,12016,2984,5188,169321,163289,22707,22119,35584,34639,9663,5,5
2021-08-23T23:59:59+02:00,1395,1277,12394,11559,15664,14138,17566,17275,20797,20768,22346,21318,14468,15600,9957,12160,3035,5283,1075,984,11425,10570,14983,13361,17043,16589,20422,20257,21997,20897,14253,15368,9834,12009,2983,5186,169281,163039,22706,22118,35584,34639,9435,5,5
2021-08-22T23:59:59+02:00,1394,1277,12393,11557,15661,14137,17566,17275,20796,20766,22345,21318,14467,15600,9957,12160,3035,5283,1074,984,11425,10566,14980,13359,17042,16587,20421,20257,21996,20897,14252,15368,9834,12009,2983,5186,169271,163027,22706,22117,35584,34639,9432,5,5
2021-08-21T23:59:59+02:00,1315,1202,12234,11365,15583,14013,17503,17189,20754,20724,22313,21274,14457,15584,9949,12147,3034,5279,1044,958,11328,10475,14916,13305,17005,16544,20390,20232,21973,20867,14240,15356,9827,11998,2981,5182,168206,162438,22706,22110,35584,34639,9429,5,5
2021-08-20T23:59:59+02:00,1309,1202,12211,11338,15567,13998,17480,17170,20747,20714,22304,21267,14454,15576,9949,12144,3034,5279,1036,953,11221,10400,14825,13230,16904,16438,20329,20177,21938,20834,14228,15337,9819,11993,2980,5182,168202,162354,22538,21415,35584,34625,9425,5,5
2021-08-19T23:59:59+02:00,1305,1198,12146,11287,15471,13948,17403,17115,20695,20675,22267,21223,14436,15561,9940,12131,3033,5275,1024,940,11118,10302,14716,13155,16804,16361,20269,20129,21898,20781,14205,15322,9810,11980,2978,5175,168086,162017,22538,21415,35584,34624,8906,5,5
2021-08-18T23:59:59+02:00,1298,1196,12125,11273,15460,13937,17396,17105,20685,20664,22265,21215,14434,15556,9938,12130,3033,5275,1012,934,11076,10262,14685,13130,16773,16333,20254,20117,21888,20777,14198,15315,9809,11979,2978,5175,167968,161751,22538,21415,35584,34624,8900,5,5
2021-08-17T23:59:59+02:00,1290,1190,12094,11248,15431,13911,17375,17080,20666,20653,22256,21200,14426,15551,9930,12127,3032,5274,998,922,10980,10194,14630,13072,16729,16290,20223,20093,21866,20754,14191,15307,9802,11968,2975,5175,167815,161326,22538,21413,35584,34623,8802,5,5
2021-08-16T23:59:59+02:00,1287,1186,12070,11223,15411,13889,17359,17064,20642,20629,22237,21191,14416,15540,9928,12124,3030,5273,978,904,10911,10121,14569,13008,16690,16252,20186,20059,21842,20734,14174,15294,9797,11954,2970,5172,167753,160946,22538,21412,35584,34623,8629,5,5
2021-08-15T23:59:59+02:00,1286,1186,12067,11222,15409,13887,17358,17063,20641,20628,22235,21190,14416,15540,9928,12124,3030,5272,977,904,10909,10112,14557,13002,16686,16250,20183,20058,21842,20734,14174,15294,9797,11954,2970,5172,167737,160908,22538,21411,35584,34623,8628,5,5
2021-08-14T23:59:59+02:00,1286,1186,12067,11221,15409,13887,17358,17063,20641,20628,22235,21190,14416,15540,9928,12124,3030,5272,964,900,10874,10077,14531,12979,16670,16233,20177,20049,21837,20730,14174,15294,9797,11954,2969,5172,167737,160714,22538,21411,35583,34623,8628,5,5
2021-08-13T23:59:59+02:00,1218,1112,11974,11116,15371,13843,17326,17017,20612,20602,22209,21166,14408,15529,9921,12117,3029,5270,942,890,10802,10016,14488,12921,16629,16196,20160,20027,21819,20715,14168,15281,9793,11946,2968,5171,167186,160356,22538,21410,35583,34623,8538,5,5
2021-08-12T23:59:59+02:00,1215,1107,11952,11106,15344,13823,17303,16988,20589,20586,22186,21142,14397,15517,9913,12109,3029,5267,928,877,10729,9946,14431,12857,16578,16151,20131,20005,21787,20685,14155,15266,9783,11934,2966,5167,167103,159985,22538,21409,35583,34623,8354,5,5
2021-08-11T23:59:59+02:00,1203,1100,11930,11082,15330,13813,17287,16975,20580,20576,22180,21132,14389,15512,9904,12104,3028,5265,884,852,10619,9841,14350,12768,16542,16106,20097,19977,21763,20673,14142,15251,9771,11921,2964,5163,166920,159297,22538,21406,35583,34622,8354,5,5
2021-08-10T23:59:59+02:00,1203,1088,11906,11065,15306,13798,17266,16961,20563,20562,22163,21120,14378,15507,9902,12100,3028,5263,872,841,10564,9788,14303,12732,16504,16083,20072,19954,21739,20651,14129,15239,9768,11918,2964,5159,166836,159020,22538,21406,35583,34622,8227,5,5
2021-08-09T23:59:59+02:00,1199,1081,11874,11035,15286,13779,17250,16941,20551,20552,22145,21110,14367,15503,9898,12094,3028,5261,863,827,10512,9729,14260,12697,16470,16052,20055,19938,21721,20643,14116,15231,9760,11911,2964,5154,166716,158748,22538,21406,35583,34622,8122,5,5
2021-08-08T23:59:59+02:00,1196,1080,11870,11030,15283,13778,17246,16939,20548,20548,22143,21109,14367,15501,9897,12093,3028,5261,863,827,10508,9728,14256,12692,16466,16049,20054,19937,21718,20642,14114,15231,9759,11910,2964,5154,166679,158720,22538,21403,35583,34622,8122,5,5
2021-08-07T23:59:59+02:00,1196,1080,11868,11028,15281,13773,17245,16937,20547,20546,22142,21109,14367,15500,9897,12092,3028,5261,863,827,10507,9727,14255,12691,16466,16047,20053,19936,21718,20639,14113,15231,9759,11910,2964,5154,166659,158708,22538,21403,35583,34622,8122,5,5
2021-08-06T23:59:59+02:00,1194,1078,11850,11018,15252,13760,17220,16922,20527,20528,22131,21100,14364,15496,9895,12088,3028,5261,863,827,10489,9716,14221,12678,16441,16031,20033,19921,21707,20630,14110,15227,9757,11906,2964,5154,166646,158698,22538,21402,35583,34621,7949,5,5
2021-08-05T23:59:59+02:00,1185,1069,11809,10986,15218,13737,17193,16888,20497,20508,22100,21081,14351,15477,9890,12080,3024,5260,863,827,10462,9703,14191,12658,16422,16011,20003,19906,21682,20615,14099,15216,9752,11901,2961,5153,166503,158668,22538,21400,35583,34620,7732,5,5
2021-08-04T23:59:59+02:00,1172,1060,11780,10954,15205,13720,17178,16875,20486,20496,22089,21068,14344,15472,9886,12078,3023,5259,862,827,10452,9687,14177,12649,16407,16004,19993,19898,21676,20613,14097,15215,9751,11901,2960,5152,166298,158593,22536,21371,35582,34620,7732,5,5
2021-08-03T23:59:59+02:00,1166,1055,11737,10920,15167,13695,17154,16843,20465,20476,22069,21046,14331,15454,9882,12075,3022,5258,861,822,10414,9667,14144,12632,16388,15984,19976,19886,21659,20600,14089,15197,9747,11899,2960,5152,166165,158550,22536,21369,35582,34618,7535,5,5
2021-08-02T23:59:59+02:00,1163,1053,11718,10903,15146,13673,17138,16824,20447,20466,22060,21035,14320,15443,9876,12073,3022,5256,861,821,10395,9652,14124,12609,16372,15965,19956,19877,21651,20588,14080,15185,9741,11897,2960,5150,166115,158508,22536,21368,35582,34617,7386,5,5
2021-08-01T23:59:59+02:00,1163,1053,11717,10899,15146,13673,17137,16823,20447,20465,22058,21035,14320,15442,9876,12073,3022,5255,861,821,10394,9651,14118,12608,16369,15965,19956,19876,21650,20587,14080,15185,9741,11897,2960,5150,166104,158496,22535,21366,35582,34616,7386,5,5
2021-07-31T23:59:59+02:00,1163,1053,11717,10899,15146,13673,17137,16823,20447,20465,22058,21035,14320,15442,9876,12073,3022,5255,861,821,10394,9650,14114,12605,16369,15965,19956,19874,21650,20587,14080,15185,9741,11897,2960,5150,166104,158487,22535,21365,35582,34616,7386,5,5
2021-07-30T23:59:59+02:00,1163,1053,11683,10885,15112,13650,17102,16795,20420,20446,22020,21016,14303,15434,9870,12065,3021,5254,861,819,10361,9638,14080,12581,16334,15937,19929,19855,21612,20567,14062,15177,9735,11889,2959,5149,166100,158483,22535,21365,35582,34614,7078,5,5
2021-07-29T23:59:59+02:00,1151,1045,11651,10856,15089,13628,17092,16782,20412,20435,22011,21010,14300,15433,9867,12063,3018,5253,860,817,10356,9629,14060,12573,16322,15928,19926,19853,21607,20566,14060,15174,9735,11889,2959,5149,165910,158410,22535,21363,35582,34613,7072,5,5
2021-07-28T23:59:59+02:00,1136,1039,11616,10811,15060,13598,17073,16763,20404,20422,22001,21003,14296,15431,9864,12061,3017,5252,859,816,10344,9619,14040,12557,16310,15918,19918,19849,21604,20564,14059,15172,9735,11888,2959,5149,165685,158333,22534,21362,35582,34611,7049,5,5
2021-07-27T23:59:59+02:00,1133,1038,11592,10796,15037,13579,17054,16754,20391,20403,21983,20984,14288,15418,9857,12057,3016,5250,858,816,10318,9609,14014,12532,16292,15909,19904,19830,21587,20543,14051,15160,9728,11884,2958,5148,165660,158306,22534,21362,35582,34611,6857,5,5
2021-07-26T23:59:59+02:00,1127,1026,11537,10735,14993,13542,17027,16732,20356,20372,21954,20968,14271,15409,9850,12049,3016,5249,858,814,10280,9583,13980,12502,16267,15893,19866,19795,21537,20514,14034,15150,9720,11875,2958,5147,165490,158245,22533,21361,35582,34551,6611,5,5
2021-07-25T23:59:59+02:00,1126,1025,11535,10731,14989,13541,17026,16731,20355,20372,21954,20968,14270,15409,9850,12049,3016,5249,858,814,10277,9570,13974,12495,16262,15891,19864,19795,21537,20514,14034,15150,9720,11875,2958,5146,165476,158210,22530,21357,35582,34551,6611,5,5
2021-07-24T23:59:59+02:00,1126,1025,11532,10728,14987,13540,17026,16730,20353,20370,21954,20967,14270,15409,9850,12049,3016,5249,858,814,10158,9462,13806,12353,15840,15526,19714,19672,21519,20488,14020,15135,9713,11867,2958,5145,165468,158189,22525,19694,35582,34551,6609,5,5
2021-07-23T23:59:59+02:00,1102,1012,11418,10654,14904,13480,16973,16675,20311,20317,21915,20929,14254,15389,9840,12041,3014,5248,785,744,8417,8101,12405,11247,15350,15088,19422,19347,21304,20297,13942,15051,9656,11817,2953,5141,165047,150553,22525,19693,35582,34494,6322,5,5
2021-07-22T23:59:59+02:00,1080,1005,11350,10586,14847,13432,16935,16649,20291,20286,21898,20904,14229,15374,9823,12031,3012,5245,706,670,7891,7629,11787,10747,14633,14487,19227,19174,21146,20121,13863,14965,9624,11768,2944,5129,164691,146157,22525,19691,35582,34481,6177,5,5
2021-07-21T23:59:59+02:00,1067,996,11305,10536,14809,13399,16904,16620,20273,20269,21880,20893,14218,15369,9821,12023,3010,5243,706,670,7886,7621,11774,10737,14626,14485,19220,19173,21091,20084,13860,14963,9624,11767,2943,5127,164354,146119,22525,19682,35582,34379,6172,5,5
2021-07-20T23:59:59+02:00,1054,981,11254,10497,14778,13372,16871,16603,20248,20249,21855,20875,14207,15356,9819,12017,3009,5242,706,670,7875,7615,11760,10729,14619,14478,19210,19169,21083,20080,13859,14961,9624,11767,2943,5127,164048,146087,22525,19682,35582,34371,6130,5,5
2021-07-19T23:59:59+02:00,1041,965,11204,10447,14749,13338,16849,16584,20228,20229,21842,20867,14201,15352,9815,12008,3007,5238,706,670,7870,7612,11754,10725,14615,14477,19207,19169,21069,20064,13857,14960,9623,11765,2943,5127,163728,146061,22525,19680,35582,34340,6127,5,5
2021-07-18T23:59:59+02:00,1041,965,11203,10447,14749,13336,16847,16582,20228,20228,21842,20867,14200,15352,9815,12008,3007,5238,706,670,7867,7608,11745,10718,14611,14474,19206,19168,21058,20059,13857,14960,9623,11765,2943,5127,163719,146033,22525,19679,35582,34321,6127,5,5
2021-07-17T23:59:59+02:00,1039,965,11157,10420,14689,13292,16809,16553,20192,20214,21816,20844,14189,15339,9812,12005,3007,5237,706,670,7792,7549,11600,10587,14418,14307,18779,18848,20860,19885,13829,14919,9608,11742,2940,5121,163690,146025,22518,18021,35581,34321,5788,5,5
2021-07-16T23:59:59+02:00,1018,948,10964,10282,14586,13194,16708,16476,20115,20149,21764,20796,14162,15314,9797,11998,3003,5232,691,649,7521,7350,10676,9957,13952,13996,18553,18652,19998,19226,13663,14705,9499,11610,2924,5097,163366,142594,21981,18011,35581,32534,5575,5,5
2021-07-15T23:59:59+02:00,994,932,10907,10219,14548,13163,16683,16455,20100,20132,21754,20787,14157,15310,9792,11994,3003,5228,686,642,7095,6982,8449,8224,13492,13603,18492,18594,19856,19089,13530,14563,9446,11548,2923,5087,163027,136227,21980,18006,35581,32496,5567,5,5
2021-07-14T23:59:59+02:00,968,914,10830,10133,14482,13103,16644,16410,20063,20096,21728,20765,14145,15298,9779,11979,2999,5226,643,602,6550,6531,7363,7362,12921,13154,18394,18500,19749,19000,13500,14526,9429,11531,2921,5084,162536,131858,21980,18002,35581,32433,5462,5,5
2021-07-13T23:59:59+02:00,949,893,10749,10061,14437,13059,16617,16379,20040,20075,21717,20752,14138,15287,9776,11972,2997,5224,643,602,6300,6254,6905,6977,12608,12886,18377,18478,19704,18963,13386,14417,9426,11527,2921,5081,162102,131813,21977,15750,35581,32428,5459,5,5
2021-07-12T23:59:59+02:00,929,881,10696,10011,14390,13015,16575,16349,20025,20063,21710,20746,14136,15282,9772,11968,2997,5221,634,596,6161,6160,6747,6857,12313,12641,17682,17911,19606,18884,13352,14392,9409,11505,2921,5077,161806,129274,21977,15746,35581,32424,5399,5,5
2021-07-11T23:59:59+02:00,929,881,10695,10010,14388,13014,16574,16349,20024,20063,21710,20746,14136,15282,9772,11968,2997,5221,634,596,6157,6157,6744,6854,12312,12641,17682,17911,19605,18883,13352,14392,9409,11504,2920,5075,161803,129265,21977,15746,35581,32417,5395,5,5
2021-07-10T23:59:59+02:00,926,876,10688,9997,14381,13007,16567,16349,20022,20056,21704,20741,14136,15281,9772,11968,2997,5221,634,595,6150,6149,6734,6849,12309,12637,17681,17906,19600,18880,13351,14392,9409,11504,2920,5075,161737,129215,21976,15746,35581,32417,5392,5,5
2021-07-09T23:59:59+02:00,912,860,10638,9954,14347,12979,16531,16319,19988,20033,21676,20719,14117,15266,9757,11960,2996,5218,24,17,5341,5416,6602,6749,12149,12533,17450,17800,19394,18747,13287,14319,9382,11485,2917,5072,161553,126311,21975,15746,35581,31464,5158,5,5
2021-07-08T23:59:59+02:00,910,860,10578,9910,14261,12924,16467,16269,19937,19986,21648,20695,14104,15249,9751,11947,2995,5212,16,11,5211,5307,6386,6573,11711,12191,16941,17427,19134,18560,13224,14235,9356,11449,2911,5060,161533,124386,21974,15743,35581,30957,4612,5,5
2021-07-07T23:59:59+02:00,909,860,10575,9903,14257,12919,16465,16267,19937,19983,21647,20694,14104,15249,9751,11947,2995,5212,13,10,5070,5125,5910,6163,10506,11207,16887,17362,19080,18515,13207,14213,9347,11446,2907,5050,161515,120714,21971,15741,35581,30954,4604,5,5
2021-07-06T23:59:59+02:00,909,860,10572,9902,14251,12916,16463,16267,19937,19983,21647,20693,14104,15247,9751,11947,2995,5212,13,10,5051,5118,5903,6156,10506,11207,16885,17362,19078,18515,13207,14211,9347,11446,2907,5050,161506,120691,21966,15738,35581,30938,4600,5,5
2021-07-05T23:59:59+02:00,909,860,10566,9897,14233,12913,16453,16265,19936,19983,21645,20693,14104,15247,9751,11947,2995,5212,13,10,5042,5115,5884,6153,10496,11204,16882,17362,19076,18514,13207,14211,9347,11446,2906,5050,161496,120684,21966,15735,35581,30931,4563,5,5
2021-07-04T23:59:59+02:00,909,860,10556,9888,14232,12908,16452,16265,19935,19982,21644,20692,14104,15247,9751,11946,2994,5211,13,10,5009,5075,5798,6075,10369,11090,16875,17359,19075,18509,13202,14209,9345,11441,2903,5048,161488,120205,21965,15734,35581,30922,4539,5,5
2021-07-03T23:59:59+02:00,828,791,8640,8364,12764,11751,15982,15808,19650,19682,21475,20528,14030,15171,9697,11900,2988,5207,7,8,4900,4949,5525,5819,10131,10875,16730,17220,18884,18358,13177,14175,9335,11431,2901,5046,153180,118650,21965,15734,35581,30555,4527,5,5
2021-07-02T23:59:59+02:00,828,789,8639,8358,12758,11747,15979,15807,19648,19682,21475,20528,14029,15170,9697,11899,2987,5206,6,7,4048,4098,4884,5169,9152,9881,16359,16743,18401,17820,12828,13854,9275,11355,2899,5037,153162,114133,21963,15734,35580,27426,4518,5,5
2021-07-01T23:59:59+02:00,808,770,8431,8192,12676,11669,15945,15775,19636,19668,21464,20511,14025,15166,9692,11891,2984,5200,1,1,2236,2423,4450,4794,8658,9448,15729,16201,17847,17381,12770,13788,9245,11300,2884,5007,152467,106554,21963,15731,35580,27384,4490,5,4
2021-06-30T23:59:59+02:00,753,720,8185,8009,12502,11518,15831,15680,19571,19601,21425,20464,14006,15140,9679,11878,2983,5195,0,1,2180,2387,4359,4677,8551,9349,15531,16062,17111,16879,12117,13142,9186,11231,2877,5001,151120,106489,21961,15730,35579,23941,4477,5,4
2021-06-29T23:59:59+02:00,753,720,8177,8001,12498,11510,15827,15680,19569,19601,21425,20464,14006,15140,9679,11878,2983,5195,0,1,2157,2375,4336,4635,8528,9302,15495,16003,17035,16794,11762,12804,9158,11197,2874,4993,151103,106472,21958,15727,35578,22782,4464,5,4
2021-06-28T23:59:59+02:00,753,720,8173,7997,12489,11503,15822,15679,19569,19601,21425,20464,14005,15140,9679,11878,2983,5195,0,1,2149,2349,4289,4520,8453,9140,15374,15723,16868,16523,11454,12500,9135,11170,2873,4989,151083,106460,21957,15727,35578,20865,4454,5,4
2021-06-27T23:59:59+02:00,753,720,8170,7991,12484,11499,15819,15678,19566,19601,21425,20464,14005,15140,9679,11877,2983,5195,0,1,2139,2345,4279,4517,8271,8985,15353,15707,16866,16518,11448,12499,9134,11168,2873,4989,151072,106061,21955,15725,35577,20860,4442,5,4
2021-06-26T23:59:59+02:00,745,716,7959,7781,12008,11092,14703,14687,19316,19401,21322,20345,13962,15089,9666,11848,2980,5192,0,1,2099,2303,4223,4462,8173,8876,15091,15448,16804,16471,11430,12480,9122,11163,2873,4987,148594,104996,20197,15704,35576,20860,4442,5,4
2021-06-25T23:59:59+02:00,726,698,7932,7757,11994,11081,14703,14680,19309,19396,21318,20344,13962,15089,9665,11846,2980,5192,0,0,1969,2126,3933,4157,6649,7440,12431,13252,16727,16383,11402,12451,9111,11139,2867,4972,148454,96114,20197,15623,35576,20826,4442,5,4
2021-06-24T23:59:59+02:00,714,681,7449,7345,10913,10177,14171,14244,19238,19334,21270,20301,13940,15060,9652,11833,2979,5189,0,0,1904,2058,3572,3816,5882,6766,12183,13041,16481,16175,11298,12324,9021,11012,2856,4938,144289,94877,20192,13238,35575,20777,4431,5,4
2021-06-23T23:59:59+02:00,714,681,7447,7340,10907,10173,14170,14243,19238,19333,21270,20300,13940,15060,9652,11833,2979,5189,0,0,1760,1895,3087,3416,4532,5593,11880,12775,16360,16057,11252,12284,9008,10985,2855,4931,144273,90249,20189,13234,35574,20753,4430,5,4
2021-06-22T23:59:59+02:00,714,681,7398,7311,10835,10124,14144,14217,19221,19318,21259,20293,13934,15050,9649,11830,2979,5189,0,0,1710,1864,3006,3362,4492,5559,11851,12736,16292,16006,11044,12093,8756,10684,2845,4900,144258,90229,20189,13228,35572,19615,4124,5,4
2021-06-21T23:59:59+02:00,712,681,7267,7244,10705,10024,13863,13965,18469,18699,21169,20217,13899,15018,9630,11805,2979,5186,0,0,1666,1839,2963,3325,4462,5529,11804,12702,16275,15989,11035,12082,8749,10676,2844,4899,141867,90103,20186,13225,35572,19603,3904,5,4
2021-06-20T23:59:59+02:00,712,681,7267,7239,10699,10021,13862,13965,18469,18699,21169,20217,13899,15018,9630,11805,2979,5186,0,0,1638,1810,2915,3308,4397,5490,11742,12669,16213,15929,11016,12066,8746,10667,2840,4896,141853,89622,20185,13219,35572,19593,3904,5,4
2021-06-19T23:59:59+02:00,712,680,7233,7202,10593,9931,13681,13807,18053,18362,20984,20044,13881,14991,9618,11785,2976,5180,0,0,1607,1776,2876,3261,4317,5419,11406,12379,16175,15891,11007,12055,8744,10662,2838,4894,141810,88616,18424,13191,35572,19592,3904,5,4
2021-06-18T23:59:59+02:00,15,13,6426,6469,10585,9930,13680,13805,18051,18359,20984,20044,13881,14990,9618,11784,2975,5178,0,0,1478,1665,2637,3104,3686,4788,10262,11234,15963,15735,10965,12015,8721,10641,2824,4865,138894,83957,18423,13189,35572,19538,3895,5,4
2021-06-17T23:59:59+02:00,13,12,6355,6401,10467,9824,13356,13502,17664,18036,20872,19946,13862,14952,9606,11770,2967,5172,0,0,1397,1547,2481,2955,3329,4450,8650,9871,15449,15303,10789,11835,8665,10563,2807,4837,137001,78474,18422,13183,35571,19487,3780,5,4
2021-06-16T23:59:59+02:00,13,12,6348,6395,10455,9820,13354,13500,17661,18035,20871,19945,13862,14952,9605,11769,2967,5172,0,0,1344,1502,2379,2877,3145,4271,7560,8930,14949,14916,10707,11724,8629,10516,2796,4821,136967,74646,18419,13179,35571,19461,3776,5,4
2021-06-15T23:59:59+02:00,13,12,6316,6377,10414,9790,13324,13484,17641,18015,20857,19931,13853,14944,9602,11763,2964,5169,0,0,1263,1445,2252,2774,3028,4185,6636,8195,14747,14749,10682,11695,8616,10494,2787,4814,136952,74634,18418,10758,35570,19441,3525,5,4
2021-06-14T23:59:59+02:00,13,12,6298,6358,10379,9764,13303,13464,17624,17997,20838,19920,13842,14935,9599,11761,2964,5164,0,0,1237,1429,2216,2747,3006,4164,6620,8175,14726,14739,10669,11686,8613,10493,2786,4809,136934,74624,18417,10758,35570,19420,3309,5,4
2021-06-13T23:59:59+02:00,13,12,6297,6357,10376,9762,13303,13460,17624,17997,20838,19920,13841,14935,9599,11761,2964,5164,0,0,1233,1424,2212,2738,2996,4154,6603,8158,14625,14674,10656,11663,8607,10481,2783,4809,136924,74332,18417,10758,35570,19415,3307,5,4
2021-06-12T23:59:59+02:00,10,10,5517,5599,10331,9723,13269,13435,17596,17976,20811,19889,13759,14863,9599,11758,2963,5164,0,0,1225,1406,2199,2721,2976,4128,6529,8074,14453,14537,10427,11378,8126,9943,2781,4808,134973,73827,18417,10758,35570,17815,3307,5,4
2021-06-11T23:59:59+02:00,9,10,5513,5592,10321,9716,13254,13423,17589,17971,20806,19887,13759,14862,9599,11756,2963,5164,0,0,1150,1323,2080,2562,2805,3874,5020,6739,12733,13155,10287,11232,8039,9837,2774,4792,134898,66531,18417,10757,35570,17806,3304,5,4
2021-06-10T23:59:59+02:00,3,4,4525,4653,10153,9589,13141,13338,17333,17736,20565,19704,13749,14851,9593,11746,2960,5161,0,0,1095,1262,1965,2456,2641,3697,4412,6099,11566,12164,9986,10907,7954,9752,2762,4767,131590,61697,18413,10756,35570,17801,3227,4,4
2021-06-09T23:59:59+02:00,3,4,3941,4069,9948,9441,13051,13266,17021,17469,20337,19522,13734,14838,9588,11740,2959,5156,0,0,1022,1218,1865,2386,2546,3584,4085,5795,11143,11839,9856,10749,7908,9686,2751,4758,129247,61616,18398,8909,35570,17794,2868,4,4
2021-06-08T23:59:59+02:00,3,4,3929,4063,9935,9429,13039,13259,17014,17460,20329,19520,13732,14835,9587,11737,2958,5154,0,0,976,1210,1842,2369,2518,3570,4059,5775,11132,11836,9853,10744,7907,9684,2750,4756,129230,61498,18395,8901,35569,17789,2789,4,4
2021-06-07T23:59:59+02:00,3,4,3915,4054,9902,9417,13029,13240,16991,17447,20312,19509,13728,14831,9584,11733,2956,5152,0,0,965,1202,1807,2356,2508,3551,4035,5761,11114,11822,9850,10738,7904,9681,2748,4754,129214,61487,18393,8898,35567,17778,2629,4,4
2021-06-06T23:59:59+02:00,3,4,3911,4050,9896,9412,13027,13240,16988,17446,20311,19507,13726,14830,9584,11733,2956,5152,0,0,962,1199,1795,2354,2502,3542,4021,5754,10986,11678,9839,10731,7903,9681,2748,4754,129198,61162,18392,8897,35565,17769,2617,4,4
2021-06-05T23:59:59+02:00,2,1,3619,3751,7400,7409,12787,13055,16959,17417,20267,19466,13610,14686,9509,11642,2952,5140,0,0,887,1128,1634,2254,2336,3461,3794,5613,10084,10836,9451,10275,7790,9525,2740,4734,123225,57885,18392,8897,35565,17270,2486,4,4
2021-06-04T23:59:59+02:00,2,1,3553,3695,7248,7294,12318,12658,16820,17304,20032,19230,13492,14541,9451,11563,2938,5123,0,0,862,1063,1604,2149,2297,3294,3718,5355,9443,10156,8606,9254,7514,9121,2736,4723,120823,56408,18392,8895,35565,14109,2479,4,4
2021-06-03T23:59:59+02:00,2,1,3145,3310,7220,7278,12191,12540,16788,17262,19944,19163,13480,14524,9449,11560,2937,5122,0,0,835,994,1558,2025,2216,3094,3529,4974,8866,9541,7845,8382,7040,8505,2733,4715,119594,54780,18388,8893,35561,10806,2369,4,4
2021-06-02T23:59:59+02:00,0,1,2763,2996,6063,6343,11885,12303,16728,17211,19821,19057,13417,14468,9427,11539,2935,5114,0,0,820,959,1492,2001,2102,3056,3358,4871,7501,8457,7765,8303,7024,8477,2729,4710,115860,51667,18387,8893,35561,10802,2259,4,4
2021-06-01T23:59:59+02:00,0,1,2480,2696,5581,5912,11559,12019,16704,17188,19770,19020,13294,14345,9420,11535,2934,5111,0,0,803,952,1476,1990,2081,3043,3332,4852,7201,8133,7726,8269,7014,8462,2728,4710,115837,50981,16045,8873,35561,10792,2122,4,4
2021-05-31T23:59:59+02:00,0,1,2465,2692,5561,5904,11531,11997,16668,17176,19729,18998,13291,14341,9416,11533,2934,5109,0,0,787,944,1457,1980,2050,3023,3296,4838,7160,8111,7722,8264,7010,8460,2728,4708,115824,50966,16041,8867,35560,10784,1917,4,4
2021-05-30T23:59:59+02:00,0,1,2462,2690,5558,5900,11530,11996,16665,17175,19727,18997,13291,14341,9416,11533,2934,5109,0,0,786,940,1451,1977,2047,3021,3294,4836,7159,8111,7722,8264,7010,8459,2728,4708,115808,50958,16041,8867,35557,10769,1915,4,4
2021-05-29T23:59:59+02:00,0,1,2448,2676,5393,5746,11463,11939,16657,17169,19720,18996,13290,14339,9414,11533,2934,5109,0,0,750,890,1338,1882,1768,2769,2888,4414,6874,7839,7538,8040,6834,8231,2725,4702,115310,50311,16041,8867,35557,8385,1915,4,4
2021-05-28T23:59:59+02:00,0,1,2316,2551,4973,5353,10773,11320,16591,17107,19694,18967,13281,14325,9395,11504,2932,5100,0,0,729,867,1278,1828,1679,2699,2754,4309,5286,6144,7373,7844,6792,8175,2722,4692,112671,46016,16041,8866,35557,8375,1910,4,4
2021-05-27T23:59:59+02:00,0,1,2296,2531,4922,5286,10105,10750,16551,17075,19679,18956,13271,14315,9393,11502,2932,5100,0,0,676,775,1172,1754,1468,2558,2381,4003,4404,5232,7136,7533,6700,8058,2705,4673,111281,42224,16038,8860,35555,8353,1787,4,4
2021-05-26T23:59:59+02:00,0,1,2258,2470,4749,5108,9669,10389,16499,17022,19611,18902,13257,14296,9382,11500,2928,5087,0,0,660,732,1122,1721,1379,2478,2172,3831,4275,5094,6973,7319,6620,7959,2693,4659,109871,40820,16033,8859,35555,8339,1665,4,4
2021-05-25T23:59:59+02:00,0,1,2255,2462,4719,5091,9643,10363,16474,17004,19597,18895,13252,14294,9379,11497,2928,5087,0,0,653,719,1077,1703,1325,2432,2102,3771,3734,4516,6671,6976,6586,7922,2692,4657,109865,40812,16031,6904,35554,8329,1487,4,4
2021-05-24T23:59:59+02:00,0,1,2247,2455,4707,5085,9634,10357,16447,16983,19571,18870,13241,14283,9376,11487,2927,5083,0,0,644,714,1065,1696,1315,2425,2077,3751,3708,4491,6659,6965,6583,7912,2691,4653,109856,40805,16028,6904,35554,8324,1312,4,4
2021-05-23T23:59:59+02:00,0,1,2231,2425,4618,5011,9500,10235,16444,16982,19571,18868,13239,14281,9373,11483,2925,5082,0,0,643,711,1063,1695,1314,2425,2077,3751,3708,4489,6658,6965,6583,7912,2691,4653,109373,40798,16027,6903,35553,8321,1312,4,4
2021-05-22T23:59:59+02:00,0,1,2211,2406,4609,4994,9420,10154,16421,16968,19519,18825,13211,14251,9370,11477,2925,5081,0,0,642,709,1062,1692,1312,2422,2074,3746,3692,4475,5825,6065,6511,7831,2683,4648,108947,38849,16027,6903,35553,8321,1312,4,4
2021-05-21T23:59:59+02:00,0,1,2177,2373,4499,4907,9220,9977,16393,16935,19504,18818,13201,14242,9368,11475,2920,5070,0,0,631,682,1025,1624,1262,2299,1987,3566,3346,4040,4060,3956,6467,7765,2678,4633,108201,34837,16027,6903,35549,6978,1299,4,4
2021-05-20T23:59:59+02:00,0,1,2148,2332,4415,4846,8998,9744,16343,16883,19451,18767,13172,14208,9350,11458,2919,5065,0,0,577,579,900,1311,1090,1893,1766,3029,2787,3357,3221,2999,6420,7714,2674,4628,107344,32999,16023,6902,35540,3851,1189,4,4
2021-05-19T23:59:59+02:00,0,1,1988,2164,3915,4426,7618,8551,16070,16637,19328,18643,13124,14161,9340,11432,2917,5062,0,0,562,544,864,1255,1060,1843,1740,2975,2737,3313,3213,2987,6416,7711,2674,4627,102730,32974,16020,6900,35538,3558,1085,4,4
2021-05-18T23:59:59+02:00,0,1,1942,2113,3608,4136,6956,7951,15921,16521,19244,18560,13090,14127,9284,11358,2911,5048,0,0,555,541,857,1252,1051,1834,1710,2959,2728,3294,3208,2982,6412,7707,2674,4627,102709,32967,13549,6895,35534,3550,975,4,4
2021-05-17T23:59:59+02:00,0,1,1934,2105,3589,4122,6911,7927,15893,16503,19223,18541,13080,14105,9282,11357,2911,5048,0,0,547,534,837,1236,1008,1810,1682,2941,2705,3273,3196,2963,6412,7706,2674,4627,102702,32961,13546,6894,35532,3544,748,4,4
2021-05-16T23:59:59+02:00,0,1,1929,2102,3582,4116,6724,7763,15870,16484,19218,18536,13074,14104,9281,11356,2911,5048,0,0,547,534,836,1233,1007,1809,1682,2940,2703,3273,3196,2963,6412,7706,2674,4627,102278,32958,13542,6894,35528,3539,747,4,4
2021-05-15T23:59:59+02:00,0,1,1901,2066,3542,4078,6638,7660,15600,16216,19162,18494,13054,14085,9272,11351,2911,5046,0,0,547,534,836,1232,1007,1809,1680,2939,2703,3273,3195,2963,6411,7706,2674,4627,101256,32954,13542,6894,35528,3537,747,4,4
2021-05-14T23:59:59+02:00,0,1,1793,1922,3294,3830,5050,6179,12945,14017,19097,18408,13029,14055,9265,11338,2908,5040,0,0,547,533,832,1232,1007,1809,1679,2938,2697,3271,3190,2957,6408,7703,2674,4626,92364,32935,13542,6892,35526,3537,735,4,4
2021-05-13T23:59:59+02:00,0,1,1767,1874,3255,3781,4938,6077,12739,13833,18937,18280,12953,13960,9232,11287,2908,5039,0,0,541,530,825,1223,997,1796,1660,2919,2590,3178,2527,2150,4952,5904,2664,4608,91149,29919,13451,4872,35524,3536,733,4,4
2021-05-12T23:59:59+02:00,0,1,1767,1874,3253,3780,4938,6077,12739,13833,18936,18280,12952,13959,9232,11287,2908,5039,0,0,541,530,825,1223,996,1796,1660,2918,2587,3176,2527,2149,4952,5902,2664,4608,91144,29914,13451,4867,35523,3536,733,4,4
2021-05-11T23:59:59+02:00,0,1,1723,1831,3162,3702,4847,6010,11804,13101,18742,18121,12937,13938,9225,11273,2902,5035,0,0,540,528,822,1218,995,1795,1659,2917,2577,3171,2526,2147,4950,5901,2663,4608,91130,29903,10980,4855,35515,3530,725,4,4
2021-05-10T23:59:59+02:00,0,1,1706,1828,3155,3698,4840,6006,11803,13100,18741,18121,12937,13938,9225,11273,2902,5035,0,0,539,526,822,1218,994,1795,1658,2917,2577,3171,2525,2146,4950,5901,2663,4608,91117,29902,10973,4854,35490,3525,725,4,4
2021-05-09T23:59:59+02:00,0,1,1670,1782,3101,3683,4770,5971,11736,13079,18678,18061,12916,13919,9222,11263,2900,5033,0,0,536,523,812,1217,986,1789,1645,2914,2573,3170,2525,2144,4949,5900,2663,4607,90644,29897,10969,4853,35483,3514,685,4,4
2021-05-08T23:59:59+02:00,0,1,1637,1748,3065,3635,4693,5900,11399,12777,18645,18027,12909,13912,9221,11261,2898,5033,0,0,525,522,805,1217,975,1789,1637,2914,2557,3158,2524,2144,4949,5899,2662,4606,89620,29893,10969,4853,35483,3448,685,4,4
2021-05-07T23:59:59+02:00,0,1,1496,1625,2814,3464,4020,5237,10189,11583,18444,17876,12870,13878,9201,11244,2890,5026,0,0,436,372,682,990,829,1472,1491,2498,2388,2800,2515,2134,4945,5895,2659,4603,84849,29886,10968,4853,35471,1400,566,4,4
2021-05-06T23:59:59+02:00,0,1,1433,1456,2680,3332,3692,4926,8476,10100,17927,17452,12702,13710,9154,11172,2887,5018,0,0,322,315,576,890,693,1382,1244,2284,2173,2604,2463,2101,4943,5888,2659,4602,79305,29862,10967,4852,35454,33,388,4,4
2021-05-05T23:59:59+02:00,0,1,1377,1381,2593,3260,3515,4751,7322,9082,17419,17054,12615,13597,9122,11127,2878,5003,0,0,322,315,573,889,692,1380,1197,2231,2161,2597,2459,2099,4942,5884,2659,4598,75425,29850,10961,4851,35445,31,262,4,4
2021-05-04T23:59:59+02:00,0,1,1364,1379,2586,3252,3512,4750,7320,9081,17418,17053,12615,13597,9122,11127,2878,5003,0,0,322,314,572,888,690,1380,1197,2231,2161,2597,2458,2098,4942,5884,2659,4597,75413,29845,10949,4851,35431,29,261,4,4
2021-05-03T23:59:59+02:00,0,1,1362,1373,2577,3246,3509,4744,7242,9021,17404,17045,12611,13595,9122,11127,2877,5002,0,0,319,308,568,883,687,1375,1119,2171,2147,2589,2454,2096,4942,5884,2658,4596,75404,29843,10949,4851,35430,27,71,4,4
2021-05-02T23:59:59+02:00,0,1,1354,1369,2574,3240,3496,4735,7222,9001,17298,16977,12598,13570,9116,11116,2874,5002,0,0,317,307,567,882,687,1375,1119,2170,2145,2589,2454,2096,4941,5882,2658,4596,75094,29837,10948,4850,35429,26,68,4,4
2021-05-01T23:59:59+02:00,0,1,1350,1363,2565,3230,3486,4717,7163,8940,17155,16860,12573,13546,9104,11110,2874,5002,0,0,317,307,567,882,687,1375,1119,2170,2145,2589,2454,2096,4939,5882,2657,4594,74591,29832,10947,4850,35429,26,68,4,4
2021-04-30T23:59:59+02:00,0,1,1280,1285,2444,3063,3318,4444,5604,7539,15400,15424,12430,13386,9008,10993,2859,4969,0,0,317,307,566,881,686,1375,1116,2168,2142,2586,2453,2086,4925,5873,2649,4576,67055,29815,10947,4849,35429,26,12,4,4
2021-04-29T23:59:59+02:00,0,1,1226,1245,2342,2953,3182,4274,4993,6888,14223,14398,12118,13057,8917,10911,2845,4941,0,0,314,305,566,880,686,1374,1115,2168,2140,2584,2451,2082,4924,5869,2648,4574,62126,29793,10946,4846,35427,26,11,4,4
2021-04-28T23:59:59+02:00,0,1,1164,1228,2280,2913,3116,4193,4683,6598,13808,14082,11999,12912,8876,10852,2837,4935,0,0,313,305,563,878,683,1374,1113,2165,2138,2577,2448,2079,4921,5864,2645,4571,62003,29787,9040,4817,35426,25,4,4,4
2021-04-27T23:59:59+02:00,0,1,1145,1225,2274,2911,3112,4191,4681,6598,13807,14081,11998,12911,8876,10852,2837,4935,0,0,313,305,563,878,682,1372,1113,2165,2137,2577,2448,2077,4921,5864,2645,4571,61971,29785,9032,4813,35424,25,4,4,4
2021-04-26T23:59:59+02:00,0,1,1145,1222,2272,2910,3108,4191,4667,6584,13767,14048,11994,12908,8876,10851,2837,4934,0,0,313,305,563,877,681,1372,1113,2165,2135,2576,2448,2077,4920,5863,2645,4571,61958,29781,9028,4811,35322,25,3,4,4
2021-04-25T23:59:59+02:00,0,1,1144,1222,2265,2910,3105,4184,4654,6577,13629,13894,11984,12902,8875,10850,2837,4934,0,0,313,305,562,877,680,1371,1111,2163,2135,2576,2448,2077,4920,5863,2645,4571,61631,29777,9025,4808,35304,25,3,4,4
2021-04-24T23:59:59+02:00,0,1,1081,1177,2130,2823,2964,4127,4443,6460,12759,13089,11707,12572,8809,10747,2830,4921,0,0,313,305,562,877,679,1370,1111,2163,2135,2576,2447,2077,4916,5862,2645,4571,58307,29770,9024,4808,35302,24,3,4,4
2021-04-23T23:59:59+02:00,0,1,983,1157,1915,2795,2804,4093,4329,6347,11414,12029,11652,12509,8786,10700,2828,4918,0,0,312,305,562,877,678,1370,1110,2163,2133,2576,2446,2077,4915,5856,2645,4569,56820,29764,9023,4805,33411,19,2,4,4
2021-04-22T23:59:59+02:00,0,1,973,1148,1889,2781,2739,4067,4153,6228,10795,11517,11563,12421,8755,10653,2825,4913,0,0,311,304,562,877,678,1369,1108,2163,2132,2576,2446,2075,4913,5854,2645,4569,55124,29757,9022,4800,33269,19,2,4,4
2021-04-21T23:59:59+02:00,0,1,958,1133,1813,2756,2620,4032,4007,6153,9299,10355,11487,12352,8743,10629,2821,4910,0,0,310,304,561,877,677,1369,1107,2163,2132,2575,2442,2071,4910,5853,2644,4567,51949,29739,9021,4798,33093,19,2,4,4
2021-04-20T23:59:59+02:00,0,1,958,1132,1811,2754,2616,4028,4003,6152,9001,10032,11460,12327,8739,10619,2820,4909,0,0,310,304,561,877,677,1369,1107,2162,2131,2574,2442,2070,4908,5851,2643,4567,51246,29733,9018,4795,33092,19,2,4,4
2021-04-19T23:59:59+02:00,0,1,956,1129,1811,2751,2615,4027,4000,6150,9000,10031,11460,12327,8739,10618,2819,4909,0,0,310,304,559,876,677,1369,1106,2162,2129,2574,2442,2070,4908,5851,2643,4567,51236,29728,9013,4795,33088,18,2,4,4
2021-04-18T23:59:59+02:00,0,1,956,1128,1808,2751,2613,4025,3999,6150,9000,10031,11460,12327,8739,10616,2819,4908,0,0,310,304,559,876,676,1369,1106,2161,2129,2574,2442,2070,4908,5851,2643,4567,51227,29727,9012,4794,33086,18,2,4,4
2021-04-17T23:59:59+02:00,0,1,956,1127,1805,2745,2537,3934,3942,6068,8983,10013,11337,12175,8736,10614,2819,4907,0,0,305,298,555,869,668,1359,1088,2148,2082,2548,2396,2017,4858,5782,2637,4560,50595,29353,9012,4794,33086,17,2,4,4
2021-04-16T23:59:59+02:00,0,1,927,1093,1696,2662,2336,3800,3692,5892,7254,8200,11138,11930,8681,10551,2816,4893,0,0,298,294,540,850,635,1323,1006,2092,1856,2387,2247,1904,4671,5513,2575,4438,46244,29338,8937,3273,32375,12,2,4,4
2021-04-15T23:59:59+02:00,0,1,858,1043,1567,2574,2056,3647,3159,5563,6243,7234,10881,11591,8580,10428,2797,4870,0,0,298,294,539,849,633,1322,1005,2089,1621,2246,2095,1772,4484,5300,2521,4334,42436,29292,8934,2096,31716,8,2,4,4
2021-04-14T23:59:59+02:00,0,1,843,1014,1521,2537,1967,3566,2989,5427,6149,7122,10718,11383,8498,10328,2785,4856,0,0,278,285,505,822,562,1262,797,1946,1402,2122,2028,1697,4354,5136,2507,4306,41056,27899,8929,2096,31713,8,2,4,4
2021-04-13T23:59:59+02:00,0,1,838,1009,1509,2534,1943,3546,2958,5392,5625,6544,10418,11044,8467,10294,2784,4855,0,0,278,283,505,821,562,1262,797,1946,1401,2121,2025,1696,4354,5135,2507,4303,41044,27895,7003,2087,31708,8,2,4,4
2021-04-12T23:59:59+02:00,0,1,838,1007,1508,2531,1943,3546,2957,5391,5624,6544,10417,11043,8466,10294,2784,4855,0,0,278,282,505,821,560,1262,795,1945,1400,2121,2025,1696,4354,5134,2507,4303,41037,27889,7000,2085,31706,8,2,4,4
2021-04-11T23:59:59+02:00,0,1,838,1007,1506,2531,1941,3545,2956,5391,5624,6544,10415,11041,8466,10294,2784,4855,0,0,278,281,504,820,558,1262,794,1945,1398,2121,2025,1696,4354,5134,2507,4303,41033,27883,6999,2084,31702,8,1,4,4
2021-04-10T23:59:59+02:00,0,1,836,1004,1503,2527,1924,3533,2888,5326,5498,6447,10185,10822,8413,10244,2780,4854,0,0,278,280,504,819,557,1262,793,1945,1398,2121,2021,1692,4349,5125,2506,4300,40461,27853,6999,2084,31320,8,1,4,4
2021-04-09T23:59:59+02:00,0,1,798,971,1406,2472,1820,3475,2759,5272,5358,6382,7801,7993,8346,10150,2770,4836,0,0,278,280,502,818,555,1260,790,1945,1396,2117,2001,1670,4327,5106,2503,4295,34978,27746,6997,2084,30630,8,1,4,4
2021-04-08T23:59:59+02:00,0,1,797,968,1402,2469,1818,3472,2747,5263,5347,6368,7007,7075,8303,10099,2767,4833,0,0,276,279,502,817,555,1259,789,1945,1394,2116,1999,1670,4326,5103,2503,4295,33112,27732,6997,2083,30622,8,1,4,4
2021-04-07T23:59:59+02:00,0,1,747,948,1328,2399,1732,3403,2556,5156,4603,5884,6339,6434,8244,10038,2760,4827,0,0,276,279,502,817,555,1256,789,1945,1394,2116,1999,1670,4325,5103,2503,4294,33106,27730,6995,2082,27293,7,1,4,3
2021-04-06T23:59:59+02:00,0,1,715,941,1309,2363,1708,3362,2526,5110,4529,5807,5976,6077,8223,10014,2755,4821,0,0,276,278,502,816,555,1256,788,1945,1394,2116,1999,1669,4325,5103,2503,4294,33099,27727,6995,2081,26138,7,1,4,3
2021-04-05T23:59:59+02:00,0,1,712,913,1268,2240,1636,3197,2406,4840,4369,5536,5667,5768,8206,9988,2753,4817,0,0,276,278,502,815,555,1256,788,1945,1394,2116,1999,1669,4325,5103,2503,4294,33095,27726,6995,2081,24222,7,1,4,3
2021-04-04T23:59:59+02:00,0,1,693,888,1175,2026,1503,2933,2191,4405,4018,5037,5422,5543,8173,9934,2752,4809,0,0,276,278,501,814,553,1255,787,1944,1320,2079,1636,1395,4164,4922,2458,4228,33091,26519,6995,2081,21412,6,1,4,3
2021-04-03T23:59:59+02:00,0,1,693,888,1174,2025,1502,2933,2190,4405,4018,5037,5422,5542,8173,9934,2752,4809,0,0,276,278,501,814,553,1255,787,1944,1320,2079,1636,1395,4164,4922,2458,4228,33087,26519,6995,2081,21411,6,1,4,3
2021-04-02T23:59:59+02:00,0,1,693,887,1174,2025,1501,2933,2190,4405,4017,5036,5421,5541,8172,9932,2751,4807,0,0,276,278,501,814,552,1255,787,1944,1319,2079,1636,1395,4164,4922,2458,4228,33085,26518,6995,2081,21402,6,0,4,3
2021-04-01T23:59:59+02:00,0,1,688,885,1170,2019,1493,2924,2176,4387,3926,4951,4927,4939,7466,9035,2749,4802,0,0,276,276,500,811,552,1254,784,1943,1281,2051,1486,1298,4064,4821,2447,4215,30174,25976,6968,2075,21392,6,0,4,2
2021-03-31T23:59:59+02:00,0,1,688,884,1168,2018,1489,2919,2172,4386,3908,4940,4751,4719,6696,8101,2736,4781,0,0,275,275,499,810,548,1251,779,1937,1177,1974,1088,1032,3652,4355,2338,4040,30053,24010,4938,2013,21362,5,0,4,2
2021-03-30T23:59:59+02:00,0,1,688,884,1166,2015,1476,2910,2163,4377,3863,4913,4552,4538,6446,7803,2727,4765,0,0,275,274,499,808,548,1251,779,1936,1177,1974,1088,1032,3652,4355,2337,4039,30048,24005,4933,2013,20302,4,0,4,2
2021-03-29T23:59:59+02:00,0,1,688,882,1165,2015,1474,2910,2163,4377,3858,4911,4549,4536,6443,7794,2725,4746,0,0,275,273,499,808,548,1251,778,1935,1177,1974,1088,1031,3652,4355,2337,4038,30038,24000,4928,2013,20267,4,0,4,2
2021-03-28T23:59:59+02:00,0,1,687,882,1165,2011,1472,2908,2162,4374,3857,4911,4548,4536,6440,7790,2725,4744,0,0,274,273,498,808,548,1251,777,1935,1177,1974,1088,1030,3652,4355,2337,4038,30036,23997,4923,2012,20250,4,0,4,2
2021-03-27T23:59:59+01:00,0,1,683,877,1161,2003,1464,2898,2143,4359,3815,4885,4498,4478,6394,7732,2718,4731,0,0,270,268,484,798,537,1239,729,1900,1016,1881,826,841,3512,4200,2175,3722,29685,23025,4923,1367,20228,4,0,4,2
2021-03-26T23:59:59+01:00,0,1,683,877,1160,2002,1460,2897,2140,4358,3810,4882,4487,4456,6387,7717,2709,4717,0,0,269,268,484,796,535,1239,727,1900,1009,1873,689,746,2530,3038,2003,3508,29640,20241,4921,1367,20178,4,0,4,2
2021-03-25T23:59:59+01:00,0,1,682,876,1159,2001,1459,2894,2136,4352,3806,4878,4478,4445,6374,7688,2684,4663,0,0,269,268,484,796,534,1236,726,1899,1007,1872,667,739,1348,1592,1720,3143,29633,16928,4916,1367,20023,4,0,4,1
2021-03-24T23:59:59+01:00,0,1,658,866,1121,1970,1388,2833,1930,4207,3583,4752,4417,4386,6239,7521,2670,4631,0,0,269,268,484,795,531,1236,724,1899,1006,1872,667,739,1348,1591,1719,3141,28259,16918,4914,1366,19996,4,0,4,1
2021-03-23T23:59:59+01:00,0,1,658,864,1119,1969,1388,2833,1930,4207,3581,4749,4417,4385,6238,7521,2670,4630,0,0,269,268,484,795,531,1235,724,1899,1006,1872,667,739,1348,1591,1719,3141,28253,16917,4911,1366,19992,4,0,4,1
2021-03-22T23:59:59+01:00,0,1,658,862,1117,1965,1385,2833,1929,4207,3580,4749,4417,4384,6238,7520,2670,4630,0,0,269,268,484,795,531,1234,723,1899,1006,1871,667,738,1348,1591,1719,3141,28249,16914,4911,1366,19981,3,0,4,1
2021-03-21T23:59:59+01:00,0,1,658,862,1115,1964,1385,2831,1928,4206,3579,4748,4417,4384,6237,7520,2670,4630,0,0,269,268,484,795,531,1234,723,1899,1006,1871,667,737,1348,1591,1719,3141,28246,16913,4910,1366,19975,3,0,4,1
2021-03-20T23:59:59+01:00,0,1,656,861,1113,1962,1380,2828,1911,4199,3548,4729,4198,4108,5719,6910,2660,4594,0,0,264,266,479,790,514,1223,702,1883,970,1843,601,659,1117,1333,1364,2595,28163,15234,4808,1365,18402,3,0,4,1
2021-03-19T23:59:59+01:00,0,1,648,855,1099,1941,1346,2792,1831,4144,3326,4567,4049,3998,5543,6666,2607,4504,0,0,264,266,479,790,514,1223,702,1882,969,1843,601,659,1117,1332,1363,2594,28160,15229,3360,1365,18394,3,0,3,1
2021-03-18T23:59:59+01:00,0,1,647,854,1098,1940,1345,2790,1831,4140,3097,4423,3895,3868,5363,6463,2554,4402,0,0,264,265,478,790,514,1221,702,1881,968,1842,599,656,878,1074,1251,2426,28151,14442,2166,1364,18391,2,0,3,1
2021-03-17T23:59:59+01:00,0,1,647,854,1097,1940,1344,2789,1831,4140,3097,4423,3895,3866,5362,6463,2554,4402,0,0,264,264,478,790,514,1221,702,1881,967,1842,598,656,878,1073,1251,2426,28149,14439,2166,1363,18387,2,0,3,1
2021-03-16T23:59:59+01:00,0,1,647,854,1097,1936,1342,2789,1828,4140,3097,4421,3894,3865,5362,6463,2554,4401,0,0,262,260,464,785,505,1209,686,1867,951,1832,596,655,876,1072,1250,2425,28142,14329,2162,1363,18384,2,0,3,1
2021-03-15T23:59:59+01:00,0,1,647,853,1095,1935,1339,2789,1824,4139,3096,4421,3894,3864,5361,6463,2554,4401,0,0,262,260,464,785,505,1209,685,1867,950,1831,596,655,876,1072,1250,2425,28137,14326,2160,1363,18376,2,0,3,1
2021-03-14T23:59:59+01:00,0,1,646,850,1091,1931,1336,2786,1822,4137,3091,4420,3894,3864,5361,6463,2554,4401,0,0,262,260,464,785,505,1209,685,1867,950,1830,596,655,875,1072,1250,2425,28132,14324,2159,1363,18354,2,0,3,1
2021-03-13T23:59:59+01:00,0,1,644,845,1083,1925,1326,2779,1816,4129,2977,4342,3418,3460,5152,6228,2508,4337,0,0,262,260,464,785,505,1209,684,1867,948,1829,572,639,571,774,817,1844,26860,12664,2159,1363,17948,2,0,3,1
2021-03-12T23:59:59+01:00,0,1,617,759,1059,1812,1305,2590,1784,3864,2933,4174,2273,2014,4790,5680,2505,4328,0,0,262,260,464,785,505,1209,683,1867,947,1829,572,638,570,774,817,1843,26848,12660,2159,1363,13478,1,0,3,1
2021-03-11T23:59:59+01:00,0,1,609,714,1052,1709,1296,2433,1772,3652,2886,4035,1708,1482,4303,5139,2495,4318,0,0,259,259,464,785,505,1209,683,1866,947,1825,572,638,568,773,733,1697,26295,12656,2146,1126,11160,0,0,3,1
2021-03-10T23:59:59+01:00,0,1,603,704,1039,1684,1286,2412,1759,3626,2778,3952,1315,1214,3892,4667,2400,4160,0,0,259,259,463,783,504,1209,683,1866,945,1825,572,638,566,772,733,1697,24303,12650,2145,1123,11041,0,0,3,1
2021-03-09T23:59:59+01:00,0,1,602,701,1031,1667,1275,2397,1756,3615,2771,3947,1311,1213,3891,4666,2399,4159,0,0,259,259,463,783,504,1209,683,1866,945,1825,572,638,566,770,733,1697,24299,12649,2144,1123,10956,0,0,3,0
2021-03-08T23:59:59+01:00,0,1,597,672,1020,1640,1259,2364,1748,3582,2750,3932,1310,1210,3891,4666,2399,4158,0,0,259,259,463,783,503,1209,683,1866,945,1825,572,637,564,770,733,1697,24293,12645,2143,1123,10760,0,0,3,0
2021-03-07T23:59:59+01:00,0,1,597,669,1015,1636,1259,2361,1747,3579,2750,3930,1310,1210,3891,4666,2399,4158,0,0,259,259,463,783,502,1209,683,1866,945,1825,572,637,564,770,732,1697,24291,12643,2143,1123,10741,0,0,3,0
2021-03-06T23:59:59+01:00,0,1,562,621,894,1535,1015,2172,1326,3198,2330,3594,1028,992,3590,4288,2379,4140,0,0,259,259,463,783,500,1209,683,1866,945,1824,572,636,562,766,643,1515,23290,12639,2140,846,8232,0,0,3,0
2021-03-05T23:59:59+01:00,0,1,560,621,889,1531,1015,2170,1323,3195,2323,3589,884,895,2593,3089,2205,3907,0,0,258,259,458,772,497,1204,675,1849,931,1809,567,632,502,706,329,997,20436,12438,2129,7,8222,0,0,3,0
2021-03-04T23:59:59+01:00,0,1,543,578,853,1400,976,2018,1273,2991,2280,3490,870,886,1410,1649,1913,3540,0,0,258,259,456,772,497,1204,675,1849,931,1809,566,631,502,705,329,997,17128,12433,2128,7,7412,0,0,3,0
2021-03-03T23:59:59+01:00,0,1,537,547,830,1335,955,1956,1257,2948,2270,3446,870,885,1410,1649,1912,3540,0,0,258,259,456,771,497,1204,675,1848,931,1809,566,631,502,705,329,997,17125,12431,2128,7,7092,0,0,3,0
2021-03-02T23:59:59+01:00,0,1,536,545,828,1334,954,1955,1256,2947,2270,3446,870,884,1410,1649,1912,3540,0,0,258,259,455,770,496,1204,675,1848,931,1808,565,631,502,705,329,997,17124,12428,2128,5,7083,0,0,2,0
2021-03-01T23:59:59+01:00,0,1,536,543,826,1333,954,1954,1256,2947,2269,3445,870,883,1410,1648,1912,3540,0,0,258,259,455,770,496,1204,674,1847,931,1808,565,631,502,705,329,997,17121,12426,2127,5,7077,0,0,2,0
2021-02-28T23:59:59+01:00,0,1,535,541,825,1332,953,1954,1256,2946,2267,3444,870,881,1410,1648,1912,3540,0,0,258,259,455,770,496,1204,674,1846,931,1808,565,631,502,705,329,997,17118,12425,2127,5,7068,0,0,2,0
2021-02-27T23:59:59+01:00,0,1,530,539,814,1323,932,1942,1217,2919,2192,3395,752,764,1141,1358,1400,2662,0,0,257,259,454,770,495,1204,672,1845,930,1806,564,628,501,703,327,993,15400,12404,1413,4,7066,0,0,2,0
2021-02-26T23:59:59+01:00,0,1,521,518,785,1256,903,1829,1178,2761,1871,2974,711,736,1141,1358,1399,2661,0,0,257,259,454,770,495,1204,672,1845,930,1806,564,628,501,703,327,992,15395,12403,1413,4,5793,0,0,2,0
2021-02-25T23:59:59+01:00,0,1,487,478,723,1139,797,1635,1024,2459,1372,2423,659,691,892,1091,1288,2488,0,0,256,258,453,770,495,1203,671,1842,930,1805,564,628,501,703,327,992,14583,12397,1413,1,3650,0,0,1,0
2021-02-24T23:59:59+01:00,0,1,486,477,723,1137,796,1635,1024,2458,1372,2422,659,691,892,1091,1288,2488,0,0,256,258,453,770,495,1202,671,1842,930,1805,564,628,501,703,327,992,14582,12397,1412,0,3645,0,0,1,0
2021-02-23T23:59:59+01:00,0,1,484,473,707,1128,787,1624,1007,2444,1356,2411,657,690,890,1090,1287,2487,0,0,256,257,453,769,495,1202,671,1841,930,1804,564,628,501,703,327,992,14472,12393,1412,0,3638,0,0,1,0
2021-02-22T23:59:59+01:00,0,1,484,473,705,1128,785,1624,1007,2444,1355,2410,657,688,890,1089,1287,2487,0,0,256,257,453,769,495,1202,671,1841,930,1803,564,628,501,703,327,992,14469,12392,1412,0,3632,0,0,1,0
2021-02-21T23:59:59+01:00,0,1,484,473,704,1128,784,1624,1006,2444,1355,2409,656,688,889,1089,1287,2487,0,0,256,257,452,769,495,1202,671,1841,930,1802,564,628,501,703,327,992,14467,12390,1412,0,3628,0,0,1,0
2021-02-20T23:59:59+01:00,0,1,469,471,692,1122,764,1619,993,2442,1328,2388,629,669,580,785,845,1896,0,0,255,257,447,767,490,1196,666,1830,924,1799,561,625,496,702,323,987,12778,12325,1411,0,3503,0,0,1,0
2021-02-19T23:59:59+01:00,0,1,376,386,588,996,646,1465,853,2271,1089,2149,582,645,579,785,845,1896,0,0,252,257,443,765,488,1186,663,1814,917,1779,557,619,490,695,320,977,12776,12222,1411,0,1964,0,0,1,0
2021-02-18T23:59:59+01:00,0,1,265,262,473,795,507,1220,692,1875,954,1838,579,639,578,785,845,1895,0,0,251,255,441,762,486,1182,662,1799,913,1768,550,614,483,688,314,966,12773,12134,1411,0,18,0,0,1,0
2021-02-17T23:59:59+01:00,0,1,265,262,471,795,507,1218,691,1875,953,1838,578,639,578,784,845,1895,0,0,249,255,440,759,484,1180,659,1791,909,1761,545,609,473,666,303,946,12771,12029,1411,0,12,0,0,1,0
2021-02-16T23:59:59+01:00,0,1,265,262,469,794,506,1218,691,1875,953,1838,578,639,578,783,845,1895,0,0,239,251,434,743,472,1148,652,1715,884,1681,526,580,439,620,283,875,12770,11542,1411,0,8,0,0,1,0
2021-02-15T23:59:59+01:00,0,1,265,262,468,794,506,1218,689,1875,953,1838,578,639,578,783,845,1895,0,0,235,247,431,735,466,1122,636,1663,858,1627,505,546,421,576,267,810,12770,11145,1411,0,5,0,0,1,0
2021-02-14T23:59:59+01:00,0,1,265,262,468,794,506,1218,689,1875,953,1838,578,639,578,783,845,1895,0,0,235,247,431,734,466,1122,636,1657,856,1618,494,541,417,573,258,801,12770,11086,1411,0,5,0,0,1,0
2021-02-13T23:59:59+01:00,0,1,264,262,468,794,506,1218,688,1874,953,1838,578,639,578,783,845,1895,0,0,233,245,430,730,459,1110,627,1637,836,1585,474,513,400,547,245,763,12769,10834,1411,0,3,0,0,1,0
2021-02-12T23:59:59+01:00,0,1,264,262,468,793,506,1218,688,1873,948,1835,578,637,528,737,831,1891,0,0,217,237,409,696,438,1022,592,1475,750,1345,390,390,325,432,186,575,12643,9479,1411,0,3,0,0,1,0
2021-02-11T23:59:59+01:00,0,1,261,262,465,793,506,1218,688,1871,948,1832,577,636,525,734,743,1742,0,0,196,224,397,663,418,975,558,1380,704,1235,356,341,284,364,156,484,12630,8735,1169,0,2,0,0,1,0
2021-02-10T23:59:59+01:00,0,1,260,262,465,792,506,1218,687,1871,947,1832,576,636,525,733,742,1740,0,0,193,220,396,655,414,961,555,1361,692,1200,339,318,261,323,133,418,12622,8439,1169,0,1,0,0,1,0
2021-02-09T23:59:59+01:00,0,1,260,262,465,792,506,1218,686,1871,947,1830,576,636,525,733,742,1740,0,0,184,207,383,619,395,896,513,1267,639,1070,264,225,182,210,89,254,12619,7397,1169,0,1,0,0,1,0
2021-02-08T23:59:59+01:00,0,1,260,262,463,792,506,1218,685,1871,947,1829,576,636,525,732,742,1740,0,0,184,201,378,605,384,870,488,1217,612,1000,233,183,146,158,71,194,12616,6924,1168,0,1,0,0,0,0
2021-02-07T23:59:59+01:00,0,1,259,262,463,792,506,1218,685,1871,947,1828,576,636,525,732,742,1739,0,0,183,201,376,601,381,865,482,1206,606,985,227,176,136,140,64,177,12614,6806,1168,0,0,0,0,0,0
2021-02-06T23:59:59+01:00,0,1,259,262,463,792,506,1218,685,1871,947,1827,576,636,523,727,652,1561,0,0,183,201,376,601,381,865,482,1206,606,985,227,176,136,140,64,177,12613,6806,893,0,0,0,0,0,0
2021-02-05T23:59:59+01:00,0,1,259,262,461,791,505,1216,682,1869,944,1824,571,632,515,712,336,1029,0,0,177,192,359,570,368,824,464,1166,587,952,208,160,116,128,59,174,12599,6504,10,0,0,0,0,0,0
2021-02-04T23:59:59+01:00,0,1,259,261,460,786,502,1215,681,1864,939,1823,570,632,514,711,336,1029,0,0,162,159,289,433,303,667,384,941,512,814,196,155,107,122,52,162,12573,5458,10,0,0,0,0,0,0
2021-02-03T23:59:59+01:00,0,1,258,261,460,784,502,1214,680,1862,939,1823,570,632,514,711,336,1029,0,0,158,151,245,352,254,580,324,840,460,726,188,150,102,120,51,161,12566,4862,10,0,0,0,0,0,0
2021-02-02T23:59:59+01:00,0,1,258,260,460,781,501,1214,680,1860,939,1821,570,632,514,711,336,1029,0,0,151,137,187,289,196,493,248,726,378,642,178,146,99,119,50,160,12558,4199,9,0,0,0,0,0,0
2021-02-01T23:59:59+01:00,0,1,258,260,458,780,499,1213,679,1856,936,1816,570,632,513,711,336,1029,0,0,145,131,149,252,167,435,203,648,321,567,173,135,90,108,44,153,12538,3721,9,0,0,0,0,0,0
2021-01-31T23:59:59+01:00,0,1,258,260,458,780,499,1213,679,1856,936,1816,570,632,513,711,336,1029,0,0,145,131,149,251,167,434,202,648,321,567,173,135,90,108,44,153,12538,3718,9,0,0,0,0,0,0
2021-01-30T23:59:59+01:00,0,1,258,260,458,780,499,1213,679,1856,932,1816,569,632,511,711,333,1029,0,0,133,120,134,234,156,405,191,607,302,520,150,124,78,79,35,113,12528,3381,9,0,0,0,0,0,0
2021-01-29T23:59:59+01:00,0,1,255,259,454,777,497,1203,676,1839,925,1796,565,626,505,705,328,1019,0,0,89,66,93,154,115,248,148,439,213,378,112,83,59,68,30,102,12422,2397,8,0,0,0,0,0,0
2021-01-28T23:59:59+01:00,0,0,255,259,453,777,496,1203,676,1838,925,1794,565,626,505,705,328,1019,0,0,10,7,13,23,24,48,24,94,49,107,37,33,33,50,24,94,12419,670,5,0,0,0,0,0,0
2021-01-27T23:59:59+01:00,0,0,253,259,453,776,496,1202,676,1837,923,1794,565,626,505,705,328,1019,0,0,10,7,13,23,23,48,24,92,48,107,37,33,33,50,24,94,12415,666,2,0,0,0,0,0,0
2021-01-26T23:59:59+01:00,0,0,253,259,452,774,496,1201,676,1837,923,1793,565,626,505,705,328,1019,0,0,10,7,13,23,23,48,24,92,48,107,37,33,33,50,24,94,12411,666,1,0,0,0,0,0,0
2021-01-25T23:59:59+01:00,0,0,253,259,450,774,496,1200,676,1835,923,1792,565,626,505,703,327,1019,0,0,6,1,5,13,11,23,15,39,23,47,18,16,11,16,7,22,12403,273,0,0,0,0,0,0,0
2021-01-24T23:59:59+01:00,0,0,253,258,450,774,495,1200,676,1834,923,1791,565,626,505,703,327,1019,0,0,6,1,5,13,11,23,15,39,23,47,18,16,11,16,7,22,12399,273,0,0,0,0,0,0,0
2021-01-23T23:59:59+01:00,0,0,253,258,450,774,495,1199,676,1834,923,1791,565,626,505,703,327,1019,0,0,6,1,5,13,11,23,15,39,23,47,18,16,11,16,7,22,12398,273,0,0,0,0,0,0,0
2021-01-22T23:59:59+01:00,0,0,251,256,449,774,494,1198,676,1833,923,1791,565,626,505,703,309,974,0,0,6,1,5,13,11,23,15,39,23,47,18,16,11,16,7,22,12327,273,0,0,0,0,0,0,0
2021-01-21T23:59:59+01:00,0,0,249,252,447,764,491,1190,673,1810,914,1774,556,617,486,678,294,936,0,0,6,1,5,13,11,22,15,39,23,47,18,16,11,16,7,22,12131,272,0,0,0,0,0,0,0
2021-01-20T23:59:59+01:00,0,0,248,250,443,759,489,1187,670,1802,910,1769,550,612,478,659,286,917,0,0,6,1,5,13,11,22,15,39,23,47,18,16,11,16,7,22,12029,272,0,0,0,0,0,0,0
2021-01-19T23:59:59+01:00,0,0,243,250,440,751,483,1172,667,1770,899,1727,537,595,465,640,273,877,0,0,6,1,5,13,11,22,15,39,23,47,18,16,11,16,7,22,11789,272,0,0,0,0,0,0,0
2021-01-18T23:59:59+01:00,0,0,239,246,436,738,477,1151,649,1733,873,1680,518,562,448,601,257,818,0,0,6,1,5,12,11,21,15,39,23,46,18,16,11,16,7,22,11426,269,0,0,0,0,0,0,0
2021-01-17T23:59:59+01:00,0,0,239,245,435,737,476,1150,646,1727,867,1670,504,554,434,581,243,794,0,0,6,1,4,12,11,21,15,39,23,46,18,15,11,16,7,22,11302,267,0,0,0,0,0,0,0
2021-01-16T23:59:59+01:00,0,0,231,237,430,717,463,1115,621,1640,821,1521,461,469,401,527,221,734,0,0,0,0,0,0,0,0,0,0,0,0,0,0,0,0,0,0,10609,0,0,0,0,0,0,0,0
2021-01-15T23:59:59+01:00,0,0,224,231,422,697,449,1062,601,1540,782,1407,412,411,349,456,200,621,0,0,0,0,0,0,0,0,0,0,0,0,0,0,0,0,0,0,9864,0,0,0,0,0,0,0,0
2021-01-14T23:59:59+01:00,0,0,203,218,402,653,426,1000,560,1423,714,1254,356,336,298,362,155,488,0,0,0,0,0,0,0,0,0,0,0,0,0,0,0,0,0,0,8848,0,0,0,0,0,0,0,0
2021-01-13T23:59:59+01:00,0,0,201,216,401,645,421,981,555,1402,700,1219,337,312,272,321,131,422,0,0,0,0,0,0,0,0,0,0,0,0,0,0,0,0,0,0,8536,0,0,0,0,0,0,0,0
2021-01-12T23:59:59+01:00,0,0,185,204,384,604,391,887,493,1247,621,1029,238,194,162,164,77,207,0,0,0,0,0,0,0,0,0,0,0,0,0,0,0,0,0,0,7087,0,0,0,0,0,0,0,0
2021-01-11T23:59:59+01:00,0,0,181,198,380,592,375,859,473,1200,601,974,218,164,129,117,55,150,0,0,0,0,0,0,0,0,0,0,0,0,0,0,0,0,0,0,6666,0,0,0,0,0,0,0,0
2021-01-10T23:59:59+01:00,0,0,180,194,368,577,371,846,464,1180,587,955,214,164,125,117,53,148,0,0,0,0,0,0,0,0,0,0,0,0,0,0,0,0,0,0,6543,0,0,0,0,0,0,0,0
2021-01-09T23:59:59+01:00,0,0,161,161,323,497,330,729,404,999,496,805,151,109,77,74,37,109,0,0,0,0,0,0,0,0,0,0,0,0,0,0,0,0,0,0,5462,0,0,0,0,0,0,0,0
2021-01-08T23:59:59+01:00,0,0,95,74,228,347,243,437,291,668,340,510,82,68,53,59,28,97,0,0,0,0,0,0,0,0,0,0,0,0,0,0,0,0,0,0,3620,0,0,0,0,0,0,0,0
2021-01-07T23:59:59+01:00,0,0,12,10,54,96,72,126,93,194,122,180,44,36,36,51,25,97,0,0,0,0,0,0,0,0,0,0,0,0,0,0,0,0,0,0,1248,0,0,0,0,0,0,0,0
2021-01-06T23:59:59+01:00,0,0,8,4,9,23,17,49,24,90,53,108,38,33,35,51,25,97,0,0,0,0,0,0,0,0,0,0,0,0,0,0,0,0,0,0,664,0,0,0,0,0,0,0,0
2021-01-05T23:59:59+01:00,0,0,8,4,9,23,17,48,23,90,51,108,38,33,34,51,25,97,0,0,0,0,0,0,0,0,0,0,0,0,0,0,0,0,0,0,659,0,0,0,0,0,0,0,0
2021-01-04T23:59:59+01:00,0,0,6,1,5,13,11,25,15,41,23,49,19,16,12,16,7,23,0,0,0,0,0,0,0,0,0,0,0,0,0,0,0,0,0,0,282,0,0,0,0,0,0,0,0
2021-01-03T23:59:59+01:00,0,0,6,1,5,13,11,25,15,41,23,49,19,16,12,16,7,23,0,0,0,0,0,0,0,0,0,0,0,0,0,0,0,0,0,0,282,0,0,0,0,0,0,0,0
2021-01-02T23:59:59+01:00,0,0,6,1,5,13,11,25,15,41,23,49,19,16,12,16,7,23,0,0,0,0,0,0,0,0,0,0,0,0,0,0,0,0,0,0,282,0,0,0,0,0,0,0,0
2021-01-01T23:59:59+01:00,0,0,6,1,5,13,11,24,15,41,23,49,19,16,12,16,7,23,0,0,0,0,0,0,0,0,0,0,0,0,0,0,0,0,0,0,281,0,0,0,0,0,0,0,0
2020-12-31T23:59:59+01:00,0,0,6,1,5,13,11,24,15,41,23,49,19,16,12,16,7,23,0,0,0,0,0,0,0,0,0,0,0,0,0,0,0,0,0,0,281,0,0,0,0,0,0,0,0
2020-12-30T23:59:59+01:00,0,0,6,1,5,13,11,24,15,41,23,49,19,16,12,16,7,23,0,0,0,0,0,0,0,0,0,0,0,0,0,0,0,0,0,0,281,0,0,0,0,0,0,0,0
2020-12-29T23:59:59+01:00,0,0,6,1,5,13,11,23,15,41,23,49,19,16,12,16,7,23,0,0,0,0,0,0,0,0,0,0,0,0,0,0,0,0,0,0,280,0,0,0,0,0,0,0,0
2020-12-28T23:59:59+01:00,0,0,6,1,5,13,11,23,15,41,23,48,19,16,12,16,7,23,0,0,0,0,0,0,0,0,0,0,0,0,0,0,0,0,0,0,279,0,0,0,0,0,0,0,0
2020-12-27T23:59:59+01:00,0,0,6,1,4,12,11,23,15,41,23,48,19,15,12,16,7,23,0,0,0,0,0,0,0,0,0,0,0,0,0,0,0,0,0,0,276,0,0,0,0,0,0,0,0
