Datum,<15_1_m,<15_1_w,15-24_1_m,15-24_1_w,25-34_1_m,25-34_1_w,35-44_1_m,35-44_1_w,45-54_1_m,45-54_1_w,55-64_1_m,55-64_1_w,65-74_1_m,65-74_1_w,75-84_1_m,75-84_1_w,>84_1_m,>84_1_w,<15_2_m,<15_2_w,15-24_2_m,15-24_2_w,25-34_2_m,25-34_2_w,35-44_2_m,35-44_2_w,45-54_2_m,45-54_2_w,55-64_2_m,55-64_2_w,65-74_2_m,65-74_2_w,75-84_2_m,75-84_2_w,>84_2_m,>84_2_w,bp_1,bp_2,mo_1,mo_2,az_1,az_2,ja,unb_1,unb_2
2021-12-01T23:59:59+01:00,3901,3674,16917,15224,19288,17587,20323,19934,22934,22777,23833,22625,15133,16395,10322,12631,3156,5504,2131,2054,14569,13456,17444,15722,18875,18466,21837,21596,23025,21836,14750,15919,10098,12340,3058,5333,200530,182478,23333,22657,35593,34653,12700,19,21
2021-11-30T23:59:59+01:00,3790,3592,16907,15217,19280,17566,20311,19916,22924,22765,23825,22619,15124,16383,10319,12621,3155,5499,2122,2039,14549,13424,17426,15701,18864,18446,21821,21578,23015,21824,14740,15912,10095,12338,3058,5332,200185,182253,23333,22657,35593,34653,12700,19,21
2021-11-29T23:59:59+01:00,3774,3578,16882,15195,19251,17537,20290,19899,22912,22745,23815,22608,15111,16375,10312,12615,3155,5497,2106,2020,14457,13354,17343,15630,18810,18403,21772,21538,22981,21798,14731,15899,10089,12332,3058,5329,199926,181620,23331,22657,35593,34653,12699,19,21
2021-11-28T23:59:59+01:00,3751,3558,16853,15170,19230,17510,20271,19882,22900,22730,23793,22597,15100,16366,10308,12610,3155,5494,2097,2009,14426,13330,17321,15609,18792,18387,21761,21533,22976,21792,14728,15894,10088,12330,3058,5329,199654,181430,23330,22657,35593,34653,12699,19,21
2021-11-27T23:59:59+01:00,3751,3557,16853,15170,19230,17509,20271,19882,22900,22730,23793,22597,15100,16366,10308,12610,3155,5494,2097,2009,14426,13330,17321,15609,18792,18387,21761,21533,22976,21792,14728,15894,10088,12330,3058,5329,199652,181430,23330,22657,35593,34653,12699,19,21
2021-11-26T23:59:59+01:00,3225,3116,16818,15140,19207,17470,20251,19858,22885,22715,23782,22580,15094,16358,10304,12601,3155,5489,2083,1999,14377,13286,17285,15591,18765,18363,21735,21518,22965,21786,14725,15890,10088,12327,3057,5329,198432,181144,23326,22656,35593,34653,12695,19,21
2021-11-25T23:59:59+01:00,2828,2793,16781,15097,19175,17417,20218,19821,22867,22694,23762,22557,15083,16347,10294,12585,3150,5486,2067,1985,14322,13251,17231,15555,18738,18330,21711,21500,22961,21775,14720,15885,10088,12322,3056,5326,197343,180807,23322,22647,35593,34653,12695,19,21
2021-11-24T23:59:59+01:00,2803,2755,16734,15060,19127,17367,20182,19779,22838,22659,23738,22527,15071,16318,10282,12572,3146,5481,2060,1975,14290,13214,17187,15519,18722,18311,21692,21484,22949,21761,14715,15882,10086,12321,3056,5325,196827,180533,23322,22647,35593,34653,12695,19,21
2021-11-23T23:59:59+01:00,2762,2722,16699,15035,19109,17328,20161,19755,22821,22637,23724,22516,15062,16306,10276,12563,3144,5480,2052,1966,14269,13192,17163,15505,18712,18300,21680,21479,22943,21757,14711,15877,10085,12320,3055,5325,196490,180375,23320,22647,35593,34653,12695,19,21
2021-11-22T23:59:59+01:00,2741,2700,16671,15012,19083,17301,20132,19732,22802,22617,23709,22502,15055,16296,10274,12554,3141,5477,2050,1961,14259,13187,17154,15492,18696,18290,21668,21471,22938,21755,14709,15877,10085,12319,3055,5325,196206,180291,23319,22647,35593,34653,12679,19,21
2021-11-21T23:59:59+01:00,2730,2681,16650,14998,19057,17276,20111,19710,22788,22602,23692,22490,15050,16286,10269,12548,3140,5474,2048,1959,14256,13181,17149,15482,18691,18283,21664,21469,22936,21749,14705,15875,10085,12315,3054,5325,195968,180235,23316,22646,35593,34651,12673,19,21
2021-11-20T23:59:59+01:00,2706,2651,16608,14973,19025,17249,20087,19684,22769,22586,23679,22475,15037,16276,10265,12542,3138,5472,2047,1956,14247,13178,17145,15478,18689,18282,21661,21464,22933,21748,14705,15875,10084,12315,3053,5325,195642,180200,23314,22642,35593,34651,12671,19,21
2021-11-19T23:59:59+01:00,2649,2588,16486,14894,18946,17159,20011,19604,22724,22532,23651,22439,15016,16251,10255,12536,3136,5467,2035,1941,14190,13144,17084,15439,18662,18265,21640,21443,22925,21737,14704,15869,10082,12313,3052,5324,194793,179868,23288,22641,35593,34651,12668,19,21
2021-11-18T23:59:59+01:00,2575,2511,16383,14778,18853,17043,19934,19518,22668,22475,23610,22393,14998,16211,10247,12525,3135,5459,2023,1924,14150,13094,17020,15406,18611,18236,21603,21415,22900,21724,14702,15862,10080,12310,3050,5321,193804,179461,23254,22635,35593,34651,12663,19,21
2021-11-17T23:59:59+01:00,2532,2469,16280,14689,18770,16949,19863,19451,22618,22423,23567,22358,14974,16185,10237,12510,3132,5451,2008,1909,14113,13075,17003,15385,18596,18220,21589,21406,22886,21717,14697,15856,10075,12306,3049,5320,192950,179241,23251,22635,35593,34651,12662,19,21
2021-11-16T23:59:59+01:00,2509,2437,16213,14630,18714,16884,19825,19408,22587,22387,23539,22338,14965,16171,10233,12501,3129,5448,2002,1903,14099,13067,16992,15371,18586,18208,21583,21401,22878,21714,14692,15855,10075,12304,3049,5318,192415,179129,23246,22634,35593,34651,12662,19,21
2021-11-15T23:59:59+01:00,2487,2394,16123,14572,18634,16805,19765,19352,22544,22348,23516,22321,14956,16156,10225,12490,3127,5446,1999,1896,14087,13057,16976,15363,18581,18200,21570,21389,22869,21711,14687,15853,10074,12301,3049,5314,191766,179013,23243,22634,35593,34651,12657,19,21
2021-11-14T23:59:59+01:00,2460,2363,16008,14485,18534,16729,19708,19302,22495,22311,23469,22282,14946,16144,10219,12485,3124,5444,1998,1892,14078,13050,16972,15359,18572,18190,21565,21388,22864,21705,14686,15852,10073,12301,3049,5314,191039,178954,23224,22632,35593,34651,12650,19,21
2021-11-13T23:59:59+01:00,2460,2362,16006,14485,18530,16726,19708,19300,22495,22311,23469,22278,14946,16144,10218,12485,3123,5444,1998,1892,14078,13050,16972,15359,18572,18188,21565,21388,22864,21705,14686,15852,10073,12301,3049,5314,191023,178953,23223,22632,35593,34651,12649,19,21
2021-11-12T23:59:59+01:00,2411,2304,15769,14324,18374,16604,19604,19189,22416,22227,23416,22237,14933,16129,10211,12477,3121,5440,1963,1865,14004,12994,16913,15312,18536,18157,21539,21368,22846,21692,14680,15845,10071,12298,3049,5313,189762,178517,23186,22612,35592,34651,12644,19,21
2021-11-11T23:59:59+01:00,2322,2218,15432,14083,18123,16403,19440,19021,22301,22098,23360,22173,14898,16099,10198,12459,3118,5435,1951,1848,13944,12956,16866,15283,18511,18136,21516,21338,22827,21676,14674,15839,10065,12294,3048,5312,187878,178179,23072,22596,35592,34651,12637,19,21
2021-11-10T23:59:59+01:00,2286,2193,15163,13875,17910,16224,19296,18886,22180,22003,23276,22111,14878,16070,10188,12444,3115,5430,1933,1829,13871,12903,16809,15238,18471,18105,21494,21321,22815,21661,14666,15829,10062,12289,3047,5309,186271,177759,23035,22594,35592,34651,12627,19,21
2021-11-09T23:59:59+01:00,2258,2166,15129,13840,17896,16196,19271,18859,22159,21987,23261,22102,14872,16066,10185,12440,3112,5426,1926,1824,13855,12887,16799,15223,18460,18094,21485,21309,22807,21657,14660,15825,10061,12286,3046,5308,185998,177646,23032,22594,35592,34651,12600,19,21
2021-11-08T23:59:59+01:00,2256,2154,15110,13820,17877,16176,19257,18846,22149,21970,23251,22093,14869,16065,10185,12437,3111,5425,1923,1818,13842,12861,16790,15213,18455,18086,21479,21302,22802,21650,14659,15825,10061,12285,3045,5306,185824,177539,23032,22591,35592,34651,12600,19,21
2021-11-07T23:59:59+01:00,2246,2148,15097,13805,17867,16170,19253,18837,22139,21965,23244,22086,14868,16062,10182,12434,3109,5424,1922,1816,13839,12856,16787,15211,18455,18078,21478,21298,22802,21648,14659,15825,10060,12285,3045,5306,185709,177509,23032,22591,35592,34649,12600,19,21
2021-11-06T23:59:59+01:00,2245,2147,15093,13805,17865,16167,19251,18837,22137,21965,23243,22085,14867,16062,10182,12434,3109,5424,1922,1816,13838,12854,16785,15211,18453,18077,21478,21296,22802,21648,14659,15825,10060,12285,3045,5306,185691,177499,23032,22591,35592,34649,12600,19,21
2021-11-05T23:59:59+01:00,2204,2097,14936,13694,17740,16050,19151,18766,22059,21904,23207,22053,14855,16043,10178,12431,3107,5422,1895,1790,13758,12800,16743,15186,18428,18049,21465,21282,22788,21639,14657,15818,10057,12283,3044,5304,184701,177140,23013,22588,35592,34649,12588,19,21
2021-11-04T23:59:59+01:00,2151,2052,14745,13563,17564,15928,19027,18665,21972,21833,23168,22025,14847,16034,10170,12424,3106,5419,1877,1763,13701,12743,16702,15145,18392,18006,21438,21263,22767,21623,14650,15808,10054,12281,3041,5301,183566,176744,22965,22574,35592,34649,12567,19,21
2021-11-03T23:59:59+01:00,2135,2029,14698,13522,17516,15892,19003,18641,21949,21806,23157,22012,14841,16033,10169,12423,3106,5419,1855,1742,13624,12694,16634,15096,18356,17970,21404,21237,22738,21603,14643,15797,10047,12274,3040,5298,183250,176264,22959,22571,35592,34649,12547,19,21
2021-11-02T23:59:59+01:00,2116,2019,14675,13501,17494,15868,18989,18626,21929,21794,23152,22008,14836,16030,10168,12423,3106,5417,1833,1730,13596,12661,16611,15077,18334,17947,21390,21224,22731,21586,14640,15794,10045,12269,3040,5298,183056,176022,22955,22569,35592,34649,12545,19,21
2021-11-01T23:59:59+01:00,2116,2015,14663,13494,17482,15858,18982,18622,21920,21785,23149,22005,14836,16030,10167,12421,3106,5417,1827,1726,13581,12646,16600,15071,18327,17941,21381,21220,22730,21582,14639,15793,10044,12267,3040,5298,182996,175954,22955,22567,35592,34649,12522,19,21
2021-10-31T23:59:59+01:00,2116,2015,14663,13494,17482,15858,18982,18622,21920,21785,23149,22005,14836,16029,10167,12421,3106,5417,1827,1726,13581,12646,16600,15071,18327,17941,21381,21220,22730,21582,14639,15793,10044,12267,3040,5298,182995,175954,22955,22567,35592,34649,12522,19,21
2021-10-30T23:59:59+02:00,2116,2015,14662,13494,17482,15858,18982,18622,21918,21785,23149,22005,14835,16028,10167,12420,3106,5417,1825,1725,13581,12646,16599,15071,18327,17940,21380,21219,22730,21582,14639,15792,10044,12267,3039,5298,182989,175945,22955,22567,35592,34649,12522,19,21
2021-10-29T23:59:59+02:00,2106,2002,14574,13437,17386,15807,18901,18588,21872,21756,23126,21988,14833,16024,10167,12419,3105,5417,1819,1723,13563,12634,16590,15060,18314,17933,21372,21211,22727,21574,14638,15791,10042,12266,3039,5298,182443,175841,22953,22566,35592,34649,12517,19,21
2021-10-28T23:59:59+02:00,2091,1975,14463,13352,17258,15730,18823,18532,21804,21702,23089,21966,14826,16018,10163,12418,3105,5411,1806,1711,13526,12604,16552,15029,18282,17904,21352,21190,22708,21563,14629,15782,10040,12260,3039,5297,181752,175613,22953,22565,35592,34649,12426,19,21
2021-10-27T23:59:59+02:00,2079,1971,14438,13336,17233,15707,18798,18516,21786,21692,23077,21961,14825,16011,10156,12410,3103,5411,1798,1706,13485,12567,16522,15011,18258,17884,21330,21177,22695,21556,14626,15773,10036,12255,3039,5295,181597,175411,22951,22565,35592,34649,12367,19,21
2021-10-26T23:59:59+02:00,2073,1966,14433,13329,17231,15699,18786,18510,21781,21690,23073,21960,14821,16011,10156,12410,3103,5410,1790,1700,13467,12544,16516,14999,18253,17877,21323,21171,22692,21554,14623,15771,10031,12252,3038,5295,181532,175295,22949,22565,35592,34649,12366,19,21
2021-10-25T23:59:59+02:00,2073,1966,14429,13326,17227,15698,18785,18507,21778,21689,23072,21960,14821,16011,10156,12409,3102,5410,1789,1700,13464,12543,16513,14997,18252,17875,21320,21170,22691,21554,14623,15771,10031,12251,3037,5295,181527,175294,22949,22565,35592,34648,12348,19,21
2021-10-24T23:59:59+02:00,2073,1964,14426,13325,17224,15698,18784,18506,21778,21689,23072,21959,14819,16011,10156,12409,3102,5409,1788,1700,13464,12543,16512,14997,18251,17875,21319,21170,22689,21552,14621,15768,10030,12248,3035,5286,181514,175267,22948,22565,35592,34648,12347,19,21
2021-10-23T23:59:59+02:00,2073,1964,14425,13325,17223,15697,18784,18506,21777,21689,23072,21959,14819,16011,10156,12409,3102,5408,1788,1700,13464,12543,16512,14997,18251,17875,21319,21170,22689,21552,14621,15768,10030,12248,3035,5286,181509,175267,22948,22565,35592,34648,12347,19,21
2021-10-22T23:59:59+02:00,2053,1937,14364,13284,17166,15647,18741,18473,21745,21663,23053,21948,14813,16004,10155,12409,3102,5407,1774,1686,13432,12516,16491,14976,18236,17856,21308,21153,22683,21544,14620,15764,10027,12247,3034,5285,181077,175058,22946,22559,35592,34648,12346,19,21
2021-10-21T23:59:59+02:00,2044,1921,14297,13245,17103,15603,18701,18441,21722,21636,23028,21932,14809,16002,10152,12404,3100,5404,1764,1672,13389,12494,16459,14946,18213,17830,21299,21142,22670,21528,14615,15758,10025,12239,3033,5284,180697,174824,22944,22559,35592,34648,12308,19,21
2021-10-20T23:59:59+02:00,2029,1910,14275,13233,17090,15584,18689,18427,21713,21628,23020,21929,14806,15997,10151,12398,3098,5402,1749,1648,13326,12443,16425,14910,18187,17789,21286,21122,22651,21512,14609,15747,10019,12234,3031,5279,180537,174436,22944,22559,35592,34648,12303,19,21
2021-10-19T23:59:59+02:00,2015,1900,14259,13219,17079,15570,18684,18421,21706,21623,23011,21923,14801,15989,10148,12396,3098,5401,1738,1646,13304,12414,16410,14887,18176,17776,21273,21110,22642,21502,14608,15738,10013,12231,3029,5278,180424,174267,22944,22559,35592,34648,12280,19,21
2021-10-18T23:59:59+02:00,2001,1887,14240,13195,17063,15560,18679,18415,21699,21614,23006,21920,14797,15986,10148,12395,3098,5400,1729,1635,13281,12381,16393,14860,18161,17767,21264,21102,22636,21501,14602,15738,10008,12225,3027,5277,180308,174119,22943,22542,35592,34648,12257,19,21
2021-10-17T23:59:59+02:00,2000,1885,14240,13193,17061,15560,18679,18413,21697,21609,23006,21917,14797,15983,10148,12394,3097,5400,1728,1632,13280,12376,16387,14856,18159,17761,21261,21097,22634,21498,14601,15737,10007,12223,3025,5274,180286,174068,22943,22542,35590,34648,12257,19,21
2021-10-16T23:59:59+02:00,2000,1885,14240,13193,17061,15560,18679,18413,21697,21609,23006,21917,14797,15983,10148,12394,3097,5400,1728,1632,13280,12376,16387,14855,18159,17761,21261,21097,22634,21498,14600,15737,10007,12223,3025,5274,180286,174066,22943,22542,35590,34648,12257,19,21
2021-10-15T23:59:59+02:00,1993,1872,14197,13160,17028,15531,18660,18395,21681,21597,22997,21910,14796,15979,10147,12390,3097,5398,1684,1604,13214,12310,16339,14803,18124,17733,21233,21065,22613,21480,14589,15724,10003,12216,3024,5269,180063,173595,22923,22514,35590,34648,12249,19,21
2021-10-14T23:59:59+02:00,1981,1859,14143,13122,16980,15488,18631,18367,21659,21584,22983,21896,14786,15969,10145,12387,3093,5393,1625,1553,13097,12182,16282,14721,18061,17660,21193,21015,22580,21440,14573,15708,9996,12204,3022,5264,179725,172816,22903,22447,35590,34648,12245,19,20
2021-10-13T23:59:59+02:00,1971,1848,14111,13086,16958,15453,18607,18346,21648,21574,22971,21890,14781,15962,10143,12384,3093,5389,1604,1535,13052,12128,16239,14663,18023,17617,21174,20994,22560,21424,14563,15696,9991,12198,3018,5258,179505,172408,22903,22447,35590,34648,12214,19,20
2021-10-12T23:59:59+02:00,1964,1839,14088,13075,16940,15441,18600,18334,21641,21567,22967,21882,14778,15960,10143,12382,3093,5388,1596,1520,13026,12100,16218,14641,18010,17602,21165,20985,22551,21418,14555,15691,9989,12197,3017,5256,179400,172236,22903,22447,35590,34648,12186,19,20
2021-10-11T23:59:59+02:00,1951,1834,14068,13050,16932,15437,18594,18323,21635,21561,22961,21877,14776,15958,10142,12379,3093,5387,1592,1509,12996,12079,16200,14620,17993,17577,21154,20970,22547,21407,14550,15687,9985,12194,3017,5255,179280,172035,22903,22447,35590,34648,12182,19,20
2021-10-10T23:59:59+02:00,1947,1833,14061,13043,16921,15434,18587,18317,21633,21558,22958,21873,14775,15957,10142,12379,3093,5387,1588,1503,12984,12064,16182,14614,17985,17570,21152,20966,22541,21399,14547,15682,9984,12191,3016,5254,179249,171955,22903,22446,35590,34648,12153,19,20
2021-10-09T23:59:59+02:00,1947,1833,14060,13042,16920,15434,18587,18317,21633,21557,22958,21873,14775,15957,10142,12379,3093,5387,1588,1503,12984,12064,16182,14614,17985,17570,21152,20966,22541,21399,14547,15682,9984,12191,3016,5254,179245,171955,22903,22446,35590,34648,12153,19,20
2021-10-08T23:59:59+02:00,1934,1820,14007,13015,16891,15420,18568,18296,21613,21540,22944,21859,14770,15955,10137,12377,3093,5386,1565,1480,12937,12024,16155,14582,17951,17540,21127,20930,22522,21388,14543,15675,9982,12185,3016,5251,178976,171587,22903,22445,35590,34648,12153,19,20
2021-10-07T23:59:59+02:00,1912,1802,13958,12966,16851,15392,18535,18265,21585,21518,22924,21848,14765,15947,10131,12370,3092,5383,1532,1435,12870,11940,16102,14515,17905,17493,21091,20889,22503,21367,14530,15659,9973,12175,3015,5245,178609,170987,22903,22445,35590,34648,12139,19,20
2021-10-06T23:59:59+02:00,1904,1794,13916,12926,16845,15386,18532,18258,21582,21513,22917,21841,14762,15943,10129,12367,3091,5383,1515,1426,12835,11909,16097,14491,17897,17476,21079,20883,22498,21364,14529,15651,9971,12172,3015,5243,178461,170803,22900,22445,35590,34648,12135,19,20
2021-10-05T23:59:59+02:00,1890,1780,13882,12894,16814,15357,18504,18244,21564,21495,22910,21829,14750,15933,10125,12361,3091,5382,1498,1408,12775,11850,16050,14444,17858,17440,21055,20856,22479,21340,14516,15638,9970,12166,3013,5241,178255,170428,22898,22442,35590,34648,12059,19,20
2021-10-04T23:59:59+02:00,1877,1767,13859,12863,16799,15345,18493,18228,21555,21488,22902,21820,14746,15930,10122,12360,3091,5381,1492,1392,12729,11818,16022,14413,17844,17420,21043,20837,22475,21327,14511,15629,9969,12162,3011,5238,178107,170194,22898,22442,35590,34648,12028,19,20
2021-10-03T23:59:59+02:00,1876,1767,13857,12862,16798,15342,18493,18227,21553,21487,22901,21820,14746,15930,10122,12360,3091,5380,1492,1392,12728,11815,16016,14410,17843,17417,21042,20834,22475,21325,14511,15629,9967,12162,3011,5237,178096,170173,22898,22442,35590,34647,12025,19,19
2021-10-02T23:59:59+02:00,1875,1767,13856,12862,16798,15342,18493,18227,21553,21485,22900,21820,14746,15929,10122,12360,3090,5380,1492,1392,12727,11815,16016,14410,17843,17417,21042,20834,22475,21325,14511,15628,9967,12161,3011,5237,178089,170170,22898,22442,35590,34647,12025,19,19
2021-10-01T23:59:59+02:00,1867,1755,13819,12831,16759,15317,18468,18201,21532,21463,22884,21816,14742,15928,10119,12358,3089,5379,1480,1384,12694,11791,15984,14383,17820,17397,21019,20819,22460,21316,14507,15627,9965,12160,3010,5237,177867,169975,22897,22442,35590,34647,11970,19,19
2021-09-30T23:59:59+02:00,1849,1737,13751,12788,16697,15269,18433,18160,21504,21441,22860,21795,14728,15920,10117,12351,3087,5377,1460,1351,12614,11729,15923,14317,17793,17347,20980,20792,22428,21301,14487,15612,9960,12153,3009,5235,177516,169525,22897,22442,35590,34647,11858,19,19
2021-09-29T23:59:59+02:00,1838,1725,13699,12749,16658,15234,18404,18130,21481,21422,22845,21775,14722,15912,10113,12345,3085,5376,1447,1336,12571,11690,15886,14276,17769,17322,20965,20775,22421,21294,14486,15606,9958,12147,3008,5232,177224,169281,22896,22442,35590,34647,11800,19,19
2021-09-28T23:59:59+02:00,1829,1721,13687,12721,16652,15221,18391,18120,21473,21413,22840,21773,14720,15906,10109,12342,3082,5372,1418,1313,12534,11653,15865,14255,17753,17302,20950,20760,22415,21285,14483,15603,9958,12143,3006,5230,177084,169021,22896,22442,35590,34647,11797,19,19
2021-09-27T23:59:59+02:00,1822,1715,13670,12690,16639,15202,18380,18106,21460,21404,22836,21765,14718,15901,10106,12339,3080,5371,1406,1303,12520,11621,15841,14241,17742,17290,20946,20754,22409,21279,14478,15595,9957,12141,3005,5227,176923,168855,22894,22442,35590,34647,11792,19,19
2021-09-26T23:59:59+02:00,1813,1712,13654,12675,16628,15193,18371,18102,21454,21390,22826,21761,14717,15897,10103,12332,3077,5366,1405,1298,12508,11611,15834,14237,17737,17289,20944,20750,22407,21277,14477,15594,9955,12139,3004,5227,176793,168797,22894,22441,35590,34647,11789,19,19
2021-09-25T23:59:59+02:00,1813,1712,13654,12675,16628,15193,18371,18102,21454,21390,22826,21761,14717,15897,10103,12332,3077,5366,1405,1298,12508,11610,15834,14237,17737,17289,20944,20750,22407,21277,14477,15594,9955,12139,3004,5227,176793,168796,22894,22441,35590,34647,11789,19,19
2021-09-24T23:59:59+02:00,1801,1706,13617,12619,16593,15156,18345,18081,21433,21367,22808,21751,14713,15892,10101,12329,3077,5365,1389,1284,12477,11567,15804,14204,17715,17262,20924,20736,22391,21265,14469,15585,9949,12133,3003,5225,176552,168561,22893,22441,35590,34647,11714,19,19
2021-09-23T23:59:59+02:00,1777,1686,13557,12558,16543,15098,18302,18040,21397,21335,22787,21722,14705,15882,10098,12322,3076,5357,1380,1277,12440,11537,15781,14177,17694,17248,20900,20723,22375,21253,14460,15576,9942,12130,3002,5221,176104,168359,22893,22441,35590,34647,11650,19,19
2021-09-22T23:59:59+02:00,1764,1671,13502,12513,16515,15065,18283,18004,21386,21314,22774,21712,14690,15873,10093,12318,3071,5353,1376,1272,12401,11513,15757,14156,17675,17220,20891,20703,22365,21242,14451,15564,9939,12125,3002,5221,175768,168120,22892,22441,35590,34647,11646,19,19
2021-09-21T23:59:59+02:00,1758,1667,13466,12491,16480,15037,18265,17974,21373,21295,22766,21703,14687,15864,10084,12315,3070,5348,1372,1265,12372,11490,15739,14132,17658,17196,20879,20692,22358,21232,14449,15559,9938,12119,3001,5220,175585,167996,22892,22439,35590,34647,11570,19,19
2021-09-20T23:59:59+02:00,1751,1661,13444,12466,16463,15013,18245,17959,21357,21285,22764,21696,14680,15857,10082,12307,3070,5346,1369,1261,12359,11478,15734,14117,17648,17186,20874,20685,22357,21227,14443,15550,9936,12117,3001,5218,175449,167936,22877,22434,35590,34647,11524,19,19
2021-09-19T23:59:59+02:00,1748,1655,13426,12450,16438,14989,18230,17955,21350,21277,22755,21686,14671,15852,10078,12302,3068,5341,1368,1261,12353,11475,15718,14100,17636,17184,20869,20679,22350,21223,14435,15548,9934,12113,3000,5217,175362,167927,22877,22433,35589,34647,11437,19,19
2021-09-18T23:59:59+02:00,1748,1652,13416,12445,16432,14983,18225,17949,21349,21275,22753,21685,14671,15852,10078,12302,3068,5340,1290,1186,12214,11302,15643,13988,17579,17113,20824,20641,22326,21195,14424,15533,9924,12101,3000,5215,175320,166968,22877,22433,35589,34647,11431,19,19
2021-09-17T23:59:59+02:00,1705,1605,13305,12346,16371,14901,18166,17885,21306,21226,22724,21659,14660,15836,10070,12290,3066,5334,1283,1181,12166,11254,15603,13956,17525,17062,20809,20617,22310,21177,14420,15521,9919,12095,2999,5214,174709,166879,22774,22190,35589,34647,11376,19,19
2021-09-16T23:59:59+02:00,1671,1561,13215,12249,16315,14820,18106,17824,21262,21171,22694,21623,14645,15817,10054,12278,3063,5330,1274,1176,12138,11230,15587,13939,17504,17038,20806,20599,22301,21166,14418,15517,9915,12093,2999,5213,173993,166722,22774,22190,35589,34647,11335,19,19
2021-09-15T23:59:59+02:00,1650,1543,13162,12211,16280,14789,18082,17789,21240,21145,22684,21610,14637,15804,10044,12271,3059,5320,1272,1168,12111,11213,15559,13916,17489,17010,20791,20584,22290,21154,14410,15512,9911,12092,2999,5209,173690,166574,22774,22190,35589,34647,11260,19,19
2021-09-14T23:59:59+02:00,1639,1531,13117,12174,16255,14765,18058,17762,21231,21123,22669,21600,14631,15793,10034,12263,3058,5319,1260,1161,12080,11176,15539,13893,17465,16983,20777,20568,22281,21138,14399,15506,9904,12092,2999,5208,173440,166360,22773,22190,35589,34647,11213,19,19
2021-09-13T23:59:59+02:00,1624,1514,13054,12125,16218,14727,18025,17727,21210,21099,22648,21583,14623,15788,10029,12255,3057,5318,1251,1155,12042,11145,15515,13868,17450,16970,20765,20554,22261,21132,14396,15498,9901,12086,2997,5206,173116,166196,22773,22190,35588,34647,11140,19,19
2021-09-12T23:59:59+02:00,1624,1512,13053,12122,16215,14727,18024,17723,21208,21098,22647,21581,14623,15787,10026,12251,3057,5314,1251,1155,12039,11141,15513,13868,17449,16969,20765,20554,22261,21131,14395,15498,9901,12085,2997,5206,173088,166185,22773,22190,35588,34647,11137,18,19
2021-09-11T23:59:59+02:00,1624,1512,13053,12122,16215,14727,18023,17723,21208,21098,22647,21580,14623,15787,10026,12251,3057,5314,1251,1155,12038,11141,15513,13868,17448,16969,20765,20554,22261,21131,14395,15498,9901,12085,2997,5206,173087,166184,22773,22190,35588,34647,11136,18,19
2021-09-10T23:59:59+02:00,1589,1479,13003,12080,16172,14679,17990,17685,21175,21062,22619,21562,14615,15773,10022,12246,3056,5311,1250,1154,12032,11131,15502,13856,17437,16964,20754,20543,22255,21126,14390,15490,9899,12081,2997,5203,172692,166150,22773,22189,35588,34647,11059,18,19
2021-09-09T23:59:59+02:00,1545,1425,12894,11992,16096,14582,17936,17620,21126,21015,22582,21532,14592,15745,10010,12236,3054,5308,1234,1132,11992,11093,15472,13825,17416,16935,20737,20525,22233,21111,14384,15479,9894,12075,2994,5203,171948,165904,22771,22188,35588,34646,10977,18,19
2021-09-08T23:59:59+02:00,1526,1412,12855,11946,16073,14551,17908,17587,21105,20996,22568,21519,14587,15735,10006,12229,3054,5305,1218,1125,11954,11050,15448,13798,17389,16908,20716,20505,22215,21090,14371,15471,9885,12068,2992,5201,171726,165680,22771,22187,35588,34646,10872,17,19
2021-09-07T23:59:59+02:00,1494,1384,12775,11877,16001,14506,17863,17536,21073,20975,22546,21493,14574,15727,10006,12223,3052,5300,1209,1115,11905,11015,15402,13775,17359,16885,20692,20485,22202,21075,14358,15465,9885,12063,2991,5201,171288,165479,22767,22181,35588,34646,10757,17,19
2021-09-06T23:59:59+02:00,1480,1362,12748,11848,15980,14479,17855,17521,21059,20963,22537,21485,14567,15717,10006,12218,3051,5297,1208,1112,11896,11001,15399,13764,17355,16881,20690,20483,22196,21072,14355,15463,9885,12059,2991,5201,171057,165408,22766,22181,35588,34646,10757,17,19
2021-09-05T23:59:59+02:00,1480,1361,12748,11845,15978,14477,17851,17519,21059,20962,22535,21484,14567,15715,10003,12217,3051,5297,1208,1112,11894,11001,15398,13762,17353,16879,20688,20483,22195,21072,14355,15463,9885,12059,2991,5200,171037,165399,22766,22181,35588,34646,10753,17,19
2021-09-04T23:59:59+02:00,1480,1361,12748,11845,15978,14477,17851,17519,21059,20961,22535,21484,14567,15714,10003,12217,3051,5297,1208,1112,11894,11001,15398,13762,17353,16879,20688,20482,22195,21072,14355,15462,9885,12059,2991,5200,171037,165399,22766,22181,35588,34646,10751,17,19
2021-09-03T23:59:59+02:00,1457,1333,12684,11781,15944,14430,17813,17484,21027,20933,22512,21459,14552,15700,9997,12208,3048,5295,1161,1047,11789,10908,15348,13701,17324,16836,20658,20458,22173,21053,14342,15454,9880,12051,2990,5199,170663,164896,22766,22181,35588,34641,10635,17,19
2021-09-02T23:59:59+02:00,1447,1324,12633,11754,15895,14390,17787,17451,20998,20910,22492,21447,14545,15676,9988,12202,3046,5293,1151,1046,11758,10886,15319,13674,17301,16811,20637,20442,22162,21044,14340,15439,9876,12047,2989,5197,170428,164787,22766,22181,35588,34641,10491,17,19
2021-09-01T23:59:59+02:00,1440,1320,12602,11731,15879,14366,17780,17438,20995,20907,22486,21444,14543,15669,9986,12198,3045,5291,1145,1043,11746,10867,15310,13662,17292,16804,20632,20435,22158,21037,14338,15439,9875,12045,2989,5197,170276,164687,22765,22181,35588,34641,10486,17,19
2021-08-31T23:59:59+02:00,1427,1305,12548,11694,15848,14318,17752,17413,20970,20892,22464,21434,14536,15665,9985,12193,3044,5291,1141,1037,11698,10833,15279,13620,17264,16768,20609,20414,22133,21022,14333,15438,9870,12042,2988,5196,170096,164521,22765,22180,35588,34641,10324,17,19
2021-08-30T23:59:59+02:00,1420,1303,12535,11667,15831,14302,17737,17402,20948,20873,22454,21423,14529,15660,9981,12188,3044,5289,1129,1026,11662,10794,15249,13591,17252,16745,20586,20399,22125,21012,14327,15435,9866,12037,2988,5195,170021,164373,22765,22180,35588,34640,10206,17,19
2021-08-29T23:59:59+02:00,1420,1303,12533,11667,15828,14302,17736,17402,20947,20873,22454,21423,14529,15660,9981,12188,3044,5289,1128,1026,11661,10792,15245,13590,17252,16745,20584,20399,22125,21012,14327,15435,9866,12037,2988,5195,170016,164364,22765,22180,35588,34640,10204,17,19
2021-08-28T23:59:59+02:00,1420,1303,12533,11667,15828,14302,17736,17402,20947,20873,22454,21423,14529,15660,9981,12188,3044,5289,1128,1026,11660,10792,15245,13590,17251,16745,20584,20399,22125,21012,14327,15435,9866,12037,2988,5195,170016,164362,22765,22180,35588,34640,10204,17,19
2021-08-27T23:59:59+02:00,1419,1297,12508,11648,15804,14280,17716,17379,20927,20864,22437,21409,14523,15654,9977,12182,3043,5287,1125,1023,11644,10781,15223,13574,17236,16729,20567,20391,22109,20999,14321,15430,9860,12030,2987,5193,169946,164335,22765,22180,35588,34639,10049,17,19
2021-08-26T23:59:59+02:00,1415,1293,12470,11622,15766,14252,17689,17365,20900,20844,22422,21396,14514,15649,9973,12176,3042,5285,1113,1010,11581,10715,15163,13521,17194,16700,20535,20364,22092,20977,14307,15417,9852,12026,2984,5191,169860,164051,22765,22179,35588,34639,9854,17,19
2021-08-25T23:59:59+02:00,1409,1290,12453,11605,15746,14237,17676,17349,20892,20835,22416,21385,14512,15642,9972,12173,3041,5285,1096,996,11519,10653,15111,13480,17172,16670,20524,20347,22077,20966,14302,15410,9849,12024,2982,5188,169732,163702,22765,22179,35588,34639,9827,17,19
2021-08-24T23:59:59+02:00,1401,1281,12426,11583,15718,14203,17659,17332,20876,20821,22399,21372,14506,15630,9967,12164,3037,5283,1089,990,11487,10630,15077,13442,17146,16654,20503,20324,22052,20956,14294,15398,9843,12016,2981,5186,169629,163561,22765,22179,35588,34639,9670,17,19
2021-08-23T23:59:59+02:00,1399,1277,12397,11566,15687,14177,17626,17314,20846,20811,22383,21358,14489,15617,9964,12160,3036,5282,1075,984,11420,10573,15016,13389,17100,16625,20468,20300,22030,20938,14274,15387,9838,12009,2980,5184,169589,163312,22764,22178,35588,34639,9442,17,19
2021-08-22T23:59:59+02:00,1398,1277,12396,11563,15684,14176,17626,17314,20845,20809,22382,21358,14487,15617,9964,12160,3036,5282,1074,984,11420,10569,15013,13387,17099,16623,20467,20300,22029,20938,14273,15387,9838,12009,2980,5184,169577,163300,22764,22177,35588,34639,9439,17,19
2021-08-21T23:59:59+02:00,1319,1202,12237,11368,15608,14050,17563,17227,20803,20767,22350,21314,14477,15601,9956,12147,3035,5278,1044,958,11324,10478,14949,13333,17062,16580,20436,20275,22006,20908,14261,15375,9831,11998,2978,5180,168508,162712,22764,22170,35588,34639,9436,17,19
2021-08-20T23:59:59+02:00,1313,1202,12214,11341,15593,14035,17540,17208,20796,20757,22341,21307,14474,15593,9956,12144,3035,5278,1036,953,11218,10403,14858,13258,16961,16472,20375,20220,21971,20875,14249,15356,9822,11993,2977,5180,168504,162628,22597,21473,35588,34625,9432,17,19
2021-08-19T23:59:59+02:00,1309,1198,12147,11290,15499,13985,17461,17153,20745,20718,22303,21264,14456,15578,9947,12131,3034,5274,1024,940,11114,10305,14749,13182,16859,16395,20316,20172,21930,20823,14226,15341,9813,11980,2975,5173,168387,162288,22597,21473,35588,34624,8913,17,19
2021-08-18T23:59:59+02:00,1302,1196,12126,11276,15488,13974,17455,17142,20735,20708,22301,21256,14454,15573,9945,12130,3034,5274,1012,934,11073,10265,14718,13157,16829,16367,20301,20159,21919,20819,14219,15334,9812,11979,2975,5173,168269,162021,22597,21473,35588,34624,8908,17,19
2021-08-17T23:59:59+02:00,1293,1190,12093,11251,15459,13948,17434,17117,20716,20697,22292,21241,14446,15568,9937,12127,3033,5273,998,922,10977,10197,14663,13099,16785,16324,20270,20135,21897,20796,14212,15326,9805,11969,2972,5173,168113,161597,22597,21471,35588,34623,8810,17,19
2021-08-16T23:59:59+02:00,1290,1186,12069,11226,15439,13925,17418,17101,20693,20673,22273,21232,14436,15557,9935,12124,3031,5272,978,904,10908,10124,14602,13035,16747,16286,20233,20100,21873,20776,14195,15313,9800,11955,2967,5170,168050,161216,22597,21470,35588,34623,8638,17,19
2021-08-15T23:59:59+02:00,1289,1186,12066,11225,15438,13923,17417,17100,20692,20672,22271,21231,14436,15557,9935,12124,3031,5271,977,904,10906,10114,14591,13030,16743,16284,20230,20099,21873,20776,14195,15313,9800,11955,2967,5170,168034,161178,22597,21469,35588,34623,8638,17,19
2021-08-14T23:59:59+02:00,1289,1186,12066,11224,15437,13923,17417,17100,20692,20672,22271,21231,14436,15557,9935,12124,3031,5271,964,900,10871,10079,14563,13007,16727,16267,20224,20090,21868,20772,14195,15313,9800,11955,2966,5170,168034,160983,22597,21469,35587,34623,8637,17,19
2021-08-13T23:59:59+02:00,1220,1112,11971,11120,15399,13879,17385,17054,20663,20646,22245,21207,14428,15546,9928,12117,3030,5269,942,890,10801,10018,14520,12948,16686,16230,20207,20068,21850,20757,14189,15300,9796,11947,2965,5169,167481,160626,22597,21468,35587,34623,8547,17,19
2021-08-12T23:59:59+02:00,1217,1107,11949,11110,15372,13859,17361,17025,20640,20630,22222,21183,14417,15534,9920,12109,3030,5266,928,877,10728,9948,14463,12883,16634,16185,20178,20045,21818,20727,14176,15285,9786,11935,2963,5165,167398,160253,22597,21467,35587,34623,8362,17,19
2021-08-11T23:59:59+02:00,1204,1100,11926,11086,15358,13849,17345,17012,20631,20619,22216,21173,14409,15529,9911,12104,3029,5264,884,852,10618,9842,14382,12795,16597,16141,20144,20017,21794,20715,14163,15270,9774,11922,2961,5161,167212,159565,22597,21464,35587,34622,8362,17,19
2021-08-10T23:59:59+02:00,1204,1088,11903,11069,15335,13833,17324,16998,20614,20605,22199,21161,14398,15524,9909,12100,3029,5262,872,841,10564,9790,14335,12759,16558,16118,20119,19993,21771,20693,14149,15258,9771,11919,2961,5157,167127,159287,22597,21463,35587,34622,8237,17,19
2021-08-09T23:59:59+02:00,1200,1081,11871,11039,15315,13814,17308,16978,20602,20595,22180,21151,14387,15520,9905,12094,3029,5260,863,827,10512,9731,14291,12724,16524,16087,20101,19977,21753,20685,14136,15250,9763,11912,2961,5152,167006,159014,22597,21463,35587,34621,8132,17,19
2021-08-08T23:59:59+02:00,1196,1080,11867,11034,15312,13812,17304,16975,20599,20590,22178,21150,14387,15518,9904,12093,3029,5260,863,827,10508,9730,14287,12718,16520,16084,20100,19976,21751,20684,14134,15250,9763,11912,2961,5152,166965,158988,22597,21460,35587,34621,8132,17,19
2021-08-07T23:59:59+02:00,1196,1080,11865,11032,15310,13807,17303,16973,20598,20588,22177,21150,14387,15517,9904,12092,3029,5260,863,827,10507,9729,14286,12717,16520,16082,20099,19975,21751,20681,14133,15250,9763,11912,2961,5152,166945,158976,22597,21460,35587,34621,8132,17,19
2021-08-06T23:59:59+02:00,1194,1078,11847,11022,15281,13794,17278,16958,20578,20570,22166,21140,14384,15513,9902,12088,3029,5260,863,827,10488,9718,14252,12704,16495,16066,20079,19960,21740,20672,14129,15246,9761,11908,2961,5152,166931,158964,22597,21459,35587,34620,7959,17,19
2021-08-05T23:59:59+02:00,1185,1069,11806,10990,15247,13771,17250,16924,20548,20550,22135,21121,14371,15494,9897,12080,3025,5259,863,827,10461,9705,14223,12683,16475,16046,20048,19945,21715,20657,14118,15235,9756,11903,2958,5151,166788,158934,22597,21456,35587,34619,7741,17,19
2021-08-04T23:59:59+02:00,1172,1060,11777,10958,15234,13754,17235,16911,20537,20538,22125,21108,14364,15489,9893,12078,3024,5258,862,827,10451,9689,14210,12673,16460,16039,20038,19937,21709,20655,14115,15234,9755,11903,2957,5150,166584,158858,22595,21427,35586,34619,7741,17,19
2021-08-03T23:59:59+02:00,1166,1055,11734,10924,15195,13727,17210,16879,20515,20518,22104,21086,14352,15471,9889,12075,3023,5257,861,822,10413,9669,14177,12656,16440,16019,20019,19925,21691,20642,14108,15216,9751,11901,2957,5150,166449,158814,22595,21425,35585,34617,7542,17,19
2021-08-02T23:59:59+02:00,1163,1053,11715,10907,15173,13705,17195,16860,20497,20508,22095,21075,14341,15460,9883,12073,3023,5255,861,821,10394,9654,14157,12634,16424,16000,19999,19916,21683,20630,14099,15204,9745,11899,2957,5148,166398,158772,22595,21424,35585,34616,7394,17,19
2021-08-01T23:59:59+02:00,1163,1053,11714,10903,15173,13705,17194,16859,20497,20507,22093,21075,14341,15459,9883,12073,3023,5254,861,821,10392,9653,14151,12633,16421,16000,19998,19915,21682,20629,14099,15204,9745,11899,2957,5148,166387,158758,22594,21422,35585,34615,7394,17,19
2021-07-31T23:59:59+02:00,1163,1053,11714,10903,15173,13705,17194,16859,20496,20507,22093,21075,14341,15459,9883,12073,3023,5254,861,821,10392,9652,14147,12629,16421,16000,19997,19913,21682,20629,14099,15204,9745,11899,2957,5148,166386,158747,22594,21421,35585,34615,7394,17,19
2021-07-30T23:59:59+02:00,1163,1053,11680,10889,15139,13682,17159,16831,20469,20488,22055,21056,14324,15451,9877,12065,3022,5253,861,819,10359,9640,14113,12605,16386,15972,19970,19894,21644,20609,14081,15196,9739,11891,2956,5147,166382,158743,22594,21421,35585,34613,7086,17,19
2021-07-29T23:59:59+02:00,1151,1045,11648,10860,15116,13660,17149,16818,20461,20477,22046,21050,14321,15450,9874,12063,3019,5252,860,817,10354,9632,14094,12597,16373,15963,19967,19892,21639,20608,14079,15193,9739,11891,2956,5147,166191,158671,22594,21419,35585,34611,7081,17,19
2021-07-28T23:59:59+02:00,1136,1039,11613,10815,15087,13630,17130,16799,20453,20464,22035,21042,14317,15448,9871,12061,3018,5251,859,816,10342,9622,14073,12581,16360,15953,19959,19888,21636,20606,14078,15191,9739,11890,2956,5147,165964,158592,22593,21418,35585,34609,7058,17,19
2021-07-27T23:59:59+02:00,1133,1038,11589,10800,15064,13612,17111,16789,20439,20445,22017,21022,14308,15435,9864,12057,3017,5249,858,816,10316,9612,14047,12556,16342,15942,19945,19869,21619,20585,14070,15179,9732,11886,2955,5146,165936,158563,22593,21418,35585,34609,6866,17,19
2021-07-26T23:59:59+02:00,1127,1026,11534,10739,15019,13574,17084,16767,20404,20414,21988,21006,14291,15426,9857,12049,3017,5248,858,814,10278,9586,14013,12526,16316,15926,19907,19834,21568,20556,14052,15169,9724,11877,2955,5145,165765,158500,22592,21417,35585,34549,6619,17,19
2021-07-25T23:59:59+02:00,1126,1025,11532,10735,15015,13573,17083,16766,20403,20414,21988,21006,14290,15426,9857,12049,3017,5248,858,814,10275,9573,14007,12519,16312,15924,19905,19834,21568,20556,14052,15169,9724,11877,2955,5144,165751,158465,22589,21414,35585,34549,6619,17,19
2021-07-24T23:59:59+02:00,1126,1025,11529,10733,15013,13571,17083,16765,20401,20412,21988,21005,14290,15426,9857,12049,3017,5248,858,814,10156,9463,13840,12375,15887,15559,19756,19711,21550,20530,14038,15154,9717,11869,2955,5143,165744,158441,22583,19749,35585,34549,6617,17,19
2021-07-23T23:59:59+02:00,1102,1012,11416,10659,14929,13511,17030,16711,20359,20359,21949,20968,14274,15406,9846,12041,3015,5247,785,744,8417,8099,12434,11269,15395,15119,19466,19386,21335,20337,13961,15071,9659,11819,2950,5139,165327,150799,22583,19748,35585,34492,6327,17,19
2021-07-22T23:59:59+02:00,1080,1005,11348,10591,14871,13463,16992,16685,20339,20328,21932,20943,14249,15391,9829,12031,3013,5244,706,670,7890,7626,11811,10770,14672,14515,19270,19214,21177,20161,13882,14985,9627,11770,2942,5127,164971,146389,22583,19746,35585,34479,6182,17,19
2021-07-21T23:59:59+02:00,1067,996,11304,10541,14833,13430,16960,16656,20321,20309,21914,20932,14238,15386,9827,12023,3011,5242,706,670,7885,7618,11798,10760,14665,14513,19263,19213,21122,20124,13879,14983,9627,11769,2941,5125,164632,146351,22583,19737,35585,34377,6177,17,19
2021-07-20T23:59:59+02:00,1054,981,11253,10501,14802,13403,16927,16639,20296,20288,21887,20914,14227,15373,9825,12017,3010,5241,706,670,7874,7612,11784,10752,14658,14506,19253,19209,21113,20120,13878,14981,9627,11769,2941,5125,164323,146319,22583,19737,35585,34369,6134,17,19
2021-07-19T23:59:59+02:00,1041,965,11203,10451,14773,13370,16905,16619,20277,20268,21874,20906,14221,15369,9821,12008,3008,5237,706,670,7869,7609,11777,10749,14654,14505,19250,19209,21099,20104,13876,14979,9626,11767,2941,5125,164003,146291,22583,19735,35585,34338,6132,17,19
2021-07-18T23:59:59+02:00,1041,965,11202,10451,14772,13368,16903,16617,20277,20266,21874,20906,14220,15369,9821,12008,3008,5237,706,670,7866,7605,11768,10742,14650,14502,19248,19208,21088,20099,13876,14979,9626,11767,2941,5125,163992,146262,22583,19734,35585,34319,6132,17,19
2021-07-17T23:59:59+02:00,1039,965,11156,10424,14713,13324,16865,16588,20241,20252,21848,20883,14209,15356,9818,12005,3008,5236,706,670,7790,7546,11624,10612,14457,14335,18820,18889,20887,19924,13848,14938,9611,11744,2938,5119,163963,146254,22576,18072,35584,34319,5794,17,19
2021-07-16T23:59:59+02:00,1018,948,10964,10285,14609,13227,16764,16510,20164,20187,21795,20835,14182,15331,9803,11998,3004,5231,691,649,7519,7347,10700,9982,13990,14025,18594,18693,20024,19265,13682,14724,9502,11612,2922,5095,163639,142825,22039,18062,35584,32531,5579,17,19
2021-07-15T23:59:59+02:00,994,932,10907,10222,14572,13195,16738,16489,20149,20170,21785,20826,14177,15327,9798,11994,3004,5227,686,642,7093,6980,8475,8244,13528,13632,18533,18634,19882,19128,13550,14584,9449,11550,2921,5085,163300,136457,22038,18057,35584,32493,5570,17,19
2021-07-14T23:59:59+02:00,968,914,10830,10136,14506,13134,16698,16445,20112,20135,21759,20804,14163,15314,9785,11979,3000,5225,643,602,6549,6527,7386,7376,12958,13183,18435,18541,19775,19039,13520,14547,9432,11533,2919,5082,162805,132079,22038,18053,35584,32430,5466,17,19
2021-07-13T23:59:59+02:00,949,893,10749,10064,14460,13090,16671,16414,20088,20114,21748,20791,14156,15303,9782,11972,2998,5223,643,602,6299,6251,6924,6988,12642,12916,18418,18519,19730,19002,13405,14438,9429,11529,2919,5079,162369,132032,22035,15794,35584,32425,5463,17,19
2021-07-12T23:59:59+02:00,929,881,10694,10014,14413,13045,16628,16384,20072,20102,21741,20785,14154,15297,9778,11968,2998,5220,634,596,6160,6157,6767,6867,12348,12670,17720,17953,19632,18922,13371,14411,9411,11507,2919,5075,162069,129488,22034,15790,35584,32421,5402,17,19
2021-07-11T23:59:59+02:00,929,881,10693,10013,14411,13044,16627,16384,20070,20102,21741,20785,14153,15297,9778,11968,2998,5220,634,596,6156,6153,6763,6865,12347,12670,17720,17953,19631,18921,13370,14411,9411,11506,2918,5073,162064,129477,22034,15790,35584,32414,5398,17,19
2021-07-10T23:59:59+02:00,926,876,10686,10001,14404,13037,16620,16384,20068,20095,21736,20780,14153,15296,9778,11968,2998,5220,634,595,6149,6145,6753,6860,12344,12666,17719,17948,19626,18918,13369,14411,9411,11506,2918,5073,162000,129427,22033,15790,35584,32414,5395,17,19
2021-07-09T23:59:59+02:00,912,860,10635,9958,14370,13009,16584,16355,20033,20073,21708,20758,14134,15281,9763,11960,2997,5217,24,17,5339,5411,6620,6760,12184,12563,17486,17843,19419,18786,13305,14338,9384,11487,2915,5070,161815,126521,22032,15790,35584,31460,5161,17,19
2021-07-08T23:59:59+02:00,910,860,10575,9914,14284,12953,16519,16305,19981,20026,21680,20734,14119,15264,9757,11947,2996,5211,16,11,5210,5303,6404,6582,11742,12221,16975,17470,19159,18598,13242,14254,9358,11451,2909,5058,161793,124593,22031,15787,35584,30953,4612,17,18
2021-07-07T23:59:59+02:00,909,860,10572,9907,14280,12948,16518,16303,19980,20023,21679,20733,14119,15264,9757,11947,2996,5211,13,10,5069,5121,5931,6175,10538,11239,16920,17405,19104,18553,13224,14231,9349,11448,2905,5048,161775,120926,22028,15785,35584,30950,4604,17,18
2021-07-06T23:59:59+02:00,909,860,10569,9906,14274,12944,16516,16303,19980,20023,21679,20732,14119,15262,9757,11947,2996,5211,13,10,5050,5114,5924,6169,10538,11238,16918,17405,19101,18553,13224,14228,9349,11448,2905,5048,161766,120901,22022,15782,35584,30934,4600,17,18
2021-07-05T23:59:59+02:00,909,860,10563,9901,14256,12941,16507,16302,19979,20023,21678,20732,14119,15262,9757,11947,2996,5211,13,10,5041,5111,5904,6166,10529,11235,16915,17405,19100,18552,13224,14228,9349,11448,2904,5048,161757,120893,22022,15779,35584,30927,4565,17,18
2021-07-04T23:59:59+02:00,909,860,10553,9891,14255,12936,16506,16301,19978,20022,21677,20731,14119,15262,9757,11946,2995,5210,13,10,5008,5073,5818,6088,10403,11121,16908,17402,19099,18547,13219,14226,9347,11443,2901,5046,161747,120417,22021,15778,35584,30918,4541,17,18
2021-07-03T23:59:59+02:00,828,791,8639,8364,12784,11778,16031,15842,19694,19722,21509,20565,14046,15187,9703,11900,2989,5206,7,8,4898,4947,5546,5832,10165,10906,16762,17263,18908,18395,13193,14192,9337,11433,2899,5044,153431,118862,22021,15778,35584,30550,4527,17,18
2021-07-02T23:59:59+02:00,828,789,8638,8358,12778,11774,16028,15841,19692,19722,21509,20565,14045,15186,9703,11899,2988,5205,6,7,4044,4097,4905,5182,9181,9911,16391,16786,18426,17855,12843,13870,9277,11357,2897,5035,153414,114337,22019,15778,35583,27420,4517,17,18
2021-07-01T23:59:59+02:00,808,770,8430,8192,12696,11696,15994,15809,19680,19708,21498,20548,14041,15182,9698,11891,2986,5199,1,1,2229,2426,4473,4807,8684,9477,15760,16243,17873,17413,12785,13804,9247,11301,2882,5005,152720,106753,22019,15775,35583,27377,4489,17,17
2021-06-30T23:59:59+02:00,753,720,8183,8008,12519,11547,15880,15713,19614,19640,21459,20501,14022,15156,9685,11878,2985,5194,0,1,2174,2390,4383,4691,8578,9378,15562,16104,17138,16911,12132,13158,9188,11232,2875,4999,151367,106689,22017,15774,35582,23938,4476,17,17
2021-06-29T23:59:59+02:00,753,720,8175,8001,12515,11539,15876,15713,19612,19640,21459,20501,14022,15156,9685,11878,2985,5194,0,1,2151,2377,4359,4650,8555,9331,15526,16045,17062,16825,11777,12820,9160,11198,2872,4991,151351,106670,22014,15771,35581,22779,4463,17,17
2021-06-28T23:59:59+02:00,753,720,8171,7997,12507,11532,15871,15712,19612,19640,21459,20501,14021,15155,9685,11878,2985,5194,0,1,2143,2351,4312,4535,8480,9169,15405,15765,16895,16554,11469,12516,9137,11171,2871,4987,151331,106658,22013,15771,35581,20862,4453,17,17
2021-06-27T23:59:59+02:00,753,720,8168,7991,12502,11528,15868,15711,19609,19640,21459,20501,14021,15155,9685,11877,2985,5194,0,1,2133,2347,4302,4532,8298,9014,15384,15749,16891,16549,11463,12515,9136,11169,2871,4987,151320,106258,22011,15768,35580,20857,4441,17,17
2021-06-26T23:59:59+02:00,745,716,7957,7781,12024,11119,14746,14717,19359,19441,21355,20382,13978,15104,9672,11848,2982,5191,0,1,2093,2306,4246,4478,8199,8905,15122,15490,16829,16502,11445,12496,9124,11164,2871,4985,148831,105194,20251,15747,35579,20857,4441,17,17
2021-06-25T23:59:59+02:00,726,698,7930,7757,12010,11107,14746,14710,19352,19436,21351,20381,13978,15104,9671,11846,2982,5191,0,0,1964,2130,3954,4173,6674,7474,12459,13291,16753,16413,11417,12467,9113,11141,2865,4971,148690,96311,20251,15666,35579,20825,4441,17,16
2021-06-24T23:59:59+02:00,714,681,7448,7342,10927,10198,14216,14274,19281,19374,21303,20338,13956,15075,9658,11833,2981,5188,0,0,1899,2062,3593,3832,5905,6801,12211,13080,16507,16203,11313,12340,9023,11014,2854,4937,144517,95072,20247,13280,35578,20776,4430,17,16
2021-06-23T23:59:59+02:00,714,681,7446,7337,10921,10194,14215,14273,19280,19373,21303,20337,13956,15075,9658,11833,2981,5188,0,0,1755,1900,3104,3433,4556,5628,11908,12813,16385,16084,11267,12300,9010,10987,2853,4930,144500,90440,20244,13276,35577,20752,4429,17,16
2021-06-22T23:59:59+02:00,714,681,7398,7307,10849,10146,14189,14247,19263,19358,21292,20330,13949,15065,9655,11830,2981,5188,0,0,1706,1869,3023,3379,4515,5594,11879,12774,16317,16033,11059,12110,8758,10686,2844,4899,144483,90419,20244,13270,35575,19615,4125,17,16
2021-06-21T23:59:59+02:00,712,681,7267,7239,10719,10047,13909,13993,18508,18740,21202,20253,13914,15033,9636,11805,2981,5185,0,0,1662,1843,2980,3343,4485,5563,11831,12740,16300,16016,11050,12098,8751,10678,2843,4898,142088,90289,20241,13267,35575,19604,3905,17,16
2021-06-20T23:59:59+02:00,712,681,7267,7233,10713,10044,13908,13993,18508,18740,21202,20253,13914,15033,9636,11805,2981,5185,0,0,1634,1814,2930,3326,4420,5524,11768,12707,16237,15956,11032,12082,8748,10669,2839,4895,142073,89805,20240,13261,35575,19594,3905,17,16
2021-06-19T23:59:59+02:00,712,680,7233,7196,10607,9955,13727,13835,18091,18404,21014,20079,13896,15006,9624,11785,2978,5179,0,0,1603,1780,2890,3281,4342,5454,11431,12417,16199,15917,11023,12072,8746,10664,2837,4893,142030,88802,18476,13233,35575,19593,3905,17,16
2021-06-18T23:59:59+02:00,15,13,6425,6462,10599,9953,13726,13833,18089,18401,21014,20079,13896,15005,9624,11784,2977,5177,0,0,1474,1669,2651,3124,3711,4822,10286,11272,15986,15760,10981,12032,8723,10643,2823,4864,139112,84139,18475,13231,35574,19539,3896,17,16
2021-06-17T23:59:59+02:00,13,12,6355,6395,10481,9847,13401,13530,17701,18078,20902,19980,13877,14968,9612,11770,2969,5171,0,0,1393,1551,2496,2973,3354,4483,8672,9910,15471,15330,10805,11852,8667,10565,2806,4836,137219,78655,18474,13224,35573,19488,3781,17,16
2021-06-16T23:59:59+02:00,13,12,6348,6389,10469,9843,13397,13528,17698,18077,20901,19979,13877,14968,9611,11769,2969,5171,0,0,1340,1506,2393,2895,3169,4304,7583,8969,14972,14944,10723,11741,8631,10518,2795,4820,137184,74828,18471,13220,35573,19462,3777,16,16
2021-06-15T23:59:59+02:00,13,12,6316,6371,10426,9813,13368,13512,17678,18057,20887,19965,13868,14960,9608,11763,2966,5168,0,0,1259,1448,2265,2790,3051,4219,6659,8231,14771,14777,10698,11712,8618,10496,2786,4813,137168,74815,18470,10796,35572,19440,3526,16,16
2021-06-14T23:59:59+02:00,13,12,6298,6352,10390,9787,13347,13492,17661,18039,20868,19954,13857,14951,9605,11761,2966,5163,0,0,1233,1432,2229,2763,3029,4198,6643,8211,14750,14767,10685,11703,8615,10495,2785,4808,137149,74805,18469,10796,35572,19419,3310,16,16
2021-06-13T23:59:59+02:00,13,12,6297,6351,10387,9784,13346,13488,17661,18039,20868,19954,13856,14951,9605,11761,2966,5163,0,0,1229,1427,2225,2753,3019,4188,6625,8194,14649,14702,10672,11680,8609,10483,2782,4808,137137,74511,18469,10796,35572,19414,3308,16,16
2021-06-12T23:59:59+02:00,10,10,5516,5595,10342,9745,13312,13463,17633,18018,20841,19923,13774,14879,9605,11758,2965,5163,0,0,1221,1409,2212,2738,2999,4162,6551,8110,14477,14564,10442,11394,8128,9945,2780,4807,135187,74006,18469,10796,35572,17813,3308,16,16
2021-06-11T23:59:59+02:00,9,10,5512,5588,10332,9738,13296,13451,17626,18013,20836,19921,13774,14878,9605,11756,2965,5163,0,0,1148,1327,2093,2579,2827,3907,5042,6770,12754,13182,10302,11248,8041,9839,2773,4791,135111,66703,18469,10795,35572,17804,3305,16,16
2021-06-10T23:59:59+02:00,3,4,4521,4650,10164,9611,13181,13365,17370,17777,20596,19738,13764,14867,9599,11746,2962,5160,0,0,1093,1265,1979,2470,2665,3730,4435,6130,11583,12192,10001,10923,7956,9755,2761,4766,131798,61869,18465,10794,35572,17797,3228,15,16
2021-06-09T23:59:59+02:00,3,4,3938,4066,9961,9462,13090,13293,17056,17510,20368,19553,13749,14854,9594,11740,2961,5155,0,0,1022,1221,1879,2399,2570,3617,4107,5826,11158,11866,9870,10764,7909,9689,2750,4757,129452,61785,18450,8946,35572,17789,2868,15,16
2021-06-08T23:59:59+02:00,3,4,3926,4060,9946,9450,13078,13286,17049,17501,20360,19551,13747,14851,9593,11737,2960,5153,0,0,975,1213,1856,2380,2541,3603,4081,5806,11145,11863,9866,10758,7908,9687,2749,4755,129433,61659,18447,8938,35571,17784,2789,15,16
2021-06-07T23:59:59+02:00,3,4,3912,4051,9913,9438,13068,13267,17026,17488,20343,19540,13743,14847,9590,11733,2958,5151,0,0,964,1205,1820,2367,2531,3583,4057,5792,11126,11849,9863,10752,7905,9684,2747,4753,129417,61645,18445,8935,35569,17773,2629,15,16
2021-06-06T23:59:59+02:00,3,4,3908,4047,9906,9434,13066,13267,17023,17487,20342,19538,13741,14846,9590,11733,2958,5151,0,0,960,1202,1808,2365,2525,3574,4043,5784,10998,11705,9852,10745,7904,9684,2747,4753,129401,61318,18444,8934,35567,17764,2617,15,16
2021-06-05T23:59:59+02:00,2,1,3616,3749,7417,7430,12825,13082,16994,17457,20298,19497,13626,14703,9515,11642,2954,5139,0,0,886,1131,1646,2267,2360,3493,3816,5642,10097,10864,9463,10290,7791,9528,2739,4733,123435,58044,18444,8934,35567,17266,2486,15,16
2021-06-04T23:59:59+02:00,2,1,3550,3694,7265,7314,12355,12686,16856,17344,20063,19260,13506,14558,9457,11563,2940,5122,0,0,861,1066,1616,2162,2321,3327,3740,5384,9456,10184,8618,9268,7515,9123,2735,4722,121033,56567,18444,8932,35566,14104,2479,14,16
2021-06-03T23:59:59+02:00,2,1,3141,3311,7237,7297,12226,12568,16824,17301,19974,19191,13494,14541,9455,11560,2939,5121,0,0,834,998,1568,2039,2240,3126,3551,5001,8879,9570,7858,8396,7041,8507,2732,4714,119801,54936,18439,8930,35561,10804,2368,14,16
2021-06-02T23:59:59+02:00,0,1,2759,2998,6081,6357,11920,12332,16763,17250,19850,19084,13431,14485,9433,11539,2937,5113,0,0,819,963,1502,2015,2126,3088,3379,4898,7511,8484,7778,8316,7025,8480,2728,4709,116063,51819,18438,8930,35561,10800,2257,14,15
2021-06-01T23:59:59+02:00,0,1,2475,2697,5597,5923,11591,12050,16737,17227,19799,19047,13307,14363,9426,11535,2936,5110,0,0,802,956,1486,2004,2105,3075,3352,4879,7211,8160,7739,8282,7015,8465,2727,4709,116039,51133,16088,8910,35561,10790,2119,14,15
2021-05-31T23:59:59+02:00,0,1,2460,2692,5578,5915,11563,12028,16701,17215,19758,19025,13304,14359,9423,11533,2936,5108,0,0,786,948,1467,1994,2073,3055,3316,4865,7170,8138,7735,8277,7012,8463,2727,4707,116026,51118,16084,8904,35560,10781,1915,14,15
2021-05-30T23:59:59+02:00,0,1,2456,2690,5575,5912,11563,12027,16698,17214,19756,19024,13304,14359,9423,11533,2936,5108,0,0,785,944,1461,1990,2071,3052,3314,4863,7169,8138,7735,8277,7012,8462,2727,4707,116010,51109,16084,8903,35557,10766,1914,14,15
2021-05-29T23:59:59+02:00,0,1,2442,2676,5411,5758,11496,11972,16690,17208,19749,19023,13303,14357,9421,11533,2936,5108,0,0,749,894,1349,1895,1792,2800,2906,4441,6884,7866,7551,8053,6835,8234,2724,4701,115515,50460,16084,8903,35557,8382,1914,14,15
2021-05-28T23:59:59+02:00,0,1,2310,2551,4992,5365,10801,11353,16625,17146,19723,18995,13292,14342,9401,11504,2934,5099,0,0,728,871,1289,1842,1703,2730,2772,4336,5298,6170,7385,7856,6793,8178,2721,4691,112870,46164,16084,8902,35557,8373,1909,14,15
2021-05-27T23:59:59+02:00,0,1,2290,2531,4941,5298,10134,10784,16585,17114,19708,18984,13282,14332,9399,11502,2934,5099,0,0,675,778,1183,1768,1492,2589,2400,4030,4418,5259,7148,7545,6701,8061,2704,4672,111480,42374,16081,8896,35555,8350,1788,14,15
2021-05-26T23:59:59+02:00,0,1,2252,2470,4768,5122,9698,10424,16533,17061,19640,18930,13268,14313,9388,11500,2930,5086,0,0,659,734,1133,1734,1404,2509,2190,3858,4288,5121,6984,7330,6621,7963,2692,4658,110074,40968,16076,8895,35555,8336,1665,14,14
2021-05-25T23:59:59+02:00,0,1,2249,2461,4738,5105,9672,10397,16508,17043,19626,18922,13263,14311,9385,11497,2930,5086,0,0,652,721,1088,1716,1349,2462,2120,3798,3745,4543,6683,6987,6587,7926,2691,4656,110065,40957,16074,6940,35554,8326,1487,14,14
2021-05-24T23:59:59+02:00,0,1,2241,2454,4726,5099,9663,10391,16481,17022,19599,18897,13252,14299,9382,11487,2929,5083,0,0,643,716,1076,1709,1339,2455,2095,3778,3719,4518,6670,6976,6584,7916,2690,4653,110054,40950,16071,6940,35554,8321,1313,14,13
2021-05-23T23:59:59+02:00,0,1,2225,2426,4637,5025,9530,10269,16477,17021,19598,18895,13250,14296,9379,11483,2927,5082,0,0,642,713,1074,1708,1338,2455,2095,3778,3719,4515,6669,6976,6584,7916,2690,4653,109571,40942,16070,6939,35553,8318,1313,14,13
2021-05-22T23:59:59+02:00,0,1,2205,2407,4628,5008,9450,10188,16454,17007,19546,18852,13222,14266,9376,11477,2927,5081,0,0,641,711,1073,1705,1336,2452,2092,3773,3703,4501,5835,6076,6512,7835,2682,4648,109145,38992,16070,6939,35553,8318,1313,14,13
2021-05-21T23:59:59+02:00,0,1,2171,2374,4518,4921,9251,10011,16425,16974,19531,18845,13212,14257,9374,11475,2922,5070,0,0,630,684,1036,1637,1286,2329,2005,3593,3357,4066,4071,3968,6468,7769,2677,4633,108400,34982,16070,6939,35548,6975,1300,14,13
2021-05-20T23:59:59+02:00,0,1,2142,2333,4435,4860,9029,9779,16375,16922,19478,18794,13183,14223,9356,11458,2921,5065,0,0,576,581,911,1326,1113,1923,1782,3056,2798,3383,3231,3011,6421,7718,2673,4628,107545,33142,16066,6938,35539,3848,1190,14,13
2021-05-19T23:59:59+02:00,0,1,1982,2166,3932,4440,7649,8587,16101,16675,19355,18670,13135,14176,9346,11432,2919,5062,0,0,561,546,875,1269,1082,1873,1756,3002,2748,3338,3223,2999,6417,7715,2673,4627,102929,33114,16062,6935,35537,3556,1086,14,13
2021-05-18T23:59:59+02:00,0,1,1936,2116,3625,4149,6984,7987,15951,16559,19271,18587,13100,14141,9289,11358,2913,5048,0,0,554,542,868,1266,1073,1863,1726,2986,2738,3319,3218,2994,6413,7711,2673,4627,102904,33107,13590,6929,35531,3546,976,14,13
2021-05-17T23:59:59+02:00,0,1,1928,2108,3606,4135,6938,7963,15923,16541,19250,18568,13090,14119,9287,11357,2913,5048,0,0,546,535,848,1250,1030,1839,1698,2968,2715,3298,3206,2975,6413,7710,2673,4627,102896,33101,13587,6928,35529,3540,749,14,13
2021-05-16T23:59:59+02:00,0,1,1923,2105,3598,4129,6751,7799,15900,16522,19244,18563,13084,14118,9286,11356,2913,5048,0,0,546,535,847,1247,1029,1838,1698,2967,2713,3298,3206,2975,6413,7710,2673,4627,102470,33098,13583,6928,35525,3535,748,14,13
2021-05-15T23:59:59+02:00,0,1,1895,2069,3558,4092,6664,7696,15630,16254,19188,18521,13064,14100,9277,11351,2913,5046,0,0,546,535,847,1246,1029,1838,1696,2966,2713,3298,3205,2975,6412,7710,2673,4627,101449,33094,13583,6928,35525,3533,748,14,13
2021-05-14T23:59:59+02:00,0,1,1788,1927,3309,3845,5075,6217,12974,14052,19124,18435,13039,14070,9270,11338,2910,5040,0,0,546,534,843,1246,1029,1838,1695,2965,2707,3296,3200,2969,6409,7707,2673,4626,92558,33075,13583,6926,35523,3533,736,14,13
2021-05-13T23:59:59+02:00,0,1,1762,1879,3270,3796,4963,6116,12767,13867,18964,18306,12963,13975,9237,11287,2910,5039,0,0,540,531,835,1237,1019,1825,1676,2946,2600,3203,2536,2161,4954,5908,2664,4607,91341,30059,13492,4906,35521,3531,734,14,12
2021-05-12T23:59:59+02:00,0,1,1762,1879,3268,3795,4963,6116,12767,13867,18963,18306,12962,13973,9237,11287,2910,5039,0,0,540,531,835,1237,1018,1825,1676,2945,2597,3201,2535,2160,4954,5906,2664,4607,91336,30053,13492,4901,35520,3531,734,13,12
2021-05-11T23:59:59+02:00,0,1,1718,1836,3178,3716,4870,6050,11832,13133,18769,18147,12948,13952,9230,11273,2904,5035,0,0,539,529,831,1232,1017,1822,1674,2944,2587,3196,2533,2158,4952,5905,2663,4607,91323,30037,11019,4889,35511,3525,726,13,12
2021-05-10T23:59:59+02:00,0,1,1701,1833,3171,3711,4863,6046,11831,13132,18768,18147,12948,13952,9230,11273,2904,5035,0,0,538,527,831,1232,1016,1822,1673,2944,2587,3196,2532,2157,4952,5905,2663,4607,91309,30036,11012,4888,35486,3520,726,13,12
2021-05-09T23:59:59+02:00,0,1,1665,1787,3116,3694,4793,6011,11763,13111,18704,18087,12928,13933,9227,11263,2902,5033,0,0,535,524,819,1230,1008,1815,1660,2941,2583,3195,2531,2154,4951,5904,2663,4606,90832,30026,11008,4886,35479,3509,686,13,12
2021-05-08T23:59:59+02:00,0,1,1632,1753,3079,3648,4718,5939,11425,12809,18671,18052,12921,13925,9226,11261,2900,5033,0,0,524,523,812,1229,997,1815,1652,2940,2567,3183,2530,2154,4951,5903,2662,4605,89808,30020,11008,4886,35479,3443,686,12,12
2021-05-07T23:59:59+02:00,0,1,1491,1630,2828,3477,4045,5276,10214,11615,18469,17901,12882,13890,9206,11244,2892,5026,0,0,436,373,688,1002,852,1498,1506,2524,2397,2825,2521,2144,4947,5899,2659,4602,85034,30011,11007,4886,35467,1397,567,12,12
2021-05-06T23:59:59+02:00,0,1,1428,1461,2694,3344,3717,4963,8499,10131,17950,17478,12714,13722,9159,11172,2889,5018,0,0,322,317,580,903,716,1408,1259,2310,2183,2629,2469,2111,4945,5892,2659,4601,79484,29986,11006,4885,35450,33,388,12,12
2021-05-05T23:59:59+02:00,0,1,1372,1385,2605,3271,3540,4788,7345,9113,17443,17081,12627,13609,9127,11127,2880,5003,0,0,322,317,578,902,715,1406,1212,2257,2171,2621,2465,2109,4944,5888,2659,4597,75602,29974,11000,4884,35441,31,262,12,12
2021-05-04T23:59:59+02:00,0,1,1359,1383,2597,3264,3537,4787,7343,9112,17442,17080,12627,13609,9127,11127,2880,5003,0,0,321,315,577,901,713,1406,1212,2257,2171,2621,2463,2107,4944,5888,2659,4596,75590,29966,10988,4883,35427,29,261,12,12
2021-05-03T23:59:59+02:00,0,1,1357,1377,2588,3257,3534,4781,7265,9052,17428,17072,12623,13607,9127,11127,2879,5002,0,0,318,309,573,896,710,1401,1134,2197,2157,2613,2459,2105,4944,5888,2658,4595,75580,29964,10988,4883,35426,27,71,12,12
2021-05-02T23:59:59+02:00,0,1,1349,1373,2585,3251,3521,4771,7244,9032,17322,17004,12610,13582,9121,11116,2876,5002,0,0,316,308,572,895,709,1400,1134,2196,2154,2613,2459,2105,4943,5886,2658,4595,75269,29955,10986,4882,35425,26,68,12,12
2021-05-01T23:59:59+02:00,0,1,1345,1367,2576,3241,3511,4753,7186,8971,17179,16886,12585,13558,9109,11110,2876,5002,0,0,316,308,572,895,709,1400,1134,2196,2154,2613,2459,2105,4941,5885,2657,4593,74766,29949,10985,4882,35425,26,68,12,12
2021-04-30T23:59:59+02:00,0,1,1277,1289,2455,3074,3342,4479,5627,7566,15421,15450,12442,13398,9013,10993,2861,4969,0,0,316,308,571,894,708,1400,1131,2194,2151,2610,2458,2095,4927,5876,2649,4575,67223,29932,10985,4881,35425,26,12,12,12
2021-04-29T23:59:59+02:00,0,1,1223,1249,2354,2961,3208,4307,5018,6915,14240,14425,12130,13069,8922,10911,2847,4941,0,0,313,306,571,893,708,1398,1130,2194,2149,2608,2456,2091,4926,5872,2648,4573,62293,29910,10984,4878,35421,25,11,12,12
2021-04-28T23:59:59+02:00,0,1,1162,1232,2292,2921,3142,4226,4707,6625,13824,14108,12010,12923,8880,10852,2839,4935,0,0,312,306,568,890,704,1397,1128,2191,2147,2601,2453,2088,4924,5867,2645,4570,62166,29904,9077,4849,35420,24,4,12,10
2021-04-27T23:59:59+02:00,0,1,1142,1229,2286,2918,3137,4224,4705,6625,13823,14107,12009,12922,8880,10852,2839,4935,0,0,312,306,568,890,703,1395,1128,2191,2146,2601,2453,2086,4924,5867,2645,4570,62131,29902,9069,4845,35418,24,4,12,10
2021-04-26T23:59:59+02:00,0,1,1142,1226,2284,2917,3133,4223,4691,6611,13781,14074,12005,12919,8880,10851,2839,4934,0,0,312,306,568,889,702,1395,1128,2191,2144,2600,2453,2086,4923,5866,2645,4570,62115,29898,9065,4843,35316,24,3,12,10
2021-04-25T23:59:59+02:00,0,1,1141,1226,2277,2917,3130,4216,4678,6603,13643,13920,11995,12913,8879,10850,2839,4934,0,0,312,306,567,889,701,1394,1126,2189,2144,2600,2453,2086,4923,5866,2645,4570,61787,29894,9062,4840,35298,24,3,12,10
2021-04-24T23:59:59+02:00,0,1,1079,1181,2141,2832,2990,4159,4467,6485,12773,13116,11717,12583,8813,10746,2832,4921,0,0,312,306,567,889,700,1393,1126,2189,2144,2600,2452,2086,4919,5865,2645,4570,58464,29887,9061,4840,35296,23,3,12,10
2021-04-23T23:59:59+02:00,0,1,981,1160,1925,2804,2830,4125,4352,6372,11428,12056,11662,12520,8790,10699,2830,4918,0,0,311,306,567,889,699,1393,1125,2189,2141,2600,2451,2086,4918,5859,2645,4568,56976,29881,9060,4836,33403,18,2,12,10
2021-04-22T23:59:59+02:00,0,1,971,1152,1899,2790,2764,4098,4176,6253,10809,11544,11573,12432,8759,10652,2827,4913,0,0,310,305,567,889,699,1392,1122,2189,2140,2600,2451,2084,4916,5857,2645,4568,55279,29873,9059,4831,33261,18,2,12,10
2021-04-21T23:59:59+02:00,0,1,956,1137,1822,2765,2645,4063,4030,6178,9309,10382,11496,12364,8747,10629,2823,4910,0,0,309,305,566,889,698,1391,1120,2189,2140,2599,2447,2079,4913,5856,2644,4566,52101,29852,9057,4829,33085,18,2,12,10
2021-04-20T23:59:59+02:00,0,1,956,1136,1820,2763,2641,4058,4026,6177,9011,10059,11469,12339,8743,10619,2822,4909,0,0,309,305,566,889,698,1390,1120,2188,2139,2598,2447,2078,4911,5854,2643,4566,51398,29845,9053,4826,33084,18,2,12,10
2021-04-19T23:59:59+02:00,0,1,954,1133,1820,2760,2640,4057,4023,6174,9009,10058,11469,12339,8743,10618,2821,4909,0,0,309,305,564,888,698,1390,1119,2188,2137,2598,2447,2078,4911,5854,2643,4566,51387,29840,9048,4826,33079,17,2,12,10
2021-04-18T23:59:59+02:00,0,1,954,1132,1816,2760,2638,4055,4022,6174,9009,10058,11469,12339,8743,10616,2821,4908,0,0,309,305,564,887,696,1390,1119,2187,2137,2598,2447,2078,4911,5853,2643,4566,51377,29836,9047,4825,33077,17,2,12,10
2021-04-17T23:59:59+02:00,0,1,954,1131,1813,2754,2562,3964,3964,6092,8992,10040,11346,12187,8740,10614,2821,4907,0,0,304,299,560,880,688,1380,1101,2174,2090,2572,2401,2025,4861,5784,2637,4559,50744,29462,9047,4825,33077,16,2,12,10
2021-04-16T23:59:59+02:00,0,1,925,1097,1703,2671,2361,3830,3713,5917,7264,8227,11146,11941,8685,10551,2818,4893,0,0,297,295,545,861,655,1345,1019,2118,1864,2411,2251,1912,4674,5515,2575,4437,46392,29447,8972,3304,32365,11,2,12,10
2021-04-15T23:59:59+02:00,0,1,856,1047,1574,2583,2080,3677,3181,5588,6255,7262,10887,11602,8584,10428,2799,4870,0,0,296,295,544,859,653,1344,1018,2115,1629,2270,2099,1780,4487,5302,2521,4334,42587,29399,8969,2128,31706,7,2,10,10
2021-04-14T23:59:59+02:00,0,1,841,1018,1528,2547,1992,3594,3009,5452,6161,7148,10724,11394,8502,10328,2787,4856,0,0,276,286,510,832,582,1284,810,1972,1411,2146,2032,1705,4357,5138,2507,4306,41204,28007,8964,2128,31702,7,2,10,10
2021-04-13T23:59:59+02:00,0,1,836,1012,1515,2544,1967,3573,2978,5417,5636,6570,10424,11054,8471,10294,2786,4855,0,0,276,284,510,831,582,1284,810,1972,1409,2145,2029,1704,4357,5137,2507,4303,41187,28002,7038,2119,31696,7,2,10,10
2021-04-12T23:59:59+02:00,0,1,836,1010,1514,2541,1967,3573,2977,5416,5635,6570,10423,11053,8470,10294,2786,4855,0,0,276,283,510,831,580,1284,807,1971,1408,2145,2029,1704,4357,5136,2507,4303,41180,27995,7035,2117,31694,7,2,10,10
2021-04-11T23:59:59+02:00,0,1,836,1010,1511,2540,1965,3570,2976,5416,5634,6570,10421,11050,8470,10294,2786,4855,0,0,276,282,509,830,578,1284,806,1971,1406,2145,2029,1704,4357,5136,2507,4303,41171,27989,7033,2116,31690,7,1,10,10
2021-04-10T23:59:59+02:00,0,1,834,1007,1508,2536,1948,3558,2907,5351,5508,6472,10190,10831,8417,10244,2782,4854,0,0,276,281,509,829,577,1284,805,1971,1406,2145,2025,1700,4352,5127,2506,4300,40597,27959,7033,2116,31307,7,1,10,10
2021-04-09T23:59:59+02:00,0,1,796,974,1410,2481,1843,3500,2777,5298,5368,6407,7806,8002,8350,10150,2772,4836,0,0,276,281,507,828,575,1282,802,1971,1404,2141,2005,1678,4330,5108,2503,4295,35113,27852,7031,2116,30616,7,1,10,10
2021-04-08T23:59:59+02:00,0,1,795,971,1404,2478,1841,3497,2765,5289,5357,6393,7012,7084,8307,10099,2769,4833,0,0,273,280,507,827,575,1281,801,1971,1402,2140,2003,1678,4329,5105,2503,4295,33245,27837,7031,2115,30608,7,1,10,10
2021-04-07T23:59:59+02:00,0,1,746,951,1329,2410,1757,3428,2573,5182,4614,5909,6344,6442,8248,10038,2762,4827,0,0,273,280,507,827,575,1278,801,1971,1402,2140,2003,1678,4328,5105,2503,4294,33239,27835,7029,2114,27282,6,1,10,9
2021-04-06T23:59:59+02:00,0,1,714,944,1310,2374,1733,3387,2543,5136,4540,5831,5981,6086,8227,10014,2757,4821,0,0,273,279,507,826,575,1278,800,1970,1402,2140,2002,1677,4328,5105,2503,4294,33232,27832,7028,2112,26128,6,1,10,8
2021-04-05T23:59:59+02:00,0,1,711,916,1269,2251,1661,3222,2422,4866,4380,5559,5672,5777,8210,9988,2755,4817,0,0,273,279,507,825,575,1278,800,1970,1402,2140,2002,1677,4328,5105,2503,4294,33227,27831,7027,2112,24212,6,1,10,8
2021-04-04T23:59:59+02:00,0,1,692,891,1176,2036,1528,2958,2208,4431,4030,5060,5426,5551,8177,9934,2754,4809,0,0,273,279,506,824,573,1277,799,1969,1328,2103,1639,1403,4169,4924,2458,4228,33223,26626,7027,2112,21401,5,1,10,8
2021-04-03T23:59:59+02:00,0,1,692,891,1175,2035,1527,2958,2207,4431,4030,5060,5426,5550,8177,9934,2754,4809,0,0,273,279,506,824,573,1277,799,1969,1328,2103,1639,1403,4169,4924,2458,4228,33219,26626,7027,2112,21400,5,1,10,8
2021-04-02T23:59:59+02:00,0,1,692,890,1175,2035,1526,2958,2207,4431,4029,5059,5425,5549,8176,9932,2753,4807,0,0,273,279,506,824,572,1277,799,1969,1327,2103,1639,1403,4169,4924,2458,4228,33217,26625,7027,2112,21391,5,0,10,8
2021-04-01T23:59:59+02:00,0,1,687,888,1171,2029,1518,2949,2193,4413,3938,4973,4931,4945,7471,9035,2751,4802,0,0,273,277,505,822,572,1276,796,1968,1289,2075,1489,1306,4069,4823,2447,4215,30305,26083,6999,2107,21381,5,0,10,7
2021-03-31T23:59:59+02:00,0,1,687,887,1169,2028,1514,2943,2189,4412,3920,4962,4755,4725,6701,8102,2738,4781,0,0,272,276,504,821,568,1272,791,1962,1185,1998,1091,1040,3655,4359,2338,4040,30185,24116,4968,2045,21351,4,0,10,7
2021-03-30T23:59:59+02:00,0,1,687,887,1166,2025,1501,2934,2180,4403,3875,4935,4555,4545,6451,7805,2730,4765,0,0,272,275,504,818,567,1272,791,1961,1185,1998,1091,1040,3655,4359,2337,4039,30179,24109,4963,2045,20293,3,0,10,7
2021-03-29T23:59:59+02:00,0,1,687,885,1165,2025,1499,2934,2180,4403,3870,4933,4551,4543,6448,7796,2728,4746,0,0,272,274,504,817,567,1272,790,1960,1185,1998,1091,1039,3655,4359,2337,4038,30168,24104,4958,2044,20258,3,0,10,7
2021-03-28T23:59:59+02:00,0,1,686,885,1165,2021,1496,2932,2179,4400,3869,4933,4550,4543,6445,7792,2728,4744,0,0,271,274,503,817,567,1272,789,1960,1185,1998,1091,1038,3655,4359,2337,4038,30165,24101,4953,2043,20241,3,0,10,7
2021-03-27T23:59:59+01:00,0,1,682,880,1161,2013,1488,2922,2160,4385,3827,4907,4500,4485,6399,7734,2721,4731,0,0,267,269,489,807,556,1260,742,1924,1024,1905,829,849,3515,4204,2176,3722,29814,23129,4953,1399,20219,3,0,10,7
2021-03-26T23:59:59+01:00,0,1,682,880,1160,2011,1483,2921,2157,4384,3821,4904,4489,4463,6392,7719,2712,4717,0,0,266,269,489,805,554,1260,740,1924,1017,1897,691,754,2532,3041,2004,3508,29769,20342,4950,1399,20169,3,0,8,7
2021-03-25T23:59:59+01:00,0,1,681,879,1159,2010,1482,2918,2152,4378,3817,4900,4480,4452,6379,7690,2688,4663,0,0,266,269,489,805,553,1256,737,1923,1015,1895,669,747,1350,1595,1721,3143,29761,17025,4945,1399,20015,3,0,8,6
2021-03-24T23:59:59+01:00,0,1,657,869,1122,1978,1411,2855,1945,4233,3594,4773,4419,4392,6244,7524,2674,4631,0,0,266,269,489,804,550,1256,735,1923,1014,1895,669,747,1350,1595,1720,3141,28384,17016,4943,1398,19987,3,0,8,6
2021-03-23T23:59:59+01:00,0,1,657,867,1120,1976,1411,2855,1945,4233,3592,4770,4419,4391,6243,7524,2674,4630,0,0,266,269,489,804,549,1255,735,1923,1014,1895,669,746,1350,1595,1720,3141,28378,17014,4940,1398,19982,3,0,8,5
2021-03-22T23:59:59+01:00,0,1,657,865,1118,1972,1408,2855,1943,4233,3591,4770,4419,4390,6243,7523,2674,4630,0,0,266,269,489,804,549,1254,734,1923,1014,1894,669,745,1350,1595,1720,3141,28373,17011,4940,1398,19971,2,0,8,5
2021-03-21T23:59:59+01:00,0,1,657,865,1116,1970,1408,2853,1942,4232,3590,4769,4419,4390,6242,7523,2674,4630,0,0,266,269,489,804,549,1254,734,1922,1014,1894,669,744,1350,1595,1720,3141,28369,17009,4939,1398,19965,2,0,8,5
2021-03-20T23:59:59+01:00,0,1,655,864,1114,1968,1403,2850,1925,4225,3559,4750,4200,4113,5725,6914,2664,4594,0,0,261,267,484,799,532,1244,713,1906,978,1866,603,666,1119,1338,1365,2595,28286,15332,4837,1397,18393,2,0,8,5
2021-03-19T23:59:59+01:00,0,1,647,858,1100,1948,1369,2815,1845,4170,3337,4588,4051,4003,5549,6671,2611,4504,0,0,261,267,484,799,532,1244,713,1904,977,1866,603,666,1119,1337,1364,2594,28283,15327,3391,1396,18386,2,0,7,5
2021-03-18T23:59:59+01:00,0,1,646,856,1099,1947,1368,2813,1845,4166,3108,4444,3897,3873,5370,6469,2558,4403,0,0,261,266,484,799,532,1242,713,1903,976,1865,601,663,880,1079,1252,2426,28274,14541,2200,1395,18382,1,0,7,5
2021-03-17T23:59:59+01:00,0,1,646,856,1098,1947,1367,2812,1845,4166,3108,4444,3897,3871,5369,6469,2558,4403,0,0,261,265,484,799,532,1242,713,1903,975,1865,599,662,880,1078,1252,2426,28272,14538,2200,1394,18378,1,0,7,3
2021-03-16T23:59:59+01:00,0,1,646,856,1098,1943,1365,2812,1841,4166,3107,4442,3896,3870,5369,6468,2558,4402,0,0,259,261,470,794,523,1230,697,1889,959,1855,597,660,878,1077,1251,2425,28262,14427,2196,1394,18375,1,0,7,3
2021-03-15T23:59:59+01:00,0,1,645,855,1096,1942,1362,2812,1837,4165,3106,4442,3896,3869,5368,6467,2558,4402,0,0,259,261,470,794,523,1228,696,1889,958,1852,597,660,878,1077,1251,2425,28255,14420,2194,1394,18367,1,0,7,3
2021-03-14T23:59:59+01:00,0,1,644,852,1092,1938,1359,2809,1835,4163,3101,4441,3896,3869,5368,6467,2558,4402,0,0,259,261,470,794,523,1228,696,1889,958,1849,597,660,877,1077,1251,2425,28250,14416,2193,1394,18345,1,0,7,3
2021-03-13T23:59:59+01:00,0,1,642,847,1084,1932,1349,2802,1829,4155,2986,4363,3420,3466,5160,6232,2512,4338,0,0,259,261,470,794,523,1228,695,1889,956,1848,573,644,573,778,819,1844,26978,12756,2193,1394,17940,1,0,7,3
2021-03-12T23:59:59+01:00,0,1,615,761,1060,1819,1328,2613,1797,3889,2943,4196,2275,2021,4798,5684,2509,4329,0,0,259,261,469,794,523,1228,694,1889,955,1848,573,643,572,778,819,1843,26966,12751,2193,1394,13472,0,0,7,3
2021-03-11T23:59:59+01:00,0,1,606,716,1053,1716,1319,2456,1785,3677,2896,4057,1711,1489,4310,5143,2499,4319,0,0,256,260,469,794,523,1228,693,1888,955,1844,573,642,571,777,735,1697,26411,12747,2180,1156,11155,0,0,7,2
2021-03-10T23:59:59+01:00,0,1,600,706,1042,1691,1309,2435,1772,3651,2788,3974,1318,1221,3898,4672,2404,4161,0,0,256,260,468,792,522,1228,693,1887,953,1844,573,641,569,776,735,1697,24419,12740,2179,1153,11038,0,0,7,1
2021-03-09T23:59:59+01:00,0,1,599,703,1034,1674,1298,2420,1769,3639,2781,3969,1313,1220,3897,4671,2403,4160,0,0,256,260,468,792,522,1228,693,1887,953,1844,573,641,569,774,735,1697,24415,12739,2177,1153,10953,0,0,6,0
2021-03-08T23:59:59+01:00,0,1,594,674,1023,1647,1281,2387,1761,3606,2760,3954,1312,1217,3897,4671,2403,4159,0,0,256,260,468,792,521,1227,692,1885,953,1844,573,640,567,774,735,1697,24409,12733,2176,1151,10756,0,0,6,0
2021-03-07T23:59:59+01:00,0,1,594,671,1018,1643,1281,2384,1760,3603,2760,3952,1312,1217,3897,4671,2403,4159,0,0,256,260,468,792,519,1226,692,1885,953,1844,573,640,567,774,734,1697,24407,12729,2176,1151,10737,0,0,6,0
2021-03-06T23:59:59+01:00,0,1,559,623,898,1542,1037,2195,1338,3222,2340,3615,1031,999,3596,4293,2383,4141,0,0,256,260,468,792,517,1226,692,1885,953,1843,573,639,565,770,645,1515,23406,12725,2173,874,8228,0,0,6,0
2021-03-05T23:59:59+01:00,0,1,557,623,893,1539,1037,2193,1335,3219,2333,3610,887,902,2595,3092,2209,3909,0,0,255,260,463,780,514,1221,684,1868,939,1828,568,635,505,710,332,997,20547,12523,2162,36,8219,0,0,6,0
2021-03-04T23:59:59+01:00,0,1,540,580,857,1410,998,2040,1284,3016,2290,3509,873,893,1412,1652,1917,3541,0,0,255,260,461,780,514,1221,684,1868,939,1828,567,634,505,709,332,997,17235,12518,2162,36,7410,0,0,6,0
2021-03-03T23:59:59+01:00,0,1,534,548,834,1345,976,1978,1268,2973,2280,3465,873,892,1412,1652,1916,3541,0,0,255,260,460,779,514,1219,683,1867,938,1827,567,634,505,709,332,997,17231,12510,2162,36,7089,0,0,6,0
2021-03-02T23:59:59+01:00,0,1,533,546,832,1343,974,1977,1267,2972,2280,3465,873,891,1412,1652,1916,3541,0,0,255,260,459,778,513,1218,682,1867,937,1826,566,634,505,709,332,997,17229,12504,2162,34,7079,0,0,5,0
2021-03-01T23:59:59+01:00,0,1,533,544,830,1341,974,1975,1267,2972,2279,3464,873,890,1412,1651,1916,3541,0,0,255,260,459,777,511,1217,680,1865,937,1826,566,634,505,709,332,997,17225,12496,2160,34,7073,0,0,5,0
2021-02-28T23:59:59+01:00,0,1,532,542,829,1340,973,1975,1267,2971,2277,3463,873,888,1412,1651,1916,3541,0,0,255,260,459,777,511,1217,679,1864,937,1825,566,634,505,709,332,997,17222,12494,2160,33,7064,0,0,5,0
2021-02-27T23:59:59+01:00,0,1,527,540,818,1331,952,1964,1229,2944,2202,3414,755,771,1143,1361,1404,2663,0,0,254,260,458,777,510,1217,677,1862,936,1823,565,631,504,707,330,993,15505,12473,1447,31,7062,0,0,5,0
2021-02-26T23:59:59+01:00,0,1,518,519,790,1264,923,1851,1190,2786,1881,2993,714,743,1143,1361,1403,2662,0,0,254,260,458,777,510,1217,677,1862,936,1823,565,631,504,707,330,992,15500,12472,1447,31,5790,0,0,5,0
2021-02-25T23:59:59+01:00,0,1,484,478,728,1147,816,1658,1035,2484,1382,2442,662,698,894,1094,1292,2489,0,0,253,259,457,777,508,1215,676,1855,935,1819,565,630,503,707,330,992,14686,12464,1447,17,3647,0,0,4,0
2021-02-24T23:59:59+01:00,0,1,483,477,728,1145,815,1658,1035,2483,1382,2441,662,698,894,1094,1292,2489,0,0,253,258,456,776,507,1211,673,1854,934,1817,564,630,503,707,330,992,14685,12464,1446,1,3642,0,0,4,0
2021-02-23T23:59:59+01:00,0,1,481,473,712,1136,806,1647,1018,2468,1365,2430,660,696,892,1093,1291,2488,0,0,253,257,456,775,507,1211,673,1853,934,1815,564,630,503,707,330,992,14574,12459,1445,1,3634,0,0,4,0
2021-02-22T23:59:59+01:00,0,1,481,473,710,1136,804,1647,1018,2468,1364,2429,660,694,892,1092,1291,2488,0,0,253,257,456,775,507,1211,673,1852,934,1814,564,630,503,707,330,992,14571,12457,1445,1,3628,0,0,4,0
2021-02-21T23:59:59+01:00,0,1,481,473,709,1136,803,1647,1017,2468,1364,2428,659,694,891,1092,1291,2488,0,0,253,257,455,775,507,1210,673,1852,934,1813,564,630,503,707,330,992,14569,12455,1445,0,3624,0,0,4,0
2021-02-20T23:59:59+01:00,0,1,466,471,697,1130,783,1642,1004,2466,1337,2407,632,675,582,789,850,1897,0,0,252,257,450,773,502,1204,668,1841,928,1810,561,627,498,706,326,987,12882,12390,1444,0,3499,0,0,4,0
2021-02-19T23:59:59+01:00,0,1,374,386,592,1005,666,1488,864,2295,1098,2169,585,651,581,789,850,1897,0,0,249,257,446,771,500,1194,665,1825,921,1790,557,621,492,699,323,977,12879,12287,1444,0,1964,0,0,4,0
2021-02-18T23:59:59+01:00,0,1,263,263,477,805,527,1243,703,1899,963,1858,582,645,580,789,850,1896,0,0,248,254,443,768,498,1190,664,1810,917,1778,550,616,485,692,317,966,12876,12196,1444,0,20,0,0,4,0
2021-02-17T23:59:59+01:00,0,1,263,263,475,805,527,1240,702,1899,962,1858,580,644,580,788,850,1896,0,0,246,254,442,764,496,1188,661,1802,913,1771,545,611,475,670,306,946,12874,12090,1444,0,13,0,0,2,0
2021-02-16T23:59:59+01:00,0,1,263,263,473,804,526,1240,702,1899,962,1858,580,644,580,787,850,1896,0,0,236,250,436,747,484,1156,654,1724,888,1691,526,582,441,624,286,875,12873,11600,1444,0,9,0,0,2,0
2021-02-15T23:59:59+01:00,0,1,263,263,472,804,526,1240,700,1899,962,1857,580,644,580,787,850,1896,0,0,232,246,432,739,477,1128,637,1671,860,1637,505,548,423,580,270,810,12872,11195,1444,0,6,0,0,2,0
2021-02-14T23:59:59+01:00,0,1,263,263,472,804,525,1240,700,1899,962,1857,580,644,580,787,850,1896,0,0,232,246,432,737,476,1128,637,1665,858,1628,494,543,419,577,260,801,12871,11133,1444,0,6,0,0,2,0
2021-02-13T23:59:59+01:00,0,1,262,263,472,803,525,1240,699,1897,962,1857,580,644,580,787,850,1896,0,0,230,244,431,733,469,1116,628,1645,838,1595,474,515,402,551,246,763,12869,10880,1444,0,3,0,0,2,0
2021-02-12T23:59:59+01:00,0,1,262,263,472,802,525,1240,699,1896,957,1854,580,642,530,741,836,1892,0,0,215,236,410,699,448,1028,593,1483,752,1355,390,392,327,436,186,575,12743,9525,1444,0,3,0,0,2,0
2021-02-11T23:59:59+01:00,0,1,259,263,469,802,525,1240,698,1894,957,1851,579,641,527,738,748,1743,0,0,194,224,397,668,427,981,559,1387,706,1244,356,343,286,368,156,484,12730,8780,1201,0,2,0,0,2,0
2021-02-10T23:59:59+01:00,0,1,258,263,469,801,525,1240,697,1894,956,1851,578,640,527,737,747,1741,0,0,192,220,396,659,422,965,555,1368,694,1207,339,320,263,327,133,418,12722,8478,1201,0,1,0,0,1,0
2021-02-09T23:59:59+01:00,0,1,258,263,469,801,525,1239,696,1894,956,1849,578,640,527,737,747,1741,0,0,184,207,383,622,403,899,513,1274,641,1077,264,226,184,213,89,254,12718,7433,1201,0,1,0,0,1,0
2021-02-08T23:59:59+01:00,0,1,258,263,467,801,525,1237,695,1894,956,1848,578,640,527,736,747,1741,0,0,184,201,378,608,390,872,488,1224,614,1006,233,184,148,160,71,194,12713,6955,1200,0,1,0,0,0,0
2021-02-07T23:59:59+01:00,0,1,257,263,467,801,525,1237,695,1894,956,1845,578,640,527,736,747,1740,0,0,183,201,376,603,386,867,482,1209,607,990,227,177,138,142,64,177,12709,6829,1200,0,0,0,0,0,0
2021-02-06T23:59:59+01:00,0,1,257,263,467,801,525,1237,695,1894,956,1845,578,640,525,731,657,1561,0,0,183,201,376,603,386,867,482,1209,607,990,227,177,138,141,64,177,12709,6828,924,0,0,0,0,0,0
2021-02-05T23:59:59+01:00,0,1,257,263,465,800,524,1235,692,1892,953,1842,573,636,517,716,340,1029,0,0,177,192,359,572,373,826,464,1169,588,957,208,161,118,129,59,174,12695,6526,40,0,0,0,0,0,0
2021-02-04T23:59:59+01:00,0,1,257,262,464,795,521,1234,691,1887,948,1841,572,636,516,715,340,1029,0,0,162,159,289,434,307,668,384,943,513,817,196,155,109,123,52,162,12669,5473,40,0,0,0,0,0,0
2021-02-03T23:59:59+01:00,0,1,256,262,464,793,521,1233,690,1885,948,1841,572,636,516,715,340,1029,0,0,158,151,244,353,259,581,324,842,461,729,188,150,104,121,51,161,12662,4877,40,0,0,0,0,0,0
2021-02-02T23:59:59+01:00,0,1,256,261,464,790,520,1233,690,1883,948,1839,572,636,516,715,340,1029,0,0,151,137,187,291,201,493,248,728,379,645,178,146,101,120,50,160,12654,4215,39,0,0,0,0,0,0
2021-02-01T23:59:59+01:00,0,1,256,261,462,789,518,1231,689,1879,945,1834,572,636,515,715,340,1029,0,0,145,131,150,254,168,435,203,649,322,569,173,135,92,109,44,153,12633,3732,39,0,0,0,0,0,0
2021-01-31T23:59:59+01:00,0,1,256,261,462,789,518,1230,689,1877,945,1834,572,636,515,715,340,1029,0,0,145,131,150,253,168,434,202,649,322,569,173,135,92,109,44,153,12630,3729,39,0,0,0,0,0,0
2021-01-30T23:59:59+01:00,0,1,256,261,462,789,518,1230,689,1877,941,1834,571,636,513,715,337,1029,0,0,133,120,135,236,157,405,191,608,303,522,150,124,80,80,35,113,12620,3392,39,0,0,0,0,0,0
2021-01-29T23:59:59+01:00,0,1,253,260,458,786,516,1220,686,1860,934,1814,567,630,507,709,332,1019,0,0,89,66,94,155,115,248,148,440,214,379,112,83,61,69,30,102,12514,2405,38,0,0,0,0,0,0
2021-01-28T23:59:59+01:00,0,0,253,260,456,786,513,1219,686,1855,933,1810,567,629,506,709,332,1019,0,0,10,7,13,24,24,48,24,94,50,108,37,33,34,50,24,94,12510,674,23,0,0,0,0,0,0
2021-01-27T23:59:59+01:00,0,0,251,259,455,783,513,1215,682,1852,930,1807,566,629,506,709,332,1019,0,0,10,7,13,24,23,48,24,92,49,108,37,33,34,50,24,94,12502,670,6,0,0,0,0,0,0
2021-01-26T23:59:59+01:00,0,0,251,259,454,780,513,1212,681,1848,930,1806,566,629,506,709,332,1019,0,0,10,7,13,24,23,48,24,92,49,108,37,33,34,50,24,94,12491,670,4,0,0,0,0,0,0
2021-01-25T23:59:59+01:00,0,0,251,259,452,780,512,1210,679,1844,929,1804,566,629,506,707,331,1019,0,0,6,1,5,14,11,23,15,39,23,48,18,16,11,16,7,22,12476,275,2,0,0,0,0,0,0
2021-01-24T23:59:59+01:00,0,0,251,258,452,780,510,1209,679,1843,929,1803,566,629,506,707,331,1019,0,0,6,1,5,14,11,23,15,39,23,48,18,16,11,16,7,22,12471,275,1,0,0,0,0,0,0
2021-01-23T23:59:59+01:00,0,0,251,258,452,780,510,1208,679,1843,929,1803,566,629,506,707,331,1019,0,0,6,1,5,14,11,23,15,39,23,48,18,16,11,16,7,22,12470,275,1,0,0,0,0,0,0
2021-01-22T23:59:59+01:00,0,0,250,256,451,779,509,1207,679,1842,929,1802,566,629,506,707,312,974,0,0,6,1,5,14,11,23,15,39,23,48,18,16,11,16,7,22,12397,275,1,0,0,0,0,0,0
2021-01-21T23:59:59+01:00,0,0,248,252,448,770,506,1199,676,1819,920,1783,557,620,487,682,297,936,0,0,6,1,5,14,11,22,15,39,23,48,18,16,11,16,7,22,12199,274,1,0,0,0,0,0,0
2021-01-20T23:59:59+01:00,0,0,247,250,443,765,502,1193,672,1811,915,1776,551,615,479,663,289,917,0,0,6,1,5,14,11,22,15,39,23,48,18,16,11,16,7,22,12087,274,1,0,0,0,0,0,0
2021-01-19T23:59:59+01:00,0,0,242,250,440,756,496,1175,669,1778,904,1734,538,598,466,644,276,877,0,0,6,1,5,14,11,22,15,39,23,48,18,16,11,16,7,22,11842,274,1,0,0,0,0,0,0
2021-01-18T23:59:59+01:00,0,0,238,246,435,743,489,1153,651,1741,876,1686,519,565,449,605,259,818,0,0,6,1,5,13,11,21,15,39,23,47,18,16,11,16,7,22,11472,271,1,0,0,0,0,0,0
2021-01-17T23:59:59+01:00,0,0,238,245,434,740,486,1151,647,1732,870,1675,504,556,435,585,245,794,0,0,6,1,4,12,11,21,15,39,23,47,18,15,11,16,7,22,11337,268,0,0,0,0,0,0,0
2021-01-16T23:59:59+01:00,0,0,230,237,429,720,473,1116,622,1645,824,1526,461,471,402,530,222,734,0,0,0,0,0,0,0,0,0,0,0,0,0,0,0,0,0,0,10642,0,0,0,0,0,0,0,0
2021-01-15T23:59:59+01:00,0,0,223,231,421,700,458,1063,602,1545,785,1411,412,413,350,459,201,621,0,0,0,0,0,0,0,0,0,0,0,0,0,0,0,0,0,0,9895,0,0,0,0,0,0,0,0
2021-01-14T23:59:59+01:00,0,0,202,218,401,657,434,1000,561,1427,717,1256,356,337,299,363,155,488,0,0,0,0,0,0,0,0,0,0,0,0,0,0,0,0,0,0,8871,0,0,0,0,0,0,0,0
2021-01-13T23:59:59+01:00,0,0,201,216,400,648,428,981,556,1406,703,1221,337,313,273,322,131,422,0,0,0,0,0,0,0,0,0,0,0,0,0,0,0,0,0,0,8558,0,0,0,0,0,0,0,0
2021-01-12T23:59:59+01:00,0,0,185,204,383,607,397,887,494,1251,623,1031,238,194,163,165,77,207,0,0,0,0,0,0,0,0,0,0,0,0,0,0,0,0,0,0,7106,0,0,0,0,0,0,0,0
2021-01-11T23:59:59+01:00,0,0,181,198,379,595,377,859,474,1203,603,975,218,164,130,118,55,150,0,0,0,0,0,0,0,0,0,0,0,0,0,0,0,0,0,0,6679,0,0,0,0,0,0,0,0
2021-01-10T23:59:59+01:00,0,0,180,194,367,579,373,846,465,1183,589,956,214,164,126,118,53,148,0,0,0,0,0,0,0,0,0,0,0,0,0,0,0,0,0,0,6555,0,0,0,0,0,0,0,0
2021-01-09T23:59:59+01:00,0,0,161,161,322,499,332,729,405,1002,497,806,151,109,78,74,37,109,0,0,0,0,0,0,0,0,0,0,0,0,0,0,0,0,0,0,5472,0,0,0,0,0,0,0,0
2021-01-08T23:59:59+01:00,0,0,95,74,228,348,244,437,292,670,340,511,82,68,54,59,28,97,0,0,0,0,0,0,0,0,0,0,0,0,0,0,0,0,0,0,3627,0,0,0,0,0,0,0,0
2021-01-07T23:59:59+01:00,0,0,12,10,54,97,72,126,93,194,122,181,44,36,37,51,25,97,0,0,0,0,0,0,0,0,0,0,0,0,0,0,0,0,0,0,1251,0,0,0,0,0,0,0,0
2021-01-06T23:59:59+01:00,0,0,8,4,9,24,17,49,24,90,53,109,38,33,36,51,25,97,0,0,0,0,0,0,0,0,0,0,0,0,0,0,0,0,0,0,667,0,0,0,0,0,0,0,0
2021-01-05T23:59:59+01:00,0,0,8,4,9,24,17,48,23,90,51,109,38,33,35,51,25,97,0,0,0,0,0,0,0,0,0,0,0,0,0,0,0,0,0,0,662,0,0,0,0,0,0,0,0
2021-01-04T23:59:59+01:00,0,0,6,1,5,14,11,25,15,41,23,50,19,16,12,16,7,23,0,0,0,0,0,0,0,0,0,0,0,0,0,0,0,0,0,0,284,0,0,0,0,0,0,0,0
2021-01-03T23:59:59+01:00,0,0,6,1,5,14,11,25,15,41,23,50,19,16,12,16,7,23,0,0,0,0,0,0,0,0,0,0,0,0,0,0,0,0,0,0,284,0,0,0,0,0,0,0,0
2021-01-02T23:59:59+01:00,0,0,6,1,5,14,11,25,15,41,23,50,19,16,12,16,7,23,0,0,0,0,0,0,0,0,0,0,0,0,0,0,0,0,0,0,284,0,0,0,0,0,0,0,0
2021-01-01T23:59:59+01:00,0,0,6,1,5,14,11,24,15,41,23,50,19,16,12,16,7,23,0,0,0,0,0,0,0,0,0,0,0,0,0,0,0,0,0,0,283,0,0,0,0,0,0,0,0
2020-12-31T23:59:59+01:00,0,0,6,1,5,14,11,24,15,41,23,50,19,16,12,16,7,23,0,0,0,0,0,0,0,0,0,0,0,0,0,0,0,0,0,0,283,0,0,0,0,0,0,0,0
2020-12-30T23:59:59+01:00,0,0,6,1,5,14,11,24,15,41,23,50,19,16,12,16,7,23,0,0,0,0,0,0,0,0,0,0,0,0,0,0,0,0,0,0,283,0,0,0,0,0,0,0,0
2020-12-29T23:59:59+01:00,0,0,6,1,5,14,11,23,15,41,23,50,19,16,12,16,7,23,0,0,0,0,0,0,0,0,0,0,0,0,0,0,0,0,0,0,282,0,0,0,0,0,0,0,0
2020-12-28T23:59:59+01:00,0,0,6,1,5,13,11,23,15,41,23,49,19,16,12,16,7,23,0,0,0,0,0,0,0,0,0,0,0,0,0,0,0,0,0,0,280,0,0,0,0,0,0,0,0
2020-12-27T23:59:59+01:00,0,0,6,1,4,12,11,23,15,41,23,49,19,15,12,16,7,23,0,0,0,0,0,0,0,0,0,0,0,0,0,0,0,0,0,0,277,0,0,0,0,0,0,0,0
