Datum,<24_1_m,<24_1_w,25-34_1_m,25-34_1_w,35-44_1_m,35-44_1_w,45-54_1_m,45-54_1_w,55-64_1_m,55-64_1_w,65-74_1_m,65-74_1_w,75-84_1_m,75-84_1_w,>84_1_m,>84_1_w,<24_2_m,<24_2_w,25-34_2_m,25-34_2_w,35-44_2_m,35-44_2_w,45-54_2_m,45-54_2_w,55-64_2_m,55-64_2_w,65-74_2_m,65-74_2_w,75-84_2_m,75-84_2_w,>84_2_m,>84_2_w,bp_1,bp_2,mo_1,mo_2,az_1,az_2,ja
2021-07-10T23:59:59+02:00,11704,11010,14196,12882,16404,16258,19876,19976,21585,20682,14050,15211,9704,11918,2886,5079,6837,6840,6657,6801,12192,12566,17528,17823,19459,18799,13258,14290,9311,11409,2816,4946,160845,128358,21759,15567,35487,32277,5330
2021-07-09T23:59:59+02:00,11644,10954,14164,12855,16373,16235,19846,19956,21563,20660,14034,15198,9690,11910,2885,5077,5432,5529,6533,6703,12040,12469,17306,17724,19264,18669,13198,14220,9290,11392,2813,4945,160681,125501,21759,15567,35487,31342,5117
2021-07-08T23:59:59+02:00,11582,10910,14080,12802,16311,16185,19794,19910,21535,20635,14020,15180,9684,11897,2884,5071,5291,5410,6317,6529,11608,12129,16801,17364,19007,18487,13135,14138,9265,11356,2808,4933,160666,123599,21758,15567,35484,30840,4572
2021-07-07T23:59:59+02:00,11579,10904,14077,12799,16310,16185,19794,19908,21535,20635,14020,15180,9684,11897,2884,5071,5146,5226,5852,6117,10416,11151,16750,17301,18954,18443,13118,14116,9256,11353,2804,4923,160657,119955,21754,15567,35484,30837,4567
2021-07-06T23:59:59+02:00,11577,10903,14075,12797,16309,16185,19794,19908,21535,20634,14020,15179,9684,11897,2884,5071,5127,5220,5845,6112,10415,11149,16748,17301,18952,18443,13118,14114,9256,11353,2804,4923,160654,119933,21752,15564,35484,30821,4562
2021-07-05T23:59:59+02:00,11571,10899,14059,12794,16299,16183,19793,19908,21533,20634,14020,15179,9684,11897,2884,5071,5119,5219,5827,6109,10405,11147,16747,17301,18950,18442,13118,14114,9256,11353,2804,4923,160648,119930,21752,15562,35484,30818,4524
2021-07-04T23:59:59+02:00,11561,10889,14057,12790,16298,16183,19793,19908,21533,20634,14020,15179,9684,11897,2884,5071,5086,5177,5741,6032,10278,11033,16741,17298,18950,18440,13114,14112,9254,11349,2802,4922,160641,119454,21752,15561,35484,30810,4504
2021-07-03T23:59:59+02:00,9547,9267,12612,11639,15832,15729,19513,19610,21366,20470,13947,15103,9631,11851,2878,5067,4970,5043,5468,5777,10044,10820,16598,17158,18759,18289,13089,14078,9244,11339,2800,4920,152336,117904,21752,15561,35484,30441,4490
2021-07-02T23:59:59+02:00,9546,9260,12608,11636,15830,15728,19511,19610,21364,20470,13946,15103,9630,11850,2877,5066,4108,4175,4829,5129,9079,9837,16229,16682,18280,17752,12741,13763,9186,11264,2798,4912,152321,113391,21752,15561,35481,27331,4481
2021-07-01T23:59:59+02:00,9317,9071,12527,11557,15797,15699,19500,19596,21354,20452,13942,15100,9625,11842,2874,5060,2270,2451,4399,4756,8590,9414,15605,16142,17732,17318,12684,13697,9157,11208,2784,4882,151627,105784,21752,15559,35481,27293,4453
2021-06-30T23:59:59+02:00,9020,8836,12358,11410,15683,15603,19433,19528,21313,20405,13923,15074,9612,11829,2873,5055,2210,2412,4309,4637,8486,9314,15408,16004,17003,16819,12034,13054,9098,11139,2777,4876,150288,105724,21749,15558,35479,23859,4439
2021-06-29T23:59:59+02:00,9017,8827,12356,11406,15680,15603,19431,19528,21313,20405,13923,15074,9612,11829,2873,5055,2188,2400,4286,4599,8463,9269,15373,15945,16927,16735,11680,12719,9070,11106,2774,4868,150280,105712,21746,15556,35478,22706,4428
2021-06-28T23:59:59+02:00,9014,8823,12349,11401,15678,15603,19430,19528,21313,20405,13922,15074,9612,11829,2873,5055,2181,2371,4239,4481,8388,9110,15253,15667,16759,16463,11375,12418,9048,11079,2773,4864,150264,105705,21746,15556,35478,20787,4421
2021-06-27T23:59:59+02:00,9011,8818,12346,11398,15676,15603,19430,19528,21313,20405,13922,15074,9612,11829,2873,5055,2171,2367,4230,4479,8206,8958,15233,15651,16757,16458,11371,12417,9047,11078,2773,4864,150256,105308,21745,15555,35478,20783,4414
2021-06-26T23:59:59+02:00,8790,8600,11876,10991,14576,14618,19179,19331,21210,20284,13879,15023,9600,11800,2870,5052,2131,2324,4176,4426,8109,8848,14971,15393,16697,16411,11354,12398,9035,11073,2773,4862,147799,104251,19989,15533,35477,20783,4414
2021-06-25T23:59:59+02:00,8744,8559,11861,10981,14576,14611,19172,19326,21206,20283,13879,15023,9599,11798,2870,5052,2002,2146,3889,4122,6586,7417,12333,13208,16622,16323,11328,12368,9024,11048,2768,4849,147660,95415,19989,15452,35477,20752,4414
2021-06-24T23:59:59+02:00,8252,8131,10792,10092,14045,14177,19102,19267,21160,20240,13857,14995,9586,11785,2869,5049,1933,2078,3529,3785,5833,6750,12091,13001,16378,16117,11224,12241,8934,10921,2757,4815,143535,94186,19985,13094,35476,20704,4403
2021-06-23T23:59:59+02:00,8250,8128,10786,10091,14044,14176,19102,19266,21160,20239,13857,14995,9586,11785,2869,5049,1789,1909,3043,3383,4480,5581,11787,12732,16258,15999,11179,12202,8922,10895,2756,4808,143523,89549,19983,13094,35475,20678,4402
2021-06-22T23:59:59+02:00,8202,8099,10714,10041,14021,14150,19086,19251,21149,20231,13850,14986,9583,11782,2869,5049,1739,1878,2962,3329,4442,5548,11759,12693,16190,15948,10970,12011,8671,10594,2746,4777,143509,89530,19983,13090,35475,19541,4096
2021-06-21T23:59:59+02:00,8070,8032,10588,9945,13740,13904,18348,18643,21061,20156,13815,14954,9564,11757,2869,5046,1694,1854,2919,3291,4414,5518,11713,12658,16172,15933,10961,12001,8664,10586,2745,4776,141160,89406,19981,13089,35475,19528,3876
2021-06-20T23:59:59+02:00,8070,8028,10584,9941,13740,13904,18348,18643,21061,20156,13815,14954,9564,11757,2869,5046,1666,1825,2873,3276,4350,5479,11651,12625,16111,15874,10942,11985,8661,10577,2741,4772,141149,88930,19980,13085,35475,19517,3876
2021-06-19T23:59:59+02:00,8034,7990,10479,9851,13559,13749,17935,18308,20878,19983,13797,14928,9552,11737,2866,5040,1635,1790,2832,3228,4270,5405,11315,12335,16073,15836,10933,11973,8659,10572,2739,4770,141104,87917,18231,13056,35475,19516,3876
2021-06-18T23:59:59+02:00,6535,6587,10474,9849,13558,13747,17933,18306,20878,19983,13797,14927,9552,11737,2865,5038,1503,1679,2596,3071,3641,4776,10178,11192,15862,15682,10893,11933,8636,10552,2725,4742,138193,83275,18229,13054,35475,19463,3869
2021-06-17T23:59:59+02:00,6462,6517,10357,9745,13237,13442,17547,17988,20765,19886,13778,14889,9540,11723,2857,5032,1422,1561,2444,2922,3287,4439,8585,9834,15352,15250,10718,11753,8580,10475,2708,4713,136307,77828,18229,13050,35474,19410,3755
2021-06-16T23:59:59+02:00,6455,6513,10346,9742,13235,13440,17546,17987,20764,19886,13778,14889,9539,11722,2857,5032,1372,1513,2343,2848,3103,4260,7501,8894,14856,14862,10635,11642,8544,10427,2697,4697,136279,74009,18227,13048,35474,19386,3751
2021-06-15T23:59:59+02:00,6424,6495,10306,9714,13206,13425,17526,17965,20750,19873,13769,14881,9536,11716,2854,5029,1292,1455,2217,2746,2989,4175,6593,8164,14656,14696,10611,11613,8532,10405,2688,4691,136267,74001,18226,10652,35474,19368,3502
2021-06-14T23:59:59+02:00,6406,6478,10273,9689,13187,13405,17512,17947,20730,19863,13759,14872,9533,11715,2854,5025,1276,1440,2183,2719,2968,4154,6579,8144,14635,14686,10600,11604,8529,10404,2688,4687,136255,73992,18226,10652,35474,19359,3293
2021-06-13T23:59:59+02:00,6405,6478,10269,9687,13186,13403,17512,17947,20730,19863,13759,14872,9533,11715,2854,5025,1272,1434,2180,2710,2958,4144,6562,8127,14534,14621,10587,11581,8523,10393,2685,4687,136247,73700,18226,10652,35474,19355,3291
2021-06-12T23:59:59+02:00,5612,5704,10223,9651,13153,13379,17485,17926,20704,19832,13677,14800,9533,11712,2853,5025,1263,1414,2169,2694,2937,4117,6488,8045,14361,14484,10359,11297,8043,9858,2683,4686,134278,73196,18226,10652,35474,17759,3291
2021-06-11T23:59:59+02:00,5607,5697,10213,9644,13139,13367,17478,17922,20700,19830,13677,14799,9533,11710,2853,5025,1187,1330,2049,2534,2765,3862,4992,6714,12658,13105,10219,11150,7956,9752,2676,4670,134205,65929,18226,10651,35474,17750,3289
2021-06-10T23:59:59+02:00,4603,4737,10047,9517,13028,13285,17224,17687,20462,19651,13668,14788,9527,11700,2850,5022,1130,1269,1935,2428,2607,3685,4386,6078,11497,12117,9921,10826,7872,9668,2664,4645,130885,61120,18225,10651,35474,17745,3212
2021-06-09T23:59:59+02:00,4010,4128,9841,9370,12941,13212,16916,17423,20234,19469,13653,14775,9522,11694,2849,5017,1056,1225,1835,2359,2515,3572,4060,5773,11076,11792,9794,10667,7826,9603,2653,4636,128518,61046,18210,8804,35474,17740,2852
2021-06-08T23:59:59+02:00,3998,4122,9829,9361,12929,13205,16909,17414,20226,19467,13651,14772,9521,11692,2848,5015,1010,1217,1813,2344,2488,3558,4035,5754,11065,11789,9791,10662,7825,9601,2652,4633,128505,60930,18207,8799,35474,17735,2773
2021-06-07T23:59:59+02:00,3984,4115,9796,9348,12919,13187,16886,17403,20210,19456,13648,14768,9518,11688,2846,5013,999,1210,1780,2333,2479,3539,4011,5741,11047,11775,9788,10657,7822,9598,2650,4631,128494,60921,18205,8796,35473,17730,2613
2021-06-06T23:59:59+02:00,3979,4111,9791,9344,12918,13187,16885,17402,20209,19456,13647,14767,9518,11688,2846,5013,996,1207,1769,2331,2473,3530,3999,5734,10921,11632,9777,10651,7821,9598,2650,4631,128482,60601,18205,8795,35472,17722,2602
2021-06-05T23:59:59+02:00,3685,3808,7313,7350,12680,13002,16856,17373,20166,19416,13531,14623,9443,11597,2842,5001,919,1135,1605,2230,2308,3451,3773,5594,10028,10792,9395,10202,7710,9444,2642,4612,122539,57338,18205,8795,35471,17236,2471
2021-06-04T23:59:59+02:00,3619,3753,7161,7234,12213,12608,16716,17261,19933,19181,13412,14477,9386,11518,2828,4984,892,1069,1574,2126,2270,3285,3697,5336,9390,10116,8554,9187,7437,9041,2638,4601,120143,55872,18205,8793,35471,14083,2465
2021-06-03T23:59:59+02:00,3206,3359,7134,7218,12088,12490,16685,17221,19847,19115,13400,14461,9384,11515,2827,4983,863,1002,1528,2002,2192,3085,3507,4955,8815,9496,7794,8316,6968,8429,2635,4593,118906,54244,18203,8792,35467,10787,2357
2021-06-02T23:59:59+02:00,2816,3042,6001,6301,11786,12259,16626,17170,19724,19010,13340,14407,9362,11494,2825,4975,847,968,1464,1979,2079,3047,3337,4853,7460,8416,7714,8237,6952,8401,2632,4588,115222,51150,18202,8792,35467,10785,2247
2021-06-01T23:59:59+02:00,2530,2730,5532,5878,11471,11978,16602,17147,19673,18973,13217,14284,9355,11490,2824,4972,830,961,1449,1970,2061,3034,3311,4833,7163,8092,7677,8203,6942,8387,2630,4588,115203,50473,15874,8772,35467,10774,2112
2021-05-31T23:59:59+02:00,2515,2727,5513,5869,11443,11957,16568,17136,19633,18951,13214,14280,9351,11488,2824,4970,814,954,1431,1960,2029,3014,3276,4819,7122,8071,7674,8198,6938,8385,2630,4586,115196,50463,15870,8767,35467,10765,1906
2021-05-30T23:59:59+02:00,2511,2725,5511,5865,11443,11956,16565,17135,19631,18950,13214,14280,9351,11488,2824,4970,813,950,1426,1957,2029,3012,3274,4817,7121,8071,7674,8198,6938,8385,2630,4586,115180,50457,15870,8767,35464,10752,1905
2021-05-29T23:59:59+02:00,2495,2711,5345,5711,11376,11897,16557,17129,19623,18949,13213,14278,9349,11488,2824,4970,776,901,1315,1862,1752,2759,2872,4394,6839,7799,7491,7974,6762,8157,2627,4580,114676,49813,15870,8767,35464,8375,1905
2021-05-28T23:59:59+02:00,2361,2581,4923,5321,10703,11289,16490,17067,19597,18921,13204,14264,9330,11459,2822,4961,755,878,1256,1808,1662,2687,2739,4289,5262,6109,7328,7778,6720,8101,2624,4570,112058,45531,15870,8767,35464,8367,1901
2021-05-27T23:59:59+02:00,2341,2560,4873,5255,10043,10719,16450,17036,19583,18909,13194,14254,9328,11458,2822,4961,701,784,1153,1736,1452,2545,2367,3984,4383,5200,7092,7471,6629,7985,2607,4551,110677,41752,15867,8762,35462,8346,1780
2021-05-26T23:59:59+02:00,2304,2498,4700,5075,9608,10354,16398,16982,19515,18855,13180,14235,9318,11456,2818,4948,686,742,1106,1704,1363,2465,2158,3813,4254,5062,6929,7258,6549,7886,2595,4537,109259,40354,15865,8761,35462,8334,1658
2021-05-25T23:59:59+02:00,2301,2491,4670,5058,9583,10328,16373,16964,19502,18849,13175,14233,9315,11453,2818,4948,679,728,1059,1686,1311,2420,2088,3753,3715,4486,6627,6916,6515,7849,2594,4535,109255,40346,15863,6809,35462,8325,1481
2021-05-24T23:59:59+02:00,2292,2485,4658,5053,9575,10323,16348,16944,19476,18825,13165,14222,9312,11443,2817,4944,670,723,1047,1679,1301,2413,2063,3733,3689,4461,6616,6905,6512,7839,2593,4531,109252,40339,15863,6809,35462,8322,1305
2021-05-23T23:59:59+02:00,2276,2452,4570,4980,9441,10201,16345,16943,19476,18824,13163,14220,9309,11439,2815,4943,669,721,1045,1679,1301,2413,2063,3733,3689,4460,6615,6905,6512,7839,2593,4531,108768,40335,15863,6808,35461,8320,1305
2021-05-22T23:59:59+02:00,2256,2433,4561,4963,9362,10120,16322,16929,19424,18780,13135,14189,9305,11433,2815,4942,668,719,1044,1676,1298,2410,2060,3728,3673,4447,5786,6012,6442,7758,2585,4526,108340,38399,15863,6808,35461,8320,1305
2021-05-21T23:59:59+02:00,2221,2400,4453,4877,9166,9946,16294,16896,19409,18773,13125,14180,9303,11431,2810,4931,656,692,1007,1610,1248,2287,1974,3549,3329,4013,4028,3915,6399,7692,2580,4511,107602,34409,15863,6808,35458,6981,1292
2021-05-20T23:59:59+02:00,2192,2361,4370,4816,8945,9720,16245,16843,19356,18721,13094,14145,9286,11414,2809,4927,601,585,882,1298,1076,1884,1752,3015,2770,3333,3194,2966,6354,7643,2576,4506,106751,32586,15861,6807,35449,3859,1183
2021-05-19T23:59:59+02:00,2031,2185,3873,4392,7564,8530,15971,16595,19235,18596,13046,14097,9276,11388,2807,4924,586,548,844,1244,1047,1833,1726,2962,2720,3289,3186,2953,6350,7640,2576,4505,102125,32562,15859,6805,35448,3564,1078
2021-05-18T23:59:59+02:00,1983,2132,3567,4108,6915,7935,15824,16480,19151,18513,13013,14064,9220,11314,2801,4910,580,544,839,1242,1039,1825,1696,2946,2711,3271,3181,2948,6346,7636,2576,4505,102105,32559,13413,6800,35444,3558,968
2021-05-17T23:59:59+02:00,1975,2124,3547,4094,6872,7911,15796,16462,19129,18494,13003,14041,9219,11313,2801,4910,572,537,820,1227,997,1801,1668,2928,2688,3250,3170,2927,6346,7635,2576,4505,102098,32554,13411,6800,35444,3555,738
2021-05-16T23:59:59+02:00,1970,2121,3540,4090,6686,7747,15775,16443,19125,18489,12998,14040,9218,11312,2801,4910,572,537,820,1226,996,1800,1668,2928,2686,3250,3170,2927,6346,7635,2576,4505,101678,32552,13410,6800,35440,3553,737
2021-05-15T23:59:59+02:00,1942,2085,3502,4054,6600,7643,15506,16175,19069,18447,12979,14021,9209,11307,2801,4908,572,537,820,1225,996,1800,1666,2927,2686,3250,3169,2927,6345,7635,2576,4505,100661,32548,13410,6800,35440,3551,737
2021-05-14T23:59:59+02:00,1833,1941,3256,3803,5009,6168,12873,13987,19005,18361,12956,13991,9202,11294,2798,4902,572,536,817,1225,996,1800,1665,2926,2680,3249,3165,2921,6343,7633,2576,4504,91805,32531,13410,6800,35438,3551,726
2021-05-13T23:59:59+02:00,1807,1893,3215,3752,4897,6067,12668,13803,18845,18235,12880,13896,9166,11241,2798,4901,566,533,810,1216,986,1788,1646,2907,2573,3156,2505,2117,4893,5832,2567,4485,90591,29521,13313,4785,35436,3550,724
2021-05-12T23:59:59+02:00,1807,1893,3214,3752,4897,6067,12668,13803,18844,18235,12880,13896,9166,11241,2798,4901,566,533,810,1216,986,1788,1646,2906,2570,3154,2505,2117,4893,5830,2567,4485,90590,29518,13313,4780,35435,3550,724
2021-05-11T23:59:59+02:00,1763,1848,3122,3677,4810,6001,11747,13075,18650,18077,12866,13875,9159,11227,2792,4897,565,531,807,1211,985,1787,1645,2906,2562,3150,2504,2116,4891,5829,2566,4485,90579,29512,10864,4768,35427,3544,716
2021-05-10T23:59:59+02:00,1747,1845,3116,3674,4804,5997,11746,13074,18649,18077,12866,13875,9159,11227,2792,4897,564,530,807,1211,985,1787,1644,2906,2562,3150,2503,2115,4891,5829,2566,4485,90566,29511,10861,4768,35402,3540,716
2021-05-09T23:59:59+02:00,1711,1798,3064,3659,4734,5962,11679,13053,18586,18018,12846,13856,9156,11218,2790,4895,562,527,799,1210,977,1781,1631,2903,2558,3149,2503,2113,4890,5828,2566,4484,90097,29507,10858,4767,35395,3532,675
2021-05-08T23:59:59+02:00,1678,1764,3028,3610,4657,5889,11342,12751,18553,17984,12839,13848,9155,11216,2788,4895,550,526,792,1210,966,1781,1624,2903,2542,3138,2502,2113,4890,5827,2565,4483,89069,29504,10858,4767,35395,3466,675
2021-05-07T23:59:59+02:00,1534,1641,2780,3438,3984,5227,10137,11561,18353,17834,12800,13813,9136,11199,2780,4888,453,377,669,980,820,1462,1479,2489,2373,2783,2493,2104,4887,5823,2562,4480,84309,29499,10857,4767,35383,1412,556
2021-05-06T23:59:59+02:00,1471,1472,2646,3307,3657,4918,8442,10082,17840,17409,12632,13645,9089,11127,2777,4880,331,318,565,878,685,1373,1233,2275,2160,2588,2441,2072,4885,5816,2562,4479,78793,29480,10856,4766,35366,36,379
2021-05-05T23:59:59+02:00,1417,1398,2559,3235,3482,4743,7294,9066,17334,17009,12544,13532,9057,11081,2768,4865,331,318,563,877,684,1371,1187,2223,2150,2582,2437,2070,4885,5812,2562,4475,74920,29473,10852,4765,35358,35,254
2021-05-04T23:59:59+02:00,1408,1396,2553,3229,3480,4743,7292,9065,17333,17009,12544,13532,9057,11081,2768,4865,331,317,563,876,682,1371,1187,2223,2150,2582,2436,2070,4885,5812,2562,4474,74913,29470,10841,4765,35348,33,253
2021-05-03T23:59:59+02:00,1406,1390,2545,3224,3477,4737,7214,9005,17319,17001,12540,13530,9057,11081,2767,4864,328,311,559,872,677,1366,1109,2163,2137,2574,2432,2068,4885,5812,2561,4473,74904,29469,10841,4765,35348,29,64
2021-05-02T23:59:59+02:00,1398,1386,2542,3218,3465,4728,7194,8985,17213,16933,12527,13505,9051,11070,2764,4864,326,310,559,872,677,1366,1109,2162,2135,2574,2432,2068,4884,5810,2561,4473,74595,29464,10840,4764,35347,29,61
2021-05-01T23:59:59+02:00,1394,1380,2533,3208,3456,4710,7135,8924,17069,16816,12502,13482,9039,11064,2764,4864,326,310,559,872,677,1366,1109,2162,2135,2574,2432,2068,4882,5810,2560,4471,74092,29459,10840,4764,35347,29,61
2021-04-30T23:59:59+02:00,1324,1300,2413,3038,3288,4436,5588,7526,15331,15385,12359,13322,8944,10947,2749,4831,326,310,558,871,676,1366,1106,2160,2132,2572,2431,2059,4869,5801,2552,4453,66586,29442,10840,4763,35347,29,8
2021-04-29T23:59:59+02:00,1270,1263,2311,2928,3156,4266,4980,6878,14159,14362,12051,12994,8854,10865,2735,4803,324,309,558,870,676,1365,1105,2160,2130,2570,2429,2055,4868,5798,2551,4451,61683,29422,10840,4760,35344,29,8
2021-04-28T23:59:59+02:00,1207,1246,2249,2891,3091,4185,4671,6587,13748,14046,11937,12847,8813,10807,2727,4797,323,309,555,868,674,1365,1103,2159,2129,2563,2426,2053,4865,5794,2548,4448,61566,29419,8938,4734,35344,28,1
2021-04-27T23:59:59+02:00,1187,1244,2244,2890,3087,4184,4669,6587,13747,14045,11936,12846,8813,10807,2727,4797,323,309,555,868,673,1363,1103,2159,2128,2563,2426,2051,4865,5794,2548,4448,61534,29417,8933,4730,35342,28,1
2021-04-26T23:59:59+02:00,1187,1242,2242,2889,3085,4184,4655,6573,13707,14014,11933,12844,8813,10806,2727,4796,323,309,555,868,673,1363,1103,2159,2126,2562,2426,2051,4865,5794,2548,4448,61527,29416,8929,4729,35240,27,1
2021-04-25T23:59:59+02:00,1186,1242,2236,2889,3082,4177,4643,6566,13570,13861,11923,12838,8813,10806,2727,4796,323,309,554,868,672,1362,1101,2157,2126,2562,2426,2051,4865,5794,2548,4448,61204,29412,8926,4726,35224,27,1
2021-04-24T23:59:59+02:00,1120,1196,2098,2800,2943,4121,4432,6451,12710,13058,11647,12509,8747,10702,2720,4783,323,309,554,868,671,1361,1101,2157,2126,2561,2425,2051,4861,5793,2548,4448,57887,29405,8925,4726,35224,25,1
2021-04-23T23:59:59+02:00,1021,1176,1883,2773,2783,4088,4318,6340,11375,12005,11593,12447,8723,10655,2718,4780,322,309,554,868,670,1361,1100,2157,2124,2561,2424,2051,4860,5788,2548,4447,56416,29399,8925,4725,33337,20,0
2021-04-22T23:59:59+02:00,1011,1167,1856,2760,2721,4063,4141,6221,10757,11488,11505,12361,8693,10608,2715,4775,321,308,554,868,670,1360,1098,2157,2123,2561,2424,2049,4858,5786,2548,4447,54721,29392,8924,4720,33197,20,0
2021-04-21T23:59:59+02:00,996,1153,1781,2736,2601,4028,3996,6147,9269,10328,11430,12294,8681,10584,2712,4772,321,308,553,868,669,1360,1097,2157,2122,2561,2420,2045,4855,5784,2547,4445,51563,29374,8923,4718,33022,20,0
2021-04-20T23:59:59+02:00,996,1152,1780,2735,2598,4025,3992,6146,8973,10005,11403,12270,8677,10575,2712,4771,321,308,553,868,669,1360,1097,2156,2121,2560,2420,2044,4853,5783,2547,4445,50869,29370,8920,4715,33021,20,0
2021-04-19T23:59:59+02:00,994,1150,1780,2732,2597,4024,3990,6144,8973,10004,11403,12270,8677,10574,2712,4771,321,308,553,867,669,1360,1095,2156,2120,2560,2420,2044,4853,5783,2547,4445,50861,29367,8915,4714,33019,20,0
2021-04-18T23:59:59+02:00,994,1150,1778,2732,2595,4022,3990,6144,8973,10004,11403,12270,8677,10573,2712,4770,321,308,553,867,668,1360,1095,2155,2120,2560,2420,2044,4853,5783,2547,4445,50855,29366,8914,4713,33018,20,0
2021-04-17T23:59:59+02:00,994,1149,1775,2726,2518,3932,3934,6062,8956,9986,11280,12118,8674,10571,2712,4769,316,302,549,860,660,1350,1077,2142,2073,2534,2375,1992,4805,5714,2541,4439,50224,28997,8914,4713,33018,19,0
2021-04-16T23:59:59+02:00,965,1115,1664,2643,2316,3795,3685,5888,7237,8176,11083,11874,8620,10508,2709,4756,309,297,535,841,628,1313,996,2085,1849,2375,2228,1883,4620,5449,2482,4323,45885,28983,8839,3216,32310,14,0
2021-04-15T23:59:59+02:00,895,1063,1538,2555,2038,3643,3154,5560,6228,7212,10826,11540,8520,10385,2690,4733,309,297,534,840,626,1312,995,2082,1614,2233,2075,1753,4434,5240,2428,4220,42089,28938,8836,2045,31655,9,0
2021-04-14T23:59:59+02:00,880,1034,1493,2519,1950,3562,2984,5425,6134,7101,10663,11333,8438,10285,2678,4719,289,287,500,813,555,1253,789,1939,1394,2110,2009,1679,4303,5078,2414,4192,40714,27550,8832,2045,31652,9,0
2021-04-13T23:59:59+02:00,876,1028,1481,2516,1927,3543,2952,5391,5613,6525,10363,10994,8407,10251,2677,4718,289,285,500,812,555,1253,789,1939,1394,2109,2006,1678,4303,5078,2414,4189,40707,27548,6906,2036,31649,9,0
2021-04-12T23:59:59+02:00,876,1027,1480,2514,1927,3543,2951,5390,5612,6525,10362,10994,8407,10251,2677,4718,289,284,500,812,553,1253,787,1938,1393,2109,2006,1678,4303,5077,2414,4189,40703,27542,6904,2034,31647,9,0
2021-04-11T23:59:59+02:00,876,1027,1479,2514,1926,3542,2950,5390,5612,6525,10361,10993,8407,10251,2677,4718,289,284,499,812,552,1253,786,1938,1391,2109,2006,1678,4303,5077,2414,4189,40700,27537,6903,2034,31645,9,0
2021-04-10T23:59:59+02:00,874,1024,1476,2510,1909,3530,2882,5324,5484,6427,10131,10776,8355,10201,2673,4717,289,283,499,811,552,1253,785,1938,1391,2109,2002,1674,4298,5068,2413,4186,40131,27508,6903,2034,31259,9,0
2021-04-09T23:59:59+02:00,836,991,1380,2454,1805,3471,2753,5270,5345,6362,7753,7950,8292,10107,2663,4699,288,283,495,810,549,1251,782,1938,1389,2105,1982,1652,4276,5050,2410,4181,34659,27400,6902,2034,30570,7,0
2021-04-08T23:59:59+02:00,835,989,1376,2451,1803,3468,2744,5261,5334,6349,6965,7036,8250,10057,2660,4695,287,282,495,809,549,1250,781,1938,1387,2104,1980,1652,4275,5047,2410,4181,32809,27387,6902,2033,30562,7,0
2021-04-07T23:59:59+02:00,783,966,1300,2379,1716,3400,2551,5154,4594,5866,6299,6396,8192,9996,2654,4689,287,282,495,809,549,1247,781,1938,1387,2104,1980,1652,4275,5047,2410,4181,32805,27386,6901,2032,27229,6,0
2021-04-06T23:59:59+02:00,750,959,1281,2344,1692,3359,2521,5108,4520,5790,5937,6039,8171,9972,2649,4683,287,281,495,808,549,1247,781,1938,1386,2104,1980,1651,4275,5047,2410,4181,32801,27384,6901,2030,26073,6,0
2021-04-05T23:59:59+02:00,746,928,1240,2220,1620,3194,2402,4838,4360,5518,5630,5734,8154,9946,2647,4679,287,281,495,807,549,1247,781,1938,1386,2104,1980,1651,4275,5047,2410,4181,32800,27383,6901,2030,24155,6,0
2021-04-04T23:59:59+02:00,725,903,1149,2004,1486,2928,2188,4404,4010,5019,5386,5511,8122,9892,2646,4671,287,281,494,806,547,1246,780,1937,1313,2067,1617,1377,4118,4866,2366,4116,32796,26183,6901,2030,21347,5,0
2021-04-03T23:59:59+02:00,725,903,1148,2003,1485,2928,2187,4404,4010,5019,5386,5510,8122,9892,2646,4671,287,281,494,806,547,1246,780,1937,1313,2067,1617,1377,4118,4866,2366,4116,32792,26183,6901,2030,21346,5,0
2021-04-02T23:59:59+02:00,725,902,1148,2003,1485,2928,2187,4404,4009,5019,5386,5509,8121,9891,2645,4669,287,281,494,806,547,1246,780,1937,1312,2067,1617,1377,4118,4866,2366,4116,32791,26182,6901,2030,21339,5,0
2021-04-01T23:59:59+02:00,720,900,1145,1997,1477,2920,2173,4386,3918,4934,4893,4910,7417,8997,2643,4664,287,279,493,803,547,1245,777,1935,1274,2039,1469,1282,4019,4765,2355,4103,29889,25643,6875,2024,21330,5,0
2021-03-31T23:59:59+02:00,720,899,1143,1996,1473,2915,2169,4385,3900,4923,4721,4693,6652,8063,2633,4642,286,278,493,803,543,1242,772,1928,1169,1962,1078,1019,3615,4310,2249,3929,29771,23711,4853,1961,21303,4,0
2021-03-30T23:59:59+02:00,720,899,1142,1993,1461,2906,2160,4376,3856,4897,4522,4512,6403,7766,2624,4626,286,277,493,801,543,1242,772,1927,1169,1962,1078,1019,3615,4310,2248,3929,29768,23707,4848,1961,20247,3,0
2021-03-29T23:59:59+02:00,719,897,1142,1993,1460,2906,2160,4376,3853,4895,4519,4510,6400,7757,2622,4608,286,276,493,801,543,1242,771,1926,1169,1962,1078,1018,3615,4310,2248,3929,29762,23703,4843,1961,20212,3,0
2021-03-28T23:59:59+02:00,719,897,1142,1990,1458,2904,2159,4373,3852,4895,4518,4510,6397,7753,2622,4607,285,276,491,801,543,1242,770,1926,1169,1962,1078,1017,3615,4310,2248,3929,29760,23699,4838,1960,20198,3,0
2021-03-27T23:59:59+01:00,715,892,1138,1982,1450,2894,2140,4357,3810,4869,4469,4453,6352,7694,2615,4593,281,271,477,791,532,1230,722,1890,1009,1870,818,827,3476,4159,2087,3617,29409,22734,4838,1320,20176,3,0
2021-03-26T23:59:59+01:00,715,892,1137,1981,1447,2893,2137,4357,3805,4866,4457,4431,6342,7668,2608,4579,280,271,477,790,530,1230,720,1890,1002,1862,681,732,2499,3007,1917,3404,29349,19969,4837,1320,20129,3,0
2021-03-25T23:59:59+01:00,714,891,1137,1981,1446,2890,2133,4351,3800,4862,4448,4420,6327,7636,2587,4525,280,271,477,790,529,1228,719,1890,1001,1861,660,725,1322,1563,1636,3044,29335,16673,4832,1320,19981,3,0
2021-03-24T23:59:59+01:00,692,880,1099,1951,1375,2830,1927,4203,3576,4736,4388,4360,6192,7468,2573,4493,280,271,477,790,526,1228,718,1890,1000,1861,660,725,1322,1562,1636,3042,27958,16666,4830,1319,19955,3,0
2021-03-23T23:59:59+01:00,692,878,1097,1950,1375,2830,1927,4203,3575,4733,4388,4360,6191,7468,2573,4492,280,271,477,790,526,1228,718,1890,1000,1861,660,725,1322,1562,1636,3042,27954,16666,4827,1319,19951,3,0
2021-03-22T23:59:59+01:00,692,876,1095,1946,1372,2830,1925,4203,3574,4733,4388,4359,6191,7467,2573,4492,280,271,477,790,526,1227,717,1890,1000,1860,660,725,1322,1562,1636,3042,27950,16663,4826,1319,19940,3,0
2021-03-21T23:59:59+01:00,692,876,1094,1944,1372,2828,1924,4202,3573,4732,4388,4359,6190,7467,2573,4492,280,271,477,790,526,1227,717,1890,1000,1860,660,724,1322,1562,1636,3042,27947,16662,4825,1319,19934,3,0
2021-03-20T23:59:59+01:00,690,874,1092,1942,1366,2825,1907,4195,3542,4713,4170,4084,5673,6860,2563,4459,275,269,472,784,509,1217,696,1873,962,1831,590,646,1090,1303,1286,2495,27866,14976,4727,1319,18362,3,0
2021-03-19T23:59:59+01:00,682,868,1077,1922,1332,2788,1827,4139,3322,4553,4022,3978,5498,6618,2514,4374,275,269,472,784,509,1217,696,1872,961,1831,590,646,1090,1302,1285,2494,27864,14971,3296,1319,18354,3,0
2021-03-18T23:59:59+01:00,682,867,1076,1921,1331,2786,1827,4136,3092,4410,3869,3849,5320,6415,2462,4272,275,268,471,784,509,1215,696,1871,960,1830,588,643,852,1047,1175,2327,27852,14191,2111,1318,18352,2,0
2021-03-17T23:59:59+01:00,682,867,1075,1921,1331,2785,1827,4136,3092,4410,3869,3847,5319,6415,2462,4272,275,268,471,784,509,1215,696,1871,959,1830,587,643,852,1047,1175,2327,27850,14189,2111,1318,18349,2,0
2021-03-16T23:59:59+01:00,681,867,1075,1917,1330,2785,1825,4136,3092,4408,3868,3846,5319,6415,2461,4271,273,264,457,779,500,1203,680,1857,943,1820,585,642,850,1046,1174,2326,27843,14079,2107,1318,18346,2,0
2021-03-15T23:59:59+01:00,681,866,1073,1916,1327,2785,1821,4135,3091,4408,3868,3845,5318,6415,2461,4271,273,264,457,779,500,1203,680,1857,942,1819,585,642,850,1046,1174,2326,27838,14077,2105,1318,18338,2,0
2021-03-14T23:59:59+01:00,680,864,1070,1913,1324,2782,1819,4133,3086,4407,3868,3845,5318,6415,2461,4271,273,264,457,779,500,1203,680,1857,942,1818,585,642,849,1046,1174,2326,27834,14075,2105,1318,18317,2,0
2021-03-13T23:59:59+01:00,678,859,1063,1907,1315,2775,1814,4125,2973,4329,3400,3442,5114,6182,2416,4208,273,264,457,779,500,1203,679,1857,940,1817,561,626,548,751,755,1753,26571,12443,2105,1318,17924,2,0
2021-03-12T23:59:59+01:00,648,772,1040,1794,1294,2584,1782,3859,2929,4161,2260,2001,4754,5636,2413,4199,273,264,457,779,500,1203,678,1857,939,1817,561,625,548,751,755,1752,26559,12440,2105,1318,13462,1,0
2021-03-11T23:59:59+01:00,638,727,1032,1692,1286,2425,1770,3645,2883,4022,1696,1472,4268,5094,2403,4190,271,264,457,779,500,1203,678,1856,939,1814,561,625,546,750,675,1607,26009,12439,2093,1086,11141,0,0
2021-03-10T23:59:59+01:00,633,715,1022,1670,1277,2404,1757,3619,2774,3939,1306,1204,3860,4625,2309,4033,271,264,456,777,499,1203,678,1856,937,1814,561,625,544,748,675,1607,24030,12432,2092,1083,11025,0,0
2021-03-09T23:59:59+01:00,632,710,1014,1653,1266,2391,1754,3608,2767,3934,1302,1203,3860,4624,2308,4033,271,264,456,777,499,1203,678,1856,937,1814,561,625,544,748,675,1607,24027,12432,2091,1083,10941,0,0
2021-03-08T23:59:59+01:00,628,681,1003,1628,1251,2358,1746,3575,2746,3919,1301,1201,3860,4624,2308,4033,271,264,456,777,499,1203,678,1856,937,1814,561,625,543,748,675,1607,24023,12431,2090,1083,10749,0,0
2021-03-07T23:59:59+01:00,628,678,999,1624,1251,2355,1745,3572,2746,3917,1301,1201,3860,4624,2308,4033,271,264,456,777,498,1203,678,1856,937,1814,561,625,543,748,675,1607,24020,12430,2090,1083,10732,0,0
2021-03-06T23:59:59+01:00,592,631,880,1523,1010,2165,1327,3190,2325,3581,1020,982,3560,4247,2288,4016,271,264,456,777,496,1203,678,1856,937,1813,561,624,541,744,586,1435,23022,12427,2087,815,8228,0,0
2021-03-05T23:59:59+01:00,589,631,876,1520,1010,2164,1324,3187,2318,3576,876,885,2566,3055,2117,3784,269,264,451,765,492,1198,670,1839,923,1798,557,620,484,685,288,931,20182,12229,2077,5,8219,0,0
2021-03-04T23:59:59+01:00,571,588,839,1392,972,2010,1275,2984,2276,3478,861,876,1386,1620,1830,3420,269,264,450,765,492,1198,670,1839,923,1798,556,619,484,684,288,931,16891,12225,2076,5,7411,0,0
2021-03-03T23:59:59+01:00,565,555,816,1327,951,1948,1260,2940,2266,3434,861,875,1386,1620,1830,3420,269,264,450,765,492,1198,670,1839,923,1798,556,619,484,684,288,931,16890,12225,2076,5,7088,0,0
2021-03-02T23:59:59+01:00,564,553,813,1326,951,1948,1259,2939,2266,3434,861,875,1386,1620,1830,3420,269,264,450,765,492,1198,670,1839,923,1797,556,619,484,684,288,931,16889,12224,2076,5,7080,0,0
2021-03-01T23:59:59+01:00,564,551,812,1326,951,1948,1259,2939,2266,3433,861,874,1386,1619,1830,3420,269,264,450,765,492,1198,669,1838,923,1797,556,619,484,684,288,931,16887,12222,2075,5,7077,0,0
2021-02-28T23:59:59+01:00,563,549,812,1326,950,1948,1259,2939,2264,3432,861,873,1386,1619,1830,3420,269,264,450,765,492,1198,669,1837,923,1797,556,619,484,684,288,931,16884,12221,2075,5,7072,0,0
2021-02-27T23:59:59+01:00,558,547,801,1316,929,1937,1220,2911,2187,3382,741,757,1117,1329,1323,2547,268,264,450,765,491,1198,667,1836,922,1795,555,616,483,682,288,927,15164,12205,1368,2,7070,0,0
2021-02-26T23:59:59+01:00,548,526,772,1252,900,1824,1181,2753,1867,2961,700,729,1117,1329,1322,2546,268,264,450,765,491,1198,667,1836,922,1795,555,616,483,682,288,926,15159,12204,1368,2,5800,0,0
2021-02-25T23:59:59+01:00,514,484,710,1134,793,1631,1027,2453,1368,2413,649,684,869,1066,1213,2376,267,263,449,765,491,1197,666,1835,922,1794,555,616,483,682,288,926,14358,12199,1368,0,3658,0,0
2021-02-24T23:59:59+01:00,513,483,710,1133,792,1631,1027,2452,1368,2412,649,684,869,1066,1213,2376,267,263,449,765,491,1197,666,1835,922,1794,555,616,483,682,288,926,14358,12199,1367,0,3653,0,0
2021-02-23T23:59:59+01:00,511,479,695,1125,783,1620,1010,2438,1352,2402,647,683,867,1065,1212,2375,267,262,449,764,491,1197,666,1834,922,1794,555,616,483,682,288,926,14248,12196,1367,0,3649,0,0
2021-02-22T23:59:59+01:00,511,479,695,1125,781,1620,1010,2438,1351,2401,647,682,867,1065,1212,2375,267,262,449,764,491,1197,666,1834,922,1793,555,616,483,682,288,926,14246,12195,1367,0,3646,0,0
2021-02-21T23:59:59+01:00,511,479,695,1125,780,1620,1009,2438,1351,2400,646,682,866,1065,1212,2375,267,262,449,764,491,1197,666,1834,922,1793,555,616,483,682,288,926,14244,12195,1367,0,3643,0,0
2021-02-20T23:59:59+01:00,495,477,683,1119,760,1615,996,2436,1324,2380,619,663,557,764,785,1791,266,261,444,762,486,1191,661,1823,916,1791,552,613,478,682,284,921,12580,12131,1366,0,3518,0,0
2021-02-19T23:59:59+01:00,397,391,579,993,642,1461,855,2265,1085,2143,572,639,557,764,785,1791,263,261,440,760,484,1182,658,1807,909,1771,548,607,473,675,281,913,12579,12032,1366,0,1974,0,0
2021-02-18T23:59:59+01:00,274,267,465,790,503,1214,694,1870,949,1832,569,633,556,764,785,1791,262,260,438,757,482,1178,657,1793,905,1760,542,602,466,668,276,902,12578,11948,1366,0,12,0,0
2021-02-17T23:59:59+01:00,274,267,464,790,503,1214,693,1870,948,1832,568,633,556,763,785,1791,261,260,437,754,480,1176,654,1785,902,1753,537,597,457,646,265,883,12576,11847,1366,0,9,0,0
2021-02-16T23:59:59+01:00,274,267,462,789,502,1214,693,1870,948,1832,568,633,556,763,785,1791,250,256,431,738,468,1144,647,1710,877,1674,518,568,425,603,248,818,12576,11375,1366,0,5,0,0
2021-02-15T23:59:59+01:00,274,267,461,789,502,1213,691,1870,948,1832,568,633,556,763,785,1791,246,252,428,730,462,1119,631,1659,852,1620,497,534,407,559,236,755,12575,10987,1366,0,2,0,0
2021-02-14T23:59:59+01:00,274,267,461,789,501,1213,691,1870,948,1832,568,633,556,763,785,1791,246,252,428,730,462,1119,631,1653,850,1611,487,529,403,556,228,747,12574,10932,1366,0,2,0,0
2021-02-13T23:59:59+01:00,272,267,461,789,501,1213,691,1869,948,1832,568,633,556,763,785,1791,244,250,428,726,455,1107,622,1632,830,1578,468,504,389,531,215,711,12572,10690,1366,0,1,0,0
2021-02-12T23:59:59+01:00,272,267,461,788,501,1213,691,1868,944,1829,568,631,507,717,771,1787,227,242,408,692,434,1020,587,1470,743,1339,385,385,314,419,159,534,12448,9358,1366,0,1,0,0
2021-02-11T23:59:59+01:00,270,267,460,788,501,1213,691,1866,944,1826,567,630,504,714,688,1639,205,230,396,661,414,973,553,1376,697,1229,351,337,275,356,132,448,12436,8633,1131,0,1,0,0
2021-02-10T23:59:59+01:00,270,267,460,787,501,1213,690,1866,943,1826,566,630,504,713,687,1637,202,226,395,655,410,959,550,1356,685,1194,335,314,253,316,115,386,12429,8351,1131,0,0,0,0
2021-02-09T23:59:59+01:00,270,267,460,787,501,1213,689,1866,943,1824,566,630,504,713,687,1637,193,213,384,620,391,892,507,1263,632,1064,261,223,178,205,74,238,12426,7338,1131,0,0,0,0
2021-02-08T23:59:59+01:00,270,267,458,787,501,1213,689,1866,943,1824,566,630,504,713,687,1637,190,207,380,606,382,867,486,1213,605,994,230,182,143,155,60,184,12425,6884,1130,0,0,0,0
2021-02-07T23:59:59+01:00,270,267,458,787,501,1213,689,1866,943,1823,566,630,504,713,687,1636,189,207,379,602,380,862,481,1203,601,980,224,175,133,137,54,168,12423,6775,1130,0,0,0,0
2021-02-06T23:59:59+01:00,270,267,458,787,501,1213,689,1866,943,1823,566,630,502,708,597,1464,189,207,379,602,380,862,481,1203,601,980,224,175,133,137,54,168,12423,6775,861,0,0,0,0
2021-02-05T23:59:59+01:00,270,267,456,786,499,1211,686,1865,940,1820,562,626,495,693,291,945,183,198,362,571,367,822,461,1162,583,949,203,158,109,124,49,165,12408,6466,4,0,0,0,0
2021-02-04T23:59:59+01:00,270,266,455,780,496,1210,685,1860,935,1820,561,625,494,692,291,945,168,162,294,435,301,667,381,938,509,810,192,153,101,118,42,153,12381,5424,4,0,0,0,0
2021-02-03T23:59:59+01:00,269,266,455,778,496,1209,684,1859,935,1820,561,625,494,692,291,945,163,155,249,354,252,580,322,840,458,723,185,149,98,116,41,152,12375,4837,4,0,0,0,0
2021-02-02T23:59:59+01:00,269,265,455,775,496,1209,684,1856,935,1818,561,625,494,692,291,945,156,140,190,290,195,492,245,726,376,640,175,145,96,115,41,151,12366,4173,4,0,0,0,0
2021-02-01T23:59:59+01:00,269,265,453,774,495,1208,683,1852,932,1812,561,625,493,692,291,945,149,134,152,254,167,433,200,648,319,567,169,134,88,105,36,144,12346,3699,4,0,0,0,0
2021-01-31T23:59:59+01:00,269,265,453,774,495,1208,683,1852,932,1812,561,625,493,692,291,945,149,134,152,253,167,432,199,648,319,567,169,134,88,105,36,144,12346,3696,4,0,0,0,0
2021-01-30T23:59:59+01:00,269,265,453,774,495,1208,683,1852,928,1812,560,625,491,692,288,945,136,122,135,235,156,404,188,607,301,520,147,123,77,78,29,110,12336,3368,4,0,0,0,0
2021-01-29T23:59:59+01:00,266,265,449,771,493,1199,680,1835,921,1792,556,619,486,686,285,937,88,68,93,154,115,246,145,440,211,377,109,82,58,67,24,99,12236,2376,4,0,0,0,0
2021-01-28T23:59:59+01:00,266,265,448,771,492,1199,680,1835,921,1790,556,619,486,686,285,937,10,7,13,23,24,46,22,94,49,105,34,32,31,48,18,91,12233,647,3,0,0,0,0
2021-01-27T23:59:59+01:00,265,265,448,771,492,1199,680,1835,919,1790,556,619,486,686,285,937,10,7,13,23,23,46,22,92,48,105,34,32,31,48,18,91,12232,643,1,0,0,0,0
2021-01-26T23:59:59+01:00,265,265,448,770,492,1198,680,1835,919,1789,556,619,486,686,285,937,10,7,13,23,23,46,22,92,48,105,34,32,31,48,18,91,12229,643,1,0,0,0,0
2021-01-25T23:59:59+01:00,265,264,446,770,492,1197,680,1832,919,1788,556,619,485,684,285,937,6,1,5,13,11,21,13,39,22,46,17,16,10,15,6,19,12219,260,0,0,0,0,0
2021-01-24T23:59:59+01:00,265,264,446,770,491,1197,680,1831,919,1787,556,619,485,684,285,937,6,1,5,13,11,21,13,39,22,46,17,16,10,15,6,19,12216,260,0,0,0,0,0
2021-01-23T23:59:59+01:00,265,264,446,770,491,1196,680,1831,919,1787,556,619,485,684,285,937,6,1,5,13,11,21,13,39,22,46,17,16,10,15,6,19,12215,260,0,0,0,0,0
2021-01-22T23:59:59+01:00,263,262,446,770,490,1195,680,1830,919,1787,556,619,485,684,267,893,6,1,5,13,11,21,13,39,22,46,17,16,10,15,6,19,12146,260,0,0,0,0,0
2021-01-21T23:59:59+01:00,260,258,444,761,487,1187,677,1809,910,1770,548,611,466,659,256,857,6,1,5,13,11,21,13,39,22,46,17,16,10,15,6,19,11960,260,0,0,0,0,0
2021-01-20T23:59:59+01:00,259,256,440,756,485,1185,674,1801,907,1765,542,606,459,640,248,840,6,1,5,13,11,21,13,39,22,46,17,16,10,15,6,19,11863,260,0,0,0,0,0
2021-01-19T23:59:59+01:00,254,256,438,748,479,1170,671,1770,896,1724,530,589,448,624,236,805,6,1,5,13,11,21,13,39,22,46,17,16,10,15,6,19,11638,260,0,0,0,0,0
2021-01-18T23:59:59+01:00,250,252,435,737,474,1149,654,1733,870,1676,511,556,433,586,224,748,6,1,5,12,11,21,13,39,22,46,17,16,10,15,6,19,11288,259,0,0,0,0,0
2021-01-17T23:59:59+01:00,250,251,434,737,474,1148,651,1726,864,1664,495,545,418,564,209,723,6,1,4,12,11,21,13,39,22,46,17,15,10,15,6,19,11153,257,0,0,0,0,0
2021-01-16T23:59:59+01:00,242,243,430,717,461,1113,626,1638,817,1515,453,463,389,511,188,668,0,0,0,0,0,0,0,0,0,0,0,0,0,0,0,0,10474,0,0,0,0,0,0
2021-01-15T23:59:59+01:00,233,236,422,697,447,1062,606,1538,778,1401,404,406,338,443,170,562,0,0,0,0,0,0,0,0,0,0,0,0,0,0,0,0,9743,0,0,0,0,0,0
2021-01-14T23:59:59+01:00,210,223,404,655,425,1000,563,1421,711,1248,349,332,289,350,129,445,0,0,0,0,0,0,0,0,0,0,0,0,0,0,0,0,8754,0,0,0,0,0,0
2021-01-13T23:59:59+01:00,208,221,403,648,420,981,559,1399,697,1213,331,308,264,310,112,384,0,0,0,0,0,0,0,0,0,0,0,0,0,0,0,0,8458,0,0,0,0,0,0
2021-01-12T23:59:59+01:00,191,210,388,608,389,886,497,1245,618,1024,236,192,159,161,62,192,0,0,0,0,0,0,0,0,0,0,0,0,0,0,0,0,7058,0,0,0,0,0,0
2021-01-11T23:59:59+01:00,187,204,384,596,376,859,478,1198,598,970,216,163,127,117,45,144,0,0,0,0,0,0,0,0,0,0,0,0,0,0,0,0,6662,0,0,0,0,0,0
2021-01-10T23:59:59+01:00,186,200,373,582,372,846,469,1178,586,951,212,163,124,117,43,142,0,0,0,0,0,0,0,0,0,0,0,0,0,0,0,0,6544,0,0,0,0,0,0
2021-01-09T23:59:59+01:00,166,168,327,502,331,728,408,998,498,802,148,107,72,73,29,105,0,0,0,0,0,0,0,0,0,0,0,0,0,0,0,0,5462,0,0,0,0,0,0
2021-01-08T23:59:59+01:00,98,78,231,351,244,435,294,666,340,509,80,66,48,58,22,93,0,0,0,0,0,0,0,0,0,0,0,0,0,0,0,0,3613,0,0,0,0,0,0
2021-01-07T23:59:59+01:00,12,11,54,97,72,124,94,192,122,179,41,34,32,50,19,93,0,0,0,0,0,0,0,0,0,0,0,0,0,0,0,0,1226,0,0,0,0,0,0
2021-01-06T23:59:59+01:00,8,4,9,23,17,46,23,91,53,109,35,32,32,50,19,93,0,0,0,0,0,0,0,0,0,0,0,0,0,0,0,0,644,0,0,0,0,0,0
2021-01-05T23:59:59+01:00,8,4,9,23,17,46,22,91,51,109,35,32,32,50,19,93,0,0,0,0,0,0,0,0,0,0,0,0,0,0,0,0,641,0,0,0,0,0,0
2021-01-04T23:59:59+01:00,6,1,5,13,11,23,14,41,23,48,18,16,11,15,6,20,0,0,0,0,0,0,0,0,0,0,0,0,0,0,0,0,271,0,0,0,0,0,0
2021-01-03T23:59:59+01:00,6,1,5,13,11,23,14,41,23,48,18,16,11,15,6,20,0,0,0,0,0,0,0,0,0,0,0,0,0,0,0,0,271,0,0,0,0,0,0
2021-01-02T23:59:59+01:00,6,1,5,13,11,23,14,41,23,48,18,16,11,15,6,20,0,0,0,0,0,0,0,0,0,0,0,0,0,0,0,0,271,0,0,0,0,0,0
2021-01-01T23:59:59+01:00,6,1,5,13,11,23,14,41,23,48,18,16,11,15,6,20,0,0,0,0,0,0,0,0,0,0,0,0,0,0,0,0,271,0,0,0,0,0,0
2020-12-31T23:59:59+01:00,6,1,5,13,11,23,14,41,23,48,18,16,11,15,6,20,0,0,0,0,0,0,0,0,0,0,0,0,0,0,0,0,271,0,0,0,0,0,0
2020-12-30T23:59:59+01:00,6,1,5,13,11,23,14,41,23,48,18,16,11,15,6,20,0,0,0,0,0,0,0,0,0,0,0,0,0,0,0,0,271,0,0,0,0,0,0
2020-12-29T23:59:59+01:00,6,1,5,13,11,23,14,41,23,48,18,16,11,15,6,20,0,0,0,0,0,0,0,0,0,0,0,0,0,0,0,0,271,0,0,0,0,0,0
2020-12-28T23:59:59+01:00,6,1,5,13,11,23,14,41,23,48,18,16,11,15,6,20,0,0,0,0,0,0,0,0,0,0,0,0,0,0,0,0,271,0,0,0,0,0,0
2020-12-27T23:59:59+01:00,6,1,4,12,11,23,14,41,23,48,18,15,11,15,6,20,0,0,0,0,0,0,0,0,0,0,0,0,0,0,0,0,268,0,0,0,0,0,0
