Datum,<15_m,<15_w,15-24_1_m,15-24_1_w,25-34_1_m,25-34_1_w,35-44_1_m,35-44_1_w,45-54_1_m,45-54_1_w,55-64_1_m,55-64_1_w,65-74_1_m,65-74_1_w,75-84_1_m,75-84_1_w,>84_1_m,>84_1_w,<24_2_m,<24_2_w,25-34_2_m,25-34_2_w,35-44_2_m,35-44_2_w,45-54_2_m,45-54_2_w,55-64_2_m,55-64_2_w,65-74_2_m,65-74_2_w,75-84_2_m,75-84_2_w,>84_2_m,>84_2_w,bp_1,bp_2,mo_1,mo_2,az_1,az_2,ja,unb_1,unb_2
2021-08-18T23:59:59+02:00,1293,1195,12253,11427,15328,13848,17292,17056,20612,20625,22195,21179,14359,15501,9876,12085,2925,5133,11181,10409,14560,13037,16672,16288,20178,20073,21818,20735,14143,15273,9747,11925,2885,5066,167420,161193,22407,21320,35537,34602,8815,3,3
2021-08-17T23:59:59+02:00,1285,1191,12223,11409,15301,13825,17274,17035,20597,20615,22187,21165,14353,15497,9868,12082,2924,5133,11099,10350,14519,12989,16638,16250,20151,20050,21800,20716,14137,15265,9741,11920,2883,5066,167296,160851,22407,21317,35537,34602,8721,3,3
2021-08-16T23:59:59+02:00,1282,1186,12200,11387,15283,13803,17257,17020,20574,20591,22169,21156,14343,15487,9866,12079,2922,5132,11030,10282,14458,12928,16599,16212,20115,20015,21776,20696,14121,15252,9737,11908,2879,5063,167242,160484,22407,21316,35537,34602,8548,3,3
2021-08-15T23:59:59+02:00,1281,1186,12197,11386,15281,13802,17256,17018,20572,20590,22167,21154,14343,15487,9866,12079,2922,5131,11028,10274,14447,12924,16596,16211,20112,20015,21776,20696,14120,15252,9737,11908,2879,5063,167224,160452,22407,21315,35537,34602,8547,3,3
2021-08-14T23:59:59+02:00,1281,1186,12197,11386,15281,13802,17256,17018,20572,20590,22167,21154,14343,15487,9866,12079,2922,5131,10994,10239,14422,12901,16580,16194,20106,20006,21771,20692,14120,15252,9737,11908,2878,5063,167224,160260,22407,21315,35537,34602,8547,3,3
2021-08-13T23:59:59+02:00,1213,1112,12105,11281,15245,13758,17224,16973,20543,20565,22144,21131,14335,15476,9859,12072,2921,5129,10922,10180,14381,12844,16539,16158,20089,19985,21752,20678,14114,15239,9733,11900,2877,5062,166680,159906,22407,21315,35537,34602,8459,3,3
2021-08-12T23:59:59+02:00,1210,1107,12083,11270,15217,13739,17199,16943,20520,20550,22121,21107,14324,15464,9851,12064,2921,5126,10847,10111,14324,12782,16488,16112,20060,19964,21721,20648,14102,15224,9723,11888,2875,5058,166598,159541,22406,21314,35537,34602,8272,3,3
2021-08-11T23:59:59+02:00,1198,1100,12059,11245,15202,13729,17184,16932,20512,20540,22115,21098,14316,15459,9843,12059,2920,5124,10740,10005,14243,12698,16455,16069,20027,19935,21698,20636,14089,15209,9713,11876,2873,5054,166418,158870,22405,21310,35537,34601,8272,3,3
2021-08-10T23:59:59+02:00,1198,1088,12032,11228,15177,13716,17165,16918,20495,20526,22099,21086,14305,15454,9841,12055,2920,5122,10686,9953,14196,12669,16419,16046,20002,19912,21675,20614,14076,15197,9710,11873,2873,5050,166337,158608,22405,21310,35537,34601,8143,3,3
2021-08-09T23:59:59+02:00,1194,1081,12002,11198,15159,13698,17151,16898,20483,20517,22080,21076,14294,15450,9837,12049,2920,5120,10634,9894,14154,12635,16388,16015,19985,19896,21657,20606,14063,15189,9702,11866,2873,5045,166221,158339,22405,21310,35537,34601,8041,3,3
2021-08-08T23:59:59+02:00,1191,1080,11998,11193,15156,13697,17147,16896,20480,20514,22078,21075,14294,15448,9836,12048,2920,5120,10630,9894,14153,12630,16386,16013,19984,19895,21656,20606,14061,15189,9702,11866,2873,5045,166185,158321,22405,21309,35537,34601,8041,3,3
2021-08-07T23:59:59+02:00,1191,1080,11996,11191,15154,13694,17146,16894,20479,20512,22077,21075,14294,15447,9836,12047,2920,5120,10629,9892,14152,12629,16386,16013,19984,19894,21656,20603,14060,15189,9702,11866,2873,5045,166167,158311,22405,21309,35537,34601,8041,3,3
2021-08-06T23:59:59+02:00,1189,1078,11978,11180,15126,13681,17122,16879,20459,20494,22066,21066,14291,15443,9834,12043,2920,5120,10611,9881,14119,12616,16362,15998,19964,19879,21645,20594,14057,15185,9700,11862,2873,5045,166154,158302,22405,21308,35537,34600,7870,3,3
2021-08-05T23:59:59+02:00,1180,1070,11935,11149,15092,13659,17096,16845,20429,20474,22036,21048,14278,15426,9829,12035,2916,5119,10584,9868,14091,12596,16343,15978,19935,19865,21621,20580,14046,15174,9695,11857,2871,5044,166016,158277,22405,21306,35537,34599,7655,3,3
2021-08-04T23:59:59+02:00,1167,1061,11906,11119,15080,13644,17082,16832,20418,20462,22026,21035,14271,15421,9825,12033,2915,5118,10575,9851,14077,12587,16330,15971,19925,19856,21615,20578,14044,15173,9694,11857,2870,5043,165817,158204,22404,21276,35536,34599,7655,3,3
2021-08-03T23:59:59+02:00,1161,1055,11863,11085,15045,13619,17057,16802,20397,20443,22006,21013,14258,15403,9821,12030,2914,5117,10538,9830,14046,12571,16310,15951,19908,19844,21598,20565,14036,15155,9690,11855,2870,5043,165687,158162,22404,21274,35536,34597,7459,3,3
2021-08-02T23:59:59+02:00,1158,1053,11846,11067,15025,13600,17042,16782,20381,20433,21999,21003,14247,15392,9815,12028,2914,5115,10518,9815,14027,12550,16296,15933,19891,19837,21592,20554,14026,15143,9684,11853,2870,5041,165640,158123,22404,21274,35536,34597,7317,3,3
2021-08-01T23:59:59+02:00,1158,1053,11844,11063,15025,13600,17041,16781,20381,20432,21997,21003,14247,15391,9815,12028,2914,5114,10516,9814,14023,12549,16294,15933,19891,19836,21591,20554,14026,15143,9684,11853,2870,5041,165629,158114,22403,21273,35536,34596,7316,3,3
2021-07-31T23:59:59+02:00,1158,1053,11844,11063,15025,13600,17041,16781,20381,20432,21997,21003,14247,15391,9815,12028,2914,5114,10516,9813,14020,12547,16293,15933,19891,19834,21590,20554,14026,15143,9684,11853,2870,5041,165629,158105,22403,21272,35536,34596,7316,3,3
2021-07-30T23:59:59+02:00,1157,1053,11810,11051,14991,13577,17006,16753,20354,20413,21960,20984,14230,15383,9809,12020,2913,5113,10483,9801,13986,12524,16259,15906,19864,19815,21553,20534,14009,15135,9678,11845,2869,5040,165624,158102,22403,21272,35536,34595,7011,3,3
2021-07-29T23:59:59+02:00,1148,1045,11779,11022,14968,13553,16996,16740,20346,20402,21951,20978,14227,15382,9806,12018,2910,5112,10478,9792,13968,12519,16248,15901,19862,19813,21549,20533,14007,15133,9678,11845,2869,5040,165435,158040,22403,21270,35536,34595,7006,3,3
2021-07-28T23:59:59+02:00,1133,1039,11744,10976,14942,13524,16979,16722,20338,20389,21942,20971,14223,15380,9804,12016,2909,5111,10467,9783,13951,12504,16239,15892,19856,19809,21546,20531,14006,15131,9678,11844,2869,5040,165217,157974,22402,21269,35536,34593,6984,3,3
2021-07-27T23:59:59+02:00,1130,1038,11724,10960,14918,13505,16960,16713,20325,20371,21925,20952,14215,15367,9797,12012,2908,5109,10446,9771,13924,12480,16222,15884,19842,19791,21530,20511,13997,15119,9671,11840,2868,5039,165192,157950,22402,21269,35536,34593,6796,3,3
2021-07-26T23:59:59+02:00,1124,1026,11668,10902,14874,13468,16935,16691,20291,20340,21896,20936,14198,15359,9790,12004,2908,5108,10408,9745,13893,12452,16197,15868,19806,19757,21481,20482,13980,15109,9663,11831,2868,5038,165022,157892,22401,21268,35536,34533,6556,3,3
2021-07-25T23:59:59+02:00,1123,1026,11666,10899,14869,13467,16933,16690,20290,20340,21896,20936,14198,15359,9790,12004,2908,5108,10407,9733,13889,12448,16195,15867,19805,19757,21481,20482,13980,15109,9663,11831,2868,5037,165008,157869,22399,21265,35536,34533,6556,3,3
2021-07-24T23:59:59+02:00,1123,1026,11662,10897,14868,13466,16933,16689,20288,20339,21896,20935,14197,15359,9790,12004,2908,5108,10285,9620,13721,12306,15773,15502,19656,19635,21463,20456,13966,15094,9656,11823,2868,5036,165002,157847,22393,19597,35536,34533,6554,3,3
2021-07-23T23:59:59+02:00,1099,1013,11549,10827,14789,13410,16880,16635,20247,20287,21858,20897,14181,15339,9780,11996,2906,5107,8530,8238,12338,11201,15285,15070,19368,19313,21250,20263,13888,15010,9599,11774,2863,5032,164593,150201,22393,19597,35536,34476,6275,3,3
2021-07-22T23:59:59+02:00,1077,1006,11481,10756,14734,13362,16844,16609,20229,20258,21844,20873,14166,15326,9769,11989,2904,5105,8002,7758,11726,10701,14575,14469,19172,19145,21094,20088,13819,14926,9574,11728,2854,5021,164240,145804,22392,19597,35536,34464,6161,3,3
2021-07-21T23:59:59+02:00,1065,997,11436,10707,14699,13331,16815,16581,20213,20241,21827,20862,14154,15321,9767,11981,2902,5103,7999,7751,11714,10693,14569,14467,19164,19144,21040,20051,13816,14924,9574,11727,2853,5019,163914,145770,22392,19590,35536,34362,6157,3,3
2021-07-20T23:59:59+02:00,1052,982,11384,10666,14668,13302,16782,16563,20190,20220,21803,20844,14144,15309,9765,11975,2901,5102,7988,7745,11698,10685,14562,14460,19155,19140,21033,20047,13815,14922,9574,11727,2853,5019,163605,145737,22392,19590,35536,34354,6116,3,3
2021-07-19T23:59:59+02:00,1039,966,11335,10617,14641,13268,16762,16544,20171,20201,21790,20836,14138,15305,9761,11966,2899,5098,7983,7742,11692,10681,14558,14459,19153,19140,21019,20031,13813,14921,9573,11725,2853,5019,163292,145711,22392,19588,35536,34323,6114,3,3
2021-07-18T23:59:59+02:00,1039,966,11333,10617,14641,13266,16761,16544,20171,20200,21790,20836,14137,15305,9761,11966,2899,5098,7980,7738,11683,10676,14553,14456,19152,19140,21008,20026,13813,14921,9573,11725,2853,5019,163286,145684,22391,19587,35536,34305,6114,3,3
2021-07-17T23:59:59+02:00,1037,966,11288,10589,14584,13222,16725,16514,20136,20186,21764,20812,14126,15292,9758,11963,2899,5097,7905,7679,11539,10547,14360,14289,18729,18821,20810,19851,13785,14880,9558,11702,2849,5013,163260,145678,22382,17931,35536,34305,5777,3,3
2021-07-16T23:59:59+02:00,1016,950,11097,10449,14485,13123,16627,16439,20061,20121,21712,20764,14099,15267,9741,11956,2895,5092,7630,7477,10613,9913,13896,13980,18503,18629,19951,19195,13619,14668,9449,11570,2833,4989,162942,142248,21853,17921,35536,32524,5560,3,3
2021-07-15T23:59:59+02:00,992,934,11040,10387,14449,13092,16603,16418,20047,20104,21702,20755,14095,15263,9737,11952,2895,5088,7199,7109,8410,8193,13435,13588,18441,18572,19810,19060,13486,14526,9397,11508,2832,4979,162609,135912,21852,17918,35536,32488,5553,3,3
2021-07-14T23:59:59+02:00,966,916,10964,10300,14380,13032,16565,16374,20012,20068,21677,20734,14083,15251,9725,11938,2891,5086,6650,6660,7326,7337,12863,13139,18343,18478,19702,18972,13456,14489,9380,11492,2830,4976,162119,131546,21852,17914,35536,32424,5452,3,3
2021-07-13T23:59:59+02:00,948,895,10883,10227,14335,12989,16538,16344,19989,20047,21666,20721,14076,15240,9722,11931,2889,5084,6397,6372,6877,6956,12556,12871,18327,18457,19657,18936,13343,14380,9377,11488,2830,4973,161688,131512,21849,15660,35536,32420,5448,3,3
2021-07-12T23:59:59+02:00,928,883,10829,10178,14290,12944,16496,16315,19973,20034,21660,20715,14073,15235,9718,11927,2889,5082,6256,6276,6716,6835,12264,12629,17636,17893,19560,18857,13309,14355,9360,11466,2830,4970,161391,128977,21849,15656,35536,32417,5390,3,3
2021-07-11T23:59:59+02:00,928,883,10828,10176,14288,12943,16495,16315,19973,20034,21660,20715,14073,15235,9718,11927,2889,5082,6250,6272,6714,6832,12263,12629,17636,17893,19559,18857,13309,14355,9360,11465,2829,4968,161389,128967,21849,15656,35536,32411,5385,3,3
2021-07-10T23:59:59+02:00,925,878,10821,10164,14281,12938,16487,16315,19971,20028,21655,20710,14073,15234,9718,11927,2889,5082,6241,6264,6705,6827,12260,12625,17635,17889,19554,18854,13308,14355,9360,11465,2829,4968,161326,128917,21849,15656,35536,32411,5382,3,3
2021-07-09T23:59:59+02:00,911,862,10771,10120,14248,12910,16453,16286,19937,20005,21627,20688,14054,15219,9703,11919,2888,5079,5432,5528,6574,6727,12102,12521,17405,17784,19349,18720,13245,14282,9334,11446,2826,4965,161142,126010,21849,15656,35536,31462,5150,3,3
2021-07-08T23:59:59+02:00,909,862,10710,10075,14161,12856,16390,16235,19885,19959,21598,20664,14040,15202,9697,11906,2887,5073,5299,5414,6355,6552,11664,12177,16894,17413,19089,18534,13181,14198,9308,11410,2820,4953,161125,124078,21848,15653,35535,30956,4598,3,3
2021-07-07T23:59:59+02:00,908,862,10708,10069,14157,12853,16388,16235,19885,19956,21598,20664,14040,15202,9697,11906,2887,5073,5155,5230,5886,6140,10465,11192,16841,17347,19035,18489,13164,14176,9299,11407,2816,4943,161114,120408,21844,15652,35535,30953,4592,3,3
2021-07-06T23:59:59+02:00,908,862,10706,10068,14154,12851,16386,16235,19885,19956,21598,20663,14040,15201,9697,11906,2887,5073,5136,5224,5879,6135,10464,11190,16839,17347,19033,18489,13164,14174,9299,11407,2816,4943,161109,120386,21842,15649,35535,30937,4587,3,3
2021-07-05T23:59:59+02:00,908,862,10700,10064,14137,12848,16376,16233,19884,19956,21596,20663,14040,15201,9697,11906,2887,5073,5127,5223,5860,6132,10453,11188,16836,17347,19031,18488,13164,14174,9299,11407,2816,4943,161102,120382,21842,15647,35535,30930,4549,3,3
2021-07-04T23:59:59+02:00,908,862,10690,10054,14135,12844,16375,16233,19883,19956,21595,20662,14040,15201,9697,11905,2886,5072,5094,5180,5774,6055,10326,11074,16829,17344,19030,18485,13160,14172,9297,11402,2813,4941,161095,119905,21842,15646,35535,30922,4523,3,3
2021-07-03T23:59:59+02:00,827,793,8756,8499,12683,11692,15906,15779,19601,19657,21427,20497,13966,15125,9643,11859,2880,5068,4985,5048,5500,5800,10089,10859,16685,17204,18839,18333,13135,14138,9287,11392,2811,4939,152769,118349,21842,15646,35535,30552,4509,3,3
2021-07-02T23:59:59+02:00,827,791,8755,8494,12679,11688,15904,15778,19599,19657,21426,20497,13965,15125,9642,11858,2879,5067,4124,4180,4855,5151,9119,9865,16315,16727,18357,17795,12785,13817,9228,11317,2809,4931,152753,113816,21842,15646,35533,27423,4500,3,3
2021-07-01T23:59:59+02:00,807,771,8546,8325,12598,11609,15871,15749,19588,19643,21416,20480,13961,15122,9637,11850,2876,5061,2287,2459,4423,4777,8629,9439,15686,16184,17805,17358,12728,13751,9198,11261,2795,4901,152060,106182,21842,15644,35533,27383,4472,3,2
2021-06-30T23:59:59+02:00,752,721,8302,8138,12427,11462,15756,15653,19521,19575,21376,20433,13942,15096,9624,11837,2875,5056,2228,2420,4332,4658,8524,9339,15488,16046,17073,16858,12076,13107,9139,11192,2788,4895,150714,106120,21839,15643,35532,23941,4458,3,2
2021-06-29T23:59:59+02:00,752,721,8298,8129,12425,11458,15753,15653,19519,19575,21376,20433,13942,15096,9624,11837,2875,5056,2206,2408,4309,4619,8501,9294,15452,15987,16997,16773,11721,12769,9111,11158,2785,4887,150705,106106,21836,15641,35531,22782,4447,3,2
2021-06-28T23:59:59+02:00,752,721,8295,8125,12417,11453,15751,15653,19518,19575,21376,20433,13941,15096,9624,11837,2875,5056,2198,2379,4261,4501,8426,9134,15331,15709,16829,16501,11414,12466,9088,11131,2784,4883,150688,106096,21836,15641,35531,20857,4440,3,2
2021-06-27T23:59:59+02:00,752,721,8292,8119,12413,11450,15749,15653,19517,19575,21376,20433,13941,15096,9624,11836,2875,5056,2188,2375,4252,4499,8243,8981,15311,15693,16827,16496,11410,12465,9087,11129,2784,4883,150679,105698,21834,15640,35531,20853,4431,3,2
2021-06-26T23:59:59+02:00,744,717,8078,7904,11940,11042,14640,14664,19266,19377,21273,20311,13898,15045,9611,11807,2872,5053,2148,2332,4198,4444,8145,8871,15049,15434,16765,16449,11393,12446,9075,11124,2784,4881,148205,104635,20073,15618,35530,20853,4431,3,2
2021-06-25T23:59:59+02:00,725,699,8051,7880,11925,11032,14640,14658,19259,19372,21268,20310,13898,15045,9610,11805,2872,5053,2017,2154,3910,4138,6619,7437,12393,13243,16690,16361,11366,12416,9064,11100,2779,4866,148065,95764,20073,15536,35530,20820,4431,3,2
2021-06-24T23:59:59+02:00,713,682,7565,7468,10848,10137,14107,14223,19188,19313,21220,20267,13876,15017,9597,11792,2871,5050,1948,2086,3549,3798,5856,6769,12151,13034,16444,16154,11262,12289,8974,10973,2768,4832,143913,94531,20069,13162,35529,20772,4420,3,2
2021-06-23T23:59:59+02:00,713,682,7563,7463,10842,10136,14106,14222,19188,19312,21220,20266,13876,15017,9597,11792,2871,5050,1803,1918,3063,3395,4501,5594,11847,12765,16323,16036,11216,12250,8961,10946,2767,4825,143899,89883,20067,13162,35528,20744,4419,3,2
2021-06-22T23:59:59+02:00,713,682,7514,7434,10769,10086,14083,14196,19172,19297,21209,20258,13869,15007,9594,11789,2871,5050,1753,1887,2981,3341,4463,5561,11818,12726,16255,15985,11007,12059,8709,10645,2757,4794,143884,89864,20067,13158,35527,19605,4112,3,2
2021-06-21T23:59:59+02:00,711,682,7383,7365,10639,9989,13803,13948,18424,18681,21119,20181,13834,14975,9575,11764,2871,5047,1708,1862,2938,3303,4434,5531,11772,12691,16238,15969,10998,12049,8702,10637,2756,4793,141505,89739,20065,13157,35527,19592,3891,3,2
2021-06-20T23:59:59+02:00,711,682,7383,7361,10635,9986,13803,13948,18424,18681,21119,20181,13834,14975,9575,11764,2871,5047,1680,1833,2892,3287,4369,5492,11710,12658,16176,15910,10979,12033,8699,10628,2752,4789,141495,89260,20064,13153,35527,19581,3891,3,2
2021-06-19T23:59:59+02:00,711,681,7346,7324,10529,9895,13621,13790,18010,18345,20934,20008,13816,14948,9563,11744,2868,5041,1649,1798,2851,3238,4289,5418,11374,12368,16138,15872,10970,12021,8697,10623,2750,4787,141450,88246,18303,13124,35527,19580,3891,3,2
2021-06-18T23:59:59+02:00,15,12,6539,6591,10523,9894,13620,13788,18008,18343,20934,20008,13816,14947,9563,11743,2867,5039,1517,1686,2615,3082,3658,4786,10231,11223,15927,15716,10928,11981,8674,10601,2736,4759,138535,83587,18302,13122,35527,19526,3883,3,2
2021-06-17T23:59:59+02:00,13,11,6468,6522,10407,9790,13295,13483,17621,18022,20822,19910,13797,14909,9551,11729,2859,5033,1436,1568,2462,2933,3305,4449,8630,9860,15412,15283,10753,11801,8618,10523,2719,4731,136642,78119,18302,13118,35526,19475,3769,3,2
2021-06-16T23:59:59+02:00,13,11,6461,6516,10396,9787,13293,13481,17620,18021,20821,19910,13797,14909,9550,11728,2859,5033,1386,1520,2360,2859,3121,4270,7544,8919,14914,14895,10670,11690,8582,10475,2708,4715,136612,74294,18300,13116,35526,19451,3765,3,2
2021-06-15T23:59:59+02:00,13,11,6429,6498,10356,9759,13263,13466,17600,17999,20807,19897,13788,14901,9547,11722,2856,5030,1306,1461,2233,2757,3005,4185,6626,8187,14712,14728,10646,11661,8570,10453,2699,4708,136599,74283,18299,10706,35526,19431,3515,3,2
2021-06-14T23:59:59+02:00,13,11,6410,6481,10322,9733,13243,13446,17585,17981,20788,19886,13778,14892,9544,11720,2856,5026,1280,1446,2196,2730,2983,4164,6610,8167,14691,14718,10635,11652,8567,10452,2699,4704,136584,74273,18299,10706,35526,19410,3303,3,2
2021-06-13T23:59:59+02:00,13,11,6409,6481,10318,9731,13242,13444,17585,17981,20788,19886,13777,14892,9544,11720,2856,5026,1276,1440,2193,2721,2973,4154,6593,8150,14590,14653,10622,11629,8561,10440,2696,4704,136575,73981,18299,10706,35526,19405,3301,3,2
2021-06-12T23:59:59+02:00,10,9,5619,5709,10271,9695,13208,13420,17558,17960,20762,19855,13695,14820,9544,11717,2855,5026,1267,1421,2182,2704,2952,4127,6519,8067,14417,14516,10394,11345,8080,9902,2694,4703,134604,73477,18299,10706,35526,17805,3301,3,1
2021-06-11T23:59:59+02:00,9,9,5615,5702,10261,9688,13194,13408,17550,17956,20758,19853,13695,14819,9544,11715,2855,5026,1192,1337,2062,2544,2780,3872,5018,6734,12705,13136,10254,11197,7993,9796,2687,4687,134531,66194,18299,10705,35526,17796,3298,3,1
2021-06-10T23:59:59+02:00,3,3,4614,4747,10094,9560,13083,13326,17294,17720,20518,19672,13686,14808,9538,11705,2852,5023,1134,1276,1948,2438,2620,3695,4412,6097,11539,12148,9953,10873,7909,9711,2675,4662,131199,61372,18298,10705,35526,17791,3221,2,1
2021-06-09T23:59:59+02:00,3,3,4021,4138,9887,9412,12995,13253,16983,17454,20290,19490,13671,14795,9533,11699,2851,5018,1060,1232,1847,2369,2528,3582,4086,5790,11114,11822,9825,10714,7863,9645,2664,4653,128825,61297,18283,8851,35526,17785,2860,2,1
2021-06-08T23:59:59+02:00,3,3,4009,4131,9875,9403,12983,13246,16976,17445,20282,19488,13669,14792,9532,11696,2850,5016,1014,1224,1825,2354,2501,3568,4061,5770,11103,11819,9822,10709,7862,9643,2663,4650,128811,61180,18280,8846,35525,17780,2781,2,1
2021-06-07T23:59:59+02:00,3,3,3995,4123,9842,9390,12973,13228,16953,17434,20266,19477,13666,14788,9529,11692,2848,5014,1003,1217,1792,2343,2492,3549,4037,5757,11085,11805,9819,10703,7859,9640,2661,4648,128799,61171,18278,8843,35524,17774,2621,2,1
2021-06-06T23:59:59+02:00,3,3,3990,4119,9837,9386,12972,13228,16952,17433,20265,19477,13665,14787,9529,11692,2848,5014,1000,1214,1781,2341,2486,3540,4024,5750,10958,11660,9808,10696,7858,9640,2661,4648,128787,60846,18278,8842,35523,17766,2610,2,1
2021-06-05T23:59:59+02:00,2,0,3696,3818,7345,7378,12734,13043,16923,17404,20220,19437,13549,14642,9454,11601,2844,5002,923,1142,1616,2240,2320,3461,3798,5610,10062,10819,9424,10241,7747,9485,2653,4628,122810,57569,18278,8842,35523,17278,2479,2,1
2021-06-04T23:59:59+02:00,2,0,3629,3763,7193,7262,12264,12647,16783,17292,19987,19202,13430,14496,9397,11522,2830,4985,895,1076,1585,2135,2281,3294,3722,5352,9422,10142,8579,9222,7471,9080,2649,4617,120409,56097,18278,8840,35523,14112,2472,2,1
2021-06-03T23:59:59+02:00,2,0,3216,3369,7166,7246,12136,12529,16751,17250,19900,19136,13418,14479,9395,11519,2829,4984,866,1009,1539,2011,2202,3094,3532,4970,8845,9522,7818,8350,6999,8464,2646,4609,119165,54466,18276,8839,35519,10807,2363,2,1
2021-06-02T23:59:59+02:00,0,0,2828,3051,6027,6326,11832,12295,16692,17199,19777,19031,13357,14425,9373,11498,2827,4976,850,975,1475,1988,2089,3056,3361,4868,7483,8440,7738,8271,6983,8436,2643,4604,115465,51362,18275,8839,35519,10805,2253,2,1
2021-06-01T23:59:59+02:00,0,0,2541,2739,5552,5900,11512,12012,16668,17176,19726,18994,13234,14302,9366,11494,2826,4973,833,968,1460,1979,2070,3043,3335,4848,7186,8115,7701,8237,6973,8422,2641,4604,115446,50683,15930,8819,35519,10794,2118,2,1
2021-05-31T23:59:59+02:00,0,0,2526,2736,5533,5891,11484,11991,16634,17165,19686,18972,13231,14298,9362,11492,2826,4971,817,961,1441,1969,2037,3023,3299,4834,7145,8094,7698,8232,6969,8420,2641,4602,115439,50671,15926,8813,35519,10785,1912,2,1
2021-05-30T23:59:59+02:00,0,0,2522,2734,5531,5887,11484,11990,16631,17164,19684,18971,13231,14298,9362,11492,2826,4971,816,957,1436,1966,2037,3021,3297,4832,7144,8094,7698,8232,6969,8420,2641,4602,115423,50665,15926,8813,35516,10772,1911,2,1
2021-05-29T23:59:59+02:00,0,0,2506,2720,5365,5733,11417,11931,16623,17158,19676,18970,13230,14296,9360,11492,2826,4971,779,908,1325,1871,1759,2768,2891,4409,6859,7822,7514,8007,6793,8192,2638,4596,114919,50018,15926,8813,35516,8388,1911,2,1
2021-05-28T23:59:59+02:00,0,0,2372,2590,4940,5342,10739,11314,16556,17096,19650,18942,13221,14282,9341,11463,2824,4962,758,885,1266,1817,1669,2696,2758,4304,5278,6129,7351,7811,6751,8136,2635,4586,112283,45729,15926,8813,35516,8380,1907,2,1
2021-05-27T23:59:59+02:00,0,0,2352,2569,4890,5276,10076,10743,16516,17064,19636,18931,13211,14272,9339,11461,2824,4962,704,790,1159,1745,1458,2554,2385,3997,4397,5217,7114,7503,6660,8019,2618,4567,110899,41936,15923,8807,35514,8359,1784,2,1
2021-05-26T23:59:59+02:00,0,0,2314,2507,4717,5096,9641,10376,16464,17010,19568,18877,13197,14253,9329,11459,2820,4949,689,748,1112,1713,1369,2474,2176,3826,4268,5079,6950,7290,6580,7920,2606,4553,109478,40537,15921,8806,35514,8347,1662,2,1
2021-05-25T23:59:59+02:00,0,0,2311,2500,4687,5079,9616,10350,16439,16992,19555,18870,13192,14251,9326,11456,2820,4949,682,734,1065,1695,1317,2429,2106,3766,3728,4502,6648,6947,6546,7883,2605,4551,109474,40529,15919,6851,35513,8338,1485,2,1
2021-05-24T23:59:59+02:00,0,0,2302,2492,4675,5074,9607,10345,16413,16972,19529,18846,13182,14240,9323,11446,2819,4945,673,729,1053,1688,1307,2422,2081,3746,3702,4477,6637,6936,6543,7873,2604,4547,109467,40522,15919,6851,35513,8335,1309,2,1
2021-05-23T23:59:59+02:00,0,0,2286,2460,4587,5000,9473,10223,16410,16971,19529,18845,13180,14238,9320,11442,2817,4944,672,726,1051,1688,1306,2422,2081,3746,3702,4476,6636,6936,6543,7873,2604,4547,108983,40516,15919,6850,35512,8333,1309,2,1
2021-05-22T23:59:59+02:00,0,0,2266,2441,4578,4983,9393,10141,16387,16957,19477,18801,13152,14208,9317,11436,2817,4943,671,724,1050,1685,1303,2419,2078,3741,3686,4463,5805,6037,6471,7792,2596,4542,108555,38570,15919,6850,35512,8333,1309,2,1
2021-05-21T23:59:59+02:00,0,0,2231,2408,4470,4896,9197,9966,16359,16924,19462,18794,13142,14199,9315,11434,2812,4932,659,697,1013,1619,1253,2296,1992,3561,3342,4028,4043,3930,6428,7726,2591,4527,107815,34565,15919,6850,35509,6993,1296,2,1
2021-05-20T23:59:59+02:00,0,0,2202,2368,4387,4835,8976,9736,16309,16871,19409,18742,13111,14164,9298,11417,2811,4928,604,590,888,1306,1081,1891,1769,3025,2782,3347,3207,2977,6383,7676,2587,4522,106959,32735,15916,6849,35500,3863,1187,2,1
2021-05-19T23:59:59+02:00,0,0,2040,2193,3889,4411,7593,8543,16035,16623,19286,18617,13063,14116,9288,11391,2809,4925,589,553,850,1252,1052,1840,1743,2972,2732,3303,3199,2964,6379,7673,2587,4521,102325,32711,15914,6847,35499,3568,1082,2,1
2021-05-18T23:59:59+02:00,0,0,1992,2140,3582,4122,6935,7947,15888,16507,19202,18534,13030,14083,9232,11317,2803,4911,583,549,844,1250,1044,1832,1713,2956,2723,3285,3194,2959,6375,7669,2587,4521,102305,32707,13451,6842,35495,3562,972,2,1
2021-05-17T23:59:59+02:00,0,0,1984,2132,3562,4108,6891,7923,15860,16489,19180,18515,13020,14060,9231,11316,2803,4911,575,542,825,1235,1001,1808,1685,2938,2699,3264,3183,2938,6375,7668,2587,4521,102298,32701,13448,6842,35495,3558,742,2,1
2021-05-16T23:59:59+02:00,0,0,1979,2129,3555,4104,6705,7759,15837,16470,19176,18510,13015,14059,9230,11315,2803,4911,575,542,825,1233,1000,1807,1685,2938,2697,3264,3183,2938,6375,7668,2587,4521,101876,32698,13447,6842,35491,3556,741,2,1
2021-05-15T23:59:59+02:00,0,0,1951,2093,3517,4066,6619,7655,15568,16202,19120,18468,12996,14040,9221,11310,2803,4909,575,542,825,1232,1000,1807,1683,2937,2697,3264,3182,2938,6374,7668,2587,4521,100857,32694,13447,6842,35491,3554,741,2,1
2021-05-14T23:59:59+02:00,0,0,1842,1948,3271,3815,5025,6177,12917,14008,19056,18382,12972,14010,9215,11297,2800,4903,575,541,822,1232,1000,1807,1682,2936,2691,3262,3177,2932,6371,7666,2587,4520,91971,32676,13447,6841,35489,3554,729,2,1
2021-05-13T23:59:59+02:00,0,0,1815,1901,3230,3764,4913,6076,12712,13824,18896,18255,12896,13915,9179,11244,2800,4902,569,538,815,1223,990,1794,1663,2917,2584,3169,2516,2126,4919,5865,2578,4501,90756,29662,13350,4824,35487,3553,727,2,1
2021-05-12T23:59:59+02:00,0,0,1815,1901,3229,3764,4913,6076,12712,13824,18895,18255,12896,13915,9179,11244,2800,4902,569,538,815,1223,990,1794,1663,2916,2581,3167,2516,2126,4919,5863,2578,4501,90755,29659,13350,4819,35486,3553,727,2,1
2021-05-11T23:59:59+02:00,0,0,1771,1856,3137,3689,4825,6010,11783,13095,18701,18096,12882,13894,9172,11230,2794,4898,568,536,812,1218,989,1793,1662,2915,2571,3163,2515,2125,4917,5862,2577,4501,90744,29650,10890,4807,35478,3547,719,2,1
2021-05-10T23:59:59+02:00,0,0,1755,1853,3131,3686,4819,6006,11782,13094,18700,18096,12882,13894,9172,11230,2794,4898,567,534,812,1218,988,1793,1661,2915,2571,3163,2514,2124,4917,5862,2577,4501,90731,29649,10887,4806,35453,3542,719,2,1
2021-05-09T23:59:59+02:00,0,0,1719,1806,3079,3671,4748,5971,11715,13073,18637,18037,12862,13875,9169,11221,2792,4896,565,531,804,1217,980,1787,1648,2912,2567,3162,2514,2122,4916,5861,2577,4500,90261,29645,10884,4805,35446,3534,678,2,1
2021-05-08T23:59:59+02:00,0,0,1686,1772,3043,3621,4671,5898,11378,12771,18604,18003,12855,13867,9168,11219,2790,4896,553,530,797,1217,969,1787,1640,2912,2551,3151,2513,2122,4916,5860,2576,4499,89232,29641,10884,4805,35446,3468,678,2,1
2021-05-07T23:59:59+02:00,0,0,1542,1649,2795,3449,3997,5234,10169,11580,18404,17852,12816,13832,9148,11202,2782,4889,456,381,674,987,823,1468,1495,2497,2382,2794,2504,2113,4912,5856,2573,4496,84463,29636,10883,4805,35434,1411,558,2,1
2021-05-06T23:59:59+02:00,0,0,1479,1480,2661,3318,3670,4925,8468,10098,17888,17427,12648,13664,9101,11130,2779,4881,334,322,570,885,687,1379,1246,2283,2168,2599,2452,2081,4910,5849,2573,4495,78935,29614,10882,4804,35417,33,381,2,1
2021-05-05T23:59:59+02:00,0,0,1424,1404,2574,3246,3494,4750,7318,9081,17381,17027,12560,13551,9069,11084,2770,4866,334,322,568,884,686,1377,1200,2231,2157,2591,2448,2079,4910,5845,2573,4491,75056,29604,10878,4803,35407,32,256,2,1
2021-05-04T23:59:59+02:00,0,0,1413,1402,2567,3239,3492,4750,7316,9080,17380,17027,12560,13551,9069,11084,2770,4866,334,321,568,883,684,1377,1200,2231,2157,2591,2447,2079,4910,5845,2573,4490,75048,29601,10867,4803,35394,30,255,2,1
2021-05-03T23:59:59+02:00,0,0,1411,1396,2559,3234,3489,4744,7237,9020,17366,17019,12556,13549,9069,11084,2769,4865,331,315,564,879,679,1372,1121,2171,2143,2583,2443,2077,4910,5845,2572,4489,75039,29599,10867,4803,35394,26,65,2,1
2021-05-02T23:59:59+02:00,0,0,1403,1392,2556,3228,3476,4735,7217,9000,17260,16951,12543,13524,9063,11073,2766,4865,329,314,564,878,679,1372,1121,2170,2141,2583,2443,2077,4909,5843,2572,4489,74729,29593,10866,4802,35393,26,62,2,1
2021-05-01T23:59:59+02:00,0,0,1399,1386,2547,3218,3467,4717,7158,8939,17116,16834,12518,13501,9051,11067,2766,4865,329,314,564,878,679,1372,1121,2170,2141,2583,2443,2077,4907,5843,2571,4487,74226,29588,10866,4802,35393,26,62,2,1
2021-04-30T23:59:59+02:00,0,0,1329,1306,2426,3048,3298,4443,5607,7539,15369,15402,12375,13341,8956,10950,2751,4832,329,314,563,877,678,1372,1118,2168,2138,2581,2442,2068,4894,5834,2563,4469,66702,29571,10866,4801,35393,26,9,2,1
2021-04-29T23:59:59+02:00,0,0,1274,1268,2323,2938,3165,4273,4999,6890,14193,14379,12064,13013,8865,10868,2737,4804,327,313,563,876,678,1371,1117,2168,2136,2579,2440,2064,4893,5831,2562,4467,61786,29551,10866,4798,35390,26,9,2,1
2021-04-28T23:59:59+02:00,0,0,1211,1251,2261,2901,3100,4192,4690,6598,13778,14063,11949,12866,8824,10809,2729,4798,326,313,560,874,675,1371,1115,2167,2135,2572,2437,2061,4890,5827,2559,4464,61669,29547,8957,4771,35390,25,2,2,1
2021-04-27T23:59:59+02:00,0,0,1191,1249,2256,2900,3096,4191,4688,6598,13777,14062,11948,12865,8824,10809,2729,4798,326,313,560,874,674,1369,1115,2167,2134,2572,2437,2059,4890,5827,2559,4464,61637,29545,8952,4767,35388,25,2,2,1
2021-04-26T23:59:59+02:00,0,0,1191,1247,2254,2899,3093,4191,4674,6584,13737,14030,11945,12862,8824,10808,2729,4797,326,313,560,874,674,1369,1115,2167,2132,2571,2437,2059,4890,5827,2559,4464,61627,29543,8948,4766,35286,25,2,2,1
2021-04-25T23:59:59+02:00,0,0,1190,1247,2248,2899,3090,4184,4661,6577,13599,13876,11935,12856,8823,10807,2729,4797,326,313,559,874,673,1368,1113,2165,2132,2571,2437,2059,4890,5827,2559,4464,61301,29539,8945,4763,35268,25,2,2,1
2021-04-24T23:59:59+02:00,0,0,1124,1201,2110,2810,2950,4128,4450,6462,12737,13073,11657,12527,8757,10703,2722,4784,326,313,559,874,672,1367,1113,2165,2132,2570,2436,2059,4886,5826,2559,4464,57979,29532,8944,4763,35268,23,2,2,1
2021-04-23T23:59:59+02:00,0,0,1025,1181,1895,2783,2790,4095,4336,6351,11396,12018,11602,12465,8733,10656,2720,4781,325,313,559,874,671,1367,1112,2165,2130,2570,2435,2059,4885,5820,2559,4463,56503,29526,8944,4761,33377,18,1,2,1
2021-04-22T23:59:59+02:00,0,0,1015,1172,1868,2770,2728,4070,4159,6232,10778,11501,11514,12379,8703,10609,2717,4776,324,312,559,874,671,1366,1110,2165,2129,2570,2435,2057,4883,5818,2559,4463,54808,29519,8943,4756,33237,18,1,2,1
2021-04-21T23:59:59+02:00,0,0,1000,1158,1793,2746,2608,4035,4013,6158,9285,10341,11439,12312,8691,10585,2714,4773,323,312,558,874,670,1366,1109,2165,2129,2570,2431,2053,4880,5816,2558,4461,51644,29502,8942,4753,33062,18,1,2,1
2021-04-20T23:59:59+02:00,0,0,1000,1157,1792,2745,2605,4032,4009,6157,8989,10018,11412,12288,8687,10576,2714,4772,323,312,558,874,670,1366,1109,2164,2128,2569,2431,2052,4878,5815,2558,4461,50950,29498,8939,4750,33061,18,1,2,1
2021-04-19T23:59:59+02:00,0,0,998,1155,1792,2742,2604,4031,4007,6155,8989,10017,11412,12288,8687,10575,2714,4772,322,312,558,873,670,1366,1107,2164,2127,2569,2431,2052,4878,5815,2558,4461,50942,29494,8934,4749,33059,18,1,2,1
2021-04-18T23:59:59+02:00,0,0,998,1154,1790,2742,2602,4029,4007,6155,8989,10017,11412,12288,8687,10574,2714,4771,322,312,558,873,669,1366,1107,2163,2127,2569,2431,2052,4878,5815,2558,4461,50935,29493,8933,4748,33058,18,1,2,1
2021-04-17T23:59:59+02:00,0,0,998,1153,1787,2736,2525,3939,3950,6073,8972,9999,11289,12136,8684,10572,2714,4770,317,306,554,866,661,1356,1089,2150,2080,2543,2386,2000,4829,5746,2552,4455,50303,29123,8933,4748,33058,17,1,2,1
2021-04-16T23:59:59+02:00,0,0,969,1119,1676,2653,2323,3802,3700,5899,7250,8186,11092,11892,8630,10509,2711,4757,310,301,539,847,629,1319,1007,2093,1855,2383,2236,1891,4642,5477,2493,4339,45958,29109,8858,3238,32349,12,1,2,1
2021-04-15T23:59:59+02:00,0,0,899,1067,1546,2565,2042,3650,3168,5570,6239,7220,10835,11556,8530,10386,2692,4734,310,301,538,846,627,1318,1006,2090,1619,2242,2083,1760,4456,5266,2439,4236,42151,29064,8855,2063,31690,8,1,2,1
2021-04-14T23:59:59+02:00,0,0,884,1038,1501,2529,1954,3569,2998,5435,6145,7109,10671,11349,8448,10286,2680,4720,290,291,504,819,556,1259,799,1947,1399,2118,2016,1685,4325,5102,2425,4208,40775,27670,8851,2063,31687,8,1,2,1
2021-04-13T23:59:59+02:00,0,0,879,1032,1489,2526,1931,3550,2966,5400,5622,6533,10371,11010,8417,10252,2679,4719,290,289,504,818,556,1259,799,1947,1399,2117,2013,1684,4325,5102,2425,4205,40766,27668,6924,2054,31683,8,1,2,1
2021-04-12T23:59:59+02:00,0,0,879,1030,1488,2523,1931,3550,2965,5399,5621,6533,10370,11010,8417,10252,2679,4719,290,288,504,818,554,1259,797,1946,1398,2117,2013,1684,4325,5101,2425,4205,40761,27662,6921,2052,31681,8,1,2,1
2021-04-11T23:59:59+02:00,0,0,879,1030,1487,2523,1929,3549,2964,5399,5621,6533,10369,11009,8417,10252,2679,4719,290,288,503,818,552,1259,796,1946,1396,2117,2013,1684,4325,5101,2425,4205,40758,27657,6920,2052,31679,8,0,2,1
2021-04-10T23:59:59+02:00,0,0,877,1027,1484,2519,1912,3537,2895,5333,5493,6435,10139,10792,8364,10202,2675,4718,290,287,503,817,552,1259,795,1946,1396,2117,2009,1680,4320,5092,2424,4202,40188,27628,6920,2052,31292,8,0,2,1
2021-04-09T23:59:59+02:00,0,0,839,994,1387,2463,1808,3478,2766,5279,5353,6370,7761,7964,8300,10108,2665,4700,289,287,500,816,550,1257,792,1946,1394,2113,1989,1658,4298,5074,2421,4197,34713,27520,6919,2052,30601,8,0,2,1
2021-04-08T23:59:59+02:00,0,0,838,992,1383,2460,1806,3475,2754,5270,5342,6357,6973,7049,8258,10058,2662,4696,287,286,500,815,550,1256,791,1946,1392,2112,1987,1658,4297,5071,2421,4197,32859,27506,6919,2051,30593,8,0,2,1
2021-04-07T23:59:59+02:00,0,0,786,969,1308,2388,1719,3407,2561,5163,4601,5874,6306,6407,8200,9997,2656,4690,287,286,500,815,550,1253,791,1946,1392,2112,1987,1658,4296,5071,2421,4197,32855,27505,6918,2050,27257,7,0,2,0
2021-04-06T23:59:59+02:00,0,0,753,962,1289,2353,1695,3366,2531,5117,4527,5798,5944,6050,8179,9973,2651,4684,287,285,500,814,550,1253,790,1946,1391,2112,1987,1657,4296,5071,2421,4197,32851,27502,6918,2048,26101,7,0,2,0
2021-04-05T23:59:59+02:00,0,0,749,931,1248,2228,1623,3201,2412,4847,4367,5526,5636,5743,8162,9947,2649,4680,287,285,500,813,550,1253,790,1946,1391,2112,1987,1657,4296,5071,2421,4197,32849,27501,6918,2048,24180,7,0,2,0
2021-04-04T23:59:59+02:00,0,0,728,906,1156,2012,1489,2935,2198,4413,4017,5027,5391,5519,8130,9893,2648,4672,287,285,499,812,548,1252,789,1945,1317,2075,1623,1383,4138,4890,2377,4132,32845,26298,6918,2048,21369,6,0,2,0
2021-04-03T23:59:59+02:00,0,0,728,906,1155,2011,1488,2935,2197,4413,4017,5027,5391,5518,8130,9893,2648,4672,287,285,499,812,548,1252,789,1945,1317,2075,1623,1383,4138,4890,2377,4132,32841,26298,6918,2048,21368,6,0,2,0
2021-04-02T23:59:59+02:00,0,0,728,905,1155,2011,1488,2935,2197,4413,4016,5026,5391,5517,8129,9892,2647,4670,287,285,499,812,548,1252,789,1945,1316,2075,1623,1383,4138,4890,2377,4132,32839,26297,6918,2048,21361,6,0,2,0
2021-04-01T23:59:59+02:00,0,0,723,903,1152,2005,1480,2926,2183,4395,3925,4941,4898,4917,7424,8998,2645,4665,287,283,498,809,548,1251,786,1943,1278,2047,1474,1288,4039,4789,2366,4119,29934,25757,6892,2042,21352,6,0,2,0
2021-03-31T23:59:59+02:00,0,0,723,902,1150,2004,1476,2921,2179,4394,3907,4930,4725,4699,6657,8064,2635,4643,286,282,498,809,544,1248,781,1936,1173,1970,1079,1023,3630,4326,2259,3945,29816,23805,4866,1979,21325,5,0,2,0
2021-03-30T23:59:59+02:00,0,0,723,902,1149,2001,1464,2912,2170,4385,3862,4903,4526,4518,6407,7767,2626,4627,286,281,498,807,544,1248,781,1935,1173,1970,1079,1023,3630,4326,2258,3945,29811,23801,4861,1979,20268,4,0,2,0
2021-03-29T23:59:59+02:00,0,0,721,900,1149,2001,1462,2912,2170,4385,3858,4901,4523,4516,6404,7758,2624,4609,286,280,498,807,544,1248,780,1934,1173,1970,1079,1022,3630,4326,2258,3945,29802,23797,4856,1979,20233,4,0,2,0
2021-03-28T23:59:59+02:00,0,0,721,900,1149,1998,1460,2910,2169,4382,3857,4901,4522,4516,6401,7754,2624,4608,285,280,496,807,544,1248,779,1934,1173,1970,1079,1021,3630,4326,2258,3945,29800,23793,4851,1978,20219,4,0,2,0
2021-03-27T23:59:59+01:00,0,0,717,895,1145,1990,1452,2900,2150,4366,3815,4875,4473,4459,6356,7696,2617,4595,281,275,482,797,533,1236,731,1898,1012,1878,818,831,3491,4173,2096,3633,29451,22825,4851,1336,20197,4,0,2,0
2021-03-26T23:59:59+01:00,0,0,717,895,1144,1989,1449,2899,2147,4366,3810,4872,4461,4437,6346,7671,2610,4581,280,275,482,795,531,1236,729,1898,1005,1870,681,736,2513,3016,1926,3420,29393,20053,4849,1336,20150,4,0,2,0
2021-03-25T23:59:59+01:00,0,0,716,894,1144,1989,1448,2896,2143,4360,3805,4868,4452,4426,6333,7639,2589,4527,280,275,482,795,530,1233,728,1897,1003,1869,660,729,1329,1567,1645,3057,29381,16739,4844,1336,20002,4,0,2,0
2021-03-24T23:59:59+01:00,0,0,693,883,1106,1959,1377,2836,1937,4212,3581,4742,4392,4366,6198,7471,2575,4495,280,275,482,794,527,1233,727,1897,1002,1869,660,729,1329,1566,1645,3055,28004,16731,4841,1335,19976,4,0,2,0
2021-03-23T23:59:59+01:00,0,0,693,881,1104,1958,1377,2836,1937,4212,3580,4739,4392,4366,6197,7471,2575,4494,280,275,482,794,527,1232,727,1897,1002,1869,660,729,1329,1566,1645,3055,28000,16730,4838,1335,19972,4,0,2,0
2021-03-22T23:59:59+01:00,0,0,693,879,1102,1954,1374,2836,1935,4212,3579,4739,4392,4365,6197,7470,2575,4494,280,275,482,794,527,1231,726,1897,1002,1868,660,728,1329,1566,1645,3055,27996,16727,4837,1335,19961,3,0,2,0
2021-03-21T23:59:59+01:00,0,0,693,879,1100,1951,1374,2834,1934,4211,3578,4738,4392,4365,6196,7470,2575,4494,280,275,482,794,527,1231,726,1897,1002,1868,660,727,1329,1566,1645,3055,27993,16726,4836,1335,19954,3,0,1,0
2021-03-20T23:59:59+01:00,0,0,691,877,1098,1949,1368,2831,1917,4204,3547,4719,4174,4090,5679,6863,2565,4461,275,273,477,788,510,1221,704,1880,964,1839,590,649,1097,1307,1295,2508,27912,15039,4738,1335,18382,3,0,1,0
2021-03-19T23:59:59+01:00,0,0,683,871,1083,1929,1334,2794,1837,4148,3326,4558,4025,3984,5503,6621,2516,4376,275,273,477,788,510,1221,704,1879,963,1839,590,649,1097,1306,1294,2507,27910,15034,3303,1335,18375,3,0,0,0
2021-03-18T23:59:59+01:00,0,0,682,870,1082,1928,1333,2792,1837,4145,3096,4415,3872,3855,5325,6419,2464,4275,275,272,476,788,510,1219,704,1878,962,1838,588,646,858,1049,1184,2339,27899,14250,2118,1334,18373,2,0,0,0
2021-03-17T23:59:59+01:00,0,0,682,870,1081,1928,1333,2791,1837,4145,3096,4415,3872,3853,5324,6419,2464,4275,275,271,476,788,510,1219,704,1878,961,1838,587,646,858,1049,1184,2339,27897,14248,2118,1333,18370,2,0,0,0
2021-03-16T23:59:59+01:00,0,0,681,870,1081,1924,1332,2791,1834,4145,3096,4413,3871,3852,5324,6419,2463,4274,273,267,462,783,501,1207,688,1864,945,1828,585,645,856,1048,1183,2338,27889,14138,2114,1333,18367,2,0,0,0
2021-03-15T23:59:59+01:00,0,0,681,869,1079,1923,1329,2791,1830,4144,3095,4413,3871,3851,5323,6419,2463,4274,273,267,462,783,501,1207,687,1864,944,1827,585,645,856,1048,1183,2338,27884,14135,2112,1333,18359,2,0,0,0
2021-03-14T23:59:59+01:00,0,0,680,867,1076,1920,1326,2788,1828,4142,3090,4412,3871,3851,5323,6419,2463,4274,273,267,462,783,501,1207,687,1864,944,1826,585,645,855,1048,1183,2338,27880,14133,2112,1333,18338,2,0,0,0
2021-03-13T23:59:59+01:00,0,0,678,862,1068,1914,1317,2781,1823,4134,2976,4334,3402,3448,5119,6186,2418,4211,273,267,462,783,501,1207,686,1864,942,1825,561,629,552,753,763,1764,26615,12497,2112,1333,17944,2,0,0,0
2021-03-12T23:59:59+01:00,0,0,648,775,1045,1801,1296,2590,1791,3868,2932,4166,2261,2005,4758,5640,2415,4202,273,267,462,783,501,1207,685,1864,941,1825,561,628,552,753,763,1763,26603,12494,2112,1333,13478,1,0,0,0
2021-03-11T23:59:59+01:00,0,0,638,730,1037,1699,1288,2431,1779,3654,2886,4027,1697,1476,4272,5098,2405,4193,271,266,462,783,501,1207,685,1863,941,1821,561,628,550,752,683,1618,26053,12491,2100,1101,11157,0,0,0,0
2021-03-10T23:59:59+01:00,0,0,633,718,1027,1677,1279,2410,1766,3628,2777,3944,1307,1208,3864,4629,2311,4036,271,266,461,781,500,1207,685,1863,939,1821,561,628,548,751,683,1618,24074,12485,2099,1098,11041,0,0,0,0
2021-03-09T23:59:59+01:00,0,0,632,713,1019,1660,1268,2395,1763,3617,2770,3939,1303,1207,3864,4628,2310,4036,271,266,461,781,500,1207,685,1863,939,1821,561,628,548,751,683,1618,24071,12485,2098,1098,10955,0,0,0,0
2021-03-08T23:59:59+01:00,0,0,628,684,1008,1635,1253,2362,1755,3584,2749,3924,1302,1205,3864,4628,2310,4036,271,266,461,781,500,1207,685,1863,939,1821,561,627,546,751,683,1618,24067,12482,2097,1098,10763,0,0,0,0
2021-03-07T23:59:59+01:00,0,0,628,681,1004,1631,1253,2359,1754,3581,2749,3922,1302,1205,3864,4628,2310,4036,271,266,461,781,499,1207,685,1863,939,1821,561,627,546,751,683,1618,24064,12481,2097,1098,10746,0,0,0,0
2021-03-06T23:59:59+01:00,0,0,592,634,885,1530,1011,2169,1334,3199,2328,3586,1021,986,3564,4251,2290,4019,271,266,461,781,497,1207,685,1863,939,1820,561,626,544,747,594,1444,23066,12478,2094,828,8239,0,0,0,0
2021-03-05T23:59:59+01:00,0,0,589,634,880,1527,1011,2168,1331,3196,2321,3581,877,889,2570,3056,2119,3787,269,266,456,769,493,1202,677,1846,925,1805,557,622,486,686,288,933,20223,12275,2083,5,8230,0,0,0,0
2021-03-04T23:59:59+01:00,0,0,571,591,843,1397,973,2014,1281,2992,2277,3481,862,880,1388,1621,1832,3423,269,266,455,769,493,1202,677,1846,925,1805,556,621,486,685,288,933,16928,12271,2082,5,7416,0,0,0,0
2021-03-03T23:59:59+01:00,0,0,565,558,820,1332,952,1952,1266,2948,2267,3437,862,879,1388,1621,1832,3423,269,266,455,769,493,1202,677,1845,925,1805,556,621,486,685,288,933,16927,12270,2082,5,7093,0,0,0,0
2021-03-02T23:59:59+01:00,0,0,564,556,817,1331,952,1952,1265,2947,2267,3437,862,879,1388,1621,1832,3423,269,266,454,769,493,1202,677,1845,925,1804,556,621,486,685,288,933,16926,12268,2082,5,7085,0,0,0,0
2021-03-01T23:59:59+01:00,0,0,564,554,816,1331,952,1951,1265,2947,2266,3436,862,878,1388,1620,1832,3423,269,266,454,769,493,1202,676,1844,925,1804,556,621,486,685,288,933,16923,12266,2081,5,7081,0,0,0,0
2021-02-28T23:59:59+01:00,0,0,563,552,816,1331,951,1951,1265,2947,2264,3435,862,876,1388,1620,1832,3423,269,266,454,769,493,1202,676,1843,925,1804,556,621,486,685,288,933,16920,12265,2081,5,7075,0,0,0,0
2021-02-27T23:59:59+01:00,0,0,558,550,805,1321,930,1940,1225,2919,2187,3385,741,760,1119,1330,1325,2550,268,266,454,769,492,1202,674,1842,924,1802,555,618,485,683,288,929,15199,12247,1373,4,7073,0,0,0,0
2021-02-26T23:59:59+01:00,0,0,548,529,776,1257,901,1827,1186,2761,1867,2964,700,732,1119,1330,1324,2549,268,266,454,769,492,1202,674,1842,924,1802,555,618,485,683,288,928,15194,12246,1373,4,5803,0,0,0,0
2021-02-25T23:59:59+01:00,0,0,514,487,714,1139,794,1634,1032,2460,1368,2416,649,687,871,1066,1215,2378,267,265,453,769,492,1201,673,1840,924,1801,555,618,485,683,288,928,14390,12241,1373,1,3661,0,0,0,0
2021-02-24T23:59:59+01:00,0,0,513,486,714,1137,793,1634,1032,2459,1368,2415,649,687,871,1066,1215,2378,267,265,453,769,492,1200,673,1840,924,1801,555,618,485,683,288,928,14389,12241,1372,0,3656,0,0,0,0
2021-02-23T23:59:59+01:00,0,0,511,482,699,1129,784,1623,1015,2445,1352,2405,647,686,869,1065,1214,2377,267,264,453,768,492,1200,673,1839,924,1800,555,618,485,683,288,928,14279,12237,1372,0,3652,0,0,0,0
2021-02-22T23:59:59+01:00,0,0,511,482,699,1129,782,1623,1015,2445,1351,2404,647,684,869,1065,1214,2377,267,264,453,768,492,1200,673,1839,924,1799,555,618,485,683,288,928,14277,12236,1372,0,3648,0,0,0,0
2021-02-21T23:59:59+01:00,0,0,511,482,699,1129,781,1623,1014,2445,1351,2403,646,684,868,1065,1214,2377,267,264,453,768,492,1200,673,1839,924,1799,555,618,485,683,288,928,14275,12236,1372,0,3645,0,0,0,0
2021-02-20T23:59:59+01:00,0,0,495,480,687,1123,761,1618,1001,2443,1324,2383,619,665,559,764,786,1793,266,263,448,766,487,1194,668,1828,918,1796,552,615,480,683,284,923,12610,12171,1371,0,3520,0,0,0,0
2021-02-19T23:59:59+01:00,0,0,397,394,583,997,643,1464,860,2272,1085,2146,572,641,559,764,786,1793,263,263,444,764,485,1185,665,1812,911,1776,548,609,475,676,281,915,12609,12072,1371,0,1976,0,0,0,0
2021-02-18T23:59:59+01:00,0,0,274,269,469,794,504,1217,699,1876,949,1835,569,635,558,764,786,1793,262,261,442,761,483,1181,664,1798,907,1765,542,604,468,669,276,904,12607,11987,1371,0,13,0,0,0,0
2021-02-17T23:59:59+01:00,0,0,274,269,468,794,504,1217,698,1876,948,1835,568,635,558,763,786,1793,261,261,441,758,481,1179,661,1790,904,1758,537,599,459,647,265,885,12605,11886,1371,0,10,0,0,0,0
2021-02-16T23:59:59+01:00,0,0,274,269,466,793,503,1217,698,1876,948,1835,568,635,558,763,786,1793,250,257,435,742,469,1147,654,1714,879,1679,518,570,427,604,248,820,12605,11413,1371,0,6,0,0,0,0
2021-02-15T23:59:59+01:00,0,0,274,269,465,793,503,1217,696,1876,948,1835,568,635,558,763,786,1793,246,253,432,734,463,1121,638,1663,854,1625,497,536,409,560,236,757,12605,11024,1371,0,3,0,0,0,0
2021-02-14T23:59:59+01:00,0,0,274,269,465,793,502,1217,696,1876,948,1835,568,635,558,763,786,1793,246,253,432,733,463,1121,638,1657,852,1616,487,531,405,557,228,749,12604,10968,1371,0,3,0,0,0,0
2021-02-13T23:59:59+01:00,0,0,272,269,465,793,502,1217,695,1875,948,1835,568,635,558,763,786,1793,244,251,432,729,456,1109,629,1636,832,1583,468,506,391,532,215,713,12602,10726,1371,0,1,0,0,0,0
2021-02-12T23:59:59+01:00,0,0,272,269,465,792,502,1217,695,1874,944,1832,568,633,509,717,772,1789,227,243,412,695,435,1021,594,1474,745,1343,385,386,316,420,159,536,12478,9391,1371,0,1,0,0,0,0
2021-02-11T23:59:59+01:00,0,0,270,269,464,792,502,1217,695,1872,944,1829,567,632,506,714,689,1641,205,230,400,664,415,974,560,1380,699,1232,351,338,277,357,132,450,12466,8664,1136,0,1,0,0,0,0
2021-02-10T23:59:59+01:00,0,0,270,269,464,791,502,1217,694,1872,943,1829,566,632,506,713,688,1639,202,226,399,658,411,960,557,1360,687,1197,335,315,255,317,115,388,12459,8382,1136,0,0,0,0,0,0
2021-02-09T23:59:59+01:00,0,0,270,269,464,791,502,1217,693,1872,943,1827,566,632,506,713,688,1639,193,213,387,622,392,893,514,1267,634,1067,261,224,180,206,74,240,12456,7367,1136,0,0,0,0,0,0
2021-02-08T23:59:59+01:00,0,0,270,269,462,791,502,1217,692,1872,943,1827,566,632,506,713,688,1639,190,207,383,608,383,868,489,1217,607,997,230,183,145,156,60,185,12454,6908,1135,0,0,0,0,0,0
2021-02-07T23:59:59+01:00,0,0,270,269,462,791,502,1217,692,1872,943,1826,566,632,506,713,688,1638,189,207,381,604,381,863,484,1207,603,983,224,176,135,138,54,169,12452,6798,1135,0,0,0,0,0,0
2021-02-06T23:59:59+01:00,0,0,270,269,462,791,502,1217,692,1872,943,1826,566,632,504,708,598,1465,189,207,381,604,381,863,484,1207,603,983,224,176,135,138,54,169,12452,6798,865,0,0,0,0,0,0
2021-02-05T23:59:59+01:00,0,0,270,269,460,790,500,1215,689,1871,940,1823,562,628,497,693,291,946,183,198,364,573,368,823,464,1166,585,952,203,159,111,125,49,166,12437,6489,7,0,0,0,0,0,0
2021-02-04T23:59:59+01:00,0,0,270,268,459,784,497,1214,688,1866,935,1822,561,628,496,692,291,946,168,162,295,437,302,667,384,942,511,813,192,154,103,119,42,154,12410,5445,7,0,0,0,0,0,0
2021-02-03T23:59:59+01:00,0,0,269,268,459,782,497,1213,687,1865,935,1822,561,628,496,692,291,946,163,155,249,355,253,580,324,842,460,726,185,149,99,117,41,153,12404,4851,7,0,0,0,0,0,0
2021-02-02T23:59:59+01:00,0,0,269,267,459,779,497,1213,687,1862,935,1820,561,628,496,692,291,946,156,140,190,291,195,492,247,728,378,642,175,145,97,116,41,152,12395,4185,7,0,0,0,0,0,0
2021-02-01T23:59:59+01:00,0,0,269,267,457,778,496,1212,686,1858,932,1815,561,628,495,692,291,946,149,134,152,254,167,433,202,650,321,568,169,134,89,106,36,145,12376,3709,7,0,0,0,0,0,0
2021-01-31T23:59:59+01:00,0,0,269,267,457,778,496,1212,686,1858,932,1815,561,628,495,692,291,946,149,134,152,253,167,432,201,650,321,568,169,134,89,106,36,145,12376,3706,7,0,0,0,0,0,0
2021-01-30T23:59:59+01:00,0,0,269,267,457,778,496,1212,686,1858,928,1815,560,628,493,692,288,946,136,122,135,235,156,404,190,609,303,521,147,123,77,79,29,110,12366,3376,7,0,0,0,0,0,0
2021-01-29T23:59:59+01:00,0,0,266,266,453,775,494,1202,683,1841,921,1795,556,622,488,686,285,938,88,68,93,154,115,246,147,441,213,378,109,82,58,68,24,99,12265,2383,6,0,0,0,0,0,0
2021-01-28T23:59:59+01:00,0,0,266,266,452,775,493,1202,683,1840,921,1793,556,622,488,686,285,938,10,7,13,23,24,46,23,94,50,106,34,32,31,49,18,91,12262,651,4,0,0,0,0,0,0
2021-01-27T23:59:59+01:00,0,0,265,266,452,775,493,1201,683,1839,919,1793,556,622,488,686,285,938,10,7,13,23,23,46,23,92,49,106,34,32,31,49,18,91,12260,647,1,0,0,0,0,0,0
2021-01-26T23:59:59+01:00,0,0,265,266,451,774,493,1200,683,1839,919,1792,556,622,488,686,285,938,10,7,13,23,23,46,23,92,49,106,34,32,31,49,18,91,12256,647,1,0,0,0,0,0,0
2021-01-25T23:59:59+01:00,0,0,265,266,449,774,493,1199,683,1837,919,1792,556,622,487,684,285,938,6,1,5,13,11,21,14,39,23,46,17,16,10,15,6,19,12249,262,0,0,0,0,0,0,0
2021-01-24T23:59:59+01:00,0,0,265,265,449,774,492,1199,683,1836,919,1791,556,622,487,684,285,938,6,1,5,13,11,21,14,39,23,46,17,16,10,15,6,19,12245,262,0,0,0,0,0,0,0
2021-01-23T23:59:59+01:00,0,0,265,265,449,774,492,1198,683,1836,919,1791,556,622,487,684,285,938,6,1,5,13,11,21,14,39,23,46,17,16,10,15,6,19,12244,262,0,0,0,0,0,0,0
2021-01-22T23:59:59+01:00,0,0,263,263,449,774,491,1197,683,1835,919,1791,556,622,487,684,267,894,6,1,5,13,11,21,14,39,23,46,17,16,10,15,6,19,12175,262,0,0,0,0,0,0,0
2021-01-21T23:59:59+01:00,0,0,260,259,447,765,488,1189,680,1813,910,1774,548,613,467,659,256,858,6,1,5,13,11,21,14,39,23,46,17,16,10,15,6,19,11986,262,0,0,0,0,0,0,0
2021-01-20T23:59:59+01:00,0,0,259,257,443,760,486,1186,677,1805,907,1769,542,608,460,640,248,841,6,1,5,13,11,21,14,39,23,46,17,16,10,15,6,19,11888,262,0,0,0,0,0,0,0
2021-01-19T23:59:59+01:00,0,0,254,257,441,752,480,1171,674,1774,896,1727,530,591,449,624,236,806,6,1,5,13,11,21,14,39,23,46,17,16,10,15,6,19,11662,262,0,0,0,0,0,0,0
2021-01-18T23:59:59+01:00,0,0,250,253,438,741,475,1150,656,1737,870,1679,511,558,434,586,224,749,6,1,5,12,11,21,14,39,23,46,17,16,10,15,6,19,11311,261,0,0,0,0,0,0,0
2021-01-17T23:59:59+01:00,0,0,250,252,437,740,475,1149,653,1730,864,1667,495,547,419,564,209,724,6,1,4,12,11,21,14,39,23,46,17,15,10,15,6,19,11175,259,0,0,0,0,0,0,0
2021-01-16T23:59:59+01:00,0,0,242,244,433,720,462,1114,628,1642,817,1518,453,465,390,511,188,669,0,0,0,0,0,0,0,0,0,0,0,0,0,0,0,0,10496,0,0,0,0,0,0,0,0
2021-01-15T23:59:59+01:00,0,0,233,237,425,700,448,1063,608,1542,778,1404,404,408,339,443,170,563,0,0,0,0,0,0,0,0,0,0,0,0,0,0,0,0,9765,0,0,0,0,0,0,0,0
2021-01-14T23:59:59+01:00,0,0,210,224,406,658,426,1001,565,1425,711,1251,349,334,290,350,129,446,0,0,0,0,0,0,0,0,0,0,0,0,0,0,0,0,8775,0,0,0,0,0,0,0,0
2021-01-13T23:59:59+01:00,0,0,208,222,405,651,421,982,560,1403,697,1216,331,310,265,310,112,385,0,0,0,0,0,0,0,0,0,0,0,0,0,0,0,0,8478,0,0,0,0,0,0,0,0
2021-01-12T23:59:59+01:00,0,0,191,211,389,610,390,887,498,1249,618,1027,236,194,160,161,62,193,0,0,0,0,0,0,0,0,0,0,0,0,0,0,0,0,7076,0,0,0,0,0,0,0,0
2021-01-11T23:59:59+01:00,0,0,187,205,385,598,377,860,478,1202,598,973,216,165,128,117,45,145,0,0,0,0,0,0,0,0,0,0,0,0,0,0,0,0,6679,0,0,0,0,0,0,0,0
2021-01-10T23:59:59+01:00,0,0,186,201,373,584,373,847,469,1182,586,954,212,165,125,117,43,143,0,0,0,0,0,0,0,0,0,0,0,0,0,0,0,0,6560,0,0,0,0,0,0,0,0
2021-01-09T23:59:59+01:00,0,0,166,168,327,504,332,729,408,1001,498,805,148,108,73,73,29,105,0,0,0,0,0,0,0,0,0,0,0,0,0,0,0,0,5474,0,0,0,0,0,0,0,0
2021-01-08T23:59:59+01:00,0,0,98,78,231,352,245,435,294,669,340,511,80,67,49,58,22,93,0,0,0,0,0,0,0,0,0,0,0,0,0,0,0,0,3622,0,0,0,0,0,0,0,0
2021-01-07T23:59:59+01:00,0,0,12,11,54,97,72,124,94,194,122,180,41,35,33,50,19,93,0,0,0,0,0,0,0,0,0,0,0,0,0,0,0,0,1231,0,0,0,0,0,0,0,0
2021-01-06T23:59:59+01:00,0,0,8,4,9,23,17,46,23,91,53,109,35,32,32,50,19,93,0,0,0,0,0,0,0,0,0,0,0,0,0,0,0,0,644,0,0,0,0,0,0,0,0
2021-01-05T23:59:59+01:00,0,0,8,4,9,23,17,46,22,91,51,109,35,32,32,50,19,93,0,0,0,0,0,0,0,0,0,0,0,0,0,0,0,0,641,0,0,0,0,0,0,0,0
2021-01-04T23:59:59+01:00,0,0,6,1,5,13,11,23,14,41,23,48,18,16,11,15,6,20,0,0,0,0,0,0,0,0,0,0,0,0,0,0,0,0,271,0,0,0,0,0,0,0,0
2021-01-03T23:59:59+01:00,0,0,6,1,5,13,11,23,14,41,23,48,18,16,11,15,6,20,0,0,0,0,0,0,0,0,0,0,0,0,0,0,0,0,271,0,0,0,0,0,0,0,0
2021-01-02T23:59:59+01:00,0,0,6,1,5,13,11,23,14,41,23,48,18,16,11,15,6,20,0,0,0,0,0,0,0,0,0,0,0,0,0,0,0,0,271,0,0,0,0,0,0,0,0
2021-01-01T23:59:59+01:00,0,0,6,1,5,13,11,23,14,41,23,48,18,16,11,15,6,20,0,0,0,0,0,0,0,0,0,0,0,0,0,0,0,0,271,0,0,0,0,0,0,0,0
2020-12-31T23:59:59+01:00,0,0,6,1,5,13,11,23,14,41,23,48,18,16,11,15,6,20,0,0,0,0,0,0,0,0,0,0,0,0,0,0,0,0,271,0,0,0,0,0,0,0,0
2020-12-30T23:59:59+01:00,0,0,6,1,5,13,11,23,14,41,23,48,18,16,11,15,6,20,0,0,0,0,0,0,0,0,0,0,0,0,0,0,0,0,271,0,0,0,0,0,0,0,0
2020-12-29T23:59:59+01:00,0,0,6,1,5,13,11,23,14,41,23,48,18,16,11,15,6,20,0,0,0,0,0,0,0,0,0,0,0,0,0,0,0,0,271,0,0,0,0,0,0,0,0
2020-12-28T23:59:59+01:00,0,0,6,1,5,13,11,23,14,41,23,48,18,16,11,15,6,20,0,0,0,0,0,0,0,0,0,0,0,0,0,0,0,0,271,0,0,0,0,0,0,0,0
2020-12-27T23:59:59+01:00,0,0,6,1,4,12,11,23,14,41,23,48,18,15,11,15,6,20,0,0,0,0,0,0,0,0,0,0,0,0,0,0,0,0,268,0,0,0,0,0,0,0,0
