Datum,<15_m,<15_w,15-24_1_m,15-24_1_w,25-34_1_m,25-34_1_w,35-44_1_m,35-44_1_w,45-54_1_m,45-54_1_w,55-64_1_m,55-64_1_w,65-74_1_m,65-74_1_w,75-84_1_m,75-84_1_w,>84_1_m,>84_1_w,<24_2_m,<24_2_w,25-34_2_m,25-34_2_w,35-44_2_m,35-44_2_w,45-54_2_m,45-54_2_w,55-64_2_m,55-64_2_w,65-74_2_m,65-74_2_w,75-84_2_m,75-84_2_w,>84_2_m,>84_2_w,bp_1,bp_2,mo_1,mo_2,az_1,az_2,ja,unb_1,unb_2
2021-08-11T23:59:59+02:00,1197,1098,12052,11246,15189,13722,17178,16925,20499,20532,22106,21097,14314,15457,9843,12059,2919,5124,10731,9997,14228,12687,16450,16062,20014,19929,21689,20632,14087,15207,9712,11875,2871,5054,166352,158788,22399,21304,35535,34598,8268,3,3
2021-08-10T23:59:59+02:00,1197,1088,12026,11229,15165,13709,17159,16912,20483,20520,22091,21085,14303,15452,9841,12055,2919,5122,10678,9947,14181,12659,16414,16039,19989,19906,21667,20611,14074,15195,9709,11872,2871,5050,166279,158531,22399,21304,35535,34598,8140,3,3
2021-08-09T23:59:59+02:00,1193,1081,11996,11199,15147,13691,17145,16892,20471,20511,22073,21075,14292,15448,9837,12049,2919,5120,10627,9894,14141,12625,16383,16008,19972,19890,21649,20603,14061,15187,9701,11865,2871,5045,166164,158271,22399,21304,35535,34598,8038,3,3
2021-08-08T23:59:59+02:00,1190,1080,11992,11194,15145,13690,17141,16890,20468,20508,22071,21074,14292,15446,9836,12048,2919,5120,10625,9894,14140,12620,16381,16006,19971,19889,21648,20603,14059,15187,9701,11865,2871,5045,166129,158254,22399,21304,35535,34598,8038,3,3
2021-08-07T23:59:59+02:00,1190,1080,11990,11192,15143,13687,17140,16888,20467,20506,22070,21074,14292,15445,9836,12047,2919,5120,10624,9892,14139,12619,16381,16006,19971,19888,21648,20600,14058,15187,9701,11865,2871,5045,166111,158244,22399,21304,35535,34598,8038,3,3
2021-08-06T23:59:59+02:00,1188,1078,11972,11181,15115,13674,17116,16873,20447,20488,22059,21065,14289,15441,9834,12043,2919,5120,10606,9882,14107,12606,16357,15991,19951,19873,21637,20591,14055,15183,9699,11861,2871,5045,166098,158237,22399,21303,35535,34597,7867,3,3
2021-08-05T23:59:59+02:00,1179,1070,11929,11150,15082,13652,17090,16839,20417,20468,22029,21047,14276,15424,9829,12035,2915,5119,10579,9869,14080,12586,16338,15971,19922,19859,21613,20577,14044,15172,9694,11856,2869,5044,165960,158212,22399,21301,35535,34596,7653,3,3
2021-08-04T23:59:59+02:00,1166,1061,11900,11120,15070,13637,17076,16826,20406,20456,22019,21034,14269,15419,9825,12033,2914,5118,10570,9852,14066,12577,16325,15964,19912,19850,21607,20575,14042,15171,9693,11856,2868,5043,165761,158139,22398,21271,35534,34596,7653,3,3
2021-08-03T23:59:59+02:00,1160,1055,11857,11086,15035,13612,17051,16796,20385,20437,21999,21012,14256,15401,9821,12030,2913,5117,10534,9831,14035,12561,16305,15944,19895,19838,21590,20562,14034,15153,9689,11854,2868,5043,165631,158098,22398,21269,35534,34594,7457,3,3
2021-08-02T23:59:59+02:00,1157,1053,11840,11068,15015,13593,17036,16776,20370,20427,21992,21002,14245,15390,9815,12028,2913,5115,10514,9816,14016,12540,16291,15926,19879,19831,21584,20551,14024,15141,9683,11852,2868,5041,165584,158059,22398,21269,35534,34594,7316,3,3
2021-08-01T23:59:59+02:00,1157,1053,11838,11064,15015,13593,17035,16775,20370,20426,21990,21002,14245,15389,9815,12028,2913,5114,10512,9815,14012,12539,16289,15926,19879,19830,21584,20551,14024,15141,9683,11852,2868,5041,165573,158050,22397,21268,35534,34594,7315,3,3
2021-07-31T23:59:59+02:00,1157,1053,11838,11064,15015,13593,17035,16775,20370,20426,21990,21002,14245,15389,9815,12028,2913,5114,10512,9814,14009,12537,16288,15926,19879,19828,21583,20551,14024,15141,9683,11852,2868,5041,165573,158041,22397,21267,35534,34594,7315,3,3
2021-07-30T23:59:59+02:00,1156,1053,11804,11052,14981,13570,17000,16747,20343,20407,21953,20983,14228,15381,9809,12020,2912,5113,10479,9802,13975,12514,16254,15899,19852,19809,21546,20531,14007,15133,9677,11844,2867,5040,165568,158038,22397,21267,35534,34593,7010,3,3
2021-07-29T23:59:59+02:00,1147,1045,11773,11023,14958,13546,16990,16734,20335,20396,21944,20977,14225,15380,9806,12018,2909,5112,10474,9793,13957,12510,16243,15894,19850,19807,21542,20530,14005,15131,9677,11844,2867,5040,165379,157977,22397,21265,35534,34593,7005,3,3
2021-07-28T23:59:59+02:00,1132,1039,11738,10977,14932,13517,16973,16716,20327,20383,21935,20970,14221,15378,9804,12016,2908,5111,10463,9784,13940,12495,16234,15885,19844,19803,21539,20528,14004,15129,9677,11843,2867,5040,165161,157911,22396,21264,35534,34591,6983,3,3
2021-07-27T23:59:59+02:00,1129,1038,11718,10961,14908,13498,16954,16707,20314,20365,21918,20951,14213,15365,9797,12012,2907,5109,10442,9772,13913,12471,16217,15877,19830,19785,21523,20508,13995,15117,9670,11839,2866,5039,165136,157887,22396,21264,35534,34591,6795,3,3
2021-07-26T23:59:59+02:00,1123,1026,11662,10903,14864,13461,16929,16685,20280,20334,21889,20935,14196,15357,9790,12004,2907,5108,10404,9746,13882,12443,16192,15861,19794,19751,21474,20479,13978,15107,9662,11830,2866,5038,164966,157829,22395,21263,35534,34531,6555,3,3
2021-07-25T23:59:59+02:00,1122,1026,11660,10900,14859,13460,16928,16684,20279,20334,21889,20935,14196,15357,9790,12004,2907,5108,10403,9734,13879,12440,16190,15860,19793,19751,21474,20479,13978,15107,9662,11830,2866,5037,164953,157808,22393,21260,35534,34531,6555,3,3
2021-07-24T23:59:59+02:00,1122,1026,11656,10898,14858,13459,16928,16683,20277,20333,21889,20934,14195,15357,9790,12004,2907,5108,10281,9621,13711,12298,15768,15495,19644,19629,21456,20453,13964,15092,9655,11822,2866,5036,164947,157786,22387,19592,35534,34531,6553,3,3
2021-07-23T23:59:59+02:00,1098,1013,11543,10828,14779,13403,16875,16629,20236,20281,21851,20896,14179,15337,9780,11996,2905,5107,8526,8239,12329,11194,15280,15065,19356,19307,21243,20260,13886,15008,9598,11773,2861,5032,164538,150144,22387,19592,35534,34474,6274,3,3
2021-07-22T23:59:59+02:00,1076,1006,11475,10757,14723,13355,16839,16603,20218,20252,21837,20872,14164,15324,9769,11989,2903,5105,7999,7759,11717,10694,14570,14465,19161,19140,21087,20085,13817,14924,9573,11727,2852,5021,164185,145752,22386,19592,35534,34462,6159,3,3
2021-07-21T23:59:59+02:00,1064,997,11430,10708,14688,13324,16810,16575,20202,20235,21821,20861,14152,15319,9767,11981,2901,5103,7996,7752,11705,10686,14565,14463,19153,19139,21033,20048,13814,14922,9573,11726,2851,5019,163860,145719,22386,19585,35534,34360,6155,3,3
2021-07-20T23:59:59+02:00,1051,982,11378,10667,14658,13295,16777,16557,20179,20214,21797,20843,14142,15307,9765,11975,2900,5102,7985,7746,11689,10678,14558,14456,19144,19135,21026,20044,13813,14920,9573,11726,2851,5019,163552,145686,22386,19585,35534,34352,6114,3,3
2021-07-19T23:59:59+02:00,1038,966,11329,10618,14631,13261,16757,16538,20160,20195,21784,20835,14136,15303,9761,11966,2898,5098,7980,7743,11683,10674,14554,14455,19142,19135,21012,20028,13811,14919,9572,11724,2851,5019,163239,145660,22386,19583,35534,34321,6112,3,3
2021-07-18T23:59:59+02:00,1038,966,11327,10618,14631,13259,16756,16538,20160,20194,21784,20835,14135,15303,9761,11966,2898,5098,7977,7739,11674,10669,14549,14452,19141,19135,21001,20023,13811,14919,9572,11724,2851,5019,163233,145633,22385,19582,35534,34303,6112,3,3
2021-07-17T23:59:59+02:00,1036,966,11282,10590,14574,13215,16720,16508,20125,20180,21758,20811,14124,15290,9758,11963,2898,5097,7902,7680,11531,10540,14356,14285,18718,18816,20803,19848,13783,14878,9557,11701,2847,5013,163207,145627,22376,17927,35534,34303,5775,3,3
2021-07-16T23:59:59+02:00,1016,950,11091,10450,14476,13116,16622,16433,20050,20115,21706,20763,14097,15265,9741,11956,2894,5092,7627,7478,10605,9906,13892,13976,18492,18624,19944,19192,13617,14666,9448,11569,2831,4989,162891,142197,21847,17917,35534,32522,5558,3,3
2021-07-15T23:59:59+02:00,992,934,11034,10388,14440,13084,16598,16412,20036,20098,21696,20754,14093,15261,9737,11952,2894,5088,7196,7110,8402,8189,13431,13585,18430,18567,19803,19057,13484,14524,9396,11507,2830,4979,162557,135865,21846,17914,35534,32486,5551,3,3
2021-07-14T23:59:59+02:00,966,916,10958,10301,14371,13024,16560,16368,20001,20063,21671,20733,14081,15249,9725,11938,2890,5086,6647,6661,7320,7334,12859,13136,18332,18473,19696,18969,13454,14487,9379,11491,2828,4976,162068,131503,21846,17910,35534,32422,5450,3,3
2021-07-13T23:59:59+02:00,948,895,10877,10228,14326,12981,16533,16338,19978,20042,21660,20720,14074,15239,9722,11931,2888,5084,6394,6373,6871,6953,12553,12868,18316,18452,19651,18933,13341,14378,9376,11487,2828,4973,161638,131469,21843,15657,35534,32418,5446,3,3
2021-07-12T23:59:59+02:00,928,883,10824,10179,14281,12936,16491,16309,19962,20029,21654,20714,14071,15234,9718,11927,2888,5082,6253,6277,6710,6832,12261,12626,17627,17888,19554,18854,13307,14353,9359,11465,2828,4970,161342,128936,21843,15653,35534,32415,5388,3,3
2021-07-11T23:59:59+02:00,928,883,10823,10177,14279,12935,16490,16309,19962,20029,21654,20714,14071,15234,9718,11927,2888,5082,6247,6273,6708,6829,12260,12626,17627,17888,19553,18854,13307,14353,9359,11464,2827,4968,161340,128926,21843,15653,35534,32409,5383,3,3
2021-07-10T23:59:59+02:00,925,878,10816,10165,14272,12930,16482,16309,19960,20023,21649,20709,14071,15233,9718,11927,2888,5082,6238,6265,6699,6824,12257,12622,17626,17884,19548,18851,13306,14353,9359,11464,2827,4968,161277,128876,21843,15653,35534,32409,5380,3,3
2021-07-09T23:59:59+02:00,911,862,10766,10121,14239,12902,16448,16280,19926,20000,21621,20687,14052,15218,9703,11919,2887,5079,5429,5529,6568,6724,12099,12518,17396,17779,19343,18717,13243,14280,9333,11445,2824,4965,161093,125969,21843,15653,35534,31460,5148,3,3
2021-07-08T23:59:59+02:00,909,862,10705,10076,14153,12848,16385,16229,19874,19954,21592,20663,14038,15201,9697,11906,2886,5073,5296,5415,6350,6549,11662,12174,16885,17408,19083,18532,13179,14196,9307,11409,2818,4953,161076,124039,21842,15650,35533,30954,4597,3,3
2021-07-07T23:59:59+02:00,908,862,10703,10070,14149,12845,16384,16229,19874,19951,21592,20663,14038,15201,9697,11906,2886,5073,5152,5231,5882,6137,10463,11189,16832,17342,19029,18487,13162,14174,9298,11406,2814,4943,161066,120370,21838,15649,35533,30951,4591,3,3
2021-07-06T23:59:59+02:00,908,862,10701,10069,14146,12843,16382,16229,19874,19951,21592,20662,14038,15200,9697,11906,2886,5073,5133,5225,5875,6132,10462,11187,16830,17342,19027,18487,13162,14172,9298,11406,2814,4943,161061,120348,21836,15646,35533,30935,4586,3,3
2021-07-05T23:59:59+02:00,908,862,10695,10065,14129,12840,16372,16227,19873,19951,21590,20662,14038,15200,9697,11906,2886,5073,5124,5224,5856,6129,10451,11185,16827,17342,19025,18486,13162,14172,9298,11406,2814,4943,161054,120344,21836,15644,35533,30928,4548,3,3
2021-07-04T23:59:59+02:00,908,862,10685,10055,14127,12836,16371,16227,19872,19951,21589,20661,14038,15200,9697,11905,2885,5072,5091,5181,5770,6052,10324,11071,16820,17339,19024,18483,13158,14170,9296,11401,2811,4941,161047,119867,21836,15643,35533,30920,4522,3,3
2021-07-03T23:59:59+02:00,827,793,8751,8500,12676,11685,15902,15773,19590,19652,21421,20496,13964,15124,9643,11859,2879,5068,4982,5049,5496,5797,10087,10856,16676,17199,18833,18331,13133,14136,9286,11391,2809,4939,152723,118311,21836,15643,35533,30550,4508,3,3
2021-07-02T23:59:59+02:00,827,791,8750,8495,12672,11681,15900,15772,19588,19652,21420,20496,13963,15124,9642,11858,2878,5067,4121,4181,4852,5148,9117,9862,16306,16722,18351,17793,12783,13815,9227,11316,2807,4931,152707,113778,21836,15643,35531,27422,4499,3,3
2021-07-01T23:59:59+02:00,807,771,8541,8326,12591,11602,15867,15743,19577,19638,21410,20478,13959,15121,9637,11850,2875,5061,2284,2460,4420,4774,8627,9436,15677,16179,17799,17356,12726,13749,9197,11260,2793,4901,152013,106144,21836,15641,35531,27382,4471,3,2
2021-06-30T23:59:59+02:00,752,721,8298,8139,12421,11455,15752,15647,19510,19570,21370,20431,13940,15095,9624,11837,2874,5056,2225,2421,4330,4655,8522,9336,15479,16041,17067,16856,12074,13105,9138,11191,2786,4895,150669,106083,21833,15640,35530,23940,4457,3,2
2021-06-29T23:59:59+02:00,752,721,8294,8130,12419,11451,15749,15647,19508,19570,21370,20431,13940,15095,9624,11837,2874,5056,2203,2409,4307,4616,8499,9291,15443,15982,16991,16771,11719,12767,9110,11157,2783,4887,150660,106069,21830,15638,35529,22781,4446,3,2
2021-06-28T23:59:59+02:00,752,721,8291,8126,12411,11446,15747,15647,19507,19570,21370,20431,13939,15095,9624,11837,2874,5056,2195,2380,4259,4498,8424,9131,15322,15704,16823,16499,11412,12465,9087,11130,2782,4883,150643,106059,21830,15638,35529,20857,4439,3,2
2021-06-27T23:59:59+02:00,752,721,8288,8120,12407,11443,15745,15647,19506,19570,21370,20431,13939,15095,9624,11836,2874,5056,2185,2376,4250,4496,8241,8978,15302,15688,16821,16494,11408,12464,9086,11128,2782,4883,150634,105661,21828,15637,35529,20853,4430,3,2
2021-06-26T23:59:59+02:00,744,717,8074,7905,11934,11035,14636,14659,19255,19373,21267,20309,13896,15044,9611,11807,2871,5053,2145,2333,4196,4441,8143,8868,15040,15429,16759,16447,11391,12445,9074,11123,2782,4881,148162,104598,20067,15615,35528,20853,4430,3,2
2021-06-25T23:59:59+02:00,725,699,8047,7881,11919,11025,14636,14653,19248,19368,21263,20308,13896,15044,9610,11805,2871,5053,2015,2154,3908,4135,6617,7435,12384,13239,16684,16359,11364,12415,9063,11099,2777,4866,148023,95729,20067,15533,35528,20820,4430,3,2
2021-06-24T23:59:59+02:00,713,682,7561,7469,10844,10131,14103,14218,19177,19309,21215,20265,13874,15016,9597,11792,2870,5050,1946,2086,3548,3796,5854,6767,12142,13031,16438,16152,11260,12288,8973,10972,2766,4832,143874,94497,20063,13161,35527,20772,4419,3,2
2021-06-23T23:59:59+02:00,713,682,7559,7464,10838,10130,14102,14217,19177,19308,21215,20264,13874,15016,9597,11792,2870,5050,1801,1918,3062,3393,4499,5592,11838,12762,16317,16034,11214,12249,8960,10945,2765,4825,143860,89849,20061,13161,35526,20744,4418,3,2
2021-06-22T23:59:59+02:00,713,682,7510,7435,10765,10080,14079,14191,19161,19293,21204,20256,13867,15006,9594,11789,2870,5050,1751,1887,2980,3339,4461,5559,11809,12723,16249,15983,11005,12058,8708,10644,2755,4794,143845,89830,20061,13157,35525,19605,4111,3,2
2021-06-21T23:59:59+02:00,711,682,7379,7366,10636,9983,13799,13943,18415,18677,21114,20179,13832,14974,9575,11764,2870,5047,1706,1862,2937,3301,4432,5529,11763,12688,16232,15967,10996,12048,8701,10636,2754,4793,141469,89705,20059,13156,35525,19592,3890,3,2
2021-06-20T23:59:59+02:00,711,682,7379,7362,10632,9980,13799,13943,18415,18677,21114,20179,13832,14974,9575,11764,2870,5047,1678,1833,2891,3285,4367,5490,11701,12655,16170,15908,10977,12032,8698,10627,2750,4789,141459,89226,20058,13152,35525,19581,3890,3,2
2021-06-19T23:59:59+02:00,711,681,7342,7325,10526,9889,13617,13785,18001,18341,20929,20006,13814,14947,9563,11744,2867,5041,1647,1798,2850,3236,4287,5416,11365,12365,16132,15870,10968,12020,8696,10622,2748,4787,141414,88212,18297,13123,35525,19580,3890,3,2
2021-06-18T23:59:59+02:00,15,12,6535,6592,10520,9888,13616,13783,17999,18339,20929,20006,13814,14946,9563,11743,2866,5039,1515,1686,2614,3080,3656,4784,10223,11221,15921,15714,10926,11980,8673,10600,2734,4759,138499,83555,18296,13121,35525,19526,3882,3,2
2021-06-17T23:59:59+02:00,13,11,6464,6523,10404,9784,13291,13478,17612,18018,20816,19909,13795,14908,9551,11729,2858,5033,1434,1568,2461,2931,3303,4447,8623,9858,15407,15281,10751,11800,8617,10522,2717,4731,136606,78089,18296,13117,35524,19475,3768,3,2
2021-06-16T23:59:59+02:00,13,11,6457,6517,10393,9781,13289,13476,17611,18017,20815,19909,13795,14908,9550,11728,2858,5033,1384,1520,2359,2857,3119,4268,7538,8917,14909,14893,10668,11689,8581,10474,2706,4715,136576,74265,18294,13115,35524,19451,3764,3,2
2021-06-15T23:59:59+02:00,13,11,6425,6499,10353,9753,13259,13461,17591,17995,20801,19896,13786,14900,9547,11722,2855,5030,1304,1461,2232,2755,3003,4183,6621,8185,14707,14726,10644,11660,8569,10452,2697,4708,136563,74254,18293,10706,35524,19431,3514,3,2
2021-06-14T23:59:59+02:00,13,11,6406,6482,10319,9727,13239,13441,17576,17977,20782,19885,13776,14891,9544,11720,2855,5026,1278,1446,2195,2728,2981,4162,6605,8165,14686,14716,10633,11651,8566,10451,2697,4704,136548,74244,18293,10706,35524,19410,3302,3,2
2021-06-13T23:59:59+02:00,13,11,6405,6482,10315,9725,13238,13439,17576,17977,20782,19885,13775,14891,9544,11720,2855,5026,1274,1440,2192,2719,2971,4152,6588,8148,14585,14651,10620,11628,8560,10439,2694,4704,136539,73952,18293,10706,35524,19405,3300,3,2
2021-06-12T23:59:59+02:00,10,9,5615,5710,10268,9689,13204,13415,17549,17956,20756,19854,13693,14819,9544,11717,2854,5026,1265,1421,2181,2702,2950,4125,6514,8066,14412,14514,10392,11344,8079,9901,2692,4703,134568,73449,18293,10706,35524,17805,3300,3,1
2021-06-11T23:59:59+02:00,9,9,5611,5703,10258,9682,13190,13403,17542,17952,20752,19852,13693,14818,9544,11715,2854,5026,1190,1337,2061,2542,2778,3870,5015,6733,12701,13134,10252,11196,7992,9795,2685,4687,134495,66168,18293,10705,35524,17796,3298,3,1
2021-06-10T23:59:59+02:00,3,3,4610,4748,10091,9554,13079,13321,17286,17716,20512,19671,13684,14807,9538,11705,2851,5023,1133,1276,1947,2436,2618,3693,4409,6096,11536,12146,9952,10872,7908,9710,2673,4662,131163,61349,18292,10705,35524,17791,3221,2,1
2021-06-09T23:59:59+02:00,3,3,4017,4139,9884,9406,12992,13248,16975,17450,20284,19489,13669,14794,9533,11699,2850,5018,1059,1232,1846,2367,2526,3580,4083,5789,11111,11821,9824,10713,7862,9644,2662,4653,128790,61275,18277,8851,35524,17785,2860,2,1
2021-06-08T23:59:59+02:00,3,3,4005,4132,9872,9397,12980,13241,16968,17441,20276,19487,13667,14791,9532,11696,2849,5016,1013,1224,1824,2352,2499,3566,4058,5769,11100,11818,9821,10708,7861,9642,2661,4650,128776,61158,18274,8846,35523,17780,2781,2,1
2021-06-07T23:59:59+02:00,3,3,3991,4124,9839,9384,12970,13223,16945,17430,20260,19476,13664,14787,9529,11692,2847,5014,1002,1217,1791,2341,2490,3547,4034,5756,11082,11804,9818,10702,7858,9639,2659,4648,128764,61149,18272,8843,35522,17774,2621,2,1
2021-06-06T23:59:59+02:00,3,3,3986,4120,9834,9380,12969,13223,16944,17429,20259,19476,13663,14786,9529,11692,2847,5014,999,1214,1780,2339,2484,3538,4021,5749,10955,11659,9807,10695,7857,9639,2659,4648,128752,60824,18272,8842,35521,17766,2610,2,1
2021-06-05T23:59:59+02:00,2,0,3692,3819,7342,7373,12731,13038,16915,17400,20214,19436,13547,14641,9454,11601,2843,5002,922,1142,1615,2238,2318,3459,3795,5609,10059,10818,9424,10240,7746,9484,2651,4628,122776,57548,18272,8842,35521,17278,2479,2,1
2021-06-04T23:59:59+02:00,2,0,3625,3764,7190,7257,12261,12643,16775,17288,19981,19201,13428,14495,9397,11522,2829,4985,894,1076,1584,2133,2279,3292,3719,5351,9419,10141,8579,9221,7470,9079,2647,4617,120376,56076,18272,8840,35521,14112,2472,2,1
2021-06-03T23:59:59+02:00,2,0,3212,3370,7163,7241,12133,12525,16743,17247,19894,19135,13416,14478,9395,11519,2828,4984,865,1009,1538,2009,2200,3092,3529,4969,8842,9521,7818,8349,6998,8463,2644,4609,119133,54445,18270,8839,35517,10807,2363,2,1
2021-06-02T23:59:59+02:00,0,0,2824,3052,6024,6323,11829,12291,16684,17196,19771,19030,13355,14424,9373,11498,2826,4976,849,975,1474,1986,2087,3054,3358,4867,7481,8439,7738,8270,6982,8435,2641,4604,115435,51342,18269,8839,35517,10805,2253,2,1
2021-06-01T23:59:59+02:00,0,0,2537,2740,5549,5897,11510,12008,16660,17173,19720,18993,13232,14301,9366,11494,2825,4973,832,968,1459,1977,2069,3041,3332,4847,7184,8114,7701,8236,6972,8421,2639,4604,115416,50664,15925,8819,35517,10794,2118,2,1
2021-05-31T23:59:59+02:00,0,0,2522,2737,5530,5888,11482,11987,16626,17162,19680,18971,13229,14297,9362,11492,2825,4971,816,961,1440,1967,2036,3021,3296,4833,7143,8093,7698,8231,6968,8419,2639,4602,115409,50652,15921,8813,35517,10785,1912,2,1
2021-05-30T23:59:59+02:00,0,0,2518,2735,5528,5884,11482,11986,16623,17161,19678,18970,13229,14297,9362,11492,2825,4971,815,957,1435,1964,2036,3019,3294,4831,7142,8093,7698,8231,6968,8419,2639,4602,115393,50646,15921,8813,35514,10772,1911,2,1
2021-05-29T23:59:59+02:00,0,0,2502,2721,5362,5730,11415,11927,16615,17155,19670,18969,13228,14295,9360,11492,2825,4971,778,908,1324,1869,1758,2766,2889,4408,6857,7821,7514,8006,6792,8191,2636,4596,114889,50000,15921,8813,35514,8388,1911,2,1
2021-05-28T23:59:59+02:00,0,0,2368,2591,4937,5339,10737,11311,16548,17093,19644,18941,13219,14281,9341,11463,2823,4962,757,885,1265,1815,1668,2694,2756,4303,5276,6128,7351,7810,6750,8135,2633,4586,112254,45711,15921,8813,35514,8380,1907,2,1
2021-05-27T23:59:59+02:00,0,0,2348,2570,4887,5273,10074,10740,16508,17061,19630,18930,13209,14271,9339,11461,2823,4962,703,790,1158,1743,1457,2552,2383,3996,4395,5216,7114,7502,6659,8018,2616,4567,110870,41918,15918,8807,35512,8359,1784,2,1
2021-05-26T23:59:59+02:00,0,0,2310,2508,4714,5093,9639,10373,16456,17007,19562,18876,13195,14252,9329,11459,2819,4949,688,748,1111,1711,1368,2472,2174,3825,4266,5078,6950,7289,6579,7919,2604,4553,109449,40519,15916,8806,35512,8347,1662,2,1
2021-05-25T23:59:59+02:00,0,0,2307,2501,4684,5076,9614,10347,16431,16989,19549,18869,13190,14250,9326,11456,2819,4949,681,734,1064,1693,1316,2427,2104,3765,3726,4501,6648,6946,6545,7882,2603,4551,109445,40511,15914,6851,35511,8338,1485,2,1
2021-05-24T23:59:59+02:00,0,0,2298,2493,4672,5071,9605,10342,16405,16969,19523,18845,13180,14239,9323,11446,2818,4945,672,729,1052,1686,1306,2420,2079,3745,3700,4476,6637,6935,6542,7872,2602,4547,109438,40504,15914,6851,35511,8335,1309,2,1
2021-05-23T23:59:59+02:00,0,0,2282,2461,4584,4997,9471,10220,16402,16968,19523,18844,13178,14237,9320,11442,2816,4944,671,726,1050,1686,1305,2420,2079,3745,3700,4475,6636,6935,6542,7872,2602,4547,108954,40498,15914,6850,35510,8333,1309,2,1
2021-05-22T23:59:59+02:00,0,0,2262,2442,4575,4980,9391,10138,16379,16954,19471,18800,13150,14207,9317,11436,2816,4943,670,724,1049,1683,1302,2417,2076,3740,3684,4462,5805,6036,6470,7791,2594,4542,108526,38552,15914,6850,35510,8333,1309,2,1
2021-05-21T23:59:59+02:00,0,0,2227,2409,4467,4893,9195,9963,16351,16921,19456,18793,13140,14198,9315,11434,2811,4932,658,697,1012,1617,1252,2294,1990,3560,3340,4027,4043,3929,6427,7725,2589,4527,107786,34547,15914,6850,35507,6993,1296,2,1
2021-05-20T23:59:59+02:00,0,0,2198,2369,4384,4832,8974,9734,16301,16868,19403,18741,13109,14163,9298,11417,2810,4928,603,590,887,1304,1080,1889,1767,3024,2780,3346,3207,2976,6382,7675,2585,4522,106931,32717,15911,6849,35498,3863,1187,2,1
2021-05-19T23:59:59+02:00,0,0,2036,2194,3886,4408,7591,8541,16027,16620,19280,18616,13061,14115,9288,11391,2808,4925,588,553,849,1250,1051,1838,1741,2971,2730,3302,3199,2963,6378,7672,2585,4521,102297,32693,15909,6847,35497,3568,1082,2,1
2021-05-18T23:59:59+02:00,0,0,1988,2141,3580,4120,6933,7945,15880,16504,19196,18533,13028,14082,9232,11317,2802,4911,582,549,843,1248,1043,1830,1711,2955,2721,3284,3194,2958,6374,7668,2585,4521,102277,32689,13448,6842,35493,3562,972,2,1
2021-05-17T23:59:59+02:00,0,0,1980,2133,3560,4106,6889,7921,15852,16486,19174,18514,13018,14059,9231,11316,2802,4911,574,542,824,1233,1001,1806,1683,2937,2697,3263,3183,2937,6374,7667,2585,4521,102270,32684,13445,6842,35493,3558,742,2,1
2021-05-16T23:59:59+02:00,0,0,1975,2130,3553,4102,6703,7757,15829,16467,19170,18509,13013,14058,9230,11315,2802,4911,574,542,824,1231,1000,1805,1683,2937,2695,3263,3183,2937,6374,7667,2585,4521,101848,32681,13444,6842,35489,3556,741,2,1
2021-05-15T23:59:59+02:00,0,0,1947,2094,3515,4064,6617,7653,15560,16199,19114,18467,12994,14039,9221,11310,2802,4909,574,542,824,1230,1000,1805,1681,2936,2695,3263,3182,2937,6373,7667,2585,4521,100829,32677,13444,6842,35489,3554,741,2,1
2021-05-14T23:59:59+02:00,0,0,1838,1949,3269,3813,5023,6175,12909,14006,19050,18381,12970,14009,9215,11297,2799,4903,574,541,821,1230,1000,1805,1680,2935,2689,3261,3177,2931,6370,7665,2585,4520,91944,32659,13444,6841,35487,3554,729,2,1
2021-05-13T23:59:59+02:00,0,0,1812,1901,3228,3762,4911,6074,12704,13822,18890,18254,12894,13914,9179,11244,2799,4902,568,538,814,1221,990,1793,1661,2916,2582,3168,2516,2125,4918,5864,2576,4501,90729,29646,13347,4824,35485,3553,727,2,1
2021-05-12T23:59:59+02:00,0,0,1812,1901,3227,3762,4911,6074,12704,13822,18889,18254,12894,13914,9179,11244,2799,4902,568,538,814,1221,990,1793,1661,2915,2579,3166,2516,2125,4918,5862,2576,4501,90728,29643,13347,4819,35484,3553,727,2,1
2021-05-11T23:59:59+02:00,0,0,1768,1856,3135,3687,4823,6008,11776,13093,18695,18095,12880,13893,9172,11230,2793,4898,567,536,811,1216,989,1792,1660,2915,2570,3162,2515,2124,4916,5861,2575,4501,90717,29636,10888,4807,35476,3547,719,2,1
2021-05-10T23:59:59+02:00,0,0,1752,1853,3129,3684,4817,6004,11775,13092,18694,18095,12880,13893,9172,11230,2793,4898,566,534,811,1216,988,1792,1659,2915,2570,3162,2514,2123,4916,5861,2575,4501,90704,29635,10885,4806,35451,3542,719,2,1
2021-05-09T23:59:59+02:00,0,0,1716,1806,3077,3669,4747,5969,11708,13071,18631,18036,12860,13874,9169,11221,2791,4896,564,531,803,1215,980,1786,1646,2912,2566,3161,2514,2121,4915,5860,2575,4500,90235,29631,10882,4805,35444,3534,678,2,1
2021-05-08T23:59:59+02:00,0,0,1683,1772,3041,3619,4670,5896,11371,12769,18598,18002,12853,13866,9168,11219,2789,4896,552,530,796,1215,969,1786,1638,2912,2550,3150,2513,2121,4915,5859,2574,4499,89206,29627,10882,4805,35444,3468,678,2,1
2021-05-07T23:59:59+02:00,0,0,1539,1649,2793,3447,3996,5232,10163,11579,18398,17851,12814,13831,9148,11202,2781,4889,455,381,673,985,823,1467,1493,2497,2381,2793,2504,2112,4911,5855,2571,4496,84439,29622,10881,4805,35432,1411,558,2,1
2021-05-06T23:59:59+02:00,0,0,1476,1480,2659,3316,3669,4923,8463,10097,17883,17426,12646,13663,9101,11130,2778,4881,333,322,569,883,687,1378,1245,2283,2167,2598,2452,2080,4909,5848,2571,4495,78913,29601,10880,4804,35415,33,381,2,1
2021-05-05T23:59:59+02:00,0,0,1422,1404,2572,3244,3493,4748,7314,9080,17376,17026,12558,13550,9069,11084,2769,4866,333,322,567,882,686,1376,1199,2231,2156,2590,2448,2078,4909,5844,2571,4491,75036,29591,10876,4803,35405,32,256,2,1
2021-05-04T23:59:59+02:00,0,0,1411,1402,2565,3237,3491,4748,7312,9079,17375,17026,12558,13550,9069,11084,2769,4866,333,321,567,881,684,1376,1199,2231,2156,2590,2447,2078,4909,5844,2571,4490,75028,29588,10865,4803,35392,30,255,2,1
2021-05-03T23:59:59+02:00,0,0,1409,1396,2557,3232,3488,4742,7233,9019,17361,17018,12554,13548,9069,11084,2768,4865,330,315,563,877,679,1371,1120,2171,2142,2582,2443,2076,4909,5844,2570,4489,75019,29586,10865,4803,35392,26,65,2,1
2021-05-02T23:59:59+02:00,0,0,1401,1392,2554,3226,3475,4733,7213,8999,17255,16950,12541,13523,9063,11073,2765,4865,328,314,563,876,679,1371,1120,2170,2140,2582,2443,2076,4908,5842,2570,4489,74709,29580,10864,4802,35391,26,62,2,1
2021-05-01T23:59:59+02:00,0,0,1397,1386,2545,3216,3466,4715,7154,8938,17111,16833,12516,13500,9051,11067,2765,4865,328,314,563,876,679,1371,1120,2170,2140,2582,2443,2076,4906,5842,2569,4487,74206,29575,10864,4802,35391,26,62,2,1
2021-04-30T23:59:59+02:00,0,0,1327,1306,2424,3046,3297,4441,5604,7538,15365,15401,12373,13340,8956,10950,2750,4832,328,314,562,875,678,1371,1117,2168,2137,2580,2442,2067,4893,5833,2561,4469,66684,29558,10864,4801,35391,26,9,2,1
2021-04-29T23:59:59+02:00,0,0,1273,1268,2321,2936,3164,4271,4996,6889,14190,14378,12063,13012,8865,10868,2736,4804,326,313,562,874,678,1370,1116,2168,2135,2578,2440,2063,4892,5830,2560,4467,61771,29538,10864,4798,35388,26,9,2,1
2021-04-28T23:59:59+02:00,0,0,1210,1251,2259,2899,3099,4190,4687,6597,13775,14062,11948,12865,8824,10809,2728,4798,325,313,559,872,675,1370,1114,2167,2134,2571,2437,2060,4889,5826,2557,4464,61654,29534,8955,4771,35388,25,2,2,1
2021-04-27T23:59:59+02:00,0,0,1190,1249,2254,2898,3095,4189,4685,6597,13774,14061,11947,12864,8824,10809,2728,4798,325,313,559,872,674,1368,1114,2167,2133,2571,2437,2058,4889,5826,2557,4464,61622,29532,8950,4767,35386,25,2,2,1
2021-04-26T23:59:59+02:00,0,0,1190,1247,2252,2897,3093,4189,4671,6583,13734,14030,11944,12861,8824,10808,2728,4797,325,313,559,872,674,1368,1114,2167,2131,2570,2437,2058,4889,5826,2557,4464,61614,29530,8946,4766,35284,25,2,2,1
2021-04-25T23:59:59+02:00,0,0,1189,1247,2246,2897,3090,4182,4658,6576,13596,13876,11934,12855,8823,10807,2728,4797,325,313,558,872,673,1367,1112,2165,2131,2570,2437,2058,4889,5826,2557,4464,61288,29526,8943,4763,35266,25,2,2,1
2021-04-24T23:59:59+02:00,0,0,1123,1201,2108,2808,2950,4126,4447,6461,12734,13073,11657,12526,8757,10703,2721,4784,325,313,558,872,672,1366,1112,2165,2131,2569,2436,2058,4885,5825,2557,4464,57967,29519,8942,4763,35266,23,2,2,1
2021-04-23T23:59:59+02:00,0,0,1024,1181,1893,2781,2790,4093,4333,6350,11393,12018,11602,12464,8733,10656,2719,4781,324,313,558,872,671,1366,1111,2165,2129,2569,2435,2058,4884,5819,2557,4463,56491,29513,8942,4761,33375,18,1,2,1
2021-04-22T23:59:59+02:00,0,0,1014,1172,1866,2768,2728,4068,4156,6231,10775,11501,11514,12378,8703,10609,2716,4776,323,312,558,872,671,1365,1109,2165,2128,2569,2435,2056,4882,5817,2557,4463,54796,29506,8941,4756,33235,18,1,2,1
2021-04-21T23:59:59+02:00,0,0,999,1158,1791,2744,2608,4033,4010,6157,9283,10341,11439,12311,8691,10585,2713,4773,322,312,557,872,670,1365,1108,2165,2128,2569,2431,2052,4879,5815,2556,4461,51633,29489,8940,4753,33060,18,1,2,1
2021-04-20T23:59:59+02:00,0,0,999,1157,1790,2743,2605,4030,4006,6156,8987,10018,11412,12287,8687,10576,2713,4772,322,312,557,872,670,1365,1108,2164,2127,2568,2431,2051,4877,5814,2556,4461,50939,29485,8937,4750,33059,18,1,2,1
2021-04-19T23:59:59+02:00,0,0,997,1155,1790,2740,2604,4029,4004,6154,8987,10017,11412,12287,8687,10575,2713,4772,321,312,557,871,670,1365,1106,2164,2126,2568,2431,2051,4877,5814,2556,4461,50931,29481,8932,4749,33057,18,1,2,1
2021-04-18T23:59:59+02:00,0,0,997,1154,1788,2740,2602,4027,4004,6154,8987,10017,11412,12287,8687,10574,2713,4771,321,312,557,871,669,1365,1106,2163,2126,2568,2431,2051,4877,5814,2556,4461,50924,29480,8931,4748,33056,18,1,2,1
2021-04-17T23:59:59+02:00,0,0,997,1153,1785,2734,2525,3937,3948,6072,8970,9999,11289,12135,8684,10572,2713,4770,316,306,553,864,661,1355,1088,2150,2079,2542,2386,1999,4828,5745,2550,4455,50293,29110,8931,4748,33056,17,1,2,1
2021-04-16T23:59:59+02:00,0,0,968,1119,1674,2651,2323,3800,3698,5898,7248,8186,11092,11891,8630,10509,2710,4757,309,301,538,845,629,1318,1006,2093,1855,2382,2236,1890,4641,5476,2491,4339,45948,29096,8856,3239,32347,12,1,2,1
2021-04-15T23:59:59+02:00,0,0,898,1067,1544,2563,2042,3648,3166,5569,6237,7220,10835,11555,8530,10386,2691,4734,309,301,537,844,627,1317,1005,2090,1619,2241,2083,1759,4455,5265,2437,4236,42141,29051,8853,2064,31688,8,1,2,1
2021-04-14T23:59:59+02:00,0,0,883,1038,1499,2527,1954,3567,2996,5434,6143,7109,10671,11348,8448,10286,2679,4720,289,291,503,817,556,1258,798,1947,1399,2117,2016,1684,4324,5101,2423,4208,40765,27657,8849,2064,31685,8,1,2,1
2021-04-13T23:59:59+02:00,0,0,878,1032,1487,2524,1931,3548,2964,5400,5621,6533,10371,11009,8417,10252,2678,4719,289,289,503,816,556,1258,798,1947,1399,2116,2013,1683,4324,5101,2423,4205,40758,27655,6922,2055,31681,8,1,2,1
2021-04-12T23:59:59+02:00,0,0,878,1030,1486,2521,1931,3548,2963,5399,5620,6533,10370,11009,8417,10252,2678,4719,289,288,503,816,554,1258,796,1946,1398,2116,2013,1683,4324,5100,2423,4205,40753,27649,6919,2053,31679,8,1,2,1
2021-04-11T23:59:59+02:00,0,0,878,1030,1485,2521,1929,3547,2962,5399,5620,6533,10369,11008,8417,10252,2678,4719,289,288,502,816,552,1258,795,1946,1396,2116,2013,1683,4324,5100,2423,4205,40750,27644,6918,2053,31677,8,0,2,1
2021-04-10T23:59:59+02:00,0,0,876,1027,1482,2517,1912,3535,2893,5333,5492,6435,10139,10791,8364,10202,2674,4718,289,287,502,815,552,1258,794,1946,1396,2116,2009,1679,4319,5091,2422,4202,40180,27615,6918,2053,31290,8,0,2,1
2021-04-09T23:59:59+02:00,0,0,838,994,1385,2461,1808,3476,2764,5279,5352,6370,7761,7963,8300,10108,2664,4700,288,287,499,814,550,1256,791,1946,1394,2112,1989,1657,4297,5073,2419,4197,34705,27507,6917,2053,30599,8,0,2,1
2021-04-08T23:59:59+02:00,0,0,837,992,1381,2458,1806,3473,2753,5270,5341,6357,6973,7048,8258,10058,2661,4696,287,286,499,813,550,1255,790,1946,1392,2111,1987,1657,4296,5070,2419,4197,32852,27494,6917,2052,30591,8,0,2,1
2021-04-07T23:59:59+02:00,0,0,785,969,1306,2386,1719,3405,2560,5163,4600,5874,6306,6406,8200,9997,2655,4690,287,286,499,813,550,1252,790,1946,1392,2111,1987,1657,4295,5070,2419,4197,32848,27493,6916,2051,27255,7,0,2,0
2021-04-06T23:59:59+02:00,0,0,752,962,1287,2351,1695,3364,2530,5117,4526,5798,5944,6049,8179,9973,2650,4684,287,285,499,812,550,1252,789,1946,1391,2111,1987,1656,4295,5070,2419,4197,32844,27490,6916,2049,26099,7,0,2,0
2021-04-05T23:59:59+02:00,0,0,748,931,1246,2226,1623,3199,2411,4847,4366,5526,5636,5743,8162,9947,2648,4680,287,285,499,811,550,1252,789,1946,1391,2111,1987,1656,4295,5070,2419,4197,32842,27489,6916,2049,24179,7,0,2,0
2021-04-04T23:59:59+02:00,0,0,727,906,1155,2010,1489,2933,2197,4413,4016,5027,5391,5519,8130,9893,2647,4672,287,285,498,810,548,1251,788,1945,1317,2074,1623,1382,4137,4889,2375,4132,32838,26286,6916,2049,21369,6,0,2,0
2021-04-03T23:59:59+02:00,0,0,727,906,1154,2009,1488,2933,2196,4413,4016,5027,5391,5518,8130,9893,2647,4672,287,285,498,810,548,1251,788,1945,1317,2074,1623,1382,4137,4889,2375,4132,32834,26286,6916,2049,21368,6,0,2,0
2021-04-02T23:59:59+02:00,0,0,727,905,1154,2009,1488,2933,2196,4413,4015,5026,5391,5517,8129,9892,2646,4670,287,285,498,810,548,1251,788,1945,1316,2074,1623,1382,4137,4889,2375,4132,32832,26285,6916,2049,21361,6,0,2,0
2021-04-01T23:59:59+02:00,0,0,722,903,1151,2003,1480,2925,2182,4395,3924,4941,4898,4917,7424,8998,2644,4665,287,283,497,807,548,1250,785,1943,1278,2046,1474,1287,4038,4788,2364,4119,29928,25745,6890,2043,21352,6,0,2,0
2021-03-31T23:59:59+02:00,0,0,722,902,1149,2002,1476,2920,2178,4394,3906,4930,4725,4699,6657,8064,2634,4643,286,282,497,807,544,1247,780,1936,1173,1969,1079,1022,3629,4325,2257,3945,29810,23793,4864,1980,21325,5,0,2,0
2021-03-30T23:59:59+02:00,0,0,722,902,1148,1999,1464,2911,2169,4385,3861,4903,4526,4518,6407,7767,2625,4627,286,281,497,805,544,1247,780,1935,1173,1969,1079,1022,3629,4325,2256,3945,29805,23789,4859,1980,20268,4,0,2,0
2021-03-29T23:59:59+02:00,0,0,720,900,1148,1999,1462,2911,2169,4385,3857,4901,4523,4516,6404,7758,2623,4609,286,280,497,805,544,1247,779,1934,1173,1969,1079,1021,3629,4325,2256,3945,29796,23785,4854,1980,20233,4,0,2,0
2021-03-28T23:59:59+02:00,0,0,720,900,1148,1996,1460,2909,2168,4382,3856,4901,4522,4516,6401,7754,2623,4608,285,280,495,805,544,1247,778,1934,1173,1969,1079,1020,3629,4325,2256,3945,29794,23781,4849,1979,20219,4,0,2,0
2021-03-27T23:59:59+01:00,0,0,716,895,1144,1988,1452,2899,2149,4366,3814,4875,4473,4459,6356,7696,2616,4595,281,275,481,795,533,1235,730,1898,1012,1877,818,830,3490,4172,2095,3633,29445,22814,4849,1337,20197,4,0,2,0
2021-03-26T23:59:59+01:00,0,0,716,895,1143,1987,1449,2898,2146,4366,3809,4872,4461,4437,6346,7670,2609,4581,280,275,481,793,531,1235,728,1898,1005,1869,681,735,2512,3016,1925,3420,29386,20043,4847,1337,20150,4,0,2,0
2021-03-25T23:59:59+01:00,0,0,715,894,1143,1987,1448,2895,2142,4360,3804,4868,4452,4426,6332,7638,2588,4527,280,275,481,793,530,1232,727,1897,1003,1868,660,728,1329,1567,1644,3057,29373,16730,4842,1337,20002,4,0,2,0
2021-03-24T23:59:59+01:00,0,0,692,883,1105,1957,1377,2835,1936,4212,3580,4742,4392,4366,6197,7470,2574,4495,280,275,481,792,527,1232,726,1897,1002,1868,660,728,1329,1566,1644,3055,27996,16722,4839,1336,19976,4,0,2,0
2021-03-23T23:59:59+01:00,0,0,692,881,1103,1956,1377,2835,1936,4212,3579,4739,4392,4366,6196,7470,2574,4494,280,275,481,792,527,1231,726,1897,1002,1868,660,728,1329,1566,1644,3055,27992,16721,4836,1336,19972,4,0,2,0
2021-03-22T23:59:59+01:00,0,0,692,879,1101,1952,1374,2835,1934,4212,3578,4739,4392,4365,6196,7469,2574,4494,280,275,481,792,527,1230,725,1897,1002,1867,660,727,1329,1566,1644,3055,27988,16718,4835,1336,19961,3,0,2,0
2021-03-21T23:59:59+01:00,0,0,692,879,1099,1949,1374,2833,1933,4211,3577,4738,4392,4365,6195,7469,2574,4494,280,275,481,792,527,1230,725,1897,1002,1867,660,726,1329,1566,1644,3055,27985,16717,4834,1336,19954,3,0,1,0
2021-03-20T23:59:59+01:00,0,0,690,877,1097,1947,1368,2830,1916,4204,3546,4719,4174,4090,5678,6862,2564,4461,275,273,476,786,510,1220,703,1880,964,1838,590,648,1097,1307,1294,2508,27904,15030,4736,1336,18382,3,0,1,0
2021-03-19T23:59:59+01:00,0,0,682,871,1082,1927,1334,2793,1836,4148,3326,4558,4025,3984,5502,6620,2515,4376,275,273,476,786,510,1220,703,1879,963,1838,590,648,1097,1306,1293,2507,27902,15025,3302,1336,18375,3,0,0,0
2021-03-18T23:59:59+01:00,0,0,682,870,1081,1926,1333,2791,1836,4145,3096,4415,3872,3855,5324,6418,2463,4275,275,272,475,786,510,1218,703,1878,962,1837,588,645,858,1049,1183,2339,27892,14241,2117,1335,18373,2,0,0,0
2021-03-17T23:59:59+01:00,0,0,682,870,1080,1926,1333,2790,1836,4145,3096,4415,3872,3853,5323,6418,2463,4275,275,271,475,786,510,1218,703,1878,961,1837,587,645,858,1049,1183,2339,27890,14239,2117,1334,18370,2,0,0,0
2021-03-16T23:59:59+01:00,0,0,681,870,1080,1922,1332,2790,1833,4145,3096,4413,3871,3852,5323,6418,2462,4274,273,267,461,781,501,1206,687,1864,945,1827,585,644,856,1048,1182,2338,27882,14129,2113,1334,18367,2,0,0,0
2021-03-15T23:59:59+01:00,0,0,681,869,1078,1921,1329,2790,1829,4144,3095,4413,3871,3851,5322,6418,2462,4274,273,267,461,781,501,1206,687,1864,944,1826,585,644,856,1048,1182,2338,27877,14127,2111,1334,18359,2,0,0,0
2021-03-14T23:59:59+01:00,0,0,680,867,1075,1918,1326,2787,1827,4142,3090,4412,3871,3851,5322,6418,2462,4274,273,267,461,781,501,1206,687,1864,944,1825,585,644,855,1048,1182,2338,27873,14125,2111,1334,18338,2,0,0,0
2021-03-13T23:59:59+01:00,0,0,678,862,1067,1912,1317,2780,1822,4134,2976,4334,3402,3448,5118,6185,2417,4211,273,267,461,781,501,1206,686,1864,942,1824,561,628,552,753,763,1764,26608,12490,2111,1334,17944,2,0,0,0
2021-03-12T23:59:59+01:00,0,0,648,775,1044,1799,1296,2589,1790,3868,2932,4166,2261,2005,4757,5639,2414,4202,273,267,461,781,501,1206,685,1864,941,1824,561,627,552,753,763,1763,26596,12487,2111,1334,13478,1,0,0,0
2021-03-11T23:59:59+01:00,0,0,638,730,1036,1697,1288,2430,1778,3654,2886,4027,1697,1476,4271,5097,2404,4193,271,266,461,781,501,1206,685,1863,941,1820,561,627,550,752,683,1618,26046,12484,2099,1102,11157,0,0,0,0
2021-03-10T23:59:59+01:00,0,0,633,718,1026,1675,1279,2409,1765,3628,2777,3944,1307,1208,3863,4628,2310,4036,271,266,460,779,500,1206,685,1863,939,1820,561,627,548,751,683,1618,24067,12478,2098,1099,11041,0,0,0,0
2021-03-09T23:59:59+01:00,0,0,632,713,1018,1658,1268,2394,1762,3617,2770,3939,1303,1207,3863,4627,2309,4036,271,266,460,779,500,1206,685,1863,939,1820,561,627,548,751,683,1618,24064,12478,2097,1099,10955,0,0,0,0
2021-03-08T23:59:59+01:00,0,0,628,684,1007,1633,1253,2361,1754,3584,2749,3924,1302,1205,3863,4627,2309,4036,271,266,460,779,500,1206,685,1863,939,1820,561,626,546,751,683,1618,24060,12475,2096,1099,10763,0,0,0,0
2021-03-07T23:59:59+01:00,0,0,628,681,1003,1629,1253,2358,1753,3581,2749,3922,1302,1205,3863,4627,2309,4036,271,266,460,779,499,1206,685,1863,939,1820,561,626,546,751,683,1618,24057,12474,2096,1099,10746,0,0,0,0
2021-03-06T23:59:59+01:00,0,0,592,634,884,1528,1011,2168,1333,3199,2328,3586,1021,986,3563,4250,2289,4019,271,266,460,779,497,1206,685,1863,939,1819,561,625,544,747,594,1444,23059,12471,2093,829,8239,0,0,0,0
2021-03-05T23:59:59+01:00,0,0,589,634,879,1525,1011,2167,1330,3196,2321,3581,877,889,2569,3056,2118,3787,269,266,455,767,493,1201,677,1846,925,1804,557,621,486,686,288,933,20217,12268,2082,6,8230,0,0,0,0
2021-03-04T23:59:59+01:00,0,0,571,591,842,1395,973,2013,1280,2992,2277,3481,862,880,1388,1621,1831,3423,269,266,454,767,493,1201,677,1846,925,1804,556,620,486,685,288,933,16923,12264,2081,6,7416,0,0,0,0
2021-03-03T23:59:59+01:00,0,0,565,558,819,1330,952,1951,1265,2948,2267,3437,862,879,1388,1621,1831,3423,269,266,454,767,493,1201,677,1845,925,1804,556,620,486,685,288,933,16922,12263,2081,6,7093,0,0,0,0
2021-03-02T23:59:59+01:00,0,0,564,556,816,1329,952,1951,1264,2947,2267,3437,862,879,1388,1621,1831,3423,269,266,453,767,493,1201,677,1845,925,1803,556,620,486,685,288,933,16921,12261,2081,6,7085,0,0,0,0
2021-03-01T23:59:59+01:00,0,0,564,554,815,1329,952,1950,1264,2947,2266,3436,862,878,1388,1620,1831,3423,269,266,453,767,493,1201,676,1844,925,1803,556,620,486,685,288,933,16918,12259,2080,6,7081,0,0,0,0
2021-02-28T23:59:59+01:00,0,0,563,552,815,1329,951,1950,1264,2947,2264,3435,862,876,1388,1620,1831,3423,269,266,453,767,493,1201,676,1843,925,1803,556,620,486,685,288,933,16915,12258,2080,6,7075,0,0,0,0
2021-02-27T23:59:59+01:00,0,0,558,550,804,1319,930,1939,1224,2919,2187,3385,741,760,1119,1330,1324,2550,268,266,453,767,492,1201,674,1842,924,1801,555,617,485,683,288,929,15194,12242,1372,3,7073,0,0,0,0
2021-02-26T23:59:59+01:00,0,0,548,529,775,1255,901,1826,1185,2761,1867,2964,700,732,1119,1330,1323,2549,268,266,453,767,492,1201,674,1842,924,1801,555,617,485,683,288,928,15189,12241,1372,3,5803,0,0,0,0
2021-02-25T23:59:59+01:00,0,0,514,487,713,1137,794,1633,1031,2460,1368,2416,649,687,871,1066,1214,2378,267,265,452,767,492,1200,673,1840,924,1800,555,617,485,683,288,928,14385,12236,1372,0,3661,0,0,0,0
2021-02-24T23:59:59+01:00,0,0,513,486,713,1135,793,1633,1031,2459,1368,2415,649,687,871,1066,1214,2378,267,265,452,767,492,1200,673,1840,924,1800,555,617,485,683,288,928,14384,12236,1371,0,3656,0,0,0,0
2021-02-23T23:59:59+01:00,0,0,511,482,698,1127,784,1622,1014,2445,1352,2405,647,686,869,1065,1213,2377,267,264,452,766,492,1200,673,1839,924,1799,555,617,485,683,288,928,14274,12232,1371,0,3652,0,0,0,0
2021-02-22T23:59:59+01:00,0,0,511,482,698,1127,782,1622,1014,2445,1351,2404,647,684,869,1065,1213,2377,267,264,452,766,492,1200,673,1839,924,1798,555,617,485,683,288,928,14272,12231,1371,0,3648,0,0,0,0
2021-02-21T23:59:59+01:00,0,0,511,482,698,1127,781,1622,1013,2445,1351,2403,646,684,868,1065,1213,2377,267,264,452,766,492,1200,673,1839,924,1798,555,617,485,683,288,928,14270,12231,1371,0,3645,0,0,0,0
2021-02-20T23:59:59+01:00,0,0,495,480,686,1121,761,1617,1000,2443,1324,2383,619,665,559,764,786,1793,266,263,447,764,487,1194,668,1828,918,1795,552,614,480,683,284,923,12606,12166,1370,0,3520,0,0,0,0
2021-02-19T23:59:59+01:00,0,0,397,394,582,995,643,1463,859,2272,1085,2146,572,641,559,764,786,1793,263,263,443,762,485,1185,665,1812,911,1775,548,608,475,676,281,915,12605,12067,1370,0,1976,0,0,0,0
2021-02-18T23:59:59+01:00,0,0,274,269,468,792,504,1216,698,1876,949,1835,569,635,558,764,786,1793,262,261,441,759,483,1181,664,1798,907,1764,542,603,468,669,276,904,12603,11982,1370,0,13,0,0,0,0
2021-02-17T23:59:59+01:00,0,0,274,269,467,792,504,1216,697,1876,948,1835,568,635,558,763,786,1793,261,261,440,756,481,1179,661,1790,904,1757,537,598,459,647,265,885,12601,11881,1370,0,10,0,0,0,0
2021-02-16T23:59:59+01:00,0,0,274,269,465,791,503,1216,697,1876,948,1835,568,635,558,763,786,1793,250,257,434,740,469,1147,654,1714,879,1678,518,569,427,604,248,820,12601,11408,1370,0,6,0,0,0,0
2021-02-15T23:59:59+01:00,0,0,274,269,464,791,503,1216,695,1876,948,1835,568,635,558,763,786,1793,246,253,431,732,463,1121,638,1663,854,1624,497,535,409,560,236,757,12601,11019,1370,0,3,0,0,0,0
2021-02-14T23:59:59+01:00,0,0,274,269,464,791,502,1216,695,1876,948,1835,568,635,558,763,786,1793,246,253,431,732,463,1121,638,1657,852,1615,487,530,405,557,228,749,12600,10964,1370,0,3,0,0,0,0
2021-02-13T23:59:59+01:00,0,0,272,269,464,791,502,1216,694,1875,948,1835,568,635,558,763,786,1793,244,251,431,728,456,1109,629,1636,832,1582,468,505,391,532,215,713,12598,10722,1370,0,1,0,0,0,0
2021-02-12T23:59:59+01:00,0,0,272,269,464,790,502,1216,694,1874,944,1832,568,633,509,717,772,1789,227,243,411,694,435,1021,594,1474,745,1342,385,386,316,420,159,536,12474,9388,1370,0,1,0,0,0,0
2021-02-11T23:59:59+01:00,0,0,270,269,463,790,502,1216,694,1872,944,1829,567,632,506,714,689,1641,205,230,399,663,415,974,560,1380,699,1232,351,338,277,357,132,450,12462,8662,1135,0,1,0,0,0,0
2021-02-10T23:59:59+01:00,0,0,270,269,463,789,502,1216,693,1872,943,1829,566,632,506,713,688,1639,202,226,398,657,411,960,557,1360,687,1197,335,315,255,317,115,388,12455,8380,1135,0,0,0,0,0,0
2021-02-09T23:59:59+01:00,0,0,270,269,463,789,502,1216,692,1872,943,1827,566,632,506,713,688,1639,193,213,387,621,392,893,514,1267,634,1067,261,224,180,206,74,240,12452,7366,1135,0,0,0,0,0,0
2021-02-08T23:59:59+01:00,0,0,270,269,461,789,502,1216,692,1872,943,1827,566,632,506,713,688,1639,190,207,383,607,383,868,489,1217,607,997,230,183,145,156,60,185,12451,6907,1134,0,0,0,0,0,0
2021-02-07T23:59:59+01:00,0,0,270,269,461,789,502,1216,692,1872,943,1826,566,632,506,713,688,1638,189,207,381,603,381,863,484,1207,603,983,224,176,135,138,54,169,12449,6797,1134,0,0,0,0,0,0
2021-02-06T23:59:59+01:00,0,0,270,269,461,789,502,1216,692,1872,943,1826,566,632,504,708,598,1465,189,207,381,603,381,863,484,1207,603,983,224,176,135,138,54,169,12449,6797,864,0,0,0,0,0,0
2021-02-05T23:59:59+01:00,0,0,270,269,459,788,500,1214,689,1871,940,1823,562,628,497,693,291,946,183,198,364,572,368,823,464,1166,585,952,203,159,111,125,49,166,12434,6488,6,0,0,0,0,0,0
2021-02-04T23:59:59+01:00,0,0,270,268,458,782,497,1213,688,1866,935,1822,561,628,496,692,291,946,168,162,295,436,302,667,384,942,511,813,192,154,103,119,42,154,12407,5444,6,0,0,0,0,0,0
2021-02-03T23:59:59+01:00,0,0,269,268,458,780,497,1212,687,1865,935,1822,561,628,496,692,291,946,163,155,249,354,253,580,324,842,460,726,185,149,99,117,41,153,12401,4850,6,0,0,0,0,0,0
2021-02-02T23:59:59+01:00,0,0,269,267,458,777,497,1212,687,1862,935,1820,561,628,496,692,291,946,156,140,190,290,195,492,247,728,378,642,175,145,97,116,41,152,12392,4184,6,0,0,0,0,0,0
2021-02-01T23:59:59+01:00,0,0,269,267,456,776,496,1211,686,1858,932,1815,561,628,495,692,291,946,149,134,152,254,167,433,202,650,321,568,169,134,89,106,36,145,12373,3709,6,0,0,0,0,0,0
2021-01-31T23:59:59+01:00,0,0,269,267,456,776,496,1211,686,1858,932,1815,561,628,495,692,291,946,149,134,152,253,167,432,201,650,321,568,169,134,89,106,36,145,12373,3706,6,0,0,0,0,0,0
2021-01-30T23:59:59+01:00,0,0,269,267,456,776,496,1211,686,1858,928,1815,560,628,493,692,288,946,136,122,135,235,156,404,190,609,303,521,147,123,77,79,29,110,12363,3376,6,0,0,0,0,0,0
2021-01-29T23:59:59+01:00,0,0,266,266,452,773,494,1201,683,1841,921,1795,556,622,488,686,285,938,88,68,93,154,115,246,147,441,213,378,109,82,58,68,24,99,12262,2383,5,0,0,0,0,0,0
2021-01-28T23:59:59+01:00,0,0,266,266,451,773,493,1201,683,1840,921,1793,556,622,488,686,285,938,10,7,13,23,24,46,23,94,50,106,34,32,31,49,18,91,12259,651,3,0,0,0,0,0,0
2021-01-27T23:59:59+01:00,0,0,265,266,451,773,493,1201,683,1839,919,1793,556,622,488,686,285,938,10,7,13,23,23,46,23,92,49,106,34,32,31,49,18,91,12257,647,1,0,0,0,0,0,0
2021-01-26T23:59:59+01:00,0,0,265,266,450,772,493,1200,683,1839,919,1792,556,622,488,686,285,938,10,7,13,23,23,46,23,92,49,106,34,32,31,49,18,91,12253,647,1,0,0,0,0,0,0
2021-01-25T23:59:59+01:00,0,0,265,265,448,772,493,1199,683,1837,919,1792,556,622,487,684,285,938,6,1,5,13,11,21,14,39,23,46,17,16,10,15,6,19,12245,262,0,0,0,0,0,0,0
2021-01-24T23:59:59+01:00,0,0,265,264,448,772,492,1199,683,1836,919,1791,556,622,487,684,285,938,6,1,5,13,11,21,14,39,23,46,17,16,10,15,6,19,12241,262,0,0,0,0,0,0,0
2021-01-23T23:59:59+01:00,0,0,265,264,448,772,492,1198,683,1836,919,1791,556,622,487,684,285,938,6,1,5,13,11,21,14,39,23,46,17,16,10,15,6,19,12240,262,0,0,0,0,0,0,0
2021-01-22T23:59:59+01:00,0,0,263,262,448,772,491,1197,683,1835,919,1791,556,622,487,684,267,894,6,1,5,13,11,21,14,39,23,46,17,16,10,15,6,19,12171,262,0,0,0,0,0,0,0
2021-01-21T23:59:59+01:00,0,0,260,258,446,763,488,1189,680,1813,910,1774,548,613,467,659,256,858,6,1,5,13,11,21,14,39,23,46,17,16,10,15,6,19,11982,262,0,0,0,0,0,0,0
2021-01-20T23:59:59+01:00,0,0,259,256,442,758,486,1186,677,1805,907,1769,542,608,460,640,248,841,6,1,5,13,11,21,14,39,23,46,17,16,10,15,6,19,11884,262,0,0,0,0,0,0,0
2021-01-19T23:59:59+01:00,0,0,254,256,440,750,480,1171,674,1774,896,1727,530,591,449,624,236,806,6,1,5,13,11,21,14,39,23,46,17,16,10,15,6,19,11658,262,0,0,0,0,0,0,0
2021-01-18T23:59:59+01:00,0,0,250,252,437,739,475,1150,656,1737,870,1679,511,558,434,586,224,749,6,1,5,12,11,21,14,39,23,46,17,16,10,15,6,19,11307,261,0,0,0,0,0,0,0
2021-01-17T23:59:59+01:00,0,0,250,251,436,739,475,1149,653,1730,864,1667,495,547,419,564,209,724,6,1,4,12,11,21,14,39,23,46,17,15,10,15,6,19,11172,259,0,0,0,0,0,0,0
2021-01-16T23:59:59+01:00,0,0,242,243,432,719,462,1114,628,1642,817,1518,453,465,390,511,188,669,0,0,0,0,0,0,0,0,0,0,0,0,0,0,0,0,10493,0,0,0,0,0,0,0,0
2021-01-15T23:59:59+01:00,0,0,233,236,424,699,448,1063,608,1542,778,1404,404,408,339,443,170,563,0,0,0,0,0,0,0,0,0,0,0,0,0,0,0,0,9762,0,0,0,0,0,0,0,0
2021-01-14T23:59:59+01:00,0,0,210,223,405,657,426,1001,565,1425,711,1251,349,334,290,350,129,446,0,0,0,0,0,0,0,0,0,0,0,0,0,0,0,0,8772,0,0,0,0,0,0,0,0
2021-01-13T23:59:59+01:00,0,0,208,221,404,650,421,982,560,1403,697,1216,331,310,265,310,112,385,0,0,0,0,0,0,0,0,0,0,0,0,0,0,0,0,8475,0,0,0,0,0,0,0,0
2021-01-12T23:59:59+01:00,0,0,191,210,389,609,390,887,498,1249,618,1027,236,194,160,161,62,193,0,0,0,0,0,0,0,0,0,0,0,0,0,0,0,0,7074,0,0,0,0,0,0,0,0
2021-01-11T23:59:59+01:00,0,0,187,204,385,597,377,860,478,1202,598,973,216,165,128,117,45,145,0,0,0,0,0,0,0,0,0,0,0,0,0,0,0,0,6677,0,0,0,0,0,0,0,0
2021-01-10T23:59:59+01:00,0,0,186,200,373,583,373,847,469,1182,586,954,212,165,125,117,43,143,0,0,0,0,0,0,0,0,0,0,0,0,0,0,0,0,6558,0,0,0,0,0,0,0,0
2021-01-09T23:59:59+01:00,0,0,166,168,327,503,332,729,408,1001,498,805,148,108,73,73,29,105,0,0,0,0,0,0,0,0,0,0,0,0,0,0,0,0,5473,0,0,0,0,0,0,0,0
2021-01-08T23:59:59+01:00,0,0,98,78,231,352,245,435,294,669,340,511,80,67,49,58,22,93,0,0,0,0,0,0,0,0,0,0,0,0,0,0,0,0,3622,0,0,0,0,0,0,0,0
2021-01-07T23:59:59+01:00,0,0,12,11,54,97,72,124,94,194,122,180,41,35,33,50,19,93,0,0,0,0,0,0,0,0,0,0,0,0,0,0,0,0,1231,0,0,0,0,0,0,0,0
2021-01-06T23:59:59+01:00,0,0,8,4,9,23,17,46,23,91,53,109,35,32,32,50,19,93,0,0,0,0,0,0,0,0,0,0,0,0,0,0,0,0,644,0,0,0,0,0,0,0,0
2021-01-05T23:59:59+01:00,0,0,8,4,9,23,17,46,22,91,51,109,35,32,32,50,19,93,0,0,0,0,0,0,0,0,0,0,0,0,0,0,0,0,641,0,0,0,0,0,0,0,0
2021-01-04T23:59:59+01:00,0,0,6,1,5,13,11,23,14,41,23,48,18,16,11,15,6,20,0,0,0,0,0,0,0,0,0,0,0,0,0,0,0,0,271,0,0,0,0,0,0,0,0
2021-01-03T23:59:59+01:00,0,0,6,1,5,13,11,23,14,41,23,48,18,16,11,15,6,20,0,0,0,0,0,0,0,0,0,0,0,0,0,0,0,0,271,0,0,0,0,0,0,0,0
2021-01-02T23:59:59+01:00,0,0,6,1,5,13,11,23,14,41,23,48,18,16,11,15,6,20,0,0,0,0,0,0,0,0,0,0,0,0,0,0,0,0,271,0,0,0,0,0,0,0,0
2021-01-01T23:59:59+01:00,0,0,6,1,5,13,11,23,14,41,23,48,18,16,11,15,6,20,0,0,0,0,0,0,0,0,0,0,0,0,0,0,0,0,271,0,0,0,0,0,0,0,0
2020-12-31T23:59:59+01:00,0,0,6,1,5,13,11,23,14,41,23,48,18,16,11,15,6,20,0,0,0,0,0,0,0,0,0,0,0,0,0,0,0,0,271,0,0,0,0,0,0,0,0
2020-12-30T23:59:59+01:00,0,0,6,1,5,13,11,23,14,41,23,48,18,16,11,15,6,20,0,0,0,0,0,0,0,0,0,0,0,0,0,0,0,0,271,0,0,0,0,0,0,0,0
2020-12-29T23:59:59+01:00,0,0,6,1,5,13,11,23,14,41,23,48,18,16,11,15,6,20,0,0,0,0,0,0,0,0,0,0,0,0,0,0,0,0,271,0,0,0,0,0,0,0,0
2020-12-28T23:59:59+01:00,0,0,6,1,5,13,11,23,14,41,23,48,18,16,11,15,6,20,0,0,0,0,0,0,0,0,0,0,0,0,0,0,0,0,271,0,0,0,0,0,0,0,0
2020-12-27T23:59:59+01:00,0,0,6,1,4,12,11,23,14,41,23,48,18,15,11,15,6,20,0,0,0,0,0,0,0,0,0,0,0,0,0,0,0,0,268,0,0,0,0,0,0,0,0
