Datum,<15_m,<15_w,15-24_1_m,15-24_1_w,25-34_1_m,25-34_1_w,35-44_1_m,35-44_1_w,45-54_1_m,45-54_1_w,55-64_1_m,55-64_1_w,65-74_1_m,65-74_1_w,75-84_1_m,75-84_1_w,>84_1_m,>84_1_w,<24_2_m,<24_2_w,25-34_2_m,25-34_2_w,35-44_2_m,35-44_2_w,45-54_2_m,45-54_2_w,55-64_2_m,55-64_2_w,65-74_2_m,65-74_2_w,75-84_2_m,75-84_2_w,>84_2_m,>84_2_w,bp_1,bp_2,mo_1,mo_2,az_1,az_2,ja,unb_1,unb_2
2021-09-06T23:59:59+02:00,1469,1361,12844,12010,15803,14347,17686,17428,20952,20883,22430,21406,14475,15648,9933,12171,2942,5158,12020,11166,15236,13646,17203,16801,20584,20395,22103,21001,14282,15408,9822,12014,2904,5094,170189,164698,22581,22032,35550,34640,10623,3,3
2021-09-05T23:59:59+02:00,1469,1360,12844,12008,15802,14347,17684,17428,20952,20883,22429,21406,14475,15648,9933,12171,2942,5158,12020,11166,15236,13645,17203,16801,20583,20395,22102,21001,14282,15408,9822,12014,2904,5094,170183,164696,22581,22032,35550,34640,10622,3,3
2021-09-04T23:59:59+02:00,1469,1360,12844,12008,15802,14347,17684,17428,20952,20882,22429,21406,14475,15647,9933,12171,2942,5158,12020,11166,15236,13645,17203,16801,20583,20394,22102,21001,14282,15407,9822,12014,2904,5094,170183,164696,22581,22032,35550,34640,10620,3,3
2021-09-03T23:59:59+02:00,1447,1332,12784,11944,15771,14303,17647,17397,20919,20856,22408,21382,14460,15633,9928,12162,2939,5156,11919,11076,15189,13584,17174,16760,20555,20371,22081,20982,14269,15399,9817,12006,2903,5093,169830,164209,22581,22032,35550,34635,10504,3,3
2021-09-02T23:59:59+02:00,1437,1323,12743,11918,15734,14266,17623,17367,20894,20835,22392,21372,14452,15611,9920,12157,2937,5154,11891,11054,15169,13559,17154,16738,20538,20358,22070,20973,14266,15385,9813,12003,2902,5091,169621,164109,22581,22032,35550,34635,10380,3,3
2021-09-01T23:59:59+02:00,1430,1319,12716,11896,15720,14241,17615,17354,20890,20832,22387,21369,14450,15604,9918,12153,2936,5152,11879,11036,15163,13550,17145,16731,20533,20353,22066,20966,14264,15385,9812,12001,2902,5091,169474,164021,22581,22031,35550,34635,10374,3,3
2021-08-31T23:59:59+02:00,1417,1304,12667,11861,15693,14197,17594,17329,20865,20817,22365,21359,14443,15600,9917,12148,2935,5152,11833,11002,15136,13513,17118,16696,20510,20334,22041,20952,14259,15384,9807,11998,2901,5090,169310,163865,22581,22030,35550,34634,10219,3,3
2021-08-30T23:59:59+02:00,1411,1304,12656,11835,15677,14181,17581,17322,20846,20800,22357,21348,14436,15596,9914,12144,2935,5150,11796,10961,15105,13486,17106,16677,20488,20319,22033,20943,14253,15381,9803,11993,2901,5089,169258,163720,22581,22030,35550,34634,10101,3,3
2021-08-29T23:59:59+02:00,1411,1304,12654,11835,15673,14181,17581,17322,20846,20800,22357,21348,14436,15596,9914,12144,2935,5150,11795,10959,15101,13485,17106,16677,20486,20319,22033,20943,14253,15381,9803,11993,2901,5089,169254,163711,22581,22030,35550,34634,10099,3,3
2021-08-28T23:59:59+02:00,1411,1304,12654,11835,15673,14181,17581,17322,20846,20800,22357,21348,14436,15596,9914,12144,2935,5150,11794,10959,15101,13485,17106,16677,20486,20319,22033,20943,14253,15381,9803,11993,2901,5089,169254,163710,22581,22030,35550,34634,10099,3,3
2021-08-27T23:59:59+02:00,1410,1298,12629,11816,15649,14159,17563,17299,20826,20791,22342,21334,14430,15590,9910,12138,2934,5148,11778,10948,15079,13470,17093,16661,20469,20311,22019,20930,14247,15376,9797,11986,2900,5087,169185,163685,22581,22030,35550,34633,9947,3,3
2021-08-26T23:59:59+02:00,1406,1294,12597,11791,15622,14131,17538,17286,20800,20772,22328,21321,14421,15585,9905,12132,2933,5146,11721,10882,15028,13417,17054,16634,20438,20286,22003,20908,14233,15363,9790,11982,2897,5085,169101,163406,22581,22029,35550,34632,9773,3,3
2021-08-25T23:59:59+02:00,1401,1292,12580,11774,15605,14119,17525,17270,20792,20762,22323,21312,14418,15578,9904,12129,2932,5146,11659,10819,14976,13377,17033,16604,20427,20270,21988,20897,14228,15356,9787,11980,2895,5082,168981,163057,22581,22029,35550,34632,9747,3,3
2021-08-24T23:59:59+02:00,1394,1283,12553,11752,15579,14086,17507,17253,20776,20748,22307,21299,14412,15566,9899,12120,2928,5144,11627,10796,14943,13339,17006,16588,20406,20248,21963,20887,14220,15344,9781,11972,2894,5080,168884,162919,22581,22029,35550,34632,9588,3,3
2021-08-23T23:59:59+02:00,1392,1279,12528,11735,15550,14061,17474,17235,20748,20738,22291,21286,14396,15553,9896,12116,2927,5143,11559,10741,14883,13288,16960,16559,20371,20224,21941,20869,14200,15333,9776,11965,2893,5078,168850,162671,22581,22028,35550,34632,9364,3,3
2021-08-22T23:59:59+02:00,1391,1279,12528,11733,15548,14060,17474,17235,20747,20736,22289,21286,14395,15553,9896,12116,2927,5143,11557,10737,14881,13286,16959,16558,20370,20224,21941,20869,14200,15333,9776,11965,2893,5078,168840,162660,22581,22027,35550,34632,9362,3,3
2021-08-21T23:59:59+02:00,1312,1205,12372,11540,15472,13938,17412,17152,20706,20694,22256,21243,14385,15537,9888,12103,2926,5139,11459,10646,14821,13233,16924,16517,20339,20199,21919,20839,14188,15321,9769,11954,2891,5074,167787,162082,22581,22019,35550,34632,9359,3,3
2021-08-20T23:59:59+02:00,1306,1204,12350,11511,15457,13924,17391,17134,20699,20685,22249,21236,14382,15529,9888,12100,2926,5139,11353,10568,14734,13160,16826,16413,20279,20144,21885,20806,14176,15302,9762,11949,2890,5074,167782,162001,22419,21332,35550,34618,9356,3,3
2021-08-19T23:59:59+02:00,1302,1201,12286,11460,15361,13875,17317,17082,20647,20646,22213,21193,14365,15514,9879,12087,2925,5135,11250,10469,14625,13088,16729,16338,20219,20096,21846,20754,14154,15287,9753,11936,2888,5067,167671,161666,22419,21332,35550,34617,8845,3,3
2021-08-18T23:59:59+02:00,1296,1199,12265,11446,15349,13866,17312,17073,20637,20636,22211,21185,14363,15510,9877,12086,2925,5135,11209,10430,14598,13066,16699,16311,20204,20085,21836,20749,14147,15281,9752,11935,2888,5067,167560,161412,22419,21332,35550,34617,8839,3,3
2021-08-17T23:59:59+02:00,1288,1193,12231,11423,15320,13840,17292,17049,20620,20626,22203,21171,14356,15506,9869,12083,2924,5134,11112,10362,14547,13009,16656,16269,20173,20062,21815,20725,14140,15273,9744,11925,2885,5067,167413,160993,22419,21329,35550,34617,8743,3,3
2021-08-16T23:59:59+02:00,1285,1188,12206,11399,15302,13818,17275,17033,20597,20601,22183,21162,14346,15495,9867,12080,2922,5133,11041,10292,14485,12947,16616,16231,20137,20026,21790,20705,14123,15260,9739,11911,2880,5064,167353,160615,22419,21328,35550,34617,8567,3,3
2021-08-15T23:59:59+02:00,1284,1188,12203,11398,15300,13816,17274,17031,20595,20600,22181,21160,14346,15495,9867,12080,2922,5132,11039,10283,14473,12943,16613,16230,20134,20026,21790,20705,14122,15260,9739,11911,2880,5064,167334,160581,22419,21327,35550,34617,8566,3,3
2021-08-14T23:59:59+02:00,1284,1188,12203,11398,15300,13816,17274,17031,20595,20600,22181,21160,14346,15495,9867,12080,2922,5132,11005,10248,14447,12920,16597,16213,20128,20017,21785,20701,14122,15260,9739,11911,2879,5064,167334,160388,22419,21327,35550,34617,8566,3,3
2021-08-13T23:59:59+02:00,1216,1114,12111,11293,15264,13772,17242,16986,20566,20575,22158,21136,14338,15484,9860,12073,2921,5130,10933,10187,14405,12862,16556,16177,20111,19996,21766,20686,14116,15247,9735,11903,2878,5063,166790,160031,22419,21326,35550,34617,8477,3,3
2021-08-12T23:59:59+02:00,1213,1109,12089,11282,15236,13753,17217,16956,20543,20560,22135,21112,14327,15472,9852,12065,2921,5127,10858,10118,14348,12800,16504,16131,20082,19975,21735,20656,14104,15232,9725,11891,2876,5059,166708,159665,22418,21325,35550,34617,8290,3,3
2021-08-11T23:59:59+02:00,1201,1102,12065,11257,15221,13743,17202,16945,20535,20550,22129,21103,14319,15467,9844,12060,2920,5125,10750,10011,14267,12715,16470,16088,20049,19946,21712,20644,14091,15217,9715,11879,2874,5055,166528,158990,22417,21321,35550,34616,8290,3,3
2021-08-10T23:59:59+02:00,1201,1090,12038,11240,15196,13730,17183,16931,20518,20536,22113,21091,14308,15462,9842,12056,2920,5123,10696,9959,14219,12685,16434,16065,20024,19923,21689,20622,14078,15205,9712,11876,2874,5051,166447,158726,22417,21321,35550,34616,8161,3,3
2021-08-09T23:59:59+02:00,1197,1083,12008,11210,15178,13712,17169,16911,20506,20527,22094,21081,14297,15458,9838,12050,2920,5121,10643,9900,14177,12650,16403,16034,20007,19907,21671,20614,14065,15197,9704,11869,2874,5046,166331,158454,22417,21321,35550,34616,8059,3,3
2021-08-08T23:59:59+02:00,1194,1082,12004,11205,15175,13711,17165,16909,20503,20524,22092,21080,14297,15456,9837,12049,2920,5121,10639,9900,14174,12645,16400,16031,20006,19906,21670,20614,14063,15197,9704,11869,2874,5046,166295,158432,22417,21320,35550,34616,8059,3,3
2021-08-07T23:59:59+02:00,1194,1082,12002,11203,15173,13707,17164,16907,20502,20522,22091,21080,14297,15455,9837,12048,2920,5121,10638,9898,14173,12644,16400,16031,20005,19905,21670,20611,14062,15197,9704,11869,2874,5046,166276,158421,22417,21320,35550,34616,8059,3,3
2021-08-06T23:59:59+02:00,1192,1080,11984,11192,15145,13694,17140,16892,20482,20504,22080,21071,14294,15451,9835,12044,2920,5121,10620,9886,14140,12631,16376,16016,19985,19890,21659,20602,14059,15193,9702,11865,2874,5046,166263,158411,22417,21319,35550,34615,7888,3,3
2021-08-05T23:59:59+02:00,1183,1071,11941,11160,15111,13671,17113,16858,20452,20485,22049,21053,14281,15434,9830,12036,2916,5120,10593,9872,14111,12611,16357,15996,19956,19875,21635,20588,14048,15182,9697,11860,2872,5045,166121,158383,22417,21317,35550,34614,7673,3,3
2021-08-04T23:59:59+02:00,1170,1062,11912,11130,15099,13655,17099,16845,20441,20473,22039,21040,14274,15429,9826,12034,2915,5119,10584,9855,14097,12602,16344,15989,19946,19866,21629,20586,14046,15181,9696,11860,2871,5044,165922,158310,22415,21287,35549,34614,7673,3,3
2021-08-03T23:59:59+02:00,1164,1056,11869,11096,15064,13630,17074,16815,20420,20454,22019,21018,14261,15411,9822,12031,2914,5118,10547,9834,14066,12586,16324,15969,19929,19854,21612,20573,14038,15163,9692,11858,2871,5044,165792,158268,22415,21285,35549,34612,7477,3,3
2021-08-02T23:59:59+02:00,1161,1054,11852,11078,15044,13611,17059,16795,20404,20444,22011,21008,14250,15400,9816,12029,2914,5116,10527,9819,14047,12565,16310,15951,19912,19847,21605,20562,14028,15151,9686,11856,2871,5042,165745,158229,22415,21285,35549,34612,7334,3,3
2021-08-01T23:59:59+02:00,1161,1054,11850,11074,15044,13611,17058,16794,20404,20443,22009,21008,14250,15399,9816,12029,2914,5115,10525,9818,14043,12564,16308,15951,19912,19846,21604,20562,14028,15151,9686,11856,2871,5042,165734,158220,22414,21284,35549,34611,7333,3,3
2021-07-31T23:59:59+02:00,1161,1054,11850,11074,15044,13611,17058,16794,20404,20443,22009,21008,14250,15399,9816,12029,2914,5115,10525,9817,14039,12561,16307,15951,19912,19844,21603,20562,14028,15151,9686,11856,2871,5042,165734,158209,22414,21283,35549,34611,7333,3,3
2021-07-30T23:59:59+02:00,1160,1054,11816,11060,15010,13588,17022,16766,20377,20424,21972,20989,14233,15391,9810,12021,2913,5114,10492,9805,14005,12538,16272,15924,19885,19825,21566,20542,14011,15143,9680,11848,2870,5041,165727,158206,22414,21283,35549,34610,7027,3,3
2021-07-29T23:59:59+02:00,1148,1046,11785,11031,14986,13565,17012,16753,20369,20413,21963,20983,14230,15390,9807,12019,2910,5113,10487,9796,13986,12531,16261,15916,19883,19823,21562,20541,14009,15141,9680,11848,2870,5041,165536,158139,22414,21281,35549,34610,7021,3,3
2021-07-28T23:59:59+02:00,1133,1040,11750,10985,14960,13536,16995,16735,20361,20400,21954,20975,14226,15388,9805,12017,2909,5112,10476,9786,13969,12516,16252,15907,19876,19819,21559,20539,14008,15139,9680,11847,2870,5041,165317,158071,22413,21280,35549,34608,6999,3,3
2021-07-27T23:59:59+02:00,1130,1039,11730,10969,14936,13517,16976,16726,20348,20382,21937,20956,14218,15375,9798,12013,2908,5110,10455,9774,13942,12492,16235,15899,19862,19801,21543,20519,13999,15127,9673,11843,2869,5040,165292,158047,22413,21280,35549,34608,6811,3,3
2021-07-26T23:59:59+02:00,1124,1027,11674,10910,14892,13480,16951,16704,20313,20351,21908,20940,14201,15367,9791,12005,2908,5109,10416,9748,13909,12463,16210,15883,19825,19765,21493,20490,13982,15117,9665,11834,2869,5039,165126,157987,22412,21279,35549,34548,6565,3,3
2021-07-25T23:59:59+02:00,1123,1027,11672,10907,14887,13479,16949,16703,20312,20351,21908,20940,14201,15367,9791,12005,2908,5109,10414,9736,13903,12459,16208,15881,19823,19765,21493,20490,13982,15117,9665,11834,2869,5038,165112,157959,22410,21276,35549,34548,6565,3,3
2021-07-24T23:59:59+02:00,1123,1027,11668,10905,14886,13478,16949,16702,20310,20349,21908,20939,14200,15367,9791,12005,2908,5109,10292,9623,13735,12317,15786,15515,19674,19643,21475,20464,13968,15102,9658,11826,2869,5037,165105,157937,22404,19607,35549,34548,6563,3,3
2021-07-23T23:59:59+02:00,1099,1014,11555,10834,14806,13422,16896,16648,20269,20297,21870,20901,14184,15347,9781,11997,2906,5108,8537,8240,12348,11210,15298,15083,19385,19321,21261,20271,13890,15018,9601,11777,2864,5033,164695,150283,22404,19607,35549,34491,6283,3,3
2021-07-22T23:59:59+02:00,1077,1007,11487,10763,14751,13373,16859,16622,20251,20268,21856,20877,14169,15334,9770,11990,2904,5106,8009,7760,11734,10709,14587,14482,19188,19153,21105,20096,13821,14934,9576,11731,2855,5022,164340,145881,22403,19607,35549,34479,6169,3,3
2021-07-21T23:59:59+02:00,1065,998,11442,10714,14715,13342,16830,16594,20233,20251,21838,20866,14157,15329,9768,11982,2902,5104,8005,7753,11722,10701,14581,14480,19180,19152,21050,20059,13818,14932,9576,11730,2854,5020,164011,145846,22403,19600,35549,34377,6164,3,3
2021-07-20T23:59:59+02:00,1052,983,11390,10673,14684,13313,16797,16576,20210,20230,21814,20848,14147,15317,9766,11976,2901,5103,7994,7747,11707,10693,14574,14473,19171,19148,21043,20055,13817,14930,9576,11730,2854,5020,163702,145814,22403,19600,35549,34369,6123,3,3
2021-07-19T23:59:59+02:00,1039,967,11341,10623,14657,13279,16777,16557,20191,20210,21801,20840,14141,15313,9762,11967,2899,5099,7989,7744,11701,10689,14570,14472,19169,19148,21029,20039,13815,14929,9575,11728,2854,5020,163387,145788,22403,19598,35549,34338,6121,3,3
2021-07-18T23:59:59+02:00,1039,967,11339,10623,14657,13277,16776,16557,20191,20209,21801,20840,14140,15313,9762,11967,2899,5099,7986,7740,11692,10683,14565,14469,19168,19148,21018,20034,13815,14929,9575,11728,2854,5020,163381,145760,22402,19597,35549,34320,6121,3,3
2021-07-17T23:59:59+02:00,1037,967,11294,10595,14600,13233,16740,16527,20156,20195,21775,20816,14129,15300,9759,11964,2899,5098,7911,7681,11548,10554,14372,14302,18745,18829,20820,19859,13787,14888,9560,11705,2850,5014,163355,145754,22393,17941,35549,34320,5784,3,3
2021-07-16T23:59:59+02:00,1016,950,11102,10455,14500,13133,16642,16452,20080,20130,21723,20768,14102,15275,9742,11957,2895,5093,7636,7479,10621,9919,13908,13993,18519,18637,19959,19203,13621,14676,9451,11573,2834,4990,163034,142322,21862,17931,35549,32537,5567,3,3
2021-07-15T23:59:59+02:00,992,934,11045,10393,14463,13102,16617,16431,20066,20113,21713,20759,14098,15271,9738,11953,2895,5089,7205,7111,8417,8196,13447,13601,18457,18580,19818,19067,13488,14533,9398,11511,2833,4980,162699,135982,21861,17927,35549,32499,5560,3,3
2021-07-14T23:59:59+02:00,966,916,10969,10306,14394,13042,16579,16387,20031,20077,21688,20738,14086,15259,9726,11938,2891,5087,6656,6662,7332,7339,12875,13150,18359,18486,19710,18979,13458,14496,9381,11494,2831,4977,162209,131612,21861,17923,35549,32435,5458,3,3
2021-07-13T23:59:59+02:00,948,895,10888,10233,14349,12999,16552,16357,20008,20056,21677,20725,14079,15248,9723,11931,2889,5085,6403,6374,6881,6958,12567,12882,18343,18465,19665,18942,13345,14387,9378,11490,2831,4974,161778,131576,21858,15667,35549,32431,5454,3,3
2021-07-12T23:59:59+02:00,928,883,10834,10184,14303,12954,16510,16328,19992,20043,21671,20719,14076,15243,9719,11927,2889,5083,6262,6278,6721,6836,12274,12639,17649,17901,19568,18863,13311,14362,9361,11468,2831,4971,161480,129036,21858,15663,35549,32428,5396,3,3
2021-07-11T23:59:59+02:00,928,883,10833,10182,14301,12953,16509,16328,19992,20043,21671,20719,14076,15243,9719,11927,2889,5083,6256,6274,6719,6833,12273,12639,17649,17901,19567,18862,13311,14362,9361,11467,2830,4969,161478,129026,21858,15663,35549,32421,5391,3,3
2021-07-10T23:59:59+02:00,925,878,10826,10170,14293,12948,16501,16328,19990,20036,21666,20714,14076,15242,9719,11927,2889,5083,6247,6266,6709,6828,12270,12635,17648,17897,19562,18859,13310,14362,9361,11467,2830,4969,161413,128975,21858,15663,35549,32421,5388,3,3
2021-07-09T23:59:59+02:00,911,862,10776,10126,14260,12920,16467,16299,19956,20013,21638,20692,14057,15227,9704,11919,2888,5080,5438,5530,6578,6728,12112,12531,17418,17792,19357,18726,13247,14289,9335,11448,2827,4966,161229,126068,21858,15663,35549,31473,5156,3,3
2021-07-08T23:59:59+02:00,909,862,10715,10081,14173,12866,16404,16248,19904,19967,21609,20668,14044,15210,9698,11906,2887,5074,5305,5416,6359,6553,11673,12187,16906,17421,19097,18540,13184,14205,9309,11412,2821,4954,161212,124134,21857,15660,35548,30967,4605,3,3
2021-07-07T23:59:59+02:00,908,862,10713,10075,14169,12863,16402,16248,19904,19964,21609,20668,14044,15210,9698,11906,2887,5074,5161,5232,5889,6141,10473,11201,16853,17355,19043,18495,13167,14183,9300,11409,2817,4944,161201,120461,21853,15659,35548,30964,4599,3,3
2021-07-06T23:59:59+02:00,908,862,10711,10074,14166,12861,16400,16248,19904,19964,21609,20667,14044,15209,9698,11906,2887,5074,5142,5226,5882,6136,10472,11199,16851,17355,19041,18495,13167,14181,9300,11409,2817,4944,161196,120439,21851,15656,35548,30948,4594,3,3
2021-07-05T23:59:59+02:00,908,862,10705,10069,14149,12858,16389,16246,19903,19964,21607,20667,14044,15209,9698,11906,2887,5074,5133,5225,5863,6133,10461,11197,16848,17355,19039,18494,13167,14181,9300,11409,2817,4944,161187,120435,21851,15654,35548,30941,4556,3,3
2021-07-04T23:59:59+02:00,908,862,10695,10059,14147,12854,16388,16246,19902,19964,21606,20666,14044,15209,9698,11905,2886,5073,5100,5182,5777,6056,10334,11082,16841,17352,19038,18491,13163,14179,9298,11404,2814,4942,161180,119957,21851,15653,35548,30933,4530,3,3
2021-07-03T23:59:59+02:00,827,793,8761,8503,12694,11699,15919,15792,19619,19665,21437,20501,13970,15133,9644,11859,2880,5069,4991,5050,5502,5801,10097,10867,16697,17211,18847,18339,13138,14145,9288,11394,2812,4940,152847,118399,21851,15653,35548,30563,4516,3,3
2021-07-02T23:59:59+02:00,827,791,8760,8497,12690,11695,15917,15791,19617,19665,21436,20501,13969,15133,9643,11858,2879,5068,4129,4182,4857,5152,9126,9873,16327,16734,18365,17801,12788,13823,9229,11319,2810,4932,152830,113863,21851,15653,35546,27434,4507,3,3
2021-07-01T23:59:59+02:00,807,771,8551,8328,12609,11616,15884,15761,19606,19651,21426,20484,13965,15130,9638,11850,2876,5062,2291,2461,4425,4778,8636,9446,15698,16191,17812,17364,12731,13757,9199,11263,2796,4902,152136,106226,21851,15651,35546,27394,4479,3,2
2021-06-30T23:59:59+02:00,752,721,8307,8141,12437,11468,15769,15665,19539,19583,21386,20438,13946,15104,9625,11837,2875,5057,2232,2422,4334,4659,8531,9346,15500,16052,17078,16863,12078,13113,9140,11194,2789,4896,150788,106164,21848,15650,35546,23947,4465,3,2
2021-06-29T23:59:59+02:00,752,721,8302,8132,12435,11464,15766,15665,19537,19583,21386,20438,13946,15104,9625,11837,2875,5057,2209,2410,4311,4620,8508,9301,15464,15993,17002,16778,11723,12775,9112,11160,2786,4888,150779,106150,21845,15648,35545,22788,4453,3,2
2021-06-28T23:59:59+02:00,752,721,8299,8128,12427,11459,15764,15665,19536,19583,21386,20438,13945,15104,9625,11837,2875,5057,2201,2381,4263,4502,8433,9141,15343,15715,16834,16506,11416,12471,9089,11133,2785,4884,150762,106140,21845,15648,35545,20862,4446,3,2
2021-06-27T23:59:59+02:00,752,721,8296,8122,12423,11456,15762,15665,19534,19583,21386,20438,13945,15104,9625,11836,2875,5057,2191,2377,4254,4500,8250,8987,15322,15699,16832,16501,11412,12470,9088,11131,2785,4884,150753,105741,21843,15647,35545,20858,4436,3,2
2021-06-26T23:59:59+02:00,744,717,8082,7907,11949,11048,14652,14675,19282,19385,21283,20316,13902,15053,9612,11807,2872,5054,2151,2334,4200,4445,8152,8877,15060,15439,16770,16454,11395,12451,9076,11126,2785,4882,148276,104677,20081,15625,35544,20858,4436,3,2
2021-06-25T23:59:59+02:00,725,699,8055,7883,11934,11038,14652,14669,19275,19380,21278,20315,13902,15053,9611,11805,2872,5054,2020,2156,3912,4139,6625,7442,12402,13247,16695,16366,11368,12421,9065,11102,2780,4867,148136,95801,20081,15543,35544,20825,4436,3,2
2021-06-24T23:59:59+02:00,713,682,7569,7471,10856,10142,14118,14233,19204,19321,21230,20272,13880,15024,9598,11792,2871,5051,1951,2088,3551,3799,5861,6773,12158,13038,16449,16159,11264,12294,8975,10975,2769,4833,143979,94566,20077,13167,35543,20777,4425,3,2
2021-06-23T23:59:59+02:00,713,682,7567,7466,10850,10139,14117,14232,19204,19319,21230,20271,13880,15024,9598,11792,2871,5051,1806,1920,3065,3396,4505,5598,11854,12769,16328,16041,11218,12255,8962,10948,2768,4826,143963,89917,20074,13167,35542,20749,4424,3,2
2021-06-22T23:59:59+02:00,713,682,7518,7437,10777,10089,14094,14206,19188,19304,21219,20263,13873,15014,9595,11789,2871,5051,1756,1889,2983,3342,4467,5565,11825,12730,16260,15990,11009,12064,8710,10647,2758,4795,143948,89898,20074,13163,35541,19610,4117,3,2
2021-06-21T23:59:59+02:00,711,682,7387,7368,10647,9992,13814,13957,18437,18688,21129,20186,13838,14982,9576,11764,2871,5048,1711,1864,2940,3304,4438,5535,11779,12695,16243,15974,11000,12053,8703,10639,2757,4794,141565,89772,20072,13162,35541,19597,3896,3,2
2021-06-20T23:59:59+02:00,711,682,7387,7364,10643,9989,13814,13957,18437,18688,21129,20186,13838,14982,9576,11764,2871,5048,1683,1835,2894,3288,4373,5496,11717,12662,16181,15915,10981,12037,8700,10630,2753,4790,141555,89293,20071,13158,35541,19586,3896,3,2
2021-06-19T23:59:59+02:00,711,681,7350,7327,10536,9898,13632,13799,18023,18352,20944,20013,13820,14955,9564,11744,2868,5042,1652,1800,2853,3239,4293,5422,11381,12372,16143,15877,10972,12025,8698,10625,2751,4788,141509,88279,18310,13129,35541,19585,3896,3,2
2021-06-18T23:59:59+02:00,15,12,6543,6594,10530,9897,13631,13797,18021,18350,20944,20013,13820,14954,9564,11743,2867,5040,1520,1688,2617,3083,3662,4790,10238,11227,15932,15721,10930,11985,8675,10603,2737,4760,138594,83620,18309,13127,35541,19531,3888,3,2
2021-06-17T23:59:59+02:00,13,11,6472,6525,10414,9793,13305,13492,17633,18029,20832,19915,13801,14916,9552,11729,2859,5034,1439,1570,2464,2934,3309,4452,8635,9864,15417,15288,10755,11805,8619,10525,2720,4732,136699,78149,18309,13123,35540,19480,3774,3,2
2021-06-16T23:59:59+02:00,13,11,6465,6519,10403,9790,13303,13490,17631,18028,20831,19915,13801,14916,9551,11728,2859,5034,1389,1522,2362,2860,3125,4273,7547,8923,14918,14900,10672,11694,8583,10477,2709,4716,136668,74321,18307,13121,35540,19456,3770,3,2
2021-06-15T23:59:59+02:00,13,11,6433,6500,10363,9762,13273,13475,17611,18006,20817,19901,13792,14908,9548,11722,2856,5031,1309,1463,2235,2758,3009,4188,6628,8191,14716,14733,10648,11665,8571,10455,2700,4709,136654,74310,18306,10710,35539,19436,3520,3,2
2021-06-14T23:59:59+02:00,13,11,6414,6483,10329,9736,13252,13455,17596,17988,20798,19890,13782,14899,9545,11720,2856,5027,1283,1448,2198,2731,2986,4167,6612,8171,14695,14723,10637,11656,8568,10454,2700,4705,136639,74300,18306,10710,35539,19415,3307,3,2
2021-06-13T23:59:59+02:00,13,11,6413,6483,10324,9734,13251,13452,17596,17988,20798,19890,13781,14899,9545,11720,2856,5027,1279,1442,2195,2722,2976,4157,6595,8154,14594,14658,10624,11633,8562,10442,2697,4705,136628,74008,18306,10710,35539,19410,3305,3,2
2021-06-12T23:59:59+02:00,10,9,5622,5711,10276,9698,13217,13428,17569,17967,20772,19859,13699,14826,9545,11717,2855,5027,1270,1423,2183,2705,2955,4130,6521,8071,14421,14521,10396,11349,8081,9904,2695,4704,134654,73503,18306,10710,35539,17810,3305,3,1
2021-06-11T23:59:59+02:00,9,9,5618,5704,10266,9691,13203,13416,17561,17963,20768,19857,13699,14825,9545,11715,2855,5027,1195,1339,2063,2545,2783,3875,5020,6737,12709,13141,10256,11201,7994,9798,2688,4688,134581,66219,18306,10709,35539,17801,3302,3,1
2021-06-10T23:59:59+02:00,3,3,4616,4749,10099,9563,13092,13334,17305,17727,20527,19676,13690,14814,9539,11705,2852,5024,1137,1278,1949,2439,2623,3698,4413,6100,11542,12152,9955,10877,7910,9713,2676,4663,131247,61394,18305,10709,35539,17796,3225,2,1
2021-06-09T23:59:59+02:00,3,3,4023,4140,9892,9415,13004,13261,16994,17461,20299,19494,13675,14801,9534,11699,2851,5019,1063,1234,1848,2370,2531,3585,4087,5793,11117,11825,9826,10717,7864,9647,2665,4654,128873,61317,18290,8854,35539,17790,2864,2,1
2021-06-08T23:59:59+02:00,3,3,4011,4133,9880,9406,12992,13254,16987,17452,20291,19492,13673,14798,9533,11696,2850,5017,1017,1226,1826,2355,2504,3571,4062,5773,11106,11822,9823,10712,7863,9645,2664,4651,128859,61200,18287,8849,35538,17785,2785,2,1
2021-06-07T23:59:59+02:00,3,3,3997,4125,9847,9393,12982,13236,16964,17441,20275,19481,13670,14794,9530,11692,2848,5015,1006,1219,1793,2343,2495,3552,4038,5759,11088,11808,9820,10706,7860,9642,2662,4649,128847,61190,18285,8846,35537,17778,2625,2,1
2021-06-06T23:59:59+02:00,3,3,3992,4121,9842,9389,12981,13236,16963,17440,20274,19481,13669,14793,9530,11692,2848,5015,1003,1216,1782,2341,2489,3543,4025,5752,10961,11663,9809,10699,7859,9642,2662,4649,128835,60865,18285,8845,35536,17770,2614,2,1
2021-06-05T23:59:59+02:00,2,0,3698,3820,7349,7380,12743,13051,16934,17411,20229,19441,13553,14648,9455,11601,2844,5003,925,1144,1617,2240,2323,3464,3799,5612,10065,10822,9425,10244,7748,9487,2654,4629,122856,57587,18285,8845,35536,17282,2483,2,1
2021-06-04T23:59:59+02:00,2,0,3631,3765,7197,7264,12273,12656,16794,17299,19996,19206,13434,14502,9398,11522,2830,4986,897,1078,1586,2135,2284,3296,3723,5354,9425,10145,8580,9225,7472,9082,2650,4618,120456,56114,18285,8843,35536,14116,2476,2,1
2021-06-03T23:59:59+02:00,2,0,3218,3371,7170,7248,12145,12538,16762,17257,19909,19140,13422,14485,9396,11519,2829,4985,868,1010,1540,2011,2205,3096,3533,4972,8848,9525,7819,8353,7000,8466,2647,4610,119212,54483,18283,8841,35532,10811,2367,2,1
2021-06-02T23:59:59+02:00,0,0,2830,3053,6030,6327,11841,12303,16703,17206,19787,19035,13361,14431,9374,11498,2827,4977,852,976,1476,1988,2092,3058,3362,4870,7485,8443,7739,8274,6984,8438,2644,4605,115510,51378,18282,8841,35532,10809,2257,2,1
2021-06-01T23:59:59+02:00,0,0,2543,2741,5554,5901,11520,12020,16679,17183,19736,18998,13238,14308,9367,11494,2826,4974,835,969,1461,1979,2073,3045,3336,4850,7187,8118,7702,8240,6974,8424,2642,4605,115491,50698,15935,8821,35532,10798,2122,2,1
2021-05-31T23:59:59+02:00,0,0,2528,2738,5535,5892,11492,11999,16645,17172,19696,18976,13235,14304,9363,11492,2826,4972,819,962,1442,1969,2040,3025,3300,4836,7146,8097,7699,8235,6970,8422,2642,4603,115484,50686,15931,8815,35532,10789,1916,2,1
2021-05-30T23:59:59+02:00,0,0,2524,2736,5533,5888,11492,11998,16642,17171,19694,18975,13235,14304,9363,11492,2826,4972,818,958,1437,1966,2040,3023,3298,4834,7145,8097,7699,8235,6970,8422,2642,4603,115468,50680,15931,8815,35529,10776,1915,2,1
2021-05-29T23:59:59+02:00,0,0,2508,2722,5367,5734,11425,11939,16634,17165,19686,18974,13234,14302,9361,11492,2826,4972,781,909,1326,1871,1762,2769,2892,4411,6859,7825,7515,8010,6794,8194,2639,4597,114964,50032,15931,8815,35529,8391,1915,2,1
2021-05-28T23:59:59+02:00,0,0,2373,2592,4942,5343,10746,11321,16567,17103,19660,18946,13225,14288,9342,11463,2824,4963,759,886,1267,1817,1672,2697,2759,4306,5278,6131,7352,7814,6752,8138,2636,4587,112326,45742,15931,8815,35529,8383,1910,2,1
2021-05-27T23:59:59+02:00,0,0,2353,2571,4892,5277,10082,10750,16527,17071,19646,18935,13215,14278,9340,11461,2824,4963,705,791,1160,1745,1461,2555,2386,3999,4397,5219,7115,7506,6661,8021,2619,4568,110941,41949,15928,8809,35527,8362,1787,2,1
2021-05-26T23:59:59+02:00,0,0,2315,2509,4719,5097,9647,10383,16475,17017,19578,18881,13201,14259,9330,11459,2820,4950,690,749,1113,1713,1372,2475,2177,3828,4268,5081,6951,7293,6581,7922,2607,4554,109520,40550,15926,8808,35527,8350,1665,2,1
2021-05-25T23:59:59+02:00,0,0,2312,2502,4689,5080,9622,10357,16450,16999,19565,18874,13196,14257,9327,11456,2820,4950,683,735,1066,1695,1320,2430,2107,3768,3728,4504,6649,6950,6547,7885,2606,4552,109516,40542,15924,6853,35526,8341,1488,2,1
2021-05-24T23:59:59+02:00,0,0,2303,2494,4677,5075,9613,10352,16424,16979,19539,18850,13186,14246,9324,11446,2819,4946,674,730,1054,1688,1310,2423,2082,3748,3702,4479,6638,6939,6544,7875,2605,4548,109509,40535,15924,6853,35526,8338,1312,2,1
2021-05-23T23:59:59+02:00,0,0,2287,2462,4589,5001,9479,10230,16421,16978,19539,18849,13184,14244,9321,11442,2817,4945,673,727,1052,1688,1309,2423,2082,3748,3702,4478,6637,6939,6544,7875,2605,4548,109025,40529,15924,6852,35525,8336,1312,2,1
2021-05-22T23:59:59+02:00,0,0,2267,2443,4580,4984,9399,10148,16398,16964,19487,18805,13156,14214,9318,11436,2817,4944,672,725,1051,1685,1306,2420,2079,3743,3686,4465,5806,6040,6472,7794,2597,4543,108597,38583,15924,6852,35525,8336,1312,2,1
2021-05-21T23:59:59+02:00,0,0,2232,2410,4472,4897,9203,9973,16370,16931,19472,18798,13146,14205,9316,11434,2812,4933,660,698,1014,1619,1256,2297,1992,3563,3342,4030,4043,3933,6429,7728,2592,4528,107857,34576,15924,6852,35522,6996,1299,2,1
2021-05-20T23:59:59+02:00,0,0,2203,2370,4389,4836,8982,9743,16320,16878,19419,18746,13115,14170,9299,11417,2811,4929,605,591,889,1306,1084,1892,1770,3027,2782,3348,3207,2979,6384,7678,2588,4523,107001,32746,15921,6851,35513,3865,1190,2,1
2021-05-19T23:59:59+02:00,0,0,2041,2195,3891,4412,7597,8550,16046,16630,19296,18621,13067,14122,9289,11391,2809,4926,590,554,851,1252,1055,1841,1744,2973,2732,3304,3199,2966,6380,7675,2588,4522,102365,32722,15919,6849,35512,3569,1085,2,1
2021-05-18T23:59:59+02:00,0,0,1993,2142,3584,4123,6938,7954,15898,16514,19212,18538,13034,14089,9233,11317,2803,4912,583,550,845,1250,1047,1833,1714,2957,2723,3286,3194,2961,6376,7671,2588,4522,102345,32717,13454,6844,35508,3563,975,2,1
2021-05-17T23:59:59+02:00,0,0,1985,2134,3564,4109,6893,7930,15870,16496,19190,18519,13024,14065,9231,11316,2803,4912,575,543,826,1235,1003,1809,1686,2939,2699,3265,3183,2940,6376,7670,2588,4522,102338,32711,13451,6844,35506,3559,744,2,1
2021-05-16T23:59:59+02:00,0,0,1980,2131,3557,4105,6707,7765,15847,16477,19186,18514,13019,14064,9230,11315,2803,4912,575,543,826,1233,1002,1808,1686,2939,2697,3265,3183,2940,6376,7670,2588,4522,101915,32708,13450,6844,35502,3557,743,2,1
2021-05-15T23:59:59+02:00,0,0,1952,2095,3519,4067,6621,7661,15578,16209,19130,18472,13000,14045,9221,11310,2803,4910,575,543,826,1232,1002,1808,1684,2938,2697,3265,3182,2940,6375,7670,2588,4522,100896,32704,13450,6844,35502,3555,743,2,1
2021-05-14T23:59:59+02:00,0,0,1843,1950,3273,3816,5027,6182,12925,14013,19066,18386,12976,14015,9215,11297,2800,4904,575,542,823,1232,1002,1808,1683,2937,2691,3263,3177,2934,6372,7668,2588,4521,92005,32686,13450,6843,35500,3555,731,2,1
2021-05-13T23:59:59+02:00,0,0,1816,1903,3232,3765,4915,6080,12719,13829,18906,18259,12900,13920,9180,11245,2800,4903,569,539,816,1223,992,1795,1664,2918,2584,3170,2516,2128,4919,5866,2579,4502,90788,29672,13355,4824,35498,3554,729,2,1
2021-05-12T23:59:59+02:00,0,0,1816,1903,3231,3765,4915,6080,12719,13829,18905,18259,12899,13919,9180,11245,2800,4903,569,539,816,1223,992,1795,1664,2917,2581,3168,2516,2128,4919,5864,2579,4502,90785,29669,13355,4819,35497,3554,729,2,1
2021-05-11T23:59:59+02:00,0,0,1772,1858,3139,3690,4827,6014,11789,13100,18711,18100,12885,13898,9173,11231,2794,4899,568,537,813,1218,991,1794,1663,2916,2571,3164,2515,2127,4917,5863,2578,4502,90774,29660,10894,4807,35489,3548,721,2,1
2021-05-10T23:59:59+02:00,0,0,1756,1855,3133,3687,4821,6010,11788,13099,18710,18100,12885,13898,9173,11231,2794,4899,567,535,813,1218,990,1794,1662,2916,2571,3164,2514,2126,4917,5863,2578,4502,90761,29659,10891,4806,35464,3543,721,2,1
2021-05-09T23:59:59+02:00,0,0,1720,1808,3081,3672,4750,5975,11721,13078,18647,18041,12865,13879,9170,11222,2792,4897,565,532,805,1217,982,1788,1649,2913,2567,3163,2514,2124,4916,5862,2578,4501,90291,29655,10888,4805,35457,3535,680,2,1
2021-05-08T23:59:59+02:00,0,0,1687,1774,3045,3622,4673,5902,11384,12776,18614,18007,12858,13871,9169,11220,2790,4897,553,531,798,1217,971,1788,1641,2913,2551,3152,2513,2124,4916,5861,2577,4500,89262,29651,10888,4805,35457,3469,680,2,1
2021-05-07T23:59:59+02:00,0,0,1543,1651,2797,3450,3999,5238,10175,11584,18414,17856,12819,13836,9149,11203,2782,4890,456,382,675,987,825,1469,1496,2498,2382,2795,2504,2115,4912,5857,2574,4497,84492,29646,10887,4805,35445,1412,560,2,1
2021-05-06T23:59:59+02:00,0,0,1480,1482,2663,3319,3672,4928,8472,10102,17898,17431,12651,13668,9102,11131,2779,4882,334,323,571,885,689,1380,1247,2284,2168,2600,2452,2083,4910,5850,2574,4496,78961,29624,10886,4804,35428,34,383,2,1
2021-05-05T23:59:59+02:00,0,0,1425,1405,2576,3247,3496,4753,7320,9085,17391,17031,12563,13555,9070,11085,2770,4867,334,323,569,884,688,1378,1201,2232,2157,2592,2448,2081,4910,5846,2574,4492,75080,29614,10881,4803,35418,33,258,2,1
2021-05-04T23:59:59+02:00,0,0,1414,1403,2569,3240,3494,4753,7318,9084,17390,17031,12563,13555,9070,11085,2770,4867,334,322,569,883,686,1378,1201,2232,2157,2592,2447,2080,4910,5846,2574,4491,75072,29610,10870,4803,35405,31,257,2,1
2021-05-03T23:59:59+02:00,0,0,1412,1397,2561,3235,3491,4747,7239,9024,17376,17023,12559,13553,9070,11085,2769,4866,331,316,565,879,681,1373,1122,2172,2143,2584,2443,2078,4910,5846,2573,4490,75063,29608,10870,4803,35405,27,67,2,1
2021-05-02T23:59:59+02:00,0,0,1404,1393,2558,3229,3478,4738,7219,9004,17270,16955,12546,13528,9064,11074,2766,4866,329,315,565,878,681,1373,1122,2171,2141,2584,2443,2078,4909,5844,2573,4490,74753,29602,10869,4802,35404,27,64,2,1
2021-05-01T23:59:59+02:00,0,0,1400,1387,2548,3219,3469,4720,7160,8943,17126,16838,12521,13505,9052,11068,2766,4866,329,315,565,878,681,1373,1122,2171,2141,2584,2443,2078,4907,5844,2572,4488,74249,29597,10869,4802,35404,27,64,2,1
2021-04-30T23:59:59+02:00,0,0,1330,1307,2427,3049,3300,4445,5609,7542,15379,15406,12378,13344,8957,10951,2751,4833,329,315,564,877,680,1373,1119,2169,2138,2582,2442,2068,4894,5835,2564,4470,66723,29580,10869,4801,35404,27,10,2,1
2021-04-29T23:59:59+02:00,0,0,1275,1269,2324,2939,3167,4275,5000,6893,14202,14382,12067,13016,8866,10869,2737,4805,327,313,564,876,680,1372,1118,2169,2136,2580,2440,2064,4893,5832,2563,4468,61804,29559,10869,4798,35401,27,10,2,1
2021-04-28T23:59:59+02:00,0,0,1212,1252,2262,2901,3102,4194,4691,6601,13787,14065,11952,12869,8825,10810,2729,4799,326,313,561,874,677,1372,1116,2167,2135,2573,2437,2061,4890,5828,2560,4465,61686,29554,8959,4771,35401,26,3,2,1
2021-04-27T23:59:59+02:00,0,0,1192,1250,2257,2900,3098,4193,4689,6601,13786,14064,11951,12868,8825,10810,2729,4799,326,313,561,874,676,1370,1116,2167,2134,2573,2437,2059,4890,5828,2560,4465,61654,29552,8954,4767,35399,26,3,2,1
2021-04-26T23:59:59+02:00,0,0,1192,1248,2255,2899,3095,4193,4675,6587,13746,14032,11948,12865,8825,10809,2729,4798,326,313,561,874,676,1370,1116,2167,2132,2572,2437,2059,4890,5828,2560,4465,61644,29550,8950,4766,35297,26,3,2,1
2021-04-25T23:59:59+02:00,0,0,1191,1248,2249,2899,3092,4186,4662,6580,13608,13878,11938,12859,8824,10808,2729,4798,326,313,560,874,675,1369,1114,2165,2132,2572,2437,2059,4890,5828,2560,4465,61318,29546,8947,4763,35279,26,3,2,1
2021-04-24T23:59:59+02:00,0,0,1125,1202,2111,2810,2952,4130,4451,6465,12745,13075,11660,12530,8758,10704,2722,4785,326,313,560,874,674,1368,1114,2165,2132,2571,2436,2059,4886,5827,2560,4465,57995,29539,8946,4763,35279,24,3,2,1
2021-04-23T23:59:59+02:00,0,0,1026,1182,1896,2783,2792,4097,4337,6354,11401,12020,11605,12468,8734,10657,2720,4782,325,313,560,874,673,1368,1113,2165,2130,2571,2435,2059,4885,5821,2560,4464,56518,29533,8946,4761,33386,19,2,2,1
2021-04-22T23:59:59+02:00,0,0,1016,1173,1869,2770,2730,4072,4160,6235,10782,11503,11517,12382,8704,10610,2717,4777,324,312,560,874,673,1367,1111,2165,2129,2571,2435,2057,4883,5819,2560,4464,54822,29526,8945,4756,33246,19,2,2,1
2021-04-21T23:59:59+02:00,0,0,1001,1159,1794,2746,2610,4037,4014,6161,9288,10343,11442,12315,8692,10586,2714,4774,323,312,559,874,672,1367,1110,2165,2129,2571,2431,2053,4880,5817,2559,4462,51657,29509,8944,4753,33071,19,2,2,1
2021-04-20T23:59:59+02:00,0,0,1001,1158,1793,2745,2607,4034,4010,6160,8991,10020,11415,12291,8688,10577,2714,4773,323,312,559,874,672,1367,1110,2164,2128,2570,2431,2052,4878,5816,2559,4462,50962,29505,8941,4750,33070,19,2,2,1
2021-04-19T23:59:59+02:00,0,0,999,1156,1793,2742,2606,4033,4008,6158,8991,10019,11415,12291,8688,10576,2714,4773,322,312,558,873,672,1367,1108,2164,2127,2570,2431,2052,4878,5816,2559,4462,50954,29501,8936,4749,33068,18,2,2,1
2021-04-18T23:59:59+02:00,0,0,999,1155,1791,2742,2604,4031,4008,6158,8991,10019,11415,12291,8688,10575,2714,4772,322,312,558,873,671,1367,1108,2163,2127,2570,2431,2052,4878,5816,2559,4462,50947,29500,8935,4748,33067,18,2,2,1
2021-04-17T23:59:59+02:00,0,0,999,1154,1788,2736,2527,3940,3951,6076,8974,10001,11292,12139,8685,10573,2714,4771,317,306,554,866,663,1357,1090,2150,2080,2544,2386,2000,4829,5747,2553,4456,50314,29130,8935,4748,33067,17,2,2,1
2021-04-16T23:59:59+02:00,0,0,970,1120,1677,2653,2325,3803,3701,5902,7252,8187,11095,11895,8631,10510,2711,4758,310,301,539,847,631,1320,1008,2093,1855,2384,2236,1891,4642,5478,2494,4340,45968,29116,8860,3238,32358,12,2,2,1
2021-04-15T23:59:59+02:00,0,0,900,1068,1547,2565,2044,3651,3169,5573,6241,7221,10838,11559,8531,10387,2692,4735,310,301,538,846,629,1319,1007,2090,1619,2243,2083,1760,4456,5267,2440,4237,42161,29071,8857,2063,31699,8,2,2,1
2021-04-14T23:59:59+02:00,0,0,885,1039,1502,2529,1956,3570,2999,5438,6147,7110,10674,11352,8449,10287,2680,4721,290,291,504,819,558,1260,800,1947,1399,2119,2016,1685,4325,5103,2426,4209,40785,27677,8853,2063,31696,8,2,2,1
2021-04-13T23:59:59+02:00,0,0,880,1033,1490,2526,1933,3551,2967,5403,5624,6534,10374,11013,8418,10253,2679,4720,290,289,504,818,558,1260,800,1947,1399,2118,2013,1684,4325,5103,2426,4206,40776,27675,6926,2054,31692,8,2,2,1
2021-04-12T23:59:59+02:00,0,0,880,1031,1489,2523,1933,3551,2966,5402,5623,6534,10373,11013,8418,10253,2679,4720,290,288,504,818,556,1260,798,1946,1398,2118,2013,1684,4325,5102,2426,4206,40771,27669,6923,2052,31690,8,2,2,1
2021-04-11T23:59:59+02:00,0,0,880,1031,1488,2523,1931,3550,2965,5402,5623,6534,10372,11012,8418,10253,2679,4720,290,288,503,818,554,1260,797,1946,1396,2118,2013,1684,4325,5102,2426,4206,40768,27664,6922,2052,31688,8,1,2,1
2021-04-10T23:59:59+02:00,0,0,878,1028,1485,2519,1914,3538,2896,5336,5495,6436,10142,10795,8365,10203,2675,4719,290,287,503,817,554,1260,796,1946,1396,2118,2009,1680,4320,5093,2425,4203,40198,27635,6922,2052,31301,8,1,2,1
2021-04-09T23:59:59+02:00,0,0,840,995,1388,2463,1810,3479,2767,5282,5355,6371,7763,7967,8301,10109,2665,4701,289,287,500,816,552,1258,793,1946,1394,2114,1989,1658,4298,5075,2422,4198,34722,27527,6921,2052,30610,8,1,2,1
2021-04-08T23:59:59+02:00,0,0,839,993,1384,2460,1808,3476,2755,5273,5344,6358,6975,7052,8259,10059,2662,4697,287,286,500,815,552,1257,792,1946,1392,2113,1987,1658,4297,5072,2422,4198,32868,27513,6921,2051,30602,8,1,2,1
2021-04-07T23:59:59+02:00,0,0,787,970,1309,2388,1721,3408,2562,5165,4601,5874,6307,6410,8201,9998,2656,4691,287,286,500,815,552,1254,792,1946,1392,2113,1987,1658,4296,5072,2422,4198,32863,27512,6920,2050,27262,7,1,2,0
2021-04-06T23:59:59+02:00,0,0,753,963,1290,2353,1697,3367,2532,5119,4527,5798,5945,6053,8180,9974,2651,4685,287,285,500,814,552,1254,791,1946,1391,2113,1987,1657,4296,5072,2422,4198,32858,27509,6920,2048,26106,7,1,2,0
2021-04-05T23:59:59+02:00,0,0,749,932,1249,2228,1625,3202,2413,4849,4367,5526,5637,5745,8163,9948,2649,4681,287,285,500,813,552,1254,791,1946,1391,2113,1987,1657,4296,5072,2422,4198,32856,27508,6920,2048,24184,7,1,2,0
2021-04-04T23:59:59+02:00,0,0,728,907,1157,2012,1491,2936,2199,4414,4017,5027,5392,5521,8131,9894,2648,4673,287,285,499,812,550,1253,790,1945,1317,2076,1623,1383,4138,4891,2378,4133,32852,26305,6920,2048,21372,6,1,2,0
2021-04-03T23:59:59+02:00,0,0,728,907,1156,2011,1490,2936,2198,4414,4017,5027,5392,5520,8131,9894,2648,4673,287,285,499,812,550,1253,790,1945,1317,2076,1623,1383,4138,4891,2378,4133,32848,26305,6920,2048,21371,6,1,2,0
2021-04-02T23:59:59+02:00,0,0,728,906,1156,2011,1489,2936,2198,4414,4016,5026,5392,5519,8130,9893,2647,4671,287,285,499,812,549,1253,790,1945,1316,2076,1623,1383,4138,4891,2378,4133,32846,26304,6920,2048,21364,6,0,2,0
2021-04-01T23:59:59+02:00,0,0,723,904,1153,2005,1481,2927,2184,4396,3925,4941,4898,4918,7425,8999,2645,4666,287,283,498,809,549,1252,787,1943,1278,2048,1474,1288,4039,4790,2367,4120,29939,25764,6894,2042,21355,6,0,2,0
2021-03-31T23:59:59+02:00,0,0,723,903,1151,2004,1477,2922,2180,4395,3907,4930,4725,4700,6657,8064,2635,4644,286,282,498,809,545,1249,782,1936,1173,1971,1079,1023,3630,4327,2260,3946,29821,23812,4866,1979,21328,5,0,2,0
2021-03-30T23:59:59+02:00,0,0,723,903,1150,2001,1465,2913,2171,4386,3862,4903,4526,4519,6407,7767,2626,4628,286,281,498,807,545,1249,782,1935,1173,1971,1079,1023,3630,4327,2259,3946,29816,23808,4861,1979,20271,4,0,2,0
2021-03-29T23:59:59+02:00,0,0,721,901,1150,2001,1463,2913,2171,4386,3858,4901,4523,4517,6404,7758,2624,4610,286,280,498,807,545,1249,781,1934,1173,1971,1079,1022,3630,4327,2259,3946,29807,23804,4856,1979,20236,4,0,2,0
2021-03-28T23:59:59+02:00,0,0,721,901,1150,1998,1461,2911,2170,4383,3857,4901,4522,4517,6401,7754,2624,4609,285,280,496,807,545,1249,780,1934,1173,1971,1079,1021,3630,4327,2259,3946,29805,23800,4851,1978,20222,4,0,2,0
2021-03-27T23:59:59+01:00,0,0,717,896,1146,1990,1453,2901,2151,4367,3815,4875,4473,4460,6356,7696,2617,4596,281,275,482,797,534,1237,732,1898,1012,1879,818,831,3491,4173,2097,3634,29456,22831,4851,1336,20200,4,0,2,0
2021-03-26T23:59:59+01:00,0,0,717,896,1145,1989,1450,2900,2148,4366,3810,4872,4461,4438,6346,7671,2610,4582,280,275,482,795,532,1237,730,1898,1005,1871,681,736,2513,3016,1927,3421,29398,20059,4849,1336,20152,4,0,2,0
2021-03-25T23:59:59+01:00,0,0,716,895,1145,1989,1449,2897,2144,4360,3805,4868,4452,4427,6333,7639,2589,4528,280,275,482,795,531,1234,729,1897,1003,1870,660,729,1329,1567,1646,3057,29386,16744,4844,1336,20004,4,0,2,0
2021-03-24T23:59:59+01:00,0,0,693,884,1107,1959,1378,2837,1938,4212,3581,4742,4392,4367,6198,7471,2575,4496,280,275,482,794,528,1234,727,1897,1002,1870,660,729,1329,1566,1646,3055,28009,16735,4841,1335,19978,4,0,2,0
2021-03-23T23:59:59+01:00,0,0,693,882,1105,1958,1378,2837,1938,4212,3580,4739,4392,4366,6197,7471,2575,4495,280,275,482,794,528,1233,727,1897,1002,1870,660,729,1329,1566,1646,3055,28004,16734,4838,1335,19974,4,0,2,0
2021-03-22T23:59:59+01:00,0,0,693,880,1103,1954,1375,2837,1936,4212,3579,4739,4392,4365,6197,7470,2575,4495,280,275,482,794,528,1232,726,1897,1002,1869,660,728,1329,1566,1646,3055,28000,16731,4837,1335,19963,3,0,2,0
2021-03-21T23:59:59+01:00,0,0,693,880,1101,1951,1375,2835,1935,4211,3578,4738,4392,4365,6196,7470,2575,4495,280,275,482,794,528,1232,726,1897,1002,1869,660,727,1329,1566,1646,3055,27997,16730,4836,1335,19956,3,0,1,0
2021-03-20T23:59:59+01:00,0,0,691,878,1099,1949,1369,2832,1918,4204,3547,4719,4174,4090,5679,6863,2565,4462,275,273,477,788,511,1222,704,1880,964,1840,590,649,1097,1307,1296,2508,27916,15043,4738,1335,18384,3,0,1,0
2021-03-19T23:59:59+01:00,0,0,683,872,1084,1929,1335,2795,1838,4148,3326,4558,4025,3984,5503,6621,2516,4377,275,273,477,788,511,1222,704,1879,963,1840,590,649,1097,1306,1295,2507,27914,15038,3303,1335,18377,3,0,0,0
2021-03-18T23:59:59+01:00,0,0,682,871,1083,1928,1334,2793,1838,4145,3096,4415,3872,3855,5325,6419,2464,4276,275,272,476,788,511,1220,704,1878,962,1839,588,646,858,1049,1185,2339,27903,14254,2118,1334,18375,2,0,0,0
2021-03-17T23:59:59+01:00,0,0,682,871,1082,1928,1334,2792,1838,4145,3096,4415,3872,3853,5324,6419,2464,4276,275,271,476,788,511,1220,704,1878,961,1839,587,646,858,1049,1185,2339,27901,14252,2118,1333,18372,2,0,0,0
2021-03-16T23:59:59+01:00,0,0,681,871,1082,1924,1333,2792,1835,4145,3096,4413,3871,3852,5324,6419,2463,4275,273,267,462,783,502,1208,688,1864,945,1829,585,645,856,1048,1184,2338,27893,14142,2114,1333,18369,2,0,0,0
2021-03-15T23:59:59+01:00,0,0,681,870,1080,1923,1330,2792,1831,4144,3095,4413,3871,3851,5323,6419,2463,4275,273,267,462,783,502,1208,687,1864,944,1828,585,645,856,1048,1184,2338,27888,14139,2112,1333,18361,2,0,0,0
2021-03-14T23:59:59+01:00,0,0,680,868,1077,1920,1327,2789,1829,4142,3090,4412,3871,3851,5323,6419,2463,4275,273,267,462,783,502,1208,687,1864,944,1827,585,645,855,1048,1184,2338,27884,14137,2112,1333,18340,2,0,0,0
2021-03-13T23:59:59+01:00,0,0,678,863,1069,1914,1318,2782,1824,4134,2976,4334,3402,3448,5119,6186,2418,4212,273,267,462,783,502,1208,686,1864,942,1826,561,629,552,753,764,1764,26619,12501,2112,1333,17946,2,0,0,0
2021-03-12T23:59:59+01:00,0,0,648,776,1046,1801,1297,2591,1792,3868,2932,4166,2261,2005,4758,5640,2415,4203,273,267,462,783,502,1208,685,1864,941,1826,561,628,552,753,764,1763,26607,12498,2112,1333,13480,1,0,0,0
2021-03-11T23:59:59+01:00,0,0,638,731,1038,1699,1289,2432,1780,3654,2886,4027,1697,1476,4272,5098,2405,4194,271,266,462,783,502,1208,685,1863,941,1822,561,628,550,752,684,1618,26057,12495,2100,1101,11159,0,0,0,0
2021-03-10T23:59:59+01:00,0,0,633,719,1028,1677,1280,2411,1767,3628,2777,3944,1307,1208,3864,4629,2311,4037,271,266,461,781,501,1208,685,1863,939,1822,561,628,548,751,684,1618,24078,12489,2099,1098,11043,0,0,0,0
2021-03-09T23:59:59+01:00,0,0,632,714,1020,1660,1269,2396,1764,3617,2770,3939,1303,1207,3864,4628,2310,4037,271,266,461,781,501,1208,685,1863,939,1822,561,628,548,751,684,1618,24075,12489,2098,1098,10957,0,0,0,0
2021-03-08T23:59:59+01:00,0,0,628,685,1009,1635,1254,2363,1756,3584,2749,3924,1302,1205,3864,4628,2310,4037,271,266,461,781,501,1208,685,1863,939,1822,561,627,546,751,684,1618,24071,12486,2097,1098,10765,0,0,0,0
2021-03-07T23:59:59+01:00,0,0,628,682,1005,1631,1254,2360,1755,3581,2749,3922,1302,1205,3864,4628,2310,4037,271,266,461,781,500,1208,685,1863,939,1822,561,627,546,751,684,1618,24068,12485,2097,1098,10748,0,0,0,0
2021-03-06T23:59:59+01:00,0,0,592,635,886,1530,1012,2170,1335,3199,2328,3586,1021,986,3564,4251,2290,4020,271,266,461,781,498,1208,685,1863,939,1821,561,626,544,747,595,1444,23070,12482,2094,828,8241,0,0,0,0
2021-03-05T23:59:59+01:00,0,0,589,635,881,1527,1012,2169,1332,3196,2321,3581,877,889,2570,3056,2119,3788,269,266,456,769,494,1203,677,1846,925,1806,557,622,486,686,289,933,20227,12279,2083,5,8232,0,0,0,0
2021-03-04T23:59:59+01:00,0,0,571,591,844,1397,974,2015,1282,2992,2277,3481,862,880,1388,1621,1832,3423,269,266,455,769,494,1203,677,1846,925,1806,556,621,486,685,289,933,16931,12275,2082,5,7417,0,0,0,0
2021-03-03T23:59:59+01:00,0,0,565,558,821,1332,953,1953,1266,2948,2267,3437,862,879,1388,1621,1832,3423,269,266,455,769,494,1203,677,1845,925,1806,556,621,486,685,289,933,16929,12274,2082,5,7094,0,0,0,0
2021-03-02T23:59:59+01:00,0,0,564,556,818,1331,953,1953,1265,2947,2267,3437,862,879,1388,1621,1832,3423,269,266,454,769,494,1203,677,1845,925,1805,556,621,486,685,289,933,16928,12272,2082,5,7086,0,0,0,0
2021-03-01T23:59:59+01:00,0,0,564,554,817,1331,953,1952,1265,2947,2266,3436,862,878,1388,1620,1832,3423,269,266,454,769,494,1203,676,1844,925,1805,556,621,486,685,289,933,16925,12270,2081,5,7082,0,0,0,0
2021-02-28T23:59:59+01:00,0,0,563,552,817,1331,952,1952,1265,2947,2264,3435,862,876,1388,1620,1832,3423,269,266,454,769,494,1203,676,1843,925,1805,556,621,486,685,289,933,16922,12269,2081,5,7076,0,0,0,0
2021-02-27T23:59:59+01:00,0,0,558,550,806,1321,931,1941,1225,2919,2187,3385,741,760,1119,1330,1325,2550,268,266,454,769,493,1203,674,1842,924,1803,555,618,485,683,289,929,15201,12251,1373,4,7074,0,0,0,0
2021-02-26T23:59:59+01:00,0,0,548,529,777,1257,902,1828,1186,2761,1867,2964,700,732,1119,1330,1324,2549,268,266,454,769,493,1203,674,1842,924,1803,555,618,485,683,289,928,15196,12250,1373,4,5804,0,0,0,0
2021-02-25T23:59:59+01:00,0,0,514,487,715,1139,795,1635,1032,2460,1368,2416,649,687,871,1066,1215,2378,267,265,453,769,493,1202,673,1840,924,1802,555,618,485,683,289,928,14392,12245,1373,1,3662,0,0,0,0
2021-02-24T23:59:59+01:00,0,0,513,486,715,1137,794,1635,1032,2459,1368,2415,649,687,871,1066,1215,2378,267,265,453,769,493,1201,673,1840,924,1802,555,618,485,683,289,928,14391,12245,1372,0,3657,0,0,0,0
2021-02-23T23:59:59+01:00,0,0,511,482,700,1129,785,1624,1015,2445,1352,2405,647,686,869,1065,1214,2377,267,264,453,768,493,1201,673,1839,924,1801,555,618,485,683,289,928,14281,12241,1372,0,3653,0,0,0,0
2021-02-22T23:59:59+01:00,0,0,511,482,699,1129,783,1624,1015,2445,1351,2404,647,684,869,1065,1214,2377,267,264,453,768,493,1201,673,1839,924,1800,555,618,485,683,289,928,14279,12240,1372,0,3648,0,0,0,0
2021-02-21T23:59:59+01:00,0,0,511,482,699,1129,782,1624,1014,2445,1351,2403,646,684,868,1065,1214,2377,267,264,453,768,493,1201,673,1839,924,1800,555,618,485,683,289,928,14277,12240,1372,0,3645,0,0,0,0
2021-02-20T23:59:59+01:00,0,0,495,480,687,1123,762,1619,1001,2443,1324,2383,619,665,559,764,786,1793,266,263,448,766,488,1195,668,1828,918,1797,552,615,480,683,285,923,12612,12175,1371,0,3520,0,0,0,0
2021-02-19T23:59:59+01:00,0,0,397,394,583,997,644,1465,860,2272,1085,2146,572,641,559,764,786,1793,263,263,444,764,486,1186,665,1812,911,1777,548,609,475,676,282,915,12611,12076,1371,0,1976,0,0,0,0
2021-02-18T23:59:59+01:00,0,0,274,269,469,794,505,1218,699,1876,949,1835,569,635,558,764,786,1793,262,261,442,761,484,1182,664,1798,907,1766,542,604,468,669,277,904,12609,11991,1371,0,13,0,0,0,0
2021-02-17T23:59:59+01:00,0,0,274,269,468,794,505,1218,698,1876,948,1835,568,635,558,763,786,1793,261,261,441,758,482,1180,661,1790,904,1759,537,599,459,647,266,885,12607,11890,1371,0,10,0,0,0,0
2021-02-16T23:59:59+01:00,0,0,274,269,466,793,504,1218,698,1876,948,1835,568,635,558,763,786,1793,250,257,435,742,470,1148,654,1714,879,1680,518,570,427,604,249,820,12607,11417,1371,0,6,0,0,0,0
2021-02-15T23:59:59+01:00,0,0,274,269,465,793,504,1218,696,1876,948,1835,568,635,558,763,786,1793,246,253,432,734,464,1122,638,1663,854,1626,497,536,409,560,237,757,12607,11028,1371,0,3,0,0,0,0
2021-02-14T23:59:59+01:00,0,0,274,269,465,793,503,1218,696,1876,948,1835,568,635,558,763,786,1793,246,253,432,733,464,1122,638,1657,852,1617,487,531,405,557,229,749,12606,10972,1371,0,3,0,0,0,0
2021-02-13T23:59:59+01:00,0,0,272,269,465,793,503,1218,695,1875,948,1835,568,635,558,763,786,1793,244,251,432,729,457,1110,629,1636,832,1584,468,506,391,532,216,713,12604,10730,1371,0,1,0,0,0,0
2021-02-12T23:59:59+01:00,0,0,272,269,465,792,503,1218,695,1874,944,1832,568,633,509,717,772,1789,227,243,412,695,436,1022,594,1474,745,1343,385,386,316,420,160,536,12480,9394,1371,0,1,0,0,0,0
2021-02-11T23:59:59+01:00,0,0,270,269,464,792,503,1218,695,1872,944,1829,567,632,506,714,689,1641,205,230,400,664,416,975,560,1380,699,1232,351,338,277,357,133,450,12468,8667,1136,0,1,0,0,0,0
2021-02-10T23:59:59+01:00,0,0,270,269,464,791,503,1218,694,1872,943,1829,566,632,506,713,688,1639,202,226,399,658,412,961,557,1360,687,1197,335,315,255,317,116,388,12461,8385,1136,0,0,0,0,0,0
2021-02-09T23:59:59+01:00,0,0,270,269,464,791,503,1218,693,1872,943,1827,566,632,506,713,688,1639,193,213,387,622,393,894,514,1267,634,1067,261,224,180,206,75,240,12458,7370,1136,0,0,0,0,0,0
2021-02-08T23:59:59+01:00,0,0,270,269,462,791,503,1218,692,1872,943,1827,566,632,506,713,688,1639,190,207,383,608,383,869,489,1217,607,997,230,183,145,156,61,185,12456,6910,1135,0,0,0,0,0,0
2021-02-07T23:59:59+01:00,0,0,270,269,462,791,503,1218,692,1872,943,1826,566,632,506,713,688,1638,189,207,381,604,381,864,484,1207,603,983,224,176,135,138,55,169,12454,6800,1135,0,0,0,0,0,0
2021-02-06T23:59:59+01:00,0,0,270,269,462,791,503,1218,692,1872,943,1826,566,632,504,708,598,1465,189,207,381,604,381,864,484,1207,603,983,224,176,135,138,55,169,12454,6800,865,0,0,0,0,0,0
2021-02-05T23:59:59+01:00,0,0,270,269,460,790,501,1216,689,1871,940,1823,562,628,497,693,291,946,183,198,364,573,368,824,464,1166,585,952,203,159,111,125,50,166,12439,6491,7,0,0,0,0,0,0
2021-02-04T23:59:59+01:00,0,0,270,268,459,784,498,1215,688,1866,935,1822,561,628,496,692,291,946,168,162,295,437,302,668,384,943,511,813,192,154,103,119,43,154,12412,5448,7,0,0,0,0,0,0
2021-02-03T23:59:59+01:00,0,0,269,268,459,782,498,1214,687,1865,935,1822,561,628,496,692,291,946,163,155,249,355,253,581,324,842,460,726,185,149,99,117,42,153,12406,4853,7,0,0,0,0,0,0
2021-02-02T23:59:59+01:00,0,0,269,267,459,779,498,1214,687,1862,935,1820,561,628,496,692,291,946,156,140,190,291,195,493,247,728,378,642,175,145,97,116,42,152,12397,4187,7,0,0,0,0,0,0
2021-02-01T23:59:59+01:00,0,0,269,267,457,778,497,1213,686,1858,932,1815,561,628,495,692,291,946,149,134,152,254,167,434,202,650,321,568,169,134,89,106,37,145,12378,3711,7,0,0,0,0,0,0
2021-01-31T23:59:59+01:00,0,0,269,267,457,778,497,1213,686,1858,932,1815,561,628,495,692,291,946,149,134,152,253,167,433,201,650,321,568,169,134,89,106,37,145,12378,3708,7,0,0,0,0,0,0
2021-01-30T23:59:59+01:00,0,0,269,267,457,778,497,1213,686,1858,928,1815,560,628,493,692,288,946,136,122,135,235,156,404,190,609,303,521,147,123,77,79,30,110,12368,3377,7,0,0,0,0,0,0
2021-01-29T23:59:59+01:00,0,0,266,266,453,775,495,1203,683,1841,921,1795,556,622,488,686,285,938,88,68,93,154,115,246,147,441,213,378,109,82,58,68,25,99,12267,2384,6,0,0,0,0,0,0
2021-01-28T23:59:59+01:00,0,0,266,266,452,775,494,1203,683,1840,921,1793,556,622,488,686,285,938,10,7,13,23,24,46,23,94,50,106,34,32,31,49,19,91,12264,652,4,0,0,0,0,0,0
2021-01-27T23:59:59+01:00,0,0,265,266,452,775,494,1202,683,1839,919,1793,556,622,488,686,285,938,10,7,13,23,23,46,23,92,49,106,34,32,31,49,19,91,12262,648,1,0,0,0,0,0,0
2021-01-26T23:59:59+01:00,0,0,265,266,451,774,494,1201,683,1839,919,1792,556,622,488,686,285,938,10,7,13,23,23,46,23,92,49,106,34,32,31,49,19,91,12258,648,1,0,0,0,0,0,0
2021-01-25T23:59:59+01:00,0,0,265,266,449,774,494,1200,683,1837,919,1792,556,622,487,684,285,938,6,1,5,13,11,21,14,39,23,46,17,16,10,15,6,19,12251,262,0,0,0,0,0,0,0
2021-01-24T23:59:59+01:00,0,0,265,265,449,774,493,1200,683,1836,919,1791,556,622,487,684,285,938,6,1,5,13,11,21,14,39,23,46,17,16,10,15,6,19,12247,262,0,0,0,0,0,0,0
2021-01-23T23:59:59+01:00,0,0,265,265,449,774,493,1199,683,1836,919,1791,556,622,487,684,285,938,6,1,5,13,11,21,14,39,23,46,17,16,10,15,6,19,12246,262,0,0,0,0,0,0,0
2021-01-22T23:59:59+01:00,0,0,263,263,449,774,492,1198,683,1835,919,1791,556,622,487,684,267,894,6,1,5,13,11,21,14,39,23,46,17,16,10,15,6,19,12177,262,0,0,0,0,0,0,0
2021-01-21T23:59:59+01:00,0,0,260,259,447,765,489,1190,680,1813,910,1774,548,613,467,659,256,858,6,1,5,13,11,21,14,39,23,46,17,16,10,15,6,19,11988,262,0,0,0,0,0,0,0
2021-01-20T23:59:59+01:00,0,0,259,257,443,760,487,1187,677,1805,907,1769,542,608,460,640,248,841,6,1,5,13,11,21,14,39,23,46,17,16,10,15,6,19,11890,262,0,0,0,0,0,0,0
2021-01-19T23:59:59+01:00,0,0,254,257,441,752,481,1172,674,1774,896,1727,530,591,449,624,236,806,6,1,5,13,11,21,14,39,23,46,17,16,10,15,6,19,11664,262,0,0,0,0,0,0,0
2021-01-18T23:59:59+01:00,0,0,250,253,438,741,476,1151,656,1737,870,1679,511,558,434,586,224,749,6,1,5,12,11,21,14,39,23,46,17,16,10,15,6,19,11313,261,0,0,0,0,0,0,0
2021-01-17T23:59:59+01:00,0,0,250,252,437,740,476,1150,653,1730,864,1667,495,547,419,564,209,724,6,1,4,12,11,21,14,39,23,46,17,15,10,15,6,19,11177,259,0,0,0,0,0,0,0
2021-01-16T23:59:59+01:00,0,0,242,244,433,720,463,1115,628,1642,817,1518,453,465,390,511,188,669,0,0,0,0,0,0,0,0,0,0,0,0,0,0,0,0,10498,0,0,0,0,0,0,0,0
2021-01-15T23:59:59+01:00,0,0,233,237,425,700,449,1064,608,1542,778,1404,404,408,339,443,170,563,0,0,0,0,0,0,0,0,0,0,0,0,0,0,0,0,9767,0,0,0,0,0,0,0,0
2021-01-14T23:59:59+01:00,0,0,210,224,406,658,427,1002,565,1425,711,1251,349,334,290,350,129,446,0,0,0,0,0,0,0,0,0,0,0,0,0,0,0,0,8777,0,0,0,0,0,0,0,0
2021-01-13T23:59:59+01:00,0,0,208,222,405,651,422,983,560,1403,697,1216,331,310,265,310,112,385,0,0,0,0,0,0,0,0,0,0,0,0,0,0,0,0,8480,0,0,0,0,0,0,0,0
2021-01-12T23:59:59+01:00,0,0,191,211,389,610,391,888,498,1249,618,1027,236,194,160,161,62,193,0,0,0,0,0,0,0,0,0,0,0,0,0,0,0,0,7078,0,0,0,0,0,0,0,0
2021-01-11T23:59:59+01:00,0,0,187,205,385,598,377,861,478,1202,598,973,216,165,128,117,45,145,0,0,0,0,0,0,0,0,0,0,0,0,0,0,0,0,6680,0,0,0,0,0,0,0,0
2021-01-10T23:59:59+01:00,0,0,186,201,373,584,373,848,469,1182,586,954,212,165,125,117,43,143,0,0,0,0,0,0,0,0,0,0,0,0,0,0,0,0,6561,0,0,0,0,0,0,0,0
2021-01-09T23:59:59+01:00,0,0,166,168,327,504,332,730,408,1001,498,805,148,108,73,73,29,105,0,0,0,0,0,0,0,0,0,0,0,0,0,0,0,0,5475,0,0,0,0,0,0,0,0
2021-01-08T23:59:59+01:00,0,0,98,78,231,352,245,436,294,669,340,511,80,67,49,58,22,93,0,0,0,0,0,0,0,0,0,0,0,0,0,0,0,0,3623,0,0,0,0,0,0,0,0
2021-01-07T23:59:59+01:00,0,0,12,11,54,97,72,124,94,195,122,180,41,35,33,50,19,93,0,0,0,0,0,0,0,0,0,0,0,0,0,0,0,0,1232,0,0,0,0,0,0,0,0
2021-01-06T23:59:59+01:00,0,0,8,4,9,23,17,46,23,91,53,109,35,32,32,50,19,93,0,0,0,0,0,0,0,0,0,0,0,0,0,0,0,0,644,0,0,0,0,0,0,0,0
2021-01-05T23:59:59+01:00,0,0,8,4,9,23,17,46,22,91,51,109,35,32,32,50,19,93,0,0,0,0,0,0,0,0,0,0,0,0,0,0,0,0,641,0,0,0,0,0,0,0,0
2021-01-04T23:59:59+01:00,0,0,6,1,5,13,11,23,14,41,23,48,18,16,11,15,6,20,0,0,0,0,0,0,0,0,0,0,0,0,0,0,0,0,271,0,0,0,0,0,0,0,0
2021-01-03T23:59:59+01:00,0,0,6,1,5,13,11,23,14,41,23,48,18,16,11,15,6,20,0,0,0,0,0,0,0,0,0,0,0,0,0,0,0,0,271,0,0,0,0,0,0,0,0
2021-01-02T23:59:59+01:00,0,0,6,1,5,13,11,23,14,41,23,48,18,16,11,15,6,20,0,0,0,0,0,0,0,0,0,0,0,0,0,0,0,0,271,0,0,0,0,0,0,0,0
2021-01-01T23:59:59+01:00,0,0,6,1,5,13,11,23,14,41,23,48,18,16,11,15,6,20,0,0,0,0,0,0,0,0,0,0,0,0,0,0,0,0,271,0,0,0,0,0,0,0,0
2020-12-31T23:59:59+01:00,0,0,6,1,5,13,11,23,14,41,23,48,18,16,11,15,6,20,0,0,0,0,0,0,0,0,0,0,0,0,0,0,0,0,271,0,0,0,0,0,0,0,0
2020-12-30T23:59:59+01:00,0,0,6,1,5,13,11,23,14,41,23,48,18,16,11,15,6,20,0,0,0,0,0,0,0,0,0,0,0,0,0,0,0,0,271,0,0,0,0,0,0,0,0
2020-12-29T23:59:59+01:00,0,0,6,1,5,13,11,23,14,41,23,48,18,16,11,15,6,20,0,0,0,0,0,0,0,0,0,0,0,0,0,0,0,0,271,0,0,0,0,0,0,0,0
2020-12-28T23:59:59+01:00,0,0,6,1,5,13,11,23,14,41,23,48,18,16,11,15,6,20,0,0,0,0,0,0,0,0,0,0,0,0,0,0,0,0,271,0,0,0,0,0,0,0,0
2020-12-27T23:59:59+01:00,0,0,6,1,4,12,11,23,14,41,23,48,18,15,11,15,6,20,0,0,0,0,0,0,0,0,0,0,0,0,0,0,0,0,268,0,0,0,0,0,0,0,0
