Datum,<24_1_m,<24_1_w,25-34_1_m,25-34_1_w,35-44_1_m,35-44_1_w,45-54_1_m,45-54_1_w,55-64_1_m,55-64_1_w,65-74_1_m,65-74_1_w,75-84_1_m,75-84_1_w,>84_1_m,>84_1_w,<24_2_m,<24_2_w,25-34_2_m,25-34_2_w,35-44_2_m,35-44_2_w,45-54_2_m,45-54_2_w,55-64_2_m,55-64_2_w,65-74_2_m,65-74_2_w,75-84_2_m,75-84_2_w,>84_2_m,>84_2_w,bp_1,bp_2,mo_1,mo_2,az_1,az_2,ja
2021-05-14T23:59:59+02:00,2060,2264,3358,3803,5097,6441,14131,14985,18290,17781,12525,13657,8508,10624,2333,4253,632,656,826,1228,994,1849,1757,3061,2674,3050,3502,3374,6053,7428,2142,3898,90960,32145,13262,6752,35201,3540,687
2021-05-13T23:59:59+02:00,2047,2230,3340,3786,5048,6391,13978,14851,18197,17699,12495,13625,8498,10605,2333,4252,627,655,823,1223,984,1840,1740,3043,2612,3008,2506,2118,5090,6226,2134,3881,90236,29484,13255,4801,35199,3540,685
2021-05-12T23:59:59+02:00,2047,2230,3340,3786,5048,6391,13978,14851,18197,17699,12495,13625,8498,10605,2333,4252,627,655,823,1223,984,1840,1740,3043,2611,3007,2506,2118,5090,6225,2134,3881,90236,29483,13255,4799,35199,3540,685
2021-05-11T23:59:59+02:00,2000,2183,3243,3712,4971,6326,13049,14109,18038,17566,12481,13606,8492,10594,2328,4249,626,654,820,1220,984,1840,1739,3043,2606,3004,2505,2117,5088,6224,2134,3881,90230,29479,10840,4787,35193,3535,684
2021-05-10T23:59:59+02:00,1983,2181,3240,3710,4967,6325,13048,14108,18037,17566,12481,13606,8492,10594,2328,4249,625,653,820,1220,984,1840,1738,3043,2606,3004,2504,2117,5088,6224,2134,3881,90222,29478,10840,4787,35169,3532,684
2021-05-09T23:59:59+02:00,1943,2131,3187,3698,4896,6287,12992,14093,17973,17508,12463,13590,8490,10586,2326,4248,621,650,814,1219,975,1836,1730,3041,2602,3004,2504,2116,5088,6224,2134,3881,89760,29477,10837,4786,35162,3524,652
2021-05-08T23:59:59+02:00,1906,2093,3150,3653,4811,6198,12681,13832,17952,17482,12457,13583,8488,10584,2325,4248,608,649,806,1219,965,1836,1723,3041,2586,2992,2503,2116,5088,6223,2133,3881,88792,29475,10837,4786,35162,3456,652
2021-05-07T23:59:59+02:00,1747,1952,2891,3484,4057,5440,11531,12723,17799,17364,12427,13554,8471,10570,2318,4241,497,475,688,990,812,1505,1575,2609,2429,2689,2500,2113,5086,6220,2130,3878,84049,29470,10836,4786,35151,1407,533
2021-05-06T23:59:59+02:00,1685,1771,2751,3361,3682,5079,9850,11272,17329,16965,12279,13412,8435,10511,2316,4236,370,405,585,893,665,1410,1342,2395,2182,2481,2493,2107,5084,6215,2130,3877,78600,29455,10835,4785,35142,37,357
2021-05-05T23:59:59+02:00,1624,1691,2667,3284,3486,4892,8674,10226,16880,16608,12206,13302,8408,10477,2309,4227,369,405,584,891,663,1406,1297,2346,2177,2475,2491,2107,5084,6212,2130,3877,74747,29450,10831,4784,35139,36,244
2021-05-04T23:59:59+02:00,1611,1689,2664,3278,3484,4892,8672,10225,16879,16608,12206,13302,8408,10477,2309,4227,369,404,584,890,661,1406,1297,2346,2176,2475,2491,2107,5084,6212,2130,3877,74739,29448,10820,4784,35129,34,243
2021-05-03T23:59:59+02:00,1609,1683,2657,3272,3473,4885,8600,10166,16867,16602,12202,13300,8408,10477,2308,4226,366,397,580,886,649,1400,1225,2287,2165,2469,2487,2105,5084,6212,2129,3876,74731,29448,10820,4784,35129,30,55
2021-05-02T23:59:59+02:00,1601,1678,2654,3269,3458,4872,8529,10112,16816,16572,12191,13276,8402,10467,2305,4226,364,396,579,886,649,1399,1225,2287,2165,2469,2487,2104,5083,6211,2129,3876,74427,29444,10820,4783,35129,30,52
2021-05-01T23:59:59+02:00,1596,1671,2645,3259,3449,4851,8466,10048,16673,16458,12168,13255,8393,10462,2305,4226,364,396,579,886,649,1399,1225,2287,2165,2469,2487,2104,5081,6210,2128,3875,73924,29439,10820,4783,35129,30,52
2021-04-30T23:59:59+02:00,1515,1572,2518,3088,3283,4573,6370,8219,15495,15459,12037,13112,8306,10361,2294,4199,364,396,578,885,648,1398,1222,2285,2162,2468,2484,2096,5068,6202,2122,3863,66445,29422,10820,4783,35129,29,7
2021-04-29T23:59:59+02:00,1450,1529,2409,2970,3158,4390,5565,7441,14508,14554,11751,12824,8220,10289,2285,4174,362,395,578,884,648,1397,1220,2285,2161,2466,2481,2092,5068,6199,2121,3861,61565,29402,10820,4780,35125,29,7
2021-04-28T23:59:59+02:00,1382,1508,2343,2935,3091,4306,5229,7128,14123,14255,11650,12687,8182,10237,2281,4170,361,395,574,883,648,1397,1219,2284,2159,2460,2479,2090,5065,6194,2118,3859,61450,29402,8932,4755,35125,28,0
2021-04-27T23:59:59+02:00,1362,1505,2336,2935,3089,4305,5227,7128,14122,14254,11649,12686,8182,10237,2281,4170,361,395,574,883,648,1396,1219,2284,2158,2460,2479,2089,5065,6194,2118,3859,61418,29400,8927,4754,35123,28,0
2021-04-26T23:59:59+02:00,1362,1502,2334,2935,3087,4304,5201,7111,14092,14226,11648,12683,8182,10237,2281,4169,361,395,574,883,648,1396,1219,2284,2157,2459,2479,2089,5065,6194,2118,3859,61410,29400,8923,4753,35021,27,0
2021-04-25T23:59:59+02:00,1360,1502,2329,2935,3082,4298,5190,7104,13958,14074,11638,12678,8182,10237,2281,4169,361,395,574,883,648,1396,1218,2283,2157,2459,2479,2089,5065,6194,2118,3859,61090,29399,8922,4752,35005,27,0
2021-04-24T23:59:59+02:00,1283,1451,2183,2846,2947,4245,4969,6981,13059,13211,11414,12408,8132,10146,2275,4157,361,395,574,883,648,1395,1218,2283,2157,2458,2477,2089,5062,6193,2118,3859,57780,29393,8922,4752,35005,25,0
2021-04-23T23:59:59+02:00,1169,1426,1965,2822,2802,4212,4841,6846,11735,12182,11368,12342,8112,10109,2273,4155,360,395,574,883,647,1395,1217,2283,2155,2458,2477,2088,5061,6189,2118,3857,56312,29387,8922,4750,33125,20,0
2021-04-22T23:59:59+02:00,1156,1418,1939,2808,2738,4186,4392,6518,11378,11862,11298,12273,8086,10062,2271,4153,359,394,574,883,647,1394,1215,2283,2154,2458,2477,2087,5059,6187,2118,3857,54633,29381,8921,4745,32984,20,0
2021-04-21T23:59:59+02:00,1136,1403,1854,2783,2617,4151,4239,6434,9899,10701,11236,12220,8076,10040,2269,4150,359,394,573,883,646,1394,1214,2282,2152,2458,2473,2084,5056,6184,2118,3856,51477,29363,8921,4743,32810,20,0
2021-04-20T23:59:59+02:00,1136,1402,1853,2782,2614,4149,4234,6433,9604,10380,11210,12197,8073,10032,2268,4149,359,394,573,883,646,1394,1214,2281,2151,2457,2472,2084,5055,6183,2118,3856,50789,29360,8918,4740,32809,20,0
2021-04-19T23:59:59+02:00,1134,1400,1852,2779,2614,4147,4232,6432,9604,10379,11210,12196,8073,10032,2268,4149,359,394,573,883,646,1394,1213,2281,2150,2457,2472,2084,5055,6183,2118,3856,50781,29359,8913,4739,32807,20,0
2021-04-18T23:59:59+02:00,1133,1400,1850,2779,2613,4146,4232,6432,9604,10379,11210,12196,8073,10031,2268,4149,359,394,573,883,646,1394,1213,2281,2150,2457,2472,2084,5055,6183,2118,3856,50776,29359,8913,4739,32806,20,0
2021-04-17T23:59:59+02:00,1133,1400,1840,2767,2537,4058,4182,6355,9588,10360,11088,12046,8070,10029,2268,4148,352,385,570,878,639,1385,1188,2266,2103,2431,2427,2028,5011,6120,2113,3850,50150,28988,8913,4739,32806,19,0
2021-04-16T23:59:59+02:00,1100,1361,1720,2680,2318,3910,3939,6172,7851,8529,10929,11848,8025,9975,2266,4138,345,380,552,857,609,1350,1093,2194,1867,2275,2291,1916,4829,5858,2063,3745,45823,28975,8838,3235,32100,14,0
2021-04-15T23:59:59+02:00,1016,1306,1591,2585,2025,3752,3382,5823,6866,7562,10708,11553,7941,9869,2249,4117,345,380,550,856,608,1349,1090,2191,1612,2115,2149,1794,4638,5631,2027,3667,42061,28930,8835,2063,31449,9,0
2021-04-14T23:59:59+02:00,1000,1272,1539,2545,1935,3674,3223,5689,6772,7453,10534,11333,7877,9783,2239,4107,321,369,517,823,536,1288,846,2030,1431,2009,2076,1719,4515,5471,2016,3646,40696,27541,8833,2063,31446,9,0
2021-04-13T23:59:59+02:00,997,1266,1522,2541,1916,3655,3183,5653,6066,6677,10427,11199,7854,9756,2238,4107,321,367,517,823,536,1288,846,2030,1431,2008,2073,1718,4515,5471,2016,3643,40693,27539,6919,2055,31445,9,0
2021-04-12T23:59:59+02:00,997,1265,1522,2539,1916,3655,3182,5652,6065,6677,10426,11199,7854,9756,2238,4107,321,366,517,823,534,1288,844,2029,1430,2008,2073,1718,4515,5470,2016,3643,40690,27533,6917,2053,31443,9,0
2021-04-11T23:59:59+02:00,997,1265,1522,2539,1915,3655,3182,5652,6065,6677,10426,11198,7854,9756,2238,4107,321,366,516,823,534,1288,843,2029,1428,2008,2073,1718,4515,5470,2016,3643,40689,27529,6917,2053,31442,9,0
2021-04-10T23:59:59+02:00,995,1262,1518,2534,1899,3644,3108,5575,5942,6586,10182,10975,7818,9718,2236,4106,321,364,516,823,534,1288,843,2029,1428,2008,2068,1713,4511,5462,2016,3640,40124,27502,6917,2053,31057,9,0
2021-04-09T23:59:59+02:00,948,1221,1426,2480,1789,3592,2978,5513,5771,6466,7852,8220,7762,9626,2227,4092,320,364,511,822,531,1286,840,2028,1427,2004,2046,1688,4489,5446,2015,3637,34677,27394,6916,2053,30370,7,0
2021-04-08T23:59:59+02:00,947,1218,1423,2477,1787,3589,2970,5504,5761,6451,7065,7309,7724,9579,2223,4088,319,364,511,821,531,1285,839,2028,1425,2003,2044,1687,4488,5444,2015,3637,32836,27382,6916,2052,30363,7,0
2021-04-07T23:59:59+02:00,889,1192,1338,2404,1705,3517,2729,5384,4800,5731,6675,6927,7673,9520,2217,4082,319,364,511,820,531,1283,839,2028,1425,2003,2044,1687,4488,5444,2015,3637,32832,27381,6915,2051,27036,6,0
2021-04-06T23:59:59+02:00,852,1184,1320,2367,1685,3477,2696,5336,4674,5596,6368,6633,7653,9498,2214,4076,319,363,511,819,531,1283,839,2028,1425,2003,2044,1686,4488,5444,2015,3637,32829,27379,6915,2050,25885,6,0
2021-04-05T23:59:59+02:00,848,1149,1272,2237,1610,3300,2580,5064,4508,5341,6080,6339,7637,9478,2212,4072,319,363,511,818,531,1283,839,2028,1425,2003,2044,1686,4488,5444,2015,3637,32829,27378,6915,2050,23983,6,0
2021-04-04T23:59:59+02:00,825,1112,1170,2013,1471,3023,2363,4618,4145,4858,5866,6129,7614,9440,2211,4065,319,363,509,817,530,1282,838,2027,1311,1945,1698,1399,4345,5279,1978,3590,32826,26175,6915,2050,21182,5,0
2021-04-03T23:59:59+02:00,825,1112,1170,2013,1471,3023,2362,4618,4145,4858,5866,6129,7614,9440,2211,4065,319,363,509,817,530,1282,838,2027,1311,1945,1698,1399,4345,5279,1978,3590,32825,26175,6915,2050,21182,5,0
2021-04-02T23:59:59+02:00,825,1112,1170,2013,1471,3023,2362,4618,4144,4857,5865,6129,7613,9438,2210,4063,319,363,509,817,530,1282,838,2027,1311,1945,1698,1399,4345,5279,1978,3590,32825,26175,6915,2050,21173,5,0
2021-04-01T23:59:59+02:00,820,1110,1167,2006,1462,3016,2347,4598,4053,4773,4945,4980,7352,9105,2208,4059,318,360,509,815,529,1281,836,2024,1273,1918,1517,1274,4273,5205,1970,3578,29948,25631,6889,2044,21164,5,0
2021-03-31T23:59:59+02:00,819,1109,1166,2004,1459,3012,2341,4596,4036,4758,4774,4765,6597,8189,2198,4038,317,359,507,815,527,1278,830,2016,1140,1828,1131,1001,3857,4725,1901,3458,29836,23705,4889,1981,21136,4,0
2021-03-30T23:59:59+02:00,819,1109,1163,2001,1449,3004,2329,4584,3989,4730,4574,4589,6360,7892,2191,4025,317,358,507,813,527,1278,830,2015,1140,1828,1131,1001,3857,4725,1900,3458,29833,23701,4888,1981,20087,3,0
2021-03-29T23:59:59+02:00,818,1107,1163,2001,1449,3004,2329,4584,3985,4728,4572,4587,6357,7881,2189,4009,317,357,507,813,527,1278,830,2014,1140,1828,1131,1000,3857,4725,1900,3458,29829,23698,4883,1981,20051,3,0
2021-03-28T23:59:59+02:00,818,1107,1163,1997,1448,3003,2328,4581,3985,4728,4571,4586,6355,7880,2189,4009,316,357,506,813,527,1278,829,2014,1140,1828,1131,999,3857,4725,1900,3458,29827,23695,4879,1980,20042,3,0
2021-03-27T23:59:59+01:00,812,1099,1160,1991,1442,2993,2303,4564,3941,4702,4522,4525,6318,7831,2184,4000,312,352,489,802,515,1265,772,1972,969,1718,881,829,3693,4518,1777,3205,29475,22729,4879,1337,20033,3,0
2021-03-26T23:59:59+01:00,812,1099,1159,1990,1440,2993,2300,4564,3935,4696,4511,4504,6309,7807,2176,3985,311,352,489,801,513,1265,770,1971,959,1711,696,704,2695,3320,1673,3062,29415,19952,4878,1337,19987,3,0
2021-03-25T23:59:59+01:00,811,1098,1159,1989,1439,2991,2296,4559,3932,4693,4502,4494,6294,7779,2157,3943,311,352,489,801,512,1264,770,1971,956,1710,671,695,1381,1712,1535,2873,29399,16663,4873,1337,19864,3,0
2021-03-24T23:59:59+01:00,783,1086,1123,1954,1367,2929,2053,4391,3746,4585,4435,4432,6170,7615,2147,3920,311,352,489,801,509,1264,769,1971,955,1710,671,695,1381,1711,1535,2871,28016,16656,4871,1336,19849,3,0
2021-03-23T23:59:59+01:00,783,1084,1121,1953,1367,2929,2053,4390,3745,4583,4434,4432,6170,7615,2147,3920,311,352,489,801,509,1264,769,1971,955,1710,671,695,1381,1711,1535,2871,28013,16656,4868,1336,19845,3,0
2021-03-22T23:59:59+01:00,782,1082,1119,1950,1365,2929,2052,4390,3744,4583,4434,4431,6170,7614,2147,3920,311,352,489,801,509,1264,769,1971,955,1710,671,695,1381,1711,1535,2871,28011,16656,4867,1336,19834,3,0
2021-03-21T23:59:59+01:00,782,1082,1118,1948,1365,2928,2051,4390,3744,4582,4434,4431,6170,7614,2147,3920,311,352,489,801,509,1264,769,1971,955,1710,671,694,1381,1711,1535,2871,28009,16655,4867,1336,19830,3,0
2021-03-20T23:59:59+01:00,780,1080,1115,1946,1360,2925,2034,4380,3706,4555,4181,4128,5700,7051,2138,3887,306,349,482,796,493,1254,743,1950,912,1675,604,623,1134,1427,1206,2353,27927,14969,4766,1335,18273,3,0
2021-03-19T23:59:59+01:00,772,1074,1095,1924,1328,2890,1940,4309,3473,4397,4049,4023,5527,6807,2097,3809,306,349,482,796,493,1254,743,1950,911,1675,604,623,1134,1427,1205,2352,27925,14966,3324,1335,18265,3,0
2021-03-18T23:59:59+01:00,772,1073,1094,1923,1327,2888,1939,4306,3222,4234,3906,3901,5342,6585,2063,3734,306,348,481,796,493,1252,743,1949,910,1674,590,616,868,1111,1133,2251,27913,14185,2133,1334,18263,2,0
2021-03-17T23:59:59+01:00,772,1073,1093,1922,1327,2888,1939,4306,3222,4234,3906,3900,5341,6585,2063,3734,306,348,481,796,493,1252,743,1949,910,1674,589,616,868,1111,1133,2251,27912,14184,2133,1334,18260,2,0
2021-03-16T23:59:59+01:00,771,1073,1093,1919,1326,2888,1937,4306,3222,4232,3905,3899,5341,6584,2062,3734,302,344,467,789,483,1242,727,1936,896,1664,588,616,866,1110,1132,2250,27905,14076,2130,1334,18257,2,0
2021-03-15T23:59:59+01:00,770,1072,1092,1918,1323,2888,1933,4305,3221,4232,3905,3898,5340,6584,2062,3734,302,344,467,789,483,1242,727,1935,895,1664,588,616,866,1110,1132,2250,27900,14074,2128,1334,18249,2,0
2021-03-14T23:59:59+01:00,769,1069,1089,1916,1320,2884,1932,4304,3216,4231,3905,3898,5340,6584,2062,3734,302,344,467,789,483,1242,727,1935,895,1664,588,616,866,1110,1132,2250,27897,14074,2128,1334,18228,2,0
2021-03-13T23:59:59+01:00,767,1065,1081,1911,1312,2876,1927,4297,3053,4120,3453,3478,5156,6383,2025,3687,302,344,467,789,483,1242,726,1935,894,1664,557,594,550,788,728,1705,26627,12432,2128,1334,17836,2,0
2021-03-12T23:59:59+01:00,732,964,1062,1796,1292,2682,1894,4029,2982,3935,2254,1965,4883,5956,2023,3680,302,344,467,789,483,1242,726,1935,894,1664,557,593,550,788,728,1705,26618,12432,2128,1334,13383,1,0
2021-03-11T23:59:59+01:00,720,910,1055,1694,1282,2515,1885,3811,2930,3816,1566,1308,4530,5548,2014,3670,300,344,467,789,483,1242,726,1933,894,1662,557,592,548,787,645,1560,26063,12430,2115,1099,11076,0,0
2021-03-10T23:59:59+01:00,713,891,1046,1676,1273,2493,1871,3787,2795,3721,1177,1029,4109,5051,1954,3564,300,344,466,788,482,1242,726,1933,893,1662,557,592,546,785,645,1560,24075,12424,2114,1097,10961,0,0
2021-03-09T23:59:59+01:00,711,886,1037,1659,1265,2480,1866,3778,2792,3717,1173,1027,4109,5051,1953,3564,300,344,466,788,482,1242,726,1933,893,1662,557,592,546,785,645,1560,24072,12424,2114,1097,10882,0,0
2021-03-08T23:59:59+01:00,706,852,1025,1638,1253,2446,1855,3746,2774,3703,1172,1025,4109,5051,1953,3564,300,344,466,788,482,1242,726,1933,893,1662,557,592,546,785,645,1560,24068,12424,2113,1097,10691,0,0
2021-03-07T23:59:59+01:00,706,849,1023,1634,1253,2444,1854,3745,2774,3702,1172,1025,4109,5051,1953,3564,300,344,466,788,482,1242,726,1933,893,1662,557,592,546,785,645,1560,24066,12424,2113,1097,10679,0,0
2021-03-06T23:59:59+01:00,661,793,884,1526,1022,2246,1407,3346,2335,3336,952,882,3817,4676,1938,3548,300,344,466,788,481,1242,726,1933,893,1661,557,591,544,780,556,1383,23067,12422,2110,823,8192,0,0
2021-03-05T23:59:59+01:00,658,793,880,1523,1022,2245,1403,3343,2327,3332,760,753,2801,3441,1833,3388,298,342,460,777,477,1236,717,1917,881,1645,552,588,480,716,262,879,20218,12224,2100,3,8184,0,0
2021-03-04T23:59:59+01:00,639,740,843,1395,980,2089,1353,3143,2290,3256,741,744,1478,1829,1696,3201,298,342,459,777,477,1236,717,1917,880,1644,551,588,480,715,262,879,16926,12219,2099,3,7392,0,0
2021-03-03T23:59:59+01:00,630,699,820,1334,961,2026,1340,3097,2280,3218,741,744,1478,1829,1696,3201,298,342,459,777,477,1236,717,1917,880,1644,551,588,480,715,262,879,16925,12219,2099,3,7070,0,0
2021-03-02T23:59:59+01:00,627,697,819,1333,961,2026,1339,3096,2280,3218,741,744,1478,1829,1696,3201,298,342,459,777,477,1236,717,1917,880,1643,551,588,480,715,262,879,16924,12218,2099,3,7062,0,0
2021-03-01T23:59:59+01:00,627,695,818,1333,961,2026,1339,3096,2280,3217,741,743,1478,1828,1696,3201,298,342,459,777,477,1236,717,1917,880,1643,551,588,480,715,262,879,16922,12218,2098,3,7059,0,0
2021-02-28T23:59:59+01:00,626,693,818,1333,960,2026,1338,3096,2279,3216,741,742,1478,1828,1696,3201,298,342,459,777,477,1236,717,1916,880,1643,551,588,480,715,262,879,16919,12217,2098,3,7054,0,0
2021-02-27T23:59:59+01:00,621,688,802,1326,940,2015,1293,3062,2199,3157,622,633,1161,1454,1245,2417,297,342,459,777,475,1236,716,1914,879,1642,550,585,479,712,262,876,15195,12201,1388,0,7052,0,0
2021-02-26T23:59:59+01:00,611,659,772,1264,908,1885,1245,2888,1852,2748,621,633,1161,1454,1244,2416,297,342,459,777,475,1236,716,1914,879,1642,550,585,479,712,262,875,15191,12200,1388,0,5782,0,0
2021-02-25T23:59:59+01:00,568,606,714,1145,796,1683,1070,2556,1341,2220,607,626,885,1129,1173,2312,296,341,459,777,475,1236,716,1914,879,1642,550,585,479,712,262,875,14388,12198,1388,0,3655,0,0
2021-02-24T23:59:59+01:00,567,605,714,1144,795,1683,1070,2555,1341,2219,607,626,885,1129,1173,2312,296,341,459,777,475,1236,716,1914,879,1642,550,585,479,712,262,875,14388,12198,1387,0,3650,0,0
2021-02-23T23:59:59+01:00,563,599,699,1135,785,1673,1053,2542,1327,2209,606,626,883,1128,1172,2311,296,340,459,776,475,1236,716,1913,879,1642,550,585,479,712,262,875,14278,12195,1387,0,3646,0,0
2021-02-22T23:59:59+01:00,563,599,699,1135,783,1673,1053,2541,1326,2208,606,626,883,1128,1172,2311,296,340,459,776,475,1236,716,1913,879,1642,550,585,479,712,262,875,14276,12195,1387,0,3643,0,0
2021-02-21T23:59:59+01:00,563,599,699,1135,782,1673,1052,2541,1326,2208,605,626,883,1128,1172,2311,296,340,459,776,475,1236,716,1913,879,1642,550,585,479,712,262,875,14276,12195,1387,0,3640,0,0
2021-02-20T23:59:59+01:00,545,596,687,1128,761,1671,1040,2536,1300,2188,568,603,561,800,760,1754,294,339,455,774,470,1230,711,1902,871,1641,549,582,475,712,259,874,12599,12138,1386,0,3513,0,0
2021-02-19T23:59:59+01:00,435,501,588,1000,636,1511,897,2360,1031,1948,568,603,561,800,760,1754,291,339,451,772,468,1220,708,1885,863,1624,545,575,471,706,256,865,12598,12039,1386,0,1969,0,0
2021-02-18T23:59:59+01:00,305,347,474,803,488,1253,743,1956,903,1677,568,603,560,800,760,1754,290,338,449,769,466,1216,708,1872,859,1611,538,570,465,700,251,854,12597,11956,1386,0,11,0,0
2021-02-17T23:59:59+01:00,305,347,473,803,488,1253,743,1956,902,1677,567,603,560,800,760,1754,289,337,448,767,464,1213,705,1864,855,1605,533,565,454,678,241,835,12596,11853,1386,0,9,0,0
2021-02-16T23:59:59+01:00,305,347,471,802,487,1253,743,1956,902,1677,567,603,560,800,760,1754,277,332,441,751,454,1176,697,1780,830,1537,513,536,419,629,225,773,12596,11370,1386,0,5,0,0
2021-02-15T23:59:59+01:00,305,347,470,802,486,1252,742,1956,902,1677,567,603,560,800,760,1754,273,328,438,742,448,1149,678,1727,805,1483,492,504,400,584,215,715,12595,10981,1386,0,2,0,0
2021-02-14T23:59:59+01:00,305,347,470,802,485,1252,742,1956,902,1677,567,603,560,800,760,1754,273,328,438,742,448,1147,678,1722,802,1475,481,499,397,581,206,706,12594,10923,1386,0,2,0,0
2021-02-13T23:59:59+01:00,303,347,470,802,485,1252,742,1955,902,1677,567,603,560,800,760,1754,271,325,435,739,443,1135,666,1701,783,1442,464,471,380,554,193,671,12592,10673,1386,0,1,0,0
2021-02-12T23:59:59+01:00,303,346,470,802,485,1252,741,1954,900,1674,567,601,503,751,754,1753,254,314,414,703,420,1041,624,1533,699,1205,375,356,310,443,143,499,12469,9333,1386,0,1,0,0
2021-02-11T23:59:59+01:00,301,346,469,802,485,1252,741,1951,900,1672,566,600,500,748,668,1605,231,296,402,671,400,996,589,1432,654,1104,337,312,273,370,119,422,12457,8608,1148,0,1,0,0
2021-02-10T23:59:59+01:00,301,346,469,801,485,1252,740,1951,900,1672,565,600,500,747,667,1603,228,291,401,666,396,982,586,1406,641,1073,321,289,247,327,102,362,12451,8318,1148,0,0,0,0
2021-02-09T23:59:59+01:00,301,346,469,801,485,1252,739,1951,900,1670,565,600,500,747,667,1603,219,276,388,630,374,915,545,1305,589,953,241,191,172,212,66,222,12448,7298,1148,0,0,0,0
2021-02-08T23:59:59+01:00,301,346,467,801,485,1252,739,1951,900,1670,565,600,500,747,667,1603,216,268,383,615,365,891,524,1249,559,877,212,158,137,163,53,168,12447,6838,1147,0,0,0,0
2021-02-07T23:59:59+01:00,301,346,467,801,485,1252,739,1951,900,1670,565,600,500,747,667,1602,215,268,382,610,365,887,519,1239,553,863,208,149,126,145,47,154,12446,6730,1147,0,0,0,0
2021-02-06T23:59:59+01:00,301,346,467,801,485,1252,739,1951,900,1670,565,600,498,741,577,1425,215,268,382,610,365,887,519,1239,553,863,208,149,126,145,47,154,12446,6730,872,0,0,0,0
2021-02-05T23:59:59+01:00,301,346,464,800,484,1250,736,1949,897,1666,559,597,491,724,266,901,208,256,365,578,351,848,498,1197,536,831,184,135,105,133,43,152,12430,6420,1,0,0,0,0
2021-02-04T23:59:59+01:00,301,345,463,794,481,1249,735,1944,892,1666,558,596,490,723,266,901,188,207,297,445,288,682,412,974,470,712,174,130,95,128,38,141,12403,5381,1,0,0,0,0
2021-02-03T23:59:59+01:00,300,345,463,792,481,1249,734,1943,891,1666,558,596,490,723,266,901,182,192,248,365,244,592,351,873,424,641,167,126,91,126,37,140,12397,4799,1,0,0,0,0
2021-02-02T23:59:59+01:00,300,343,463,790,481,1249,734,1939,891,1664,558,596,490,723,266,901,172,171,189,293,190,511,265,745,351,580,161,123,90,125,37,140,12387,4143,1,0,0,0,0
2021-02-01T23:59:59+01:00,300,343,461,789,480,1247,733,1935,888,1659,558,596,489,723,266,901,165,165,152,257,163,452,223,661,304,518,157,113,85,114,33,133,12367,3695,1,0,0,0,0
2021-01-31T23:59:59+01:00,300,343,461,789,480,1247,733,1935,888,1659,558,596,489,723,266,901,165,165,152,257,163,451,223,661,304,518,157,113,85,114,33,133,12367,3694,1,0,0,0,0
2021-01-30T23:59:59+01:00,300,343,461,789,480,1247,733,1935,883,1659,558,596,487,723,263,901,152,150,133,242,153,421,208,622,286,472,138,102,73,84,28,100,12357,3364,1,0,0,0,0
2021-01-29T23:59:59+01:00,297,343,457,786,478,1237,730,1917,875,1642,554,589,483,718,260,892,99,85,94,157,112,261,161,453,196,343,103,66,56,73,24,90,12257,2373,1,0,0,0,0
2021-01-28T23:59:59+01:00,296,343,457,786,478,1237,730,1917,875,1642,554,589,483,718,260,892,13,12,13,23,21,51,26,98,44,94,40,28,27,55,21,83,12256,649,1,0,0,0,0
2021-01-27T23:59:59+01:00,295,343,457,786,478,1237,730,1917,874,1642,554,589,483,718,260,892,13,12,13,23,21,50,26,97,43,94,40,28,27,55,21,83,12255,646,0,0,0,0,0
2021-01-26T23:59:59+01:00,295,343,457,785,478,1236,730,1917,874,1641,554,589,483,718,260,892,13,12,13,23,21,50,26,97,43,94,40,28,27,55,21,83,12252,646,0,0,0,0,0
2021-01-25T23:59:59+01:00,295,342,456,785,478,1235,730,1916,874,1640,554,589,482,716,260,892,8,4,5,12,10,25,15,39,21,41,19,14,8,18,7,16,12244,262,0,0,0,0,0
2021-01-24T23:59:59+01:00,295,342,456,785,478,1235,730,1915,874,1639,554,589,482,716,260,892,8,4,5,12,10,25,15,39,21,41,19,14,8,18,7,16,12242,262,0,0,0,0,0
2021-01-23T23:59:59+01:00,295,342,456,785,478,1235,730,1915,874,1639,554,589,482,716,260,892,8,4,5,12,10,25,15,39,21,41,19,14,8,18,7,16,12242,262,0,0,0,0,0
2021-01-22T23:59:59+01:00,293,340,456,785,477,1234,730,1914,874,1639,554,589,482,716,241,847,8,4,5,12,10,25,15,39,21,41,19,14,8,18,7,16,12171,262,0,0,0,0,0
2021-01-21T23:59:59+01:00,290,335,454,778,473,1227,729,1894,865,1621,544,581,465,689,229,813,8,4,5,12,10,25,15,39,21,41,19,14,8,18,7,16,11987,262,0,0,0,0,0
2021-01-20T23:59:59+01:00,288,332,451,774,471,1224,726,1886,861,1617,538,576,457,670,221,796,8,4,5,12,10,25,15,39,21,41,19,14,8,18,7,16,11888,262,0,0,0,0,0
2021-01-19T23:59:59+01:00,282,331,449,767,466,1206,722,1850,851,1583,525,558,443,652,212,762,8,4,5,12,10,25,15,39,21,41,19,14,8,18,7,16,11659,262,0,0,0,0,0
2021-01-18T23:59:59+01:00,278,324,446,757,461,1186,704,1811,825,1535,505,526,428,615,201,708,8,3,5,12,10,25,15,39,21,41,19,14,8,18,7,16,11310,261,0,0,0,0,0
2021-01-17T23:59:59+01:00,278,323,446,757,461,1183,701,1805,816,1524,490,513,412,592,186,685,8,3,4,12,10,25,15,39,21,41,19,14,8,18,7,16,11172,260,0,0,0,0,0
2021-01-16T23:59:59+01:00,270,312,438,738,447,1141,673,1713,772,1379,450,432,380,538,167,633,0,0,0,0,0,0,0,0,0,0,0,0,0,0,0,0,10483,0,0,0,0,0,0
2021-01-15T23:59:59+01:00,261,304,429,716,433,1088,652,1606,734,1264,390,379,337,469,152,534,0,0,0,0,0,0,0,0,0,0,0,0,0,0,0,0,9748,0,0,0,0,0,0
2021-01-14T23:59:59+01:00,237,285,411,672,409,1028,607,1477,664,1118,335,312,289,366,114,421,0,0,0,0,0,0,0,0,0,0,0,0,0,0,0,0,8745,0,0,0,0,0,0
2021-01-13T23:59:59+01:00,235,282,410,666,405,1009,601,1449,651,1087,317,288,260,323,97,362,0,0,0,0,0,0,0,0,0,0,0,0,0,0,0,0,8442,0,0,0,0,0,0
2021-01-12T23:59:59+01:00,218,271,392,623,372,910,541,1287,572,901,218,171,152,169,56,179,0,0,0,0,0,0,0,0,0,0,0,0,0,0,0,0,7032,0,0,0,0,0,0
2021-01-11T23:59:59+01:00,214,266,387,608,362,886,520,1238,553,850,198,139,119,124,41,130,0,0,0,0,0,0,0,0,0,0,0,0,0,0,0,0,6635,0,0,0,0,0,0
2021-01-10T23:59:59+01:00,213,259,376,594,358,875,509,1216,542,834,195,139,116,123,39,129,0,0,0,0,0,0,0,0,0,0,0,0,0,0,0,0,6517,0,0,0,0,0,0
2021-01-09T23:59:59+01:00,192,214,332,522,317,752,444,1023,460,701,133,86,67,78,28,96,0,0,0,0,0,0,0,0,0,0,0,0,0,0,0,0,5445,0,0,0,0,0,0
2021-01-08T23:59:59+01:00,112,112,241,354,233,460,319,677,307,442,75,50,44,63,23,85,0,0,0,0,0,0,0,0,0,0,0,0,0,0,0,0,3597,0,0,0,0,0,0
2021-01-07T23:59:59+01:00,19,23,58,96,67,133,101,197,110,151,45,31,28,56,22,85,0,0,0,0,0,0,0,0,0,0,0,0,0,0,0,0,1222,0,0,0,0,0,0
2021-01-06T23:59:59+01:00,10,10,11,22,15,49,28,97,49,98,40,30,28,56,22,85,0,0,0,0,0,0,0,0,0,0,0,0,0,0,0,0,650,0,0,0,0,0,0
2021-01-05T23:59:59+01:00,10,10,11,22,15,49,27,97,48,98,40,30,28,56,22,85,0,0,0,0,0,0,0,0,0,0,0,0,0,0,0,0,648,0,0,0,0,0,0
2021-01-04T23:59:59+01:00,8,4,5,12,10,27,16,41,23,42,19,14,9,18,7,17,0,0,0,0,0,0,0,0,0,0,0,0,0,0,0,0,272,0,0,0,0,0,0
2021-01-03T23:59:59+01:00,8,4,5,12,10,27,16,41,23,42,19,14,9,18,7,17,0,0,0,0,0,0,0,0,0,0,0,0,0,0,0,0,272,0,0,0,0,0,0
2021-01-02T23:59:59+01:00,8,4,5,12,10,27,16,41,23,42,19,14,9,18,7,17,0,0,0,0,0,0,0,0,0,0,0,0,0,0,0,0,272,0,0,0,0,0,0
2021-01-01T23:59:59+01:00,8,4,5,12,10,27,16,41,23,42,19,14,9,18,7,17,0,0,0,0,0,0,0,0,0,0,0,0,0,0,0,0,272,0,0,0,0,0,0
2020-12-31T23:59:59+01:00,8,4,5,12,10,27,16,41,23,42,19,14,9,18,7,17,0,0,0,0,0,0,0,0,0,0,0,0,0,0,0,0,272,0,0,0,0,0,0
2020-12-30T23:59:59+01:00,8,4,5,12,10,27,16,41,23,42,19,14,9,18,7,17,0,0,0,0,0,0,0,0,0,0,0,0,0,0,0,0,272,0,0,0,0,0,0
2020-12-29T23:59:59+01:00,8,4,5,12,10,27,16,41,23,42,19,14,9,18,7,17,0,0,0,0,0,0,0,0,0,0,0,0,0,0,0,0,272,0,0,0,0,0,0
2020-12-28T23:59:59+01:00,8,4,5,12,10,27,16,41,23,42,19,14,9,18,7,17,0,0,0,0,0,0,0,0,0,0,0,0,0,0,0,0,272,0,0,0,0,0,0
2020-12-27T23:59:59+01:00,8,3,4,12,10,27,16,41,23,42,19,14,9,18,7,17,0,0,0,0,0,0,0,0,0,0,0,0,0,0,0,0,270,0,0,0,0,0,0
