Datum,<15_m,<15_w,15-24_1_m,15-24_1_w,25-34_1_m,25-34_1_w,35-44_1_m,35-44_1_w,45-54_1_m,45-54_1_w,55-64_1_m,55-64_1_w,65-74_1_m,65-74_1_w,75-84_1_m,75-84_1_w,>84_1_m,>84_1_w,<24_2_m,<24_2_w,25-34_2_m,25-34_2_w,35-44_2_m,35-44_2_w,45-54_2_m,45-54_2_w,55-64_2_m,55-64_2_w,65-74_2_m,65-74_2_w,75-84_2_m,75-84_2_w,>84_2_m,>84_2_w,bp_1,bp_2,mo_1,mo_2,az_1,az_2,ja,unb_1,unb_2
2021-08-26T23:59:59+02:00,1404,1292,12587,11776,15601,14123,17523,17273,20788,20765,22320,21314,14419,15582,9903,12130,2932,5145,11709,10874,15009,13407,17041,16617,20426,20279,21996,20900,14232,15359,9789,11979,2896,5084,169014,163326,22573,22020,35542,34624,9745,3,4
2021-08-25T23:59:59+02:00,1400,1291,12574,11764,15593,14114,17514,17260,20783,20760,22318,21308,14416,15575,9902,12128,2932,5145,11652,10813,14961,13370,17022,16592,20418,20265,21983,20891,14227,15352,9786,11978,2895,5081,168920,162989,22573,22020,35542,34624,9739,3,4
2021-08-24T23:59:59+02:00,1393,1282,12548,11744,15567,14081,17497,17243,20767,20746,22302,21296,14411,15563,9897,12119,2928,5143,11623,10790,14928,13332,16995,16576,20397,20244,21958,20881,14219,15340,9780,11970,2894,5079,168829,162855,22573,22020,35542,34624,9580,3,4
2021-08-23T23:59:59+02:00,1392,1278,12523,11727,15538,14056,17465,17225,20740,20736,22286,21283,14395,15550,9894,12115,2927,5142,11555,10736,14868,13281,16950,16547,20362,20222,21937,20863,14199,15329,9775,11963,2893,5077,168797,162611,22573,22019,35542,34624,9357,3,4
2021-08-22T23:59:59+02:00,1391,1278,12523,11725,15536,14055,17465,17225,20739,20734,22284,21283,14394,15550,9894,12115,2927,5142,11553,10732,14867,13279,16949,16546,20361,20222,21937,20863,14199,15329,9775,11963,2893,5077,168787,162601,22573,22018,35542,34624,9355,3,4
2021-08-21T23:59:59+02:00,1312,1204,12369,11533,15460,13933,17403,17142,20698,20692,22251,21240,14384,15534,9887,12102,2926,5138,11455,10641,14807,13226,16914,16505,20330,20197,21915,20833,14187,15317,9768,11952,2891,5073,167738,162023,22573,22010,35542,34624,9352,3,4
2021-08-20T23:59:59+02:00,1306,1203,12347,11504,15445,13919,17382,17126,20691,20683,22244,21233,14381,15526,9887,12099,2926,5138,11350,10564,14720,13153,16816,16402,20270,20143,21881,20800,14175,15298,9761,11947,2890,5073,167733,161942,22413,21327,35542,34610,9349,3,4
2021-08-19T23:59:59+02:00,1302,1200,12283,11453,15349,13870,17308,17074,20639,20644,22208,21190,14364,15511,9878,12086,2925,5134,11247,10465,14611,13081,16720,16327,20210,20095,21842,20748,14153,15283,9752,11934,2888,5066,167622,161608,22413,21327,35542,34609,8838,3,4
2021-08-18T23:59:59+02:00,1296,1198,12262,11439,15337,13861,17303,17065,20629,20634,22206,21182,14362,15507,9876,12085,2925,5134,11206,10426,14584,13059,16690,16300,20195,20084,21832,20743,14146,15277,9751,11933,2888,5066,167511,161354,22413,21327,35542,34609,8832,3,4
2021-08-17T23:59:59+02:00,1288,1192,12228,11416,15308,13835,17283,17041,20612,20624,22198,21168,14355,15503,9868,12082,2924,5133,11109,10358,14533,13002,16647,16258,20164,20061,21811,20719,14139,15269,9743,11923,2885,5066,167364,160935,22413,21324,35542,34609,8736,3,4
2021-08-16T23:59:59+02:00,1285,1187,12203,11392,15290,13813,17266,17025,20589,20599,22178,21159,14345,15492,9866,12079,2922,5132,11038,10289,14471,12941,16607,16220,20128,20025,21786,20699,14123,15256,9738,11909,2880,5063,167304,160560,22413,21323,35542,34609,8560,3,4
2021-08-15T23:59:59+02:00,1284,1187,12200,11391,15288,13811,17265,17023,20587,20598,22176,21157,14345,15492,9866,12079,2922,5131,11036,10280,14459,12937,16604,16219,20125,20025,21786,20699,14122,15256,9738,11909,2880,5063,167285,160526,22413,21322,35542,34609,8559,3,4
2021-08-14T23:59:59+02:00,1284,1187,12200,11391,15288,13811,17265,17023,20587,20598,22176,21157,14345,15492,9866,12079,2922,5131,11002,10245,14434,12914,16588,16202,20119,20016,21781,20695,14122,15256,9738,11909,2879,5063,167285,160334,22413,21322,35542,34609,8559,3,4
2021-08-13T23:59:59+02:00,1216,1113,12108,11286,15252,13767,17233,16978,20558,20573,22153,21133,14337,15481,9859,12072,2921,5129,10930,10184,14393,12856,16547,16166,20102,19995,21762,20680,14116,15243,9734,11901,2878,5062,166741,159978,22413,21321,35542,34609,8470,3,4
2021-08-12T23:59:59+02:00,1213,1108,12086,11275,15224,13748,17208,16948,20535,20558,22130,21109,14326,15469,9851,12064,2921,5126,10855,10115,14336,12794,16496,16120,20073,19974,21731,20650,14104,15228,9724,11889,2876,5058,166659,159613,22412,21320,35542,34609,8283,3,4
2021-08-11T23:59:59+02:00,1201,1101,12062,11250,15209,13738,17193,16937,20527,20548,22124,21100,14318,15464,9843,12059,2920,5124,10748,10008,14255,12710,16463,16077,20040,19945,21708,20638,14091,15213,9714,11877,2874,5054,166479,158941,22411,21316,35542,34608,8283,3,4
2021-08-10T23:59:59+02:00,1201,1089,12035,11233,15184,13725,17174,16923,20510,20534,22108,21088,14307,15459,9841,12055,2920,5122,10694,9956,14208,12680,16427,16054,20015,19922,21685,20616,14078,15201,9711,11874,2874,5050,166398,158678,22411,21316,35542,34608,8154,3,4
2021-08-09T23:59:59+02:00,1197,1082,12005,11203,15166,13707,17160,16903,20498,20525,22089,21078,14296,15455,9837,12049,2920,5120,10641,9897,14166,12646,16396,16023,19998,19906,21667,20608,14065,15193,9703,11867,2874,5045,166282,158407,22411,21316,35542,34608,8052,3,4
2021-08-08T23:59:59+02:00,1194,1081,12001,11198,15163,13706,17156,16901,20495,20522,22087,21077,14296,15453,9836,12048,2920,5120,10637,9897,14164,12641,16393,16021,19997,19905,21666,20608,14063,15193,9703,11867,2874,5045,166246,158387,22411,21315,35542,34608,8052,3,4
2021-08-07T23:59:59+02:00,1194,1081,11999,11196,15161,13703,17155,16899,20494,20520,22086,21077,14296,15452,9836,12047,2920,5120,10636,9895,14163,12640,16393,16021,19997,19904,21666,20605,14062,15193,9703,11867,2874,5045,166228,158377,22411,21315,35542,34608,8052,3,4
2021-08-06T23:59:59+02:00,1192,1079,11981,11185,15133,13690,17131,16884,20474,20502,22075,21068,14293,15448,9834,12043,2920,5120,10618,9884,14130,12627,16369,16006,19977,19889,21655,20596,14059,15189,9701,11863,2874,5045,166215,158368,22411,21314,35542,34607,7881,3,4
2021-08-05T23:59:59+02:00,1183,1071,11938,11153,15099,13667,17104,16850,20444,20483,22044,21050,14280,15431,9829,12035,2916,5119,10591,9870,14101,12607,16350,15986,19948,19874,21631,20582,14048,15178,9696,11858,2872,5044,166074,158340,22411,21312,35542,34606,7666,3,4
2021-08-04T23:59:59+02:00,1170,1062,11909,11123,15087,13652,17090,16837,20433,20471,22034,21037,14273,15426,9825,12033,2915,5118,10582,9853,14087,12598,16337,15979,19938,19865,21625,20580,14046,15177,9695,11858,2871,5043,165875,158267,22410,21282,35541,34606,7666,3,4
2021-08-03T23:59:59+02:00,1164,1056,11866,11089,15052,13627,17065,16807,20412,20452,22014,21015,14260,15408,9821,12030,2914,5117,10545,9832,14056,12582,16317,15959,19921,19853,21608,20567,14038,15159,9691,11856,2871,5043,165745,158225,22410,21280,35541,34604,7470,3,4
2021-08-02T23:59:59+02:00,1161,1054,11849,11071,15032,13608,17050,16787,20396,20442,22006,21005,14249,15397,9815,12028,2914,5115,10525,9817,14037,12561,16303,15941,19904,19846,21601,20556,14028,15147,9685,11854,2871,5041,165698,158186,22410,21280,35541,34604,7327,3,4
2021-08-01T23:59:59+02:00,1161,1054,11847,11067,15032,13608,17049,16786,20396,20441,22004,21005,14249,15396,9815,12028,2914,5114,10523,9816,14033,12560,16301,15941,19904,19845,21600,20556,14028,15147,9685,11854,2871,5041,165687,158177,22409,21279,35541,34603,7326,3,4
2021-07-31T23:59:59+02:00,1161,1054,11847,11067,15032,13608,17049,16786,20396,20441,22004,21005,14249,15396,9815,12028,2914,5114,10523,9815,14029,12557,16300,15941,19904,19843,21599,20556,14028,15147,9685,11854,2871,5041,165687,158166,22409,21278,35541,34603,7326,3,4
2021-07-30T23:59:59+02:00,1160,1054,11813,11055,14998,13585,17014,16758,20369,20422,21967,20986,14232,15388,9809,12020,2913,5113,10490,9803,13995,12534,16266,15914,19877,19824,21562,20536,14011,15139,9679,11846,2870,5040,165682,158163,22409,21278,35541,34602,7021,3,4
2021-07-29T23:59:59+02:00,1148,1046,11782,11026,14974,13562,17004,16745,20361,20411,21958,20980,14229,15387,9806,12018,2910,5112,10485,9793,13976,12528,16255,15907,19875,19822,21558,20535,14009,15137,9679,11846,2870,5040,165491,158098,22409,21276,35541,34602,7015,3,3
2021-07-28T23:59:59+02:00,1133,1040,11747,10980,14948,13533,16987,16727,20353,20398,21949,20972,14225,15385,9804,12016,2909,5111,10474,9784,13959,12513,16246,15898,19868,19818,21555,20533,14008,15135,9679,11845,2870,5040,165272,158031,22408,21275,35541,34600,6993,3,3
2021-07-27T23:59:59+02:00,1130,1039,11727,10964,14924,13514,16968,16718,20340,20380,21932,20953,14217,15372,9797,12012,2908,5109,10453,9772,13932,12489,16229,15890,19854,19800,21539,20513,13999,15123,9672,11841,2869,5039,165247,158007,22408,21275,35541,34600,6805,3,3
2021-07-26T23:59:59+02:00,1124,1027,11671,10906,14880,13477,16943,16696,20306,20349,21903,20937,14200,15364,9790,12004,2908,5108,10414,9746,13899,12460,16204,15874,19818,19764,21489,20484,13982,15113,9664,11832,2869,5038,165082,157947,22407,21274,35541,34540,6560,3,3
2021-07-25T23:59:59+02:00,1123,1027,11669,10903,14875,13476,16941,16695,20305,20349,21903,20937,14200,15364,9790,12004,2908,5108,10412,9734,13894,12456,16202,15873,19817,19764,21489,20484,13982,15113,9664,11832,2869,5037,165068,157922,22405,21271,35541,34540,6560,3,3
2021-07-24T23:59:59+02:00,1123,1027,11665,10901,14874,13475,16941,16694,20303,20348,21903,20936,14199,15364,9790,12004,2908,5108,10290,9621,13726,12314,15780,15508,19668,19642,21471,20458,13968,15098,9657,11824,2869,5036,165062,157900,22399,19603,35541,34540,6558,3,3
2021-07-23T23:59:59+02:00,1099,1014,11552,10830,14795,13419,16888,16640,20262,20296,21865,20898,14183,15344,9780,11996,2906,5107,8535,8238,12341,11207,15292,15076,19379,19320,21257,20265,13890,15014,9600,11775,2864,5032,164652,150247,22399,19603,35541,34483,6279,3,3
2021-07-22T23:59:59+02:00,1077,1007,11484,10759,14740,13370,16851,16614,20244,20267,21851,20874,14168,15331,9769,11989,2904,5105,8007,7758,11728,10707,14582,14475,19183,19152,21101,20090,13821,14930,9575,11729,2855,5021,164297,145849,22398,19603,35541,34471,6165,3,3
2021-07-21T23:59:59+02:00,1065,998,11439,10710,14704,13339,16822,16586,20227,20250,21834,20863,14156,15326,9767,11981,2902,5103,8003,7751,11716,10699,14576,14473,19175,19151,21047,20053,13818,14928,9575,11728,2854,5019,163969,145814,22398,19596,35541,34369,6161,3,3
2021-07-20T23:59:59+02:00,1052,983,11387,10669,14673,13310,16789,16568,20204,20229,21810,20845,14146,15314,9765,11975,2901,5102,7992,7745,11701,10691,14569,14466,19166,19147,21040,20049,13817,14926,9575,11728,2854,5019,163660,145782,22398,19596,35541,34361,6120,3,3
2021-07-19T23:59:59+02:00,1039,967,11338,10620,14646,13276,16769,16549,20185,20210,21797,20837,14140,15310,9761,11966,2899,5098,7987,7742,11695,10687,14565,14465,19164,19147,21026,20033,13815,14925,9574,11726,2854,5019,163347,145756,22398,19594,35541,34330,6118,3,3
2021-07-18T23:59:59+02:00,1039,967,11336,10620,14646,13274,16768,16549,20185,20209,21797,20837,14139,15310,9761,11966,2899,5098,7984,7738,11686,10681,14560,14462,19163,19147,21015,20028,13815,14925,9574,11726,2854,5019,163341,145728,22397,19593,35541,34312,6118,3,3
2021-07-17T23:59:59+02:00,1037,967,11291,10592,14589,13230,16732,16519,20150,20195,21771,20813,14128,15297,9758,11963,2899,5097,7909,7679,11542,10552,14367,14295,18740,18828,20817,19853,13787,14884,9559,11703,2850,5013,163315,145722,22388,17937,35541,34312,5781,3,3
2021-07-16T23:59:59+02:00,1016,950,11100,10452,14489,13130,16634,16444,20074,20130,21719,20765,14101,15272,9741,11956,2895,5092,7634,7477,10615,9917,13903,13986,18514,18636,19957,19197,13621,14672,9450,11571,2834,4989,162994,142290,21858,17927,35541,32530,5564,3,3
2021-07-15T23:59:59+02:00,992,934,11043,10390,14453,13099,16610,16423,20060,20113,21709,20756,14097,15268,9737,11952,2895,5088,7203,7109,8412,8194,13442,13594,18452,18579,19816,19062,13488,14530,9398,11509,2833,4979,162661,135952,21857,17923,35541,32494,5557,3,3
2021-07-14T23:59:59+02:00,966,916,10967,10303,14384,13039,16572,16379,20025,20077,21684,20735,14085,15256,9725,11938,2891,5086,6653,6660,7328,7338,12870,13144,18354,18485,19708,18974,13458,14493,9381,11493,2831,4976,162171,131584,21857,17919,35541,32430,5456,3,3
2021-07-13T23:59:59+02:00,948,895,10886,10230,14339,12996,16545,16349,20002,20056,21673,20722,14078,15245,9722,11931,2889,5084,6400,6372,6878,6957,12562,12876,18338,18464,19663,18938,13345,14384,9378,11489,2831,4973,161740,131549,21854,15664,35541,32426,5452,3,3
2021-07-12T23:59:59+02:00,928,883,10832,10181,14294,12951,16503,16320,19986,20043,21667,20716,14075,15240,9718,11927,2889,5082,6259,6276,6718,6835,12270,12634,17645,17900,19566,18859,13311,14359,9361,11467,2831,4970,161443,129012,21854,15660,35541,32423,5394,3,3
2021-07-11T23:59:59+02:00,928,883,10831,10179,14292,12950,16502,16320,19986,20043,21667,20716,14075,15240,9718,11927,2889,5082,6253,6272,6716,6832,12269,12634,17645,17900,19565,18858,13311,14359,9361,11466,2830,4968,161441,129002,21854,15660,35541,32416,5389,3,3
2021-07-10T23:59:59+02:00,925,878,10824,10167,14284,12945,16494,16320,19984,20036,21662,20711,14075,15239,9718,11927,2889,5082,6244,6264,6707,6827,12266,12630,17644,17896,19560,18855,13310,14359,9361,11466,2830,4968,161376,128952,21854,15660,35541,32416,5386,3,3
2021-07-09T23:59:59+02:00,911,862,10774,10123,14251,12917,16460,16291,19950,20013,21634,20689,14056,15224,9703,11919,2888,5079,5435,5528,6576,6727,12108,12526,17414,17791,19355,18722,13247,14286,9335,11447,2827,4965,161192,126045,21854,15660,35541,31468,5154,3,3
2021-07-08T23:59:59+02:00,909,862,10713,10078,14164,12863,16397,16240,19898,19967,21605,20665,14042,15207,9697,11906,2887,5073,5302,5414,6357,6552,11669,12182,16902,17420,19095,18536,13183,14202,9309,11411,2821,4953,161175,124111,21853,15657,35540,30962,4602,3,3
2021-07-07T23:59:59+02:00,908,862,10711,10072,14160,12860,16395,16240,19898,19964,21605,20665,14042,15207,9697,11906,2887,5073,5158,5230,5888,6140,10470,11196,16849,17354,19041,18491,13166,14180,9300,11408,2817,4943,161164,120440,21849,15656,35540,30959,4596,3,3
2021-07-06T23:59:59+02:00,908,862,10709,10071,14157,12858,16393,16240,19898,19964,21605,20664,14042,15206,9697,11906,2887,5073,5139,5224,5881,6135,10469,11194,16847,17354,19039,18491,13166,14178,9300,11408,2817,4943,161159,120418,21847,15653,35540,30943,4591,3,3
2021-07-05T23:59:59+02:00,908,862,10703,10066,14140,12855,16383,16238,19897,19964,21603,20664,14042,15206,9697,11906,2887,5073,5130,5223,5862,6132,10458,11192,16844,17354,19037,18490,13166,14178,9300,11408,2817,4943,161151,120414,21847,15651,35540,30936,4553,3,3
2021-07-04T23:59:59+02:00,908,862,10693,10056,14138,12851,16382,16238,19896,19964,21602,20663,14042,15206,9697,11905,2886,5072,5097,5180,5776,6055,10331,11077,16837,17351,19036,18487,13162,14176,9298,11403,2814,4941,161144,119936,21847,15650,35540,30928,4527,3,3
2021-07-03T23:59:59+02:00,827,793,8759,8500,12686,11696,15913,15784,19613,19665,21433,20498,13968,15130,9643,11859,2880,5068,4988,5048,5501,5800,10094,10862,16693,17210,18845,18335,13137,14142,9288,11393,2812,4939,152812,118378,21847,15650,35540,30558,4513,3,3
2021-07-02T23:59:59+02:00,827,791,8758,8494,12682,11692,15911,15783,19611,19665,21432,20498,13967,15130,9642,11858,2879,5067,4127,4180,4856,5151,9123,9868,16323,16733,18363,17797,12787,13820,9229,11318,2810,4931,152795,113843,21847,15650,35538,27429,4504,3,3
2021-07-01T23:59:59+02:00,807,771,8549,8325,12601,11613,15878,15754,19600,19651,21422,20481,13963,15127,9637,11850,2876,5061,2289,2459,4424,4777,8633,9441,15694,16190,17810,17360,12730,13754,9199,11262,2796,4901,152102,106206,21847,15648,35538,27389,4476,3,2
2021-06-30T23:59:59+02:00,752,721,8305,8138,12429,11466,15763,15658,19533,19583,21382,20434,13944,15101,9624,11837,2875,5056,2230,2420,4333,4658,8528,9341,15496,16051,17077,16860,12078,13110,9140,11193,2789,4895,150755,106144,21844,15647,35537,23945,4462,3,2
2021-06-29T23:59:59+02:00,752,721,8301,8129,12427,11462,15760,15658,19531,19583,21382,20434,13944,15101,9624,11837,2875,5056,2208,2408,4310,4619,8505,9296,15460,15992,17001,16775,11723,12772,9112,11159,2786,4887,150746,106130,21841,15645,35536,22786,4451,3,2
2021-06-28T23:59:59+02:00,752,721,8298,8125,12419,11457,15758,15658,19530,19583,21382,20434,13943,15101,9624,11837,2875,5056,2200,2379,4262,4501,8430,9136,15339,15714,16833,16503,11416,12469,9089,11132,2785,4883,150729,106120,21841,15645,35536,20861,4444,3,2
2021-06-27T23:59:59+02:00,752,721,8295,8119,12415,11454,15756,15658,19528,19583,21382,20434,13943,15101,9624,11836,2875,5056,2190,2375,4253,4499,8247,8983,15318,15698,16831,16498,11412,12468,9088,11130,2785,4883,150720,105722,21839,15644,35536,20857,4434,3,2
2021-06-26T23:59:59+02:00,744,717,8081,7904,11942,11046,14647,14669,19277,19385,21279,20312,13900,15050,9611,11807,2872,5053,2150,2332,4199,4444,8149,8873,15056,15438,16769,16451,11395,12449,9076,11125,2785,4881,148246,104658,20078,15622,35535,20857,4434,3,2
2021-06-25T23:59:59+02:00,725,699,8054,7880,11927,11036,14647,14663,19270,19380,21274,20311,13900,15050,9610,11805,2872,5053,2019,2154,3911,4138,6623,7439,12399,13246,16694,16363,11368,12419,9065,11101,2780,4866,148106,95785,20078,15540,35535,20824,4434,3,2
2021-06-24T23:59:59+02:00,713,682,7567,7468,10850,10141,14114,14228,19199,19321,21226,20268,13878,15021,9597,11792,2871,5050,1950,2086,3550,3798,5859,6770,12156,13037,16448,16156,11264,12292,8975,10974,2769,4832,143952,94551,20074,13164,35534,20776,4423,3,2
2021-06-23T23:59:59+02:00,713,682,7565,7463,10844,10138,14113,14227,19199,19319,21226,20267,13878,15021,9597,11792,2871,5050,1805,1918,3064,3395,4504,5595,11852,12768,16327,16038,11218,12253,8962,10947,2768,4825,143936,89903,20071,13164,35533,20748,4422,3,2
2021-06-22T23:59:59+02:00,713,682,7516,7434,10771,10088,14090,14201,19183,19304,21215,20259,13871,15011,9594,11789,2871,5050,1755,1887,2982,3341,4466,5562,11823,12729,16259,15987,11009,12062,8710,10646,2758,4794,143921,89884,20071,13160,35532,19609,4115,3,2
2021-06-21T23:59:59+02:00,711,682,7385,7365,10641,9991,13810,13953,18433,18688,21125,20182,13836,14979,9575,11764,2871,5047,1710,1862,2939,3303,4437,5532,11777,12694,16242,15971,11000,12052,8703,10638,2757,4793,141540,89759,20069,13159,35532,19596,3894,3,2
2021-06-20T23:59:59+02:00,711,682,7385,7361,10637,9988,13810,13953,18433,18688,21125,20182,13836,14979,9575,11764,2871,5047,1682,1833,2893,3287,4372,5493,11715,12661,16180,15912,10981,12036,8700,10629,2753,4789,141530,89280,20068,13155,35532,19585,3894,3,2
2021-06-19T23:59:59+02:00,711,681,7348,7324,10531,9897,13628,13795,18019,18352,20940,20009,13818,14952,9563,11744,2868,5041,1651,1798,2852,3238,4292,5419,11379,12371,16142,15874,10972,12024,8698,10624,2751,4787,141485,88266,18307,13126,35532,19584,3894,3,2
2021-06-18T23:59:59+02:00,15,12,6541,6591,10525,9896,13627,13793,18017,18350,20940,20009,13818,14951,9563,11743,2867,5039,1519,1686,2616,3082,3661,4787,10236,11226,15931,15718,10930,11984,8675,10602,2737,4759,138570,83607,18306,13124,35532,19530,3886,3,2
2021-06-17T23:59:59+02:00,13,11,6470,6522,10409,9792,13301,13488,17629,18029,20828,19911,13799,14913,9551,11729,2859,5033,1438,1568,2463,2933,3307,4450,8635,9863,15416,15285,10755,11804,8619,10524,2720,4731,136675,78138,18306,13120,35531,19479,3772,3,2
2021-06-16T23:59:59+02:00,13,11,6463,6516,10398,9789,13299,13486,17627,18028,20827,19911,13799,14913,9550,11728,2859,5033,1388,1520,2361,2859,3123,4271,7547,8922,14918,14897,10672,11693,8583,10476,2709,4715,136644,74311,18304,13118,35531,19455,3768,3,2
2021-06-15T23:59:59+02:00,13,11,6431,6498,10358,9761,13269,13471,17607,18006,20813,19898,13790,14905,9547,11722,2856,5030,1308,1461,2234,2757,3007,4186,6628,8190,14716,14730,10648,11664,8571,10454,2700,4708,136631,74300,18303,10707,35531,19435,3518,3,2
2021-06-14T23:59:59+02:00,13,11,6412,6481,10324,9735,13248,13451,17592,17988,20794,19887,13780,14896,9544,11720,2856,5026,1282,1446,2197,2730,2984,4165,6612,8170,14695,14720,10637,11655,8568,10453,2700,4704,136616,74290,18303,10707,35531,19414,3305,3,2
2021-06-13T23:59:59+02:00,13,11,6411,6481,10320,9733,13247,13448,17592,17988,20794,19887,13779,14896,9544,11720,2856,5026,1278,1440,2194,2721,2974,4155,6595,8153,14594,14655,10624,11632,8562,10441,2697,4704,136606,73998,18303,10707,35531,19409,3303,3,2
2021-06-12T23:59:59+02:00,10,9,5621,5709,10272,9697,13213,13424,17565,17967,20768,19856,13697,14823,9544,11717,2855,5026,1269,1421,2183,2704,2953,4128,6521,8070,14421,14518,10396,11348,8081,9903,2695,4703,134633,73494,18303,10707,35531,17809,3303,3,1
2021-06-11T23:59:59+02:00,9,9,5617,5702,10262,9690,13199,13412,17557,17963,20764,19854,13697,14822,9544,11715,2855,5026,1194,1337,2063,2544,2781,3873,5020,6736,12709,13138,10256,11200,7994,9797,2688,4687,134560,66210,18303,10706,35531,17800,3300,3,1
2021-06-10T23:59:59+02:00,3,3,4615,4747,10095,9562,13088,13330,17301,17727,20523,19673,13688,14811,9538,11705,2852,5023,1136,1276,1949,2438,2621,3696,4413,6099,11542,12149,9955,10876,7910,9712,2676,4662,131226,61385,18302,10706,35531,17795,3223,2,1
2021-06-09T23:59:59+02:00,3,3,4022,4138,9888,9414,13000,13257,16990,17461,20295,19491,13673,14798,9533,11699,2851,5018,1062,1232,1848,2369,2529,3583,4087,5792,11117,11823,9826,10716,7864,9646,2665,4653,128852,61308,18287,8852,35531,17789,2862,2,1
2021-06-08T23:59:59+02:00,3,3,4010,4131,9876,9405,12988,13250,16983,17452,20287,19489,13671,14795,9532,11696,2850,5016,1016,1224,1826,2354,2502,3569,4062,5772,11106,11820,9823,10711,7863,9644,2664,4650,128838,61191,18284,8847,35530,17784,2783,2,1
2021-06-07T23:59:59+02:00,3,3,3996,4123,9843,9392,12978,13232,16960,17441,20271,19478,13668,14791,9529,11692,2848,5014,1005,1217,1793,2343,2493,3550,4038,5758,11088,11806,9820,10705,7860,9641,2662,4648,128826,61182,18282,8844,35529,17777,2623,2,1
2021-06-06T23:59:59+02:00,3,3,3991,4119,9838,9388,12977,13232,16959,17440,20270,19478,13667,14790,9529,11692,2848,5014,1002,1214,1782,2341,2487,3541,4025,5751,10961,11661,9809,10698,7859,9641,2662,4648,128814,60857,18282,8843,35528,17769,2612,2,1
2021-06-05T23:59:59+02:00,2,0,3697,3818,7346,7379,12739,13047,16930,17411,20225,19438,13551,14645,9454,11601,2844,5002,924,1142,1617,2240,2321,3462,3799,5611,10065,10820,9425,10243,7748,9486,2654,4628,122836,57579,18282,8843,35528,17281,2481,2,1
2021-06-04T23:59:59+02:00,2,0,3630,3763,7194,7263,12269,12651,16790,17299,19992,19203,13432,14499,9397,11522,2830,4985,896,1076,1586,2135,2282,3295,3723,5353,9425,10143,8580,9224,7472,9081,2650,4617,120435,56107,18282,8841,35528,14115,2474,2,1
2021-06-03T23:59:59+02:00,2,0,3217,3369,7167,7247,12141,12533,16758,17257,19905,19137,13420,14482,9395,11519,2829,4984,867,1009,1540,2011,2203,3095,3533,4971,8848,9523,7819,8352,7000,8465,2647,4609,119191,54476,18280,8840,35524,10810,2365,2,1
2021-06-02T23:59:59+02:00,0,0,2829,3051,6028,6326,11837,12298,16699,17206,19782,19032,13359,14428,9373,11498,2827,4976,851,975,1476,1988,2090,3057,3362,4869,7485,8441,7739,8273,6984,8437,2644,4604,115489,51371,18279,8840,35524,10808,2255,2,1
2021-06-01T23:59:59+02:00,0,0,2542,2739,5553,5900,11516,12015,16675,17183,19731,18995,13236,14305,9366,11494,2826,4973,834,968,1461,1979,2071,3044,3336,4849,7187,8116,7702,8239,6974,8423,2642,4604,115470,50691,15933,8820,35524,10797,2120,2,1
2021-05-31T23:59:59+02:00,0,0,2527,2736,5534,5891,11488,11994,16641,17172,19691,18973,13233,14301,9362,11492,2826,4971,818,961,1442,1969,2038,3024,3300,4835,7146,8095,7699,8234,6970,8421,2642,4602,115463,50679,15929,8814,35524,10788,1914,2,1
2021-05-30T23:59:59+02:00,0,0,2523,2734,5532,5887,11488,11993,16638,17171,19689,18972,13233,14301,9362,11492,2826,4971,817,957,1437,1966,2038,3022,3298,4833,7145,8095,7699,8234,6970,8421,2642,4602,115447,50673,15929,8814,35521,10775,1913,2,1
2021-05-29T23:59:59+02:00,0,0,2507,2720,5366,5733,11421,11934,16630,17165,19681,18971,13232,14299,9360,11492,2826,4971,780,908,1326,1871,1760,2768,2892,4410,6859,7823,7515,8009,6794,8193,2639,4596,114943,50025,15929,8814,35521,8390,1913,2,1
2021-05-28T23:59:59+02:00,0,0,2372,2590,4941,5342,10742,11316,16563,17103,19655,18943,13223,14285,9341,11463,2824,4962,758,885,1267,1817,1670,2696,2759,4305,5278,6130,7352,7813,6752,8137,2636,4586,112305,45736,15929,8814,35521,8382,1908,2,1
2021-05-27T23:59:59+02:00,0,0,2352,2569,4891,5276,10079,10745,16523,17071,19641,18932,13213,14275,9339,11461,2824,4962,704,790,1160,1745,1459,2554,2386,3998,4397,5218,7115,7505,6661,8020,2619,4567,110921,41943,15926,8808,35519,8361,1785,2,1
2021-05-26T23:59:59+02:00,0,0,2314,2507,4718,5096,9644,10378,16471,17017,19573,18878,13199,14256,9329,11459,2820,4949,689,748,1113,1713,1370,2474,2177,3827,4268,5080,6951,7292,6581,7921,2607,4553,109500,40544,15924,8807,35519,8349,1663,2,1
2021-05-25T23:59:59+02:00,0,0,2311,2500,4688,5079,9619,10352,16446,16999,19560,18871,13194,14254,9326,11456,2820,4949,682,734,1066,1695,1318,2429,2107,3767,3728,4503,6649,6949,6547,7884,2606,4551,109496,40536,15922,6852,35518,8340,1486,2,1
2021-05-24T23:59:59+02:00,0,0,2302,2492,4676,5074,9610,10347,16420,16979,19534,18847,13184,14243,9323,11446,2819,4945,673,729,1054,1688,1308,2422,2082,3747,3702,4478,6638,6938,6544,7874,2605,4547,109489,40529,15922,6852,35518,8337,1310,2,1
2021-05-23T23:59:59+02:00,0,0,2286,2460,4588,5000,9476,10225,16417,16978,19534,18846,13182,14241,9320,11442,2817,4944,672,726,1052,1688,1307,2422,2082,3747,3702,4477,6637,6938,6544,7874,2605,4547,109005,40523,15922,6851,35517,8335,1310,2,1
2021-05-22T23:59:59+02:00,0,0,2266,2441,4579,4983,9396,10143,16394,16964,19482,18802,13154,14211,9317,11436,2817,4943,671,724,1051,1685,1304,2419,2079,3742,3686,4464,5806,6039,6472,7793,2597,4542,108577,38577,15922,6851,35517,8335,1310,2,1
2021-05-21T23:59:59+02:00,0,0,2231,2408,4471,4896,9200,9968,16366,16931,19467,18795,13144,14202,9315,11434,2812,4932,659,697,1014,1619,1254,2296,1993,3562,3342,4029,4043,3932,6429,7727,2592,4527,107837,34571,15922,6851,35514,6995,1297,2,1
2021-05-20T23:59:59+02:00,0,0,2202,2368,4388,4835,8979,9738,16316,16878,19414,18743,13113,14167,9298,11417,2811,4928,604,590,889,1306,1082,1891,1770,3026,2782,3347,3207,2978,6384,7677,2588,4522,106981,32740,15919,6850,35505,3864,1188,2,1
2021-05-19T23:59:59+02:00,0,0,2040,2193,3890,4411,7596,8545,16042,16630,19291,18618,13065,14119,9288,11391,2809,4925,589,553,851,1252,1053,1840,1744,2973,2732,3303,3199,2965,6380,7674,2588,4521,102347,32716,15917,6848,35504,3569,1083,2,1
2021-05-18T23:59:59+02:00,0,0,1992,2140,3583,4122,6937,7949,15894,16514,19207,18535,13032,14086,9232,11317,2803,4911,583,549,845,1250,1045,1832,1714,2957,2723,3285,3194,2960,6376,7670,2588,4521,102327,32712,13452,6843,35500,3563,973,2,1
2021-05-17T23:59:59+02:00,0,0,1984,2132,3563,4108,6893,7925,15866,16496,19185,18516,13022,14063,9231,11316,2803,4911,575,542,826,1235,1002,1808,1686,2939,2699,3264,3183,2939,6376,7669,2588,4521,102320,32706,13449,6843,35500,3559,743,2,1
2021-05-16T23:59:59+02:00,0,0,1979,2129,3556,4104,6707,7761,15843,16477,19181,18511,13017,14062,9230,11315,2803,4911,575,542,826,1233,1001,1807,1686,2939,2697,3264,3183,2939,6376,7669,2588,4521,101898,32703,13448,6843,35496,3557,742,2,1
2021-05-15T23:59:59+02:00,0,0,1951,2093,3518,4066,6621,7657,15574,16209,19125,18469,12998,14043,9221,11310,2803,4909,575,542,826,1232,1001,1807,1684,2938,2697,3264,3182,2939,6375,7669,2588,4521,100879,32699,13448,6843,35496,3555,742,2,1
2021-05-14T23:59:59+02:00,0,0,1842,1948,3272,3815,5027,6179,12922,14013,19061,18383,12974,14013,9215,11297,2800,4903,575,541,823,1232,1001,1807,1683,2937,2691,3262,3177,2933,6372,7667,2588,4520,91990,32681,13448,6842,35494,3555,730,2,1
2021-05-13T23:59:59+02:00,0,0,1815,1901,3231,3764,4915,6077,12717,13829,18901,18256,12898,13918,9180,11244,2800,4902,569,538,816,1223,991,1794,1664,2918,2584,3169,2516,2127,4919,5866,2579,4501,90774,29667,13352,4824,35492,3554,728,2,1
2021-05-12T23:59:59+02:00,0,0,1815,1901,3230,3764,4915,6077,12717,13829,18900,18256,12897,13917,9180,11244,2800,4902,569,538,816,1223,991,1794,1664,2917,2581,3167,2516,2127,4919,5864,2579,4501,90771,29664,13352,4819,35491,3554,728,2,1
2021-05-11T23:59:59+02:00,0,0,1771,1856,3138,3689,4827,6011,11787,13100,18706,18097,12883,13896,9173,11230,2794,4898,568,536,813,1218,990,1793,1663,2916,2571,3163,2515,2126,4917,5863,2578,4501,90760,29655,10891,4807,35483,3548,720,2,1
2021-05-10T23:59:59+02:00,0,0,1755,1853,3132,3686,4821,6007,11786,13099,18705,18097,12883,13896,9173,11230,2794,4898,567,534,813,1218,989,1793,1662,2916,2571,3163,2514,2125,4917,5863,2578,4501,90747,29654,10888,4806,35458,3543,720,2,1
2021-05-09T23:59:59+02:00,0,0,1719,1806,3080,3671,4750,5972,11719,13078,18642,18038,12863,13877,9170,11221,2792,4896,565,531,805,1217,981,1787,1649,2913,2567,3162,2514,2123,4916,5862,2578,4500,90277,29650,10885,4805,35451,3535,679,2,1
2021-05-08T23:59:59+02:00,0,0,1686,1772,3044,3621,4673,5899,11382,12776,18609,18004,12856,13869,9169,11219,2790,4896,553,530,798,1217,970,1787,1641,2913,2551,3151,2513,2123,4916,5861,2577,4499,89248,29646,10885,4805,35451,3469,679,2,1
2021-05-07T23:59:59+02:00,0,0,1542,1649,2796,3449,3999,5235,10173,11584,18409,17853,12817,13834,9149,11202,2782,4889,456,381,675,987,824,1468,1496,2498,2382,2794,2504,2114,4912,5857,2574,4496,84478,29641,10884,4805,35439,1412,559,2,1
2021-05-06T23:59:59+02:00,0,0,1479,1480,2662,3318,3671,4926,8472,10102,17893,17428,12649,13666,9102,11130,2779,4881,334,322,571,885,688,1379,1247,2284,2168,2599,2452,2082,4910,5850,2574,4495,78949,29619,10883,4804,35422,34,382,2,1
2021-05-05T23:59:59+02:00,0,0,1424,1404,2575,3246,3495,4751,7320,9085,17386,17028,12561,13553,9070,11084,2770,4866,334,322,569,884,687,1377,1201,2232,2157,2591,2448,2080,4910,5846,2574,4491,75068,29609,10879,4803,35412,33,257,2,1
2021-05-04T23:59:59+02:00,0,0,1413,1402,2568,3239,3493,4751,7318,9084,17385,17028,12561,13553,9070,11084,2770,4866,334,321,569,883,685,1377,1201,2232,2157,2591,2447,2080,4910,5846,2574,4490,75060,29606,10868,4803,35399,31,256,2,1
2021-05-03T23:59:59+02:00,0,0,1411,1396,2560,3234,3490,4745,7239,9024,17371,17020,12557,13551,9070,11084,2769,4865,331,315,565,879,680,1372,1122,2172,2143,2583,2443,2078,4910,5846,2573,4489,75051,29604,10868,4803,35399,27,66,2,1
2021-05-02T23:59:59+02:00,0,0,1403,1392,2557,3228,3477,4736,7219,9004,17265,16952,12544,13526,9064,11073,2766,4865,329,314,565,878,680,1372,1122,2171,2141,2583,2443,2078,4909,5844,2573,4489,74741,29598,10867,4802,35398,27,63,2,1
2021-05-01T23:59:59+02:00,0,0,1399,1386,2548,3218,3468,4718,7160,8943,17121,16835,12519,13503,9052,11067,2766,4865,329,314,565,878,680,1372,1122,2171,2141,2583,2443,2078,4907,5844,2572,4487,74238,29593,10867,4802,35398,27,63,2,1
2021-04-30T23:59:59+02:00,0,0,1329,1306,2427,3048,3299,4444,5609,7542,15374,15403,12376,13342,8957,10950,2751,4832,329,314,564,877,679,1372,1119,2169,2138,2581,2442,2068,4894,5835,2564,4469,66713,29576,10867,4801,35398,27,9,2,1
2021-04-29T23:59:59+02:00,0,0,1274,1268,2324,2938,3166,4274,5000,6893,14197,14379,12065,13014,8866,10868,2737,4804,327,313,564,876,679,1371,1118,2169,2136,2579,2440,2064,4893,5832,2563,4467,61794,29556,10867,4798,35395,27,9,2,1
2021-04-28T23:59:59+02:00,0,0,1211,1251,2262,2901,3101,4193,4691,6601,13782,14063,11950,12867,8825,10809,2729,4798,326,313,561,874,676,1371,1116,2167,2135,2572,2437,2061,4890,5828,2560,4464,61677,29551,8958,4771,35395,26,2,2,1
2021-04-27T23:59:59+02:00,0,0,1191,1249,2257,2900,3097,4192,4689,6601,13781,14062,11949,12866,8825,10809,2729,4798,326,313,561,874,675,1369,1116,2167,2134,2572,2437,2059,4890,5828,2560,4464,61645,29549,8953,4767,35393,26,2,2,1
2021-04-26T23:59:59+02:00,0,0,1191,1247,2255,2899,3094,4192,4675,6587,13741,14030,11946,12863,8825,10808,2729,4797,326,313,561,874,675,1369,1116,2167,2132,2571,2437,2059,4890,5828,2560,4464,61635,29547,8949,4766,35291,26,2,2,1
2021-04-25T23:59:59+02:00,0,0,1190,1247,2249,2899,3091,4185,4662,6580,13603,13876,11936,12857,8824,10807,2729,4797,326,313,560,874,674,1368,1114,2165,2132,2571,2437,2059,4890,5828,2560,4464,61309,29543,8946,4763,35273,26,2,2,1
2021-04-24T23:59:59+02:00,0,0,1124,1201,2111,2810,2951,4129,4451,6465,12741,13073,11658,12528,8758,10703,2722,4784,326,313,560,874,673,1367,1114,2165,2132,2570,2436,2059,4886,5827,2560,4464,57987,29536,8945,4763,35273,24,2,2,1
2021-04-23T23:59:59+02:00,0,0,1025,1181,1896,2783,2791,4096,4337,6354,11399,12018,11603,12466,8734,10656,2720,4781,325,313,560,874,672,1367,1113,2165,2130,2570,2435,2059,4885,5821,2560,4463,56511,29530,8945,4761,33381,19,1,2,1
2021-04-22T23:59:59+02:00,0,0,1015,1172,1869,2770,2729,4071,4160,6235,10781,11501,11515,12380,8704,10609,2717,4776,324,312,560,874,672,1366,1111,2165,2129,2570,2435,2057,4883,5819,2560,4463,54816,29523,8944,4756,33241,19,1,2,1
2021-04-21T23:59:59+02:00,0,0,1000,1158,1794,2746,2609,4036,4014,6161,9287,10341,11440,12313,8692,10585,2714,4773,323,312,559,874,671,1366,1110,2165,2129,2570,2431,2053,4880,5817,2559,4461,51651,29506,8943,4753,33066,19,1,2,1
2021-04-20T23:59:59+02:00,0,0,1000,1157,1793,2745,2606,4033,4010,6160,8990,10018,11413,12289,8688,10576,2714,4772,323,312,559,874,671,1366,1110,2164,2128,2569,2431,2052,4878,5816,2559,4461,50956,29502,8940,4750,33065,19,1,2,1
2021-04-19T23:59:59+02:00,0,0,998,1155,1793,2742,2605,4032,4008,6158,8990,10017,11413,12289,8688,10575,2714,4772,322,312,558,873,671,1366,1108,2164,2127,2569,2431,2052,4878,5816,2559,4461,50948,29498,8935,4749,33063,18,1,2,1
2021-04-18T23:59:59+02:00,0,0,998,1154,1791,2742,2603,4030,4008,6158,8990,10017,11413,12289,8688,10574,2714,4771,322,312,558,873,670,1366,1108,2163,2127,2569,2431,2052,4878,5816,2559,4461,50941,29497,8934,4748,33062,18,1,2,1
2021-04-17T23:59:59+02:00,0,0,998,1153,1788,2736,2526,3939,3951,6076,8973,9999,11290,12137,8685,10572,2714,4770,317,306,554,866,662,1356,1090,2150,2080,2543,2386,2000,4829,5747,2553,4455,50308,29127,8934,4748,33062,17,1,2,1
2021-04-16T23:59:59+02:00,0,0,969,1119,1677,2653,2324,3802,3701,5902,7251,8186,11093,11893,8631,10509,2711,4757,310,301,539,847,630,1319,1008,2093,1855,2383,2236,1891,4642,5478,2494,4339,45963,29113,8859,3238,32353,12,1,2,1
2021-04-15T23:59:59+02:00,0,0,899,1067,1547,2565,2043,3650,3169,5573,6240,7220,10836,11557,8531,10386,2692,4734,310,301,538,846,628,1318,1007,2090,1619,2242,2083,1760,4456,5267,2440,4236,42156,29068,8856,2063,31694,8,1,2,1
2021-04-14T23:59:59+02:00,0,0,884,1038,1502,2529,1955,3569,2999,5438,6146,7109,10672,11350,8449,10286,2680,4720,290,291,504,819,557,1259,800,1947,1399,2118,2016,1685,4325,5103,2426,4208,40780,27674,8852,2063,31691,8,1,2,1
2021-04-13T23:59:59+02:00,0,0,879,1032,1490,2526,1932,3550,2967,5403,5623,6533,10372,11011,8418,10252,2679,4719,290,289,504,818,557,1259,800,1947,1399,2117,2013,1684,4325,5103,2426,4205,40771,27672,6925,2054,31687,8,1,2,1
2021-04-12T23:59:59+02:00,0,0,879,1030,1489,2523,1932,3550,2966,5402,5622,6533,10371,11011,8418,10252,2679,4719,290,288,504,818,555,1259,798,1946,1398,2117,2013,1684,4325,5102,2426,4205,40766,27666,6922,2052,31685,8,1,2,1
2021-04-11T23:59:59+02:00,0,0,879,1030,1488,2523,1930,3549,2965,5402,5622,6533,10370,11010,8418,10252,2679,4719,290,288,503,818,553,1259,797,1946,1396,2117,2013,1684,4325,5102,2426,4205,40763,27661,6921,2052,31683,8,0,2,1
2021-04-10T23:59:59+02:00,0,0,877,1027,1485,2519,1913,3537,2896,5336,5494,6435,10140,10793,8365,10202,2675,4718,290,287,503,817,553,1259,796,1946,1396,2117,2009,1680,4320,5093,2425,4202,40193,27632,6921,2052,31296,8,0,2,1
2021-04-09T23:59:59+02:00,0,0,839,994,1388,2463,1809,3478,2767,5282,5354,6370,7761,7965,8301,10108,2665,4700,289,287,500,816,551,1257,793,1946,1394,2113,1989,1658,4298,5075,2422,4197,34717,27524,6920,2052,30605,8,0,2,1
2021-04-08T23:59:59+02:00,0,0,838,992,1384,2460,1807,3475,2755,5273,5343,6357,6973,7050,8259,10058,2662,4696,287,286,500,815,551,1256,792,1946,1392,2112,1987,1658,4297,5072,2422,4197,32863,27510,6920,2051,30597,8,0,2,1
2021-04-07T23:59:59+02:00,0,0,786,969,1309,2388,1720,3407,2562,5165,4601,5874,6306,6408,8201,9997,2656,4690,287,286,500,815,551,1253,792,1946,1392,2112,1987,1658,4296,5072,2422,4197,32858,27509,6919,2050,27260,7,0,2,0
2021-04-06T23:59:59+02:00,0,0,753,962,1290,2353,1696,3366,2532,5119,4527,5798,5944,6051,8180,9973,2651,4684,287,285,500,814,551,1253,791,1946,1391,2112,1987,1657,4296,5072,2422,4197,32854,27506,6919,2048,26104,7,0,2,0
2021-04-05T23:59:59+02:00,0,0,749,931,1249,2228,1624,3201,2413,4849,4367,5526,5636,5744,8163,9947,2649,4680,287,285,500,813,551,1253,791,1946,1391,2112,1987,1657,4296,5072,2422,4197,32852,27505,6919,2048,24183,7,0,2,0
2021-04-04T23:59:59+02:00,0,0,728,906,1157,2012,1490,2935,2199,4414,4017,5027,5391,5520,8131,9893,2648,4672,287,285,499,812,549,1252,790,1945,1317,2075,1623,1383,4138,4891,2378,4132,32848,26302,6919,2048,21371,6,0,2,0
2021-04-03T23:59:59+02:00,0,0,728,906,1156,2011,1489,2935,2198,4414,4017,5027,5391,5519,8131,9893,2648,4672,287,285,499,812,549,1252,790,1945,1317,2075,1623,1383,4138,4891,2378,4132,32844,26302,6919,2048,21370,6,0,2,0
2021-04-02T23:59:59+02:00,0,0,728,905,1156,2011,1489,2935,2198,4414,4016,5026,5391,5518,8130,9892,2647,4670,287,285,499,812,549,1252,790,1945,1316,2075,1623,1383,4138,4891,2378,4132,32842,26301,6919,2048,21363,6,0,2,0
2021-04-01T23:59:59+02:00,0,0,723,903,1153,2005,1481,2926,2184,4396,3925,4941,4898,4917,7425,8998,2645,4665,287,283,498,809,549,1251,787,1943,1278,2047,1474,1288,4039,4790,2367,4119,29936,25761,6893,2042,21354,6,0,2,0
2021-03-31T23:59:59+02:00,0,0,723,902,1151,2004,1477,2921,2180,4395,3907,4930,4725,4699,6657,8064,2635,4643,286,282,498,809,545,1248,782,1936,1173,1970,1079,1023,3630,4327,2260,3945,29818,23809,4866,1979,21327,5,0,2,0
2021-03-30T23:59:59+02:00,0,0,723,902,1150,2001,1465,2912,2171,4386,3862,4903,4526,4518,6407,7767,2626,4627,286,281,498,807,545,1248,782,1935,1173,1970,1079,1023,3630,4327,2259,3945,29813,23805,4861,1979,20270,4,0,2,0
2021-03-29T23:59:59+02:00,0,0,721,900,1150,2001,1463,2912,2171,4386,3858,4901,4523,4516,6404,7758,2624,4609,286,280,498,807,545,1248,781,1934,1173,1970,1079,1022,3630,4327,2259,3945,29804,23801,4856,1979,20235,4,0,2,0
2021-03-28T23:59:59+02:00,0,0,721,900,1150,1998,1461,2910,2170,4383,3857,4901,4522,4516,6401,7754,2624,4608,285,280,496,807,545,1248,780,1934,1173,1970,1079,1021,3630,4327,2259,3945,29802,23797,4851,1978,20221,4,0,2,0
2021-03-27T23:59:59+01:00,0,0,717,895,1146,1990,1453,2900,2151,4367,3815,4875,4473,4459,6356,7696,2617,4595,281,275,482,797,534,1236,732,1898,1012,1878,818,831,3491,4173,2097,3633,29453,22828,4851,1336,20199,4,0,2,0
2021-03-26T23:59:59+01:00,0,0,717,895,1145,1989,1450,2899,2148,4366,3810,4872,4461,4437,6346,7671,2610,4581,280,275,482,795,532,1236,730,1898,1005,1870,681,736,2513,3016,1927,3420,29395,20056,4849,1336,20151,4,0,2,0
2021-03-25T23:59:59+01:00,0,0,716,894,1145,1989,1449,2896,2144,4360,3805,4868,4452,4426,6333,7639,2589,4527,280,275,482,795,531,1233,729,1897,1003,1869,660,729,1329,1567,1646,3057,29383,16742,4844,1336,20003,4,0,2,0
2021-03-24T23:59:59+01:00,0,0,693,883,1107,1959,1378,2836,1938,4212,3581,4742,4392,4366,6198,7471,2575,4495,280,275,482,794,528,1233,727,1897,1002,1869,660,729,1329,1566,1646,3055,28006,16733,4841,1335,19977,4,0,2,0
2021-03-23T23:59:59+01:00,0,0,693,881,1105,1958,1378,2836,1938,4212,3580,4739,4392,4366,6197,7471,2575,4494,280,275,482,794,528,1232,727,1897,1002,1869,660,729,1329,1566,1646,3055,28002,16732,4838,1335,19973,4,0,2,0
2021-03-22T23:59:59+01:00,0,0,693,879,1103,1954,1375,2836,1936,4212,3579,4739,4392,4365,6197,7470,2575,4494,280,275,482,794,528,1231,726,1897,1002,1868,660,728,1329,1566,1646,3055,27998,16729,4837,1335,19962,3,0,2,0
2021-03-21T23:59:59+01:00,0,0,693,879,1101,1951,1375,2834,1935,4211,3578,4738,4392,4365,6196,7470,2575,4494,280,275,482,794,528,1231,726,1897,1002,1868,660,727,1329,1566,1646,3055,27995,16728,4836,1335,19955,3,0,1,0
2021-03-20T23:59:59+01:00,0,0,691,877,1099,1949,1369,2831,1918,4204,3547,4719,4174,4090,5679,6863,2565,4461,275,273,477,788,511,1221,704,1880,964,1839,590,649,1097,1307,1296,2508,27914,15041,4738,1335,18383,3,0,1,0
2021-03-19T23:59:59+01:00,0,0,683,871,1084,1929,1335,2794,1838,4148,3326,4558,4025,3984,5503,6621,2516,4376,275,273,477,788,511,1221,704,1879,963,1839,590,649,1097,1306,1295,2507,27912,15036,3303,1335,18376,3,0,0,0
2021-03-18T23:59:59+01:00,0,0,682,870,1083,1928,1334,2792,1838,4145,3096,4415,3872,3855,5325,6419,2464,4275,275,272,476,788,511,1219,704,1878,962,1838,588,646,858,1049,1185,2339,27901,14252,2118,1334,18374,2,0,0,0
2021-03-17T23:59:59+01:00,0,0,682,870,1082,1928,1334,2791,1838,4145,3096,4415,3872,3853,5324,6419,2464,4275,275,271,476,788,511,1219,704,1878,961,1838,587,646,858,1049,1185,2339,27899,14250,2118,1333,18371,2,0,0,0
2021-03-16T23:59:59+01:00,0,0,681,870,1082,1924,1333,2791,1835,4145,3096,4413,3871,3852,5324,6419,2463,4274,273,267,462,783,502,1207,688,1864,945,1828,585,645,856,1048,1184,2338,27891,14140,2114,1333,18368,2,0,0,0
2021-03-15T23:59:59+01:00,0,0,681,869,1080,1923,1330,2791,1831,4144,3095,4413,3871,3851,5323,6419,2463,4274,273,267,462,783,502,1207,687,1864,944,1827,585,645,856,1048,1184,2338,27886,14137,2112,1333,18360,2,0,0,0
2021-03-14T23:59:59+01:00,0,0,680,867,1077,1920,1327,2788,1829,4142,3090,4412,3871,3851,5323,6419,2463,4274,273,267,462,783,502,1207,687,1864,944,1826,585,645,855,1048,1184,2338,27882,14135,2112,1333,18339,2,0,0,0
2021-03-13T23:59:59+01:00,0,0,678,862,1069,1914,1318,2781,1824,4134,2976,4334,3402,3448,5119,6186,2418,4211,273,267,462,783,502,1207,686,1864,942,1825,561,629,552,753,764,1764,26617,12499,2112,1333,17945,2,0,0,0
2021-03-12T23:59:59+01:00,0,0,648,775,1046,1801,1297,2590,1792,3868,2932,4166,2261,2005,4758,5640,2415,4202,273,267,462,783,502,1207,685,1864,941,1825,561,628,552,753,764,1763,26605,12496,2112,1333,13479,1,0,0,0
2021-03-11T23:59:59+01:00,0,0,638,730,1038,1699,1289,2431,1780,3654,2886,4027,1697,1476,4272,5098,2405,4193,271,266,462,783,502,1207,685,1863,941,1821,561,628,550,752,684,1618,26055,12493,2100,1101,11158,0,0,0,0
2021-03-10T23:59:59+01:00,0,0,633,718,1028,1677,1280,2410,1767,3628,2777,3944,1307,1208,3864,4629,2311,4036,271,266,461,781,501,1207,685,1863,939,1821,561,628,548,751,684,1618,24076,12487,2099,1098,11042,0,0,0,0
2021-03-09T23:59:59+01:00,0,0,632,713,1020,1660,1269,2395,1764,3617,2770,3939,1303,1207,3864,4628,2310,4036,271,266,461,781,501,1207,685,1863,939,1821,561,628,548,751,684,1618,24073,12487,2098,1098,10956,0,0,0,0
2021-03-08T23:59:59+01:00,0,0,628,684,1009,1635,1254,2362,1756,3584,2749,3924,1302,1205,3864,4628,2310,4036,271,266,461,781,501,1207,685,1863,939,1821,561,627,546,751,684,1618,24069,12484,2097,1098,10764,0,0,0,0
2021-03-07T23:59:59+01:00,0,0,628,681,1005,1631,1254,2359,1755,3581,2749,3922,1302,1205,3864,4628,2310,4036,271,266,461,781,500,1207,685,1863,939,1821,561,627,546,751,684,1618,24066,12483,2097,1098,10747,0,0,0,0
2021-03-06T23:59:59+01:00,0,0,592,634,886,1530,1012,2169,1335,3199,2328,3586,1021,986,3564,4251,2290,4019,271,266,461,781,498,1207,685,1863,939,1820,561,626,544,747,595,1444,23068,12480,2094,828,8240,0,0,0,0
2021-03-05T23:59:59+01:00,0,0,589,634,881,1527,1012,2168,1332,3196,2321,3581,877,889,2570,3056,2119,3787,269,266,456,769,494,1202,677,1846,925,1805,557,622,486,686,289,933,20225,12277,2083,5,8231,0,0,0,0
2021-03-04T23:59:59+01:00,0,0,571,591,844,1397,974,2014,1282,2992,2277,3481,862,880,1388,1621,1832,3423,269,266,455,769,494,1202,677,1846,925,1805,556,621,486,685,289,933,16930,12273,2082,5,7417,0,0,0,0
2021-03-03T23:59:59+01:00,0,0,565,558,821,1332,953,1952,1266,2948,2267,3437,862,879,1388,1621,1832,3423,269,266,455,769,494,1202,677,1845,925,1805,556,621,486,685,289,933,16928,12272,2082,5,7094,0,0,0,0
2021-03-02T23:59:59+01:00,0,0,564,556,818,1331,953,1952,1265,2947,2267,3437,862,879,1388,1621,1832,3423,269,266,454,769,494,1202,677,1845,925,1804,556,621,486,685,289,933,16927,12270,2082,5,7086,0,0,0,0
2021-03-01T23:59:59+01:00,0,0,564,554,817,1331,953,1951,1265,2947,2266,3436,862,878,1388,1620,1832,3423,269,266,454,769,494,1202,676,1844,925,1804,556,621,486,685,289,933,16924,12268,2081,5,7082,0,0,0,0
2021-02-28T23:59:59+01:00,0,0,563,552,817,1331,952,1951,1265,2947,2264,3435,862,876,1388,1620,1832,3423,269,266,454,769,494,1202,676,1843,925,1804,556,621,486,685,289,933,16921,12267,2081,5,7076,0,0,0,0
2021-02-27T23:59:59+01:00,0,0,558,550,806,1321,931,1940,1225,2919,2187,3385,741,760,1119,1330,1325,2550,268,266,454,769,493,1202,674,1842,924,1802,555,618,485,683,289,929,15200,12249,1373,4,7074,0,0,0,0
2021-02-26T23:59:59+01:00,0,0,548,529,777,1257,902,1827,1186,2761,1867,2964,700,732,1119,1330,1324,2549,268,266,454,769,493,1202,674,1842,924,1802,555,618,485,683,289,928,15195,12248,1373,4,5804,0,0,0,0
2021-02-25T23:59:59+01:00,0,0,514,487,715,1139,795,1634,1032,2460,1368,2416,649,687,871,1066,1215,2378,267,265,453,769,493,1201,673,1840,924,1801,555,618,485,683,289,928,14391,12243,1373,1,3662,0,0,0,0
2021-02-24T23:59:59+01:00,0,0,513,486,715,1137,794,1634,1032,2459,1368,2415,649,687,871,1066,1215,2378,267,265,453,769,493,1200,673,1840,924,1801,555,618,485,683,289,928,14390,12243,1372,0,3657,0,0,0,0
2021-02-23T23:59:59+01:00,0,0,511,482,700,1129,785,1623,1015,2445,1352,2405,647,686,869,1065,1214,2377,267,264,453,768,493,1200,673,1839,924,1800,555,618,485,683,289,928,14280,12239,1372,0,3653,0,0,0,0
2021-02-22T23:59:59+01:00,0,0,511,482,699,1129,783,1623,1015,2445,1351,2404,647,684,869,1065,1214,2377,267,264,453,768,493,1200,673,1839,924,1799,555,618,485,683,289,928,14278,12238,1372,0,3648,0,0,0,0
2021-02-21T23:59:59+01:00,0,0,511,482,699,1129,782,1623,1014,2445,1351,2403,646,684,868,1065,1214,2377,267,264,453,768,493,1200,673,1839,924,1799,555,618,485,683,289,928,14276,12238,1372,0,3645,0,0,0,0
2021-02-20T23:59:59+01:00,0,0,495,480,687,1123,762,1618,1001,2443,1324,2383,619,665,559,764,786,1793,266,263,448,766,488,1194,668,1828,918,1796,552,615,480,683,285,923,12611,12173,1371,0,3520,0,0,0,0
2021-02-19T23:59:59+01:00,0,0,397,394,583,997,644,1464,860,2272,1085,2146,572,641,559,764,786,1793,263,263,444,764,486,1185,665,1812,911,1776,548,609,475,676,282,915,12610,12074,1371,0,1976,0,0,0,0
2021-02-18T23:59:59+01:00,0,0,274,269,469,794,505,1217,699,1876,949,1835,569,635,558,764,786,1793,262,261,442,761,484,1181,664,1798,907,1765,542,604,468,669,277,904,12608,11989,1371,0,13,0,0,0,0
2021-02-17T23:59:59+01:00,0,0,274,269,468,794,505,1217,698,1876,948,1835,568,635,558,763,786,1793,261,261,441,758,482,1179,661,1790,904,1758,537,599,459,647,266,885,12606,11888,1371,0,10,0,0,0,0
2021-02-16T23:59:59+01:00,0,0,274,269,466,793,504,1217,698,1876,948,1835,568,635,558,763,786,1793,250,257,435,742,470,1147,654,1714,879,1679,518,570,427,604,249,820,12606,11415,1371,0,6,0,0,0,0
2021-02-15T23:59:59+01:00,0,0,274,269,465,793,504,1217,696,1876,948,1835,568,635,558,763,786,1793,246,253,432,734,464,1121,638,1663,854,1625,497,536,409,560,237,757,12606,11026,1371,0,3,0,0,0,0
2021-02-14T23:59:59+01:00,0,0,274,269,465,793,503,1217,696,1876,948,1835,568,635,558,763,786,1793,246,253,432,733,464,1121,638,1657,852,1616,487,531,405,557,229,749,12605,10970,1371,0,3,0,0,0,0
2021-02-13T23:59:59+01:00,0,0,272,269,465,793,503,1217,695,1875,948,1835,568,635,558,763,786,1793,244,251,432,729,457,1109,629,1636,832,1583,468,506,391,532,216,713,12603,10728,1371,0,1,0,0,0,0
2021-02-12T23:59:59+01:00,0,0,272,269,465,792,503,1217,695,1874,944,1832,568,633,509,717,772,1789,227,243,412,695,436,1021,594,1474,745,1343,385,386,316,420,160,536,12479,9393,1371,0,1,0,0,0,0
2021-02-11T23:59:59+01:00,0,0,270,269,464,792,503,1217,695,1872,944,1829,567,632,506,714,689,1641,205,230,400,664,416,974,560,1380,699,1232,351,338,277,357,133,450,12467,8666,1136,0,1,0,0,0,0
2021-02-10T23:59:59+01:00,0,0,270,269,464,791,503,1217,694,1872,943,1829,566,632,506,713,688,1639,202,226,399,658,412,960,557,1360,687,1197,335,315,255,317,116,388,12460,8384,1136,0,0,0,0,0,0
2021-02-09T23:59:59+01:00,0,0,270,269,464,791,503,1217,693,1872,943,1827,566,632,506,713,688,1639,193,213,387,622,393,893,514,1267,634,1067,261,224,180,206,75,240,12457,7369,1136,0,0,0,0,0,0
2021-02-08T23:59:59+01:00,0,0,270,269,462,791,503,1217,692,1872,943,1827,566,632,506,713,688,1639,190,207,383,608,383,868,489,1217,607,997,230,183,145,156,61,185,12455,6909,1135,0,0,0,0,0,0
2021-02-07T23:59:59+01:00,0,0,270,269,462,791,503,1217,692,1872,943,1826,566,632,506,713,688,1638,189,207,381,604,381,863,484,1207,603,983,224,176,135,138,55,169,12453,6799,1135,0,0,0,0,0,0
2021-02-06T23:59:59+01:00,0,0,270,269,462,791,503,1217,692,1872,943,1826,566,632,504,708,598,1465,189,207,381,604,381,863,484,1207,603,983,224,176,135,138,55,169,12453,6799,865,0,0,0,0,0,0
2021-02-05T23:59:59+01:00,0,0,270,269,460,790,501,1215,689,1871,940,1823,562,628,497,693,291,946,183,198,364,573,368,823,464,1166,585,952,203,159,111,125,50,166,12438,6490,7,0,0,0,0,0,0
2021-02-04T23:59:59+01:00,0,0,270,268,459,784,498,1214,688,1866,935,1822,561,628,496,692,291,946,168,162,295,437,302,667,384,942,511,813,192,154,103,119,43,154,12411,5446,7,0,0,0,0,0,0
2021-02-03T23:59:59+01:00,0,0,269,268,459,782,498,1213,687,1865,935,1822,561,628,496,692,291,946,163,155,249,355,253,580,324,842,460,726,185,149,99,117,42,153,12405,4852,7,0,0,0,0,0,0
2021-02-02T23:59:59+01:00,0,0,269,267,459,779,498,1213,687,1862,935,1820,561,628,496,692,291,946,156,140,190,291,195,492,247,728,378,642,175,145,97,116,42,152,12396,4186,7,0,0,0,0,0,0
2021-02-01T23:59:59+01:00,0,0,269,267,457,778,497,1212,686,1858,932,1815,561,628,495,692,291,946,149,134,152,254,167,433,202,650,321,568,169,134,89,106,37,145,12377,3710,7,0,0,0,0,0,0
2021-01-31T23:59:59+01:00,0,0,269,267,457,778,497,1212,686,1858,932,1815,561,628,495,692,291,946,149,134,152,253,167,432,201,650,321,568,169,134,89,106,37,145,12377,3707,7,0,0,0,0,0,0
2021-01-30T23:59:59+01:00,0,0,269,267,457,778,497,1212,686,1858,928,1815,560,628,493,692,288,946,136,122,135,235,156,404,190,609,303,521,147,123,77,79,30,110,12367,3377,7,0,0,0,0,0,0
2021-01-29T23:59:59+01:00,0,0,266,266,453,775,495,1202,683,1841,921,1795,556,622,488,686,285,938,88,68,93,154,115,246,147,441,213,378,109,82,58,68,25,99,12266,2384,6,0,0,0,0,0,0
2021-01-28T23:59:59+01:00,0,0,266,266,452,775,494,1202,683,1840,921,1793,556,622,488,686,285,938,10,7,13,23,24,46,23,94,50,106,34,32,31,49,19,91,12263,652,4,0,0,0,0,0,0
2021-01-27T23:59:59+01:00,0,0,265,266,452,775,494,1201,683,1839,919,1793,556,622,488,686,285,938,10,7,13,23,23,46,23,92,49,106,34,32,31,49,19,91,12261,648,1,0,0,0,0,0,0
2021-01-26T23:59:59+01:00,0,0,265,266,451,774,494,1200,683,1839,919,1792,556,622,488,686,285,938,10,7,13,23,23,46,23,92,49,106,34,32,31,49,19,91,12257,648,1,0,0,0,0,0,0
2021-01-25T23:59:59+01:00,0,0,265,266,449,774,494,1199,683,1837,919,1792,556,622,487,684,285,938,6,1,5,13,11,21,14,39,23,46,17,16,10,15,6,19,12250,262,0,0,0,0,0,0,0
2021-01-24T23:59:59+01:00,0,0,265,265,449,774,493,1199,683,1836,919,1791,556,622,487,684,285,938,6,1,5,13,11,21,14,39,23,46,17,16,10,15,6,19,12246,262,0,0,0,0,0,0,0
2021-01-23T23:59:59+01:00,0,0,265,265,449,774,493,1198,683,1836,919,1791,556,622,487,684,285,938,6,1,5,13,11,21,14,39,23,46,17,16,10,15,6,19,12245,262,0,0,0,0,0,0,0
2021-01-22T23:59:59+01:00,0,0,263,263,449,774,492,1197,683,1835,919,1791,556,622,487,684,267,894,6,1,5,13,11,21,14,39,23,46,17,16,10,15,6,19,12176,262,0,0,0,0,0,0,0
2021-01-21T23:59:59+01:00,0,0,260,259,447,765,489,1189,680,1813,910,1774,548,613,467,659,256,858,6,1,5,13,11,21,14,39,23,46,17,16,10,15,6,19,11987,262,0,0,0,0,0,0,0
2021-01-20T23:59:59+01:00,0,0,259,257,443,760,487,1186,677,1805,907,1769,542,608,460,640,248,841,6,1,5,13,11,21,14,39,23,46,17,16,10,15,6,19,11889,262,0,0,0,0,0,0,0
2021-01-19T23:59:59+01:00,0,0,254,257,441,752,481,1171,674,1774,896,1727,530,591,449,624,236,806,6,1,5,13,11,21,14,39,23,46,17,16,10,15,6,19,11663,262,0,0,0,0,0,0,0
2021-01-18T23:59:59+01:00,0,0,250,253,438,741,476,1150,656,1737,870,1679,511,558,434,586,224,749,6,1,5,12,11,21,14,39,23,46,17,16,10,15,6,19,11312,261,0,0,0,0,0,0,0
2021-01-17T23:59:59+01:00,0,0,250,252,437,740,476,1149,653,1730,864,1667,495,547,419,564,209,724,6,1,4,12,11,21,14,39,23,46,17,15,10,15,6,19,11176,259,0,0,0,0,0,0,0
2021-01-16T23:59:59+01:00,0,0,242,244,433,720,463,1114,628,1642,817,1518,453,465,390,511,188,669,0,0,0,0,0,0,0,0,0,0,0,0,0,0,0,0,10497,0,0,0,0,0,0,0,0
2021-01-15T23:59:59+01:00,0,0,233,237,425,700,449,1063,608,1542,778,1404,404,408,339,443,170,563,0,0,0,0,0,0,0,0,0,0,0,0,0,0,0,0,9766,0,0,0,0,0,0,0,0
2021-01-14T23:59:59+01:00,0,0,210,224,406,658,427,1001,565,1425,711,1251,349,334,290,350,129,446,0,0,0,0,0,0,0,0,0,0,0,0,0,0,0,0,8776,0,0,0,0,0,0,0,0
2021-01-13T23:59:59+01:00,0,0,208,222,405,651,422,982,560,1403,697,1216,331,310,265,310,112,385,0,0,0,0,0,0,0,0,0,0,0,0,0,0,0,0,8479,0,0,0,0,0,0,0,0
2021-01-12T23:59:59+01:00,0,0,191,211,389,610,391,887,498,1249,618,1027,236,194,160,161,62,193,0,0,0,0,0,0,0,0,0,0,0,0,0,0,0,0,7077,0,0,0,0,0,0,0,0
2021-01-11T23:59:59+01:00,0,0,187,205,385,598,377,860,478,1202,598,973,216,165,128,117,45,145,0,0,0,0,0,0,0,0,0,0,0,0,0,0,0,0,6679,0,0,0,0,0,0,0,0
2021-01-10T23:59:59+01:00,0,0,186,201,373,584,373,847,469,1182,586,954,212,165,125,117,43,143,0,0,0,0,0,0,0,0,0,0,0,0,0,0,0,0,6560,0,0,0,0,0,0,0,0
2021-01-09T23:59:59+01:00,0,0,166,168,327,504,332,729,408,1001,498,805,148,108,73,73,29,105,0,0,0,0,0,0,0,0,0,0,0,0,0,0,0,0,5474,0,0,0,0,0,0,0,0
2021-01-08T23:59:59+01:00,0,0,98,78,231,352,245,435,294,669,340,511,80,67,49,58,22,93,0,0,0,0,0,0,0,0,0,0,0,0,0,0,0,0,3622,0,0,0,0,0,0,0,0
2021-01-07T23:59:59+01:00,0,0,12,11,54,97,72,124,94,194,122,180,41,35,33,50,19,93,0,0,0,0,0,0,0,0,0,0,0,0,0,0,0,0,1231,0,0,0,0,0,0,0,0
2021-01-06T23:59:59+01:00,0,0,8,4,9,23,17,46,23,91,53,109,35,32,32,50,19,93,0,0,0,0,0,0,0,0,0,0,0,0,0,0,0,0,644,0,0,0,0,0,0,0,0
2021-01-05T23:59:59+01:00,0,0,8,4,9,23,17,46,22,91,51,109,35,32,32,50,19,93,0,0,0,0,0,0,0,0,0,0,0,0,0,0,0,0,641,0,0,0,0,0,0,0,0
2021-01-04T23:59:59+01:00,0,0,6,1,5,13,11,23,14,41,23,48,18,16,11,15,6,20,0,0,0,0,0,0,0,0,0,0,0,0,0,0,0,0,271,0,0,0,0,0,0,0,0
2021-01-03T23:59:59+01:00,0,0,6,1,5,13,11,23,14,41,23,48,18,16,11,15,6,20,0,0,0,0,0,0,0,0,0,0,0,0,0,0,0,0,271,0,0,0,0,0,0,0,0
2021-01-02T23:59:59+01:00,0,0,6,1,5,13,11,23,14,41,23,48,18,16,11,15,6,20,0,0,0,0,0,0,0,0,0,0,0,0,0,0,0,0,271,0,0,0,0,0,0,0,0
2021-01-01T23:59:59+01:00,0,0,6,1,5,13,11,23,14,41,23,48,18,16,11,15,6,20,0,0,0,0,0,0,0,0,0,0,0,0,0,0,0,0,271,0,0,0,0,0,0,0,0
2020-12-31T23:59:59+01:00,0,0,6,1,5,13,11,23,14,41,23,48,18,16,11,15,6,20,0,0,0,0,0,0,0,0,0,0,0,0,0,0,0,0,271,0,0,0,0,0,0,0,0
2020-12-30T23:59:59+01:00,0,0,6,1,5,13,11,23,14,41,23,48,18,16,11,15,6,20,0,0,0,0,0,0,0,0,0,0,0,0,0,0,0,0,271,0,0,0,0,0,0,0,0
2020-12-29T23:59:59+01:00,0,0,6,1,5,13,11,23,14,41,23,48,18,16,11,15,6,20,0,0,0,0,0,0,0,0,0,0,0,0,0,0,0,0,271,0,0,0,0,0,0,0,0
2020-12-28T23:59:59+01:00,0,0,6,1,5,13,11,23,14,41,23,48,18,16,11,15,6,20,0,0,0,0,0,0,0,0,0,0,0,0,0,0,0,0,271,0,0,0,0,0,0,0,0
2020-12-27T23:59:59+01:00,0,0,6,1,4,12,11,23,14,41,23,48,18,15,11,15,6,20,0,0,0,0,0,0,0,0,0,0,0,0,0,0,0,0,268,0,0,0,0,0,0,0,0
