Datum,<15_m,<15_w,15-24_1_m,15-24_1_w,25-34_1_m,25-34_1_w,35-44_1_m,35-44_1_w,45-54_1_m,45-54_1_w,55-64_1_m,55-64_1_w,65-74_1_m,65-74_1_w,75-84_1_m,75-84_1_w,>84_1_m,>84_1_w,<24_2_m,<24_2_w,25-34_2_m,25-34_2_w,35-44_2_m,35-44_2_w,45-54_2_m,45-54_2_w,55-64_2_m,55-64_2_w,65-74_2_m,65-74_2_w,75-84_2_m,75-84_2_w,>84_2_m,>84_2_w,bp_1,bp_2,mo_1,mo_2,az_1,az_2,ja,unb_1,unb_2
2021-08-02T23:59:59+02:00,1155,1053,11835,11066,15001,13579,17016,16771,20357,20417,21982,20999,14242,15386,9814,12028,2912,5115,10507,9806,13999,12528,16266,15921,19862,19817,21572,20544,14020,15136,9682,11849,2867,5040,165503,157946,22387,21256,35528,34587,7307,3,3
2021-08-01T23:59:59+02:00,1155,1053,11833,11062,15001,13579,17015,16770,20357,20416,21980,20999,14242,15385,9814,12028,2912,5114,10505,9805,13997,12527,16264,15921,19862,19816,21572,20544,14020,15136,9682,11849,2867,5040,165492,157939,22386,21255,35528,34587,7306,3,3
2021-07-31T23:59:59+02:00,1155,1053,11833,11062,15001,13579,17015,16770,20357,20416,21980,20999,14242,15385,9814,12028,2912,5114,10505,9805,13994,12525,16263,15921,19862,19815,21571,20544,14020,15136,9682,11849,2867,5040,165492,157932,22386,21254,35528,34587,7306,3,3
2021-07-30T23:59:59+02:00,1154,1053,11799,11051,14967,13556,16980,16742,20330,20398,21943,20980,14225,15377,9808,12020,2911,5113,10472,9794,13960,12502,16229,15894,19835,19797,21534,20524,14003,15128,9676,11841,2866,5039,165487,157929,22386,21254,35528,34586,7003,3,3
2021-07-29T23:59:59+02:00,1146,1045,11768,11022,14945,13532,16970,16729,20322,20387,21935,20974,14223,15376,9805,12018,2908,5112,10467,9785,13943,12498,16218,15889,19833,19795,21531,20523,14002,15126,9676,11841,2866,5039,165299,157868,22386,21252,35528,34586,7001,3,3
2021-07-28T23:59:59+02:00,1131,1039,11733,10976,14919,13503,16953,16711,20314,20374,21926,20967,14219,15374,9803,12016,2907,5111,10456,9776,13926,12483,16210,15880,19827,19791,21528,20521,14001,15124,9676,11840,2866,5039,165081,157803,22385,21251,35528,34584,6979,3,3
2021-07-27T23:59:59+02:00,1128,1038,11713,10959,14895,13484,16934,16702,20301,20357,21909,20948,14211,15361,9796,12012,2906,5109,10435,9763,13899,12459,16193,15872,19813,19774,21512,20501,13992,15112,9669,11836,2865,5038,165056,157779,22385,21251,35528,34584,6791,3,3
2021-07-26T23:59:59+02:00,1122,1026,11657,10901,14851,13447,16909,16680,20268,20326,21880,20932,14194,15353,9789,12004,2906,5108,10400,9738,13868,12431,16168,15856,19777,19740,21463,20472,13975,15102,9661,11828,2865,5037,164887,157726,22384,21250,35528,34524,6551,3,3
2021-07-25T23:59:59+02:00,1121,1026,11655,10898,14846,13446,16908,16679,20267,20326,21880,20932,14194,15353,9789,12004,2906,5108,10399,9727,13865,12428,16166,15855,19776,19740,21463,20472,13975,15102,9661,11828,2865,5036,164874,157706,22382,21247,35528,34524,6551,3,3
2021-07-24T23:59:59+02:00,1121,1026,11651,10896,14845,13445,16908,16678,20265,20325,21880,20931,14193,15353,9789,12004,2906,5108,10277,9614,13697,12286,15745,15490,19627,19618,21445,20446,13961,15087,9654,11820,2865,5035,164868,157684,22376,19580,35528,34524,6549,3,3
2021-07-23T23:59:59+02:00,1097,1013,11538,10826,14766,13390,16855,16624,20224,20273,21842,20893,14177,15333,9779,11996,2904,5107,8522,8233,12318,11182,15258,15060,19339,19296,21233,20253,13883,15003,9597,11771,2860,5031,164460,150047,22376,19580,35528,34468,6270,3,3
2021-07-22T23:59:59+02:00,1075,1006,11470,10755,14710,13342,16819,16598,20206,20244,21828,20869,14162,15320,9768,11989,2902,5105,7996,7753,11707,10682,14552,14460,19145,19129,21077,20078,13815,14920,9572,11725,2851,5020,164107,145664,22375,19580,35528,34457,6155,3,3
2021-07-21T23:59:59+02:00,1063,997,11425,10706,14675,13311,16790,16570,20190,20227,21812,20858,14150,15315,9766,11981,2900,5103,7993,7746,11695,10674,14547,14458,19138,19128,21023,20041,13812,14918,9572,11724,2850,5018,163782,145632,22375,19573,35528,34355,6151,3,3
2021-07-20T23:59:59+02:00,1050,982,11373,10665,14645,13283,16757,16552,20167,20206,21788,20841,14140,15303,9764,11975,2899,5102,7982,7740,11681,10668,14540,14451,19130,19124,21016,20038,13811,14916,9572,11724,2850,5018,163474,145603,22375,19573,35528,34347,6112,3,3
2021-07-19T23:59:59+02:00,1037,966,11324,10616,14618,13249,16737,16533,20148,20187,21775,20833,14134,15299,9760,11966,2897,5098,7977,7737,11675,10664,14536,14450,19128,19124,21002,20023,13809,14915,9571,11722,2850,5018,163161,145578,22375,19571,35528,34316,6110,3,3
2021-07-18T23:59:59+02:00,1037,966,11322,10616,14618,13247,16736,16533,20148,20186,21775,20833,14133,15299,9760,11966,2897,5098,7974,7735,11666,10659,14532,14447,19127,19124,20991,20018,13809,14915,9571,11722,2850,5018,163155,145554,22374,19570,35528,34298,6110,3,3
2021-07-17T23:59:59+02:00,1035,966,11277,10589,14561,13203,16700,16503,20113,20172,21749,20809,14122,15286,9757,11963,2897,5097,7899,7677,11523,10532,14340,14280,18705,18805,20793,19843,13781,14874,9556,11699,2846,5012,163129,145550,22365,17917,35528,34298,5774,3,3
2021-07-16T23:59:59+02:00,1015,950,11086,10449,14463,13104,16602,16428,20039,20107,21697,20761,14095,15261,9740,11956,2893,5092,7624,7475,10597,9900,13876,13971,18479,18613,19934,19187,13615,14662,9447,11567,2830,4988,162814,142122,21836,17907,35528,32517,5557,3,3
2021-07-15T23:59:59+02:00,991,934,11029,10387,14428,13072,16578,16407,20025,20090,21687,20752,14091,15257,9736,11952,2893,5088,7193,7107,8396,8185,13418,13581,18417,18556,19794,19052,13482,14520,9395,11505,2829,4978,162480,135798,21835,17904,35528,32481,5551,3,3
2021-07-14T23:59:59+02:00,965,916,10953,10300,14359,13012,16540,16363,19990,20055,21662,20731,14079,15245,9724,11938,2889,5086,6644,6659,7314,7330,12846,13132,18319,18462,19687,18964,13452,14483,9378,11489,2827,4975,161991,131437,21835,17900,35528,32417,5450,3,3
2021-07-13T23:59:59+02:00,947,895,10872,10227,14314,12969,16513,16334,19967,20034,21651,20718,14072,15235,9721,11931,2887,5084,6392,6371,6865,6949,12541,12864,18304,18442,19642,18928,13339,14374,9375,11485,2827,4972,161562,131406,21832,15648,35528,32413,5446,3,3
2021-07-12T23:59:59+02:00,927,883,10819,10178,14269,12924,16471,16305,19951,20021,21645,20712,14069,15230,9717,11927,2887,5082,6250,6275,6704,6829,12249,12623,17617,17878,19545,18849,13305,14349,9358,11463,2827,4969,161266,128876,21832,15644,35528,32410,5388,3,3
2021-07-11T23:59:59+02:00,927,883,10818,10176,14267,12923,16470,16305,19951,20021,21645,20712,14069,15230,9717,11927,2887,5082,6244,6271,6702,6826,12248,12623,17617,17878,19544,18849,13305,14349,9358,11462,2826,4967,161264,128866,21832,15644,35528,32404,5383,3,3
2021-07-10T23:59:59+02:00,924,878,10811,10164,14260,12918,16462,16305,19949,20015,21640,20707,14069,15229,9717,11927,2887,5082,6235,6263,6693,6821,12245,12619,17616,17874,19539,18846,13304,14349,9358,11462,2826,4967,161201,128816,21832,15644,35528,32404,5380,3,3
2021-07-09T23:59:59+02:00,910,862,10761,10120,14227,12890,16428,16276,19915,19992,21612,20685,14050,15214,9702,11919,2886,5079,5427,5527,6562,6721,12087,12515,17386,17769,19334,18712,13241,14276,9332,11443,2823,4964,161017,125910,21832,15644,35528,31455,5148,3,3
2021-07-08T23:59:59+02:00,908,862,10700,10075,14141,12836,16365,16225,19863,19946,21583,20661,14036,15197,9696,11906,2885,5073,5294,5413,6344,6546,11651,12171,16876,17399,19074,18527,13177,14192,9306,11407,2817,4952,161000,123983,21831,15641,35527,30949,4597,3,3
2021-07-07T23:59:59+02:00,907,862,10698,10069,14137,12833,16364,16225,19863,19943,21583,20661,14036,15197,9696,11906,2885,5073,5150,5229,5876,6134,10452,11186,16823,17333,19020,18482,13160,14170,9297,11404,2813,4942,160990,120314,21827,15640,35527,30946,4591,3,3
2021-07-06T23:59:59+02:00,907,862,10696,10068,14135,12831,16362,16225,19863,19943,21583,20660,14036,15196,9696,11906,2885,5073,5131,5223,5869,6129,10451,11184,16821,17333,19018,18482,13160,14168,9297,11404,2813,4942,160986,120292,21825,15637,35527,30930,4586,3,3
2021-07-05T23:59:59+02:00,907,862,10690,10064,14118,12828,16352,16223,19862,19943,21581,20660,14036,15196,9696,11906,2885,5073,5122,5222,5850,6126,10440,11182,16818,17333,19016,18481,13160,14168,9297,11404,2813,4942,160979,120288,21825,15635,35527,30923,4548,3,3
2021-07-04T23:59:59+02:00,907,862,10680,10054,14116,12824,16351,16223,19861,19943,21580,20659,14036,15196,9696,11905,2884,5072,5089,5179,5764,6049,10313,11068,16811,17330,19015,18478,13156,14166,9295,11399,2810,4940,160972,119811,21825,15634,35527,30915,4522,3,3
2021-07-03T23:59:59+02:00,826,793,8746,8499,12668,11673,15882,15769,19580,19644,21412,20494,13962,15120,9642,11859,2878,5068,4980,5047,5490,5794,10077,10853,16667,17190,18824,18326,13131,14132,9285,11389,2808,4938,152652,118256,21825,15634,35527,30545,4508,3,3
2021-07-02T23:59:59+02:00,826,791,8745,8494,12664,11670,15880,15768,19578,19644,21410,20494,13961,15120,9641,11858,2877,5067,4119,4179,4846,5145,9111,9861,16297,16713,18343,17788,12781,13811,9226,11314,2806,4930,152637,113729,21825,15634,35524,27418,4499,3,3
2021-07-01T23:59:59+02:00,806,771,8536,8325,12583,11591,15847,15739,19567,19630,21400,20476,13957,15117,9636,11850,2874,5061,2283,2458,4415,4771,8621,9435,15668,16170,17792,17351,12724,13745,9196,11258,2792,4900,151943,106098,21825,15632,35524,27378,4471,3,2
2021-06-30T23:59:59+02:00,751,721,8293,8138,12413,11444,15732,15643,19500,19562,21360,20429,13938,15091,9623,11837,2873,5056,2224,2419,4325,4652,8516,9335,15470,16032,17060,16851,12072,13102,9137,11189,2785,4894,150599,106037,21822,15631,35523,23937,4457,3,2
2021-06-29T23:59:59+02:00,751,721,8289,8129,12411,11440,15729,15643,19498,19562,21360,20429,13938,15091,9623,11837,2873,5056,2202,2407,4302,4613,8493,9290,15434,15973,16984,16766,11717,12764,9109,11155,2782,4886,150590,106023,21819,15629,35522,22778,4446,3,2
2021-06-28T23:59:59+02:00,751,721,8286,8125,12403,11435,15727,15643,19497,19562,21360,20429,13937,15091,9623,11837,2873,5056,2194,2378,4254,4495,8418,9130,15313,15695,16816,16494,11411,12462,9086,11128,2781,4882,150573,106013,21819,15629,35522,20855,4439,3,2
2021-06-27T23:59:59+02:00,751,721,8283,8119,12399,11432,15725,15643,19496,19562,21360,20429,13937,15091,9623,11836,2873,5056,2184,2374,4245,4493,8236,8977,15293,15679,16814,16489,11407,12461,9085,11126,2781,4882,150564,105616,21817,15628,35522,20851,4430,3,2
2021-06-26T23:59:59+02:00,743,717,8069,7904,11927,11025,14621,14655,19245,19365,21257,20307,13894,15040,9610,11807,2870,5053,2144,2331,4191,4438,8138,8867,15031,15421,16752,16442,11390,12442,9073,11121,2781,4880,148098,104554,20057,15606,35521,20851,4430,3,2
2021-06-25T23:59:59+02:00,724,699,8042,7881,11912,11015,14621,14649,19238,19360,21253,20306,13894,15040,9609,11805,2870,5053,2014,2153,3903,4133,6614,7433,12377,13232,16677,16354,11363,12412,9062,11097,2776,4865,147960,95691,20057,15524,35521,20818,4430,3,2
2021-06-24T23:59:59+02:00,712,682,7556,7470,10837,10122,14088,14214,19167,19301,21205,20263,13872,15012,9596,11792,2869,5050,1945,2085,3543,3794,5852,6765,12135,13025,16431,16147,11259,12285,8972,10970,2765,4831,143813,94459,20053,13154,35520,20770,4419,3,2
2021-06-23T23:59:59+02:00,712,682,7554,7465,10831,10121,14087,14213,19167,19300,21205,20262,13872,15012,9596,11792,2869,5050,1801,1916,3057,3391,4497,5590,11831,12756,16311,16029,11213,12246,8959,10943,2764,4824,143799,89812,20051,13154,35519,20742,4418,3,2
2021-06-22T23:59:59+02:00,712,682,7505,7436,10758,10071,14064,14187,19151,19285,21194,20254,13865,15003,9593,11789,2869,5050,1751,1885,2975,3337,4459,5557,11803,12717,16243,15978,11004,12055,8707,10642,2754,4793,143784,89793,20051,13150,35519,19604,4111,3,2
2021-06-21T23:59:59+02:00,710,682,7374,7367,10630,9975,13784,13939,18407,18669,21104,20177,13830,14971,9574,11764,2869,5047,1706,1860,2932,3299,4430,5527,11757,12682,16226,15962,10995,12045,8700,10634,2753,4792,141412,89668,20049,13149,35519,19591,3890,3,2
2021-06-20T23:59:59+02:00,710,682,7374,7363,10626,9972,13784,13939,18407,18669,21104,20177,13830,14971,9574,11764,2869,5047,1678,1831,2886,3283,4365,5488,11695,12649,16164,15903,10976,12029,8697,10625,2749,4788,141402,89189,20048,13145,35519,19580,3890,3,2
2021-06-19T23:59:59+02:00,710,681,7337,7326,10520,9881,13602,13781,17993,18333,20919,20004,13812,14944,9562,11744,2866,5041,1647,1796,2845,3234,4285,5414,11359,12359,16126,15865,10967,12017,8695,10620,2747,4786,141357,88175,18287,13116,35519,19579,3890,3,2
2021-06-18T23:59:59+02:00,15,12,6532,6593,10514,9880,13601,13779,17991,18331,20919,20004,13812,14943,9562,11743,2865,5039,1515,1684,2609,3078,3654,4782,10217,11216,15915,15709,10925,11977,8672,10598,2733,4758,138445,83519,18286,13114,35519,19525,3882,3,2
2021-06-17T23:59:59+02:00,13,11,6461,6524,10398,9776,13277,13474,17604,18011,20806,19907,13793,14905,9550,11729,2857,5033,1434,1566,2456,2929,3301,4445,8617,9853,15402,15276,10750,11797,8616,10520,2716,4730,136554,78054,18286,13110,35518,19474,3768,3,2
2021-06-16T23:59:59+02:00,13,11,6454,6518,10387,9773,13275,13472,17603,18010,20805,19907,13793,14905,9549,11728,2857,5033,1384,1518,2354,2855,3117,4266,7532,8912,14904,14888,10667,11686,8580,10472,2705,4714,136524,74230,18284,13108,35518,19450,3764,3,2
2021-06-15T23:59:59+02:00,13,11,6423,6500,10347,9745,13245,13457,17583,17988,20791,19894,13784,14897,9546,11722,2854,5030,1304,1459,2227,2753,3001,4181,6616,8180,14702,14721,10643,11657,8568,10450,2696,4707,136512,74219,18283,10700,35518,19430,3514,3,2
2021-06-14T23:59:59+02:00,13,11,6404,6483,10313,9720,13225,13437,17568,17970,20772,19884,13774,14888,9543,11720,2854,5026,1278,1444,2190,2726,2979,4160,6600,8160,14681,14711,10632,11648,8565,10449,2696,4703,136499,74209,18283,10700,35518,19409,3302,3,2
2021-06-13T23:59:59+02:00,13,11,6403,6483,10309,9718,13224,13435,17568,17970,20772,19884,13773,14888,9543,11720,2854,5026,1274,1438,2187,2717,2969,4150,6583,8143,14580,14646,10619,11625,8559,10437,2693,4703,136490,73917,18283,10700,35518,19404,3300,3,2
2021-06-12T23:59:59+02:00,10,9,5613,5711,10262,9682,13191,13411,17541,17949,20746,19853,13691,14816,9543,11717,2853,5026,1265,1419,2176,2700,2948,4123,6509,8061,14407,14509,10391,11341,8078,9899,2691,4702,134520,73414,18283,10700,35518,17804,3300,3,1
2021-06-11T23:59:59+02:00,9,9,5609,5704,10252,9675,13177,13399,17534,17945,20742,19851,13691,14815,9543,11715,2853,5026,1190,1335,2056,2540,2776,3868,5011,6730,12698,13129,10251,11193,7991,9793,2684,4686,134447,66138,18283,10699,35518,17795,3298,3,1
2021-06-10T23:59:59+02:00,3,3,4609,4749,10085,9547,13066,13317,17278,17709,20503,19670,13682,14804,9537,11705,2850,5023,1133,1274,1942,2434,2616,3691,4405,6093,11534,12141,9951,10869,7907,9708,2672,4661,131117,61320,18282,10699,35518,17790,3221,2,1
2021-06-09T23:59:59+02:00,3,3,4016,4140,9879,9399,12979,13244,16969,17444,20275,19488,13667,14791,9532,11699,2849,5018,1059,1230,1841,2365,2524,3578,4079,5786,11109,11816,9823,10710,7861,9642,2661,4652,128748,61246,18267,8845,35518,17784,2860,2,1
2021-06-08T23:59:59+02:00,3,3,4004,4133,9867,9390,12967,13237,16962,17435,20267,19486,13665,14788,9531,11696,2848,5016,1013,1222,1819,2350,2497,3564,4054,5766,11098,11813,9820,10705,7860,9640,2660,4649,128734,61129,18264,8840,35517,17779,2781,2,1
2021-06-07T23:59:59+02:00,3,3,3990,4125,9834,9377,12957,13219,16939,17424,20251,19475,13662,14784,9528,11692,2846,5014,1002,1215,1786,2339,2488,3545,4030,5753,11080,11799,9817,10700,7857,9637,2658,4647,128722,61120,18262,8837,35516,17774,2621,2,1
2021-06-06T23:59:59+02:00,3,3,3985,4121,9829,9373,12956,13219,16938,17423,20250,19475,13661,14783,9528,11692,2846,5014,999,1212,1775,2337,2482,3536,4017,5746,10954,11655,9806,10693,7856,9637,2658,4647,128710,60797,18262,8836,35515,17766,2610,2,1
2021-06-05T23:59:59+02:00,2,0,3691,3820,7338,7369,12718,13034,16909,17394,20206,19435,13545,14638,9453,11601,2842,5002,922,1140,1610,2236,2317,3457,3791,5606,10058,10814,9423,10238,7745,9482,2650,4627,122739,57522,18262,8836,35515,17278,2479,2,1
2021-06-04T23:59:59+02:00,2,0,3624,3765,7186,7253,12249,12639,16769,17282,19973,19200,13426,14492,9396,11522,2828,4985,894,1074,1579,2131,2278,3290,3715,5348,9418,10137,8578,9219,7469,9077,2646,4616,120340,56050,18262,8834,35515,14112,2472,2,1
2021-06-03T23:59:59+02:00,2,0,3211,3371,7159,7237,12122,12521,16737,17241,19886,19134,13414,14475,9394,11519,2827,4984,865,1007,1533,2007,2199,3090,3525,4966,8841,9517,7817,8347,6997,8461,2643,4608,119098,54419,18260,8833,35511,10807,2363,2,1
2021-06-02T23:59:59+02:00,0,0,2823,3053,6020,6319,11818,12287,16678,17190,19763,19029,13353,14421,9372,11498,2825,4976,849,973,1469,1984,2086,3052,3354,4864,7480,8435,7737,8268,6981,8433,2640,4603,115400,51316,18259,8833,35511,10805,2253,2,1
2021-06-01T23:59:59+02:00,0,0,2536,2741,5545,5894,11500,12004,16654,17167,19712,18992,13230,14298,9365,11494,2824,4973,832,966,1454,1975,2068,3039,3328,4844,7183,8110,7700,8234,6971,8419,2638,4603,115381,50638,15917,8813,35511,10794,2118,2,1
2021-05-31T23:59:59+02:00,0,0,2521,2738,5526,5885,11472,11983,16620,17156,19672,18970,13227,14294,9361,11492,2824,4971,816,959,1435,1965,2035,3019,3292,4830,7142,8089,7697,8229,6967,8417,2638,4601,115374,50626,15913,8807,35511,10785,1912,2,1
2021-05-30T23:59:59+02:00,0,0,2517,2736,5524,5881,11472,11982,16617,17155,19670,18969,13227,14294,9361,11492,2824,4971,815,955,1430,1962,2035,3017,3290,4828,7141,8089,7697,8229,6967,8417,2638,4601,115358,50620,15913,8807,35508,10772,1911,2,1
2021-05-29T23:59:59+02:00,0,0,2501,2722,5358,5727,11405,11923,16609,17149,19662,18968,13226,14292,9359,11492,2824,4971,778,906,1319,1867,1758,2764,2885,4405,6856,7817,7513,8004,6791,8189,2635,4595,114854,49974,15913,8807,35508,8389,1911,2,1
2021-05-28T23:59:59+02:00,0,0,2367,2592,4933,5336,10730,11309,16542,17087,19636,18940,13217,14278,9340,11463,2822,4962,757,883,1260,1813,1668,2692,2752,4300,5275,6124,7350,7808,6749,8133,2632,4585,112224,45685,15913,8807,35508,8381,1907,2,1
2021-05-27T23:59:59+02:00,0,0,2347,2571,4883,5270,10067,10739,16502,17055,19622,18928,13207,14268,9338,11461,2822,4962,703,788,1156,1741,1457,2550,2379,3993,4395,5214,7113,7500,6658,8016,2615,4566,110840,41897,15910,8802,35506,8360,1784,2,1
2021-05-26T23:59:59+02:00,0,0,2309,2509,4710,5090,9632,10372,16450,17001,19554,18874,13193,14249,9328,11459,2818,4949,688,746,1109,1709,1368,2470,2170,3822,4266,5076,6949,7287,6578,7917,2603,4552,109419,40498,15908,8801,35506,8348,1662,2,1
2021-05-25T23:59:59+02:00,0,0,2306,2502,4680,5073,9607,10346,16425,16983,19541,18867,13188,14247,9325,11456,2818,4949,681,732,1062,1691,1316,2425,2100,3762,3727,4499,6647,6944,6544,7880,2602,4550,109415,40490,15906,6847,35505,8339,1485,2,1
2021-05-24T23:59:59+02:00,0,0,2297,2494,4668,5068,9599,10341,16399,16963,19515,18843,13178,14236,9322,11446,2817,4945,672,727,1050,1684,1306,2418,2075,3742,3701,4474,6636,6933,6541,7870,2601,4546,109409,40483,15906,6847,35505,8336,1309,2,1
2021-05-23T23:59:59+02:00,0,0,2281,2462,4580,4994,9465,10219,16396,16962,19515,18842,13176,14234,9319,11442,2815,4944,671,724,1048,1684,1305,2418,2075,3742,3701,4473,6635,6933,6541,7870,2601,4546,108925,40477,15906,6846,35504,8334,1309,2,1
2021-05-22T23:59:59+02:00,0,0,2261,2443,4571,4977,9385,10137,16373,16948,19463,18798,13148,14204,9316,11436,2815,4943,670,722,1047,1681,1302,2415,2072,3737,3685,4460,5804,6034,6469,7789,2593,4541,108497,38531,15906,6846,35504,8334,1309,2,1
2021-05-21T23:59:59+02:00,0,0,2226,2410,4463,4891,9189,9962,16345,16915,19448,18791,13138,14195,9314,11434,2810,4932,658,695,1010,1615,1252,2292,1986,3557,3341,4025,4042,3927,6426,7723,2588,4526,107758,34526,15906,6846,35501,6994,1296,2,1
2021-05-20T23:59:59+02:00,0,0,2197,2370,4380,4830,8968,9733,16295,16862,19395,18739,13107,14160,9297,11417,2809,4928,603,588,885,1302,1080,1887,1763,3021,2781,3344,3206,2974,6381,7673,2584,4521,106903,32696,15903,6845,35492,3864,1187,2,1
2021-05-19T23:59:59+02:00,0,0,2036,2194,3882,4406,7585,8540,16021,16614,19273,18614,13059,14112,9287,11391,2807,4925,588,551,847,1248,1051,1836,1737,2968,2731,3300,3198,2961,6377,7670,2584,4520,102270,32672,15901,6843,35491,3569,1082,2,1
2021-05-18T23:59:59+02:00,0,0,1988,2141,3576,4118,6928,7944,15874,16499,19189,18531,13026,14079,9231,11317,2801,4911,582,547,841,1246,1043,1828,1707,2952,2722,3282,3193,2956,6373,7666,2584,4520,102250,32668,13442,6838,35487,3563,972,2,1
2021-05-17T23:59:59+02:00,0,0,1980,2133,3556,4104,6884,7920,15846,16481,19167,18512,13016,14056,9230,11316,2801,4911,574,540,822,1231,1001,1804,1679,2934,2698,3261,3182,2935,6373,7665,2584,4520,102243,32663,13439,6838,35487,3559,742,2,1
2021-05-16T23:59:59+02:00,0,0,1975,2130,3549,4100,6698,7756,15823,16462,19163,18507,13011,14055,9229,11315,2801,4911,574,540,822,1230,1000,1803,1679,2934,2696,3261,3182,2935,6373,7665,2584,4520,101821,32661,13438,6838,35483,3557,741,2,1
2021-05-15T23:59:59+02:00,0,0,1947,2094,3511,4062,6612,7652,15554,16194,19107,18465,12992,14036,9220,11310,2801,4909,574,540,822,1229,1000,1803,1677,2933,2696,3261,3181,2935,6372,7665,2584,4520,100802,32657,13438,6838,35483,3555,741,2,1
2021-05-14T23:59:59+02:00,0,0,1838,1949,3265,3811,5020,6174,12905,14002,19043,18379,12968,14006,9214,11297,2798,4903,574,539,819,1229,1000,1803,1676,2932,2690,3259,3176,2929,6369,7663,2584,4519,91922,32639,13438,6837,35481,3555,729,2,1
2021-05-13T23:59:59+02:00,0,0,1812,1901,3224,3760,4908,6073,12700,13818,18883,18252,12892,13911,9178,11244,2798,4902,568,536,812,1220,990,1791,1657,2913,2583,3166,2515,2123,4917,5862,2575,4500,90707,29626,13341,4820,35479,3554,727,2,1
2021-05-12T23:59:59+02:00,0,0,1812,1901,3223,3760,4908,6073,12700,13818,18882,18252,12892,13911,9178,11244,2798,4902,568,536,812,1220,990,1791,1657,2912,2580,3164,2515,2123,4917,5860,2575,4500,90706,29623,13341,4815,35478,3554,727,2,1
2021-05-11T23:59:59+02:00,0,0,1768,1856,3131,3685,4820,6007,11773,13089,18688,18093,12878,13890,9171,11230,2792,4898,567,534,809,1215,989,1790,1656,2912,2571,3160,2514,2122,4915,5859,2574,4500,90695,29616,10883,4803,35470,3548,719,2,1
2021-05-10T23:59:59+02:00,0,0,1752,1853,3125,3682,4814,6003,11772,13088,18687,18093,12878,13890,9171,11230,2792,4898,566,532,809,1215,988,1790,1655,2912,2571,3160,2513,2121,4915,5859,2574,4500,90682,29615,10880,4802,35445,3543,719,2,1
2021-05-09T23:59:59+02:00,0,0,1716,1806,3073,3667,4744,5968,11705,13067,18624,18034,12858,13871,9168,11221,2790,4896,564,529,801,1214,980,1784,1642,2909,2567,3159,2513,2119,4914,5858,2574,4499,90213,29611,10877,4801,35438,3535,678,2,1
2021-05-08T23:59:59+02:00,0,0,1683,1772,3037,3617,4667,5895,11368,12765,18591,18000,12851,13863,9167,11219,2788,4896,552,528,794,1214,969,1784,1634,2909,2551,3148,2512,2119,4914,5857,2573,4498,89184,29607,10877,4801,35438,3469,678,2,1
2021-05-07T23:59:59+02:00,0,0,1539,1649,2789,3445,3993,5231,10160,11575,18391,17849,12812,13828,9147,11202,2780,4889,455,379,671,984,823,1465,1489,2494,2382,2791,2503,2110,4910,5853,2570,4495,84417,29602,10876,4801,35426,1412,558,2,1
2021-05-06T23:59:59+02:00,0,0,1476,1480,2655,3314,3666,4922,8460,10093,17877,17424,12644,13660,9100,11130,2777,4881,333,320,567,882,687,1376,1241,2280,2168,2596,2451,2078,4908,5846,2570,4494,78892,29581,10875,4800,35409,34,381,2,1
2021-05-05T23:59:59+02:00,0,0,1422,1404,2568,3242,3490,4747,7311,9076,17370,17024,12556,13547,9068,11084,2768,4866,333,320,565,881,686,1374,1195,2228,2157,2588,2447,2076,4908,5842,2570,4490,75015,29571,10871,4799,35399,33,256,2,1
2021-05-04T23:59:59+02:00,0,0,1411,1402,2561,3235,3488,4747,7309,9075,17369,17024,12556,13547,9068,11084,2768,4866,333,319,565,880,684,1374,1195,2228,2157,2588,2446,2076,4908,5842,2570,4489,75007,29568,10860,4799,35386,31,255,2,1
2021-05-03T23:59:59+02:00,0,0,1409,1396,2553,3230,3485,4741,7230,9015,17355,17016,12552,13545,9068,11084,2767,4865,330,313,561,876,679,1369,1116,2168,2143,2580,2442,2074,4908,5842,2569,4488,74998,29566,10860,4799,35386,27,65,2,1
2021-05-02T23:59:59+02:00,0,0,1401,1392,2550,3224,3472,4732,7210,8995,17249,16948,12539,13520,9062,11073,2764,4865,328,312,561,875,679,1369,1116,2167,2141,2580,2442,2074,4907,5840,2569,4488,74688,29560,10859,4798,35385,27,62,2,1
2021-05-01T23:59:59+02:00,0,0,1397,1386,2541,3214,3463,4714,7151,8934,17105,16831,12514,13497,9050,11067,2764,4865,328,312,561,875,679,1369,1116,2167,2141,2580,2442,2074,4905,5840,2568,4486,74185,29555,10859,4798,35385,27,62,2,1
2021-04-30T23:59:59+02:00,0,0,1327,1306,2420,3044,3294,4440,5602,7536,15361,15399,12371,13337,8955,10950,2749,4832,328,312,560,874,678,1369,1113,2165,2138,2578,2441,2065,4892,5831,2560,4468,66668,29538,10859,4797,35385,27,9,2,1
2021-04-29T23:59:59+02:00,0,0,1273,1268,2317,2934,3161,4270,4994,6887,14187,14376,12061,13009,8864,10868,2735,4804,326,311,560,873,678,1368,1112,2165,2136,2576,2439,2061,4891,5828,2559,4466,61756,29518,10859,4794,35382,27,9,2,1
2021-04-28T23:59:59+02:00,0,0,1210,1251,2255,2897,3096,4189,4685,6595,13772,14060,11946,12862,8823,10809,2727,4798,325,311,557,871,675,1368,1110,2164,2135,2569,2436,2059,4888,5824,2556,4463,61639,29514,8950,4768,35382,26,2,2,1
2021-04-27T23:59:59+02:00,0,0,1190,1249,2250,2896,3092,4188,4683,6595,13771,14059,11945,12861,8823,10809,2727,4798,325,311,557,871,674,1366,1110,2164,2134,2569,2436,2057,4888,5824,2556,4463,61607,29512,8945,4764,35380,26,2,2,1
2021-04-26T23:59:59+02:00,0,0,1190,1247,2248,2895,3090,4188,4669,6581,13731,14028,11942,12858,8823,10808,2727,4797,325,311,557,871,674,1366,1110,2164,2131,2568,2436,2057,4888,5824,2556,4463,61599,29510,8941,4763,35278,25,2,2,1
2021-04-25T23:59:59+02:00,0,0,1189,1247,2242,2895,3087,4181,4656,6574,13593,13874,11932,12852,8822,10807,2727,4797,325,311,556,871,673,1365,1108,2162,2131,2568,2436,2057,4888,5824,2556,4463,61273,29506,8938,4760,35260,25,2,2,1
2021-04-24T23:59:59+02:00,0,0,1123,1201,2104,2806,2948,4125,4445,6459,12731,13071,11655,12523,8756,10703,2720,4784,325,311,556,871,672,1364,1108,2162,2131,2567,2435,2057,4884,5823,2556,4463,57953,29499,8937,4760,35260,23,2,2,1
2021-04-23T23:59:59+02:00,0,0,1024,1181,1889,2779,2788,4092,4331,6348,11390,12016,11600,12461,8732,10656,2718,4781,324,311,556,871,671,1364,1107,2162,2129,2567,2434,2057,4883,5817,2556,4462,56477,29493,8937,4758,33369,18,1,2,1
2021-04-22T23:59:59+02:00,0,0,1014,1172,1862,2766,2726,4067,4154,6229,10772,11499,11512,12375,8702,10609,2715,4776,323,310,556,871,671,1363,1105,2162,2128,2567,2434,2055,4881,5815,2556,4462,54782,29486,8936,4753,33229,18,1,2,1
2021-04-21T23:59:59+02:00,0,0,999,1158,1787,2742,2606,4032,4008,6155,9280,10339,11437,12308,8690,10585,2712,4773,322,310,555,871,670,1363,1104,2162,2128,2567,2430,2051,4878,5813,2555,4460,51619,29469,8935,4750,33054,18,1,2,1
2021-04-20T23:59:59+02:00,0,0,999,1157,1786,2741,2603,4029,4004,6154,8984,10016,11410,12284,8686,10576,2712,4772,322,310,555,871,670,1363,1104,2161,2127,2566,2430,2050,4876,5812,2555,4460,50925,29465,8932,4747,33053,18,1,2,1
2021-04-19T23:59:59+02:00,0,0,997,1155,1786,2738,2602,4028,4002,6152,8984,10015,11410,12284,8686,10575,2712,4772,321,310,555,870,670,1363,1102,2161,2126,2566,2430,2050,4876,5812,2555,4460,50917,29461,8927,4746,33051,18,1,2,1
2021-04-18T23:59:59+02:00,0,0,997,1154,1784,2738,2600,4026,4002,6152,8984,10015,11410,12284,8686,10574,2712,4771,321,310,555,870,669,1363,1102,2160,2126,2566,2430,2050,4876,5812,2555,4460,50910,29460,8926,4745,33050,18,1,2,1
2021-04-17T23:59:59+02:00,0,0,997,1153,1781,2732,2523,3936,3946,6070,8967,9997,11287,12132,8683,10572,2712,4770,316,304,551,863,661,1353,1084,2147,2079,2540,2385,1998,4827,5743,2549,4454,50279,29090,8926,4745,33050,17,1,2,1
2021-04-16T23:59:59+02:00,0,0,968,1119,1670,2649,2321,3799,3697,5896,7245,8184,11090,11888,8629,10509,2709,4757,309,299,536,844,629,1316,1002,2090,1855,2380,2236,1889,4640,5474,2490,4338,45934,29076,8851,3237,32342,12,1,2,1
2021-04-15T23:59:59+02:00,0,0,898,1067,1543,2561,2041,3647,3165,5567,6235,7219,10833,11552,8529,10386,2690,4734,309,299,535,843,627,1315,1001,2087,1619,2239,2083,1758,4454,5263,2436,4235,42133,29031,8848,2062,31683,8,1,2,1
2021-04-14T23:59:59+02:00,0,0,883,1038,1498,2525,1953,3566,2995,5432,6141,7108,10669,11345,8447,10286,2678,4720,289,289,501,816,556,1256,794,1944,1399,2115,2016,1683,4323,5099,2422,4207,40757,27637,8844,2062,31680,8,1,2,1
2021-04-13T23:59:59+02:00,0,0,878,1032,1486,2522,1930,3547,2963,5398,5620,6532,10369,11006,8416,10252,2677,4719,289,287,501,815,556,1256,794,1944,1399,2114,2013,1682,4323,5099,2422,4204,40750,27635,6918,2053,31676,8,1,2,1
2021-04-12T23:59:59+02:00,0,0,878,1030,1485,2519,1930,3547,2962,5397,5619,6532,10368,11006,8416,10252,2677,4719,289,286,501,815,554,1256,792,1943,1398,2114,2013,1682,4323,5098,2422,4204,40745,27629,6915,2051,31674,8,1,2,1
2021-04-11T23:59:59+02:00,0,0,878,1030,1484,2519,1928,3546,2961,5397,5619,6532,10367,11005,8416,10252,2677,4719,289,286,500,815,552,1256,791,1943,1396,2114,2013,1682,4323,5098,2422,4204,40742,27624,6914,2051,31672,8,0,2,1
2021-04-10T23:59:59+02:00,0,0,876,1027,1481,2515,1911,3534,2892,5331,5491,6434,10137,10788,8363,10202,2673,4718,289,285,500,814,552,1256,790,1943,1396,2114,2009,1678,4318,5089,2421,4201,40172,27595,6914,2051,31285,8,0,2,1
2021-04-09T23:59:59+02:00,0,0,838,994,1384,2459,1807,3475,2763,5277,5352,6369,7759,7960,8299,10108,2663,4700,288,285,497,813,550,1254,787,1943,1394,2110,1989,1656,4296,5071,2418,4196,34697,27487,6913,2051,30595,8,0,2,1
2021-04-08T23:59:59+02:00,0,0,837,992,1380,2456,1805,3472,2752,5268,5341,6356,6971,7045,8257,10058,2660,4696,287,284,497,812,550,1253,786,1943,1392,2109,1987,1656,4295,5068,2418,4196,32844,27474,6913,2050,30587,8,0,2,1
2021-04-07T23:59:59+02:00,0,0,785,969,1305,2384,1718,3404,2559,5161,4600,5873,6304,6404,8199,9997,2654,4690,287,284,497,812,550,1250,786,1943,1392,2109,1987,1656,4294,5068,2418,4196,32840,27473,6912,2049,27252,7,0,2,0
2021-04-06T23:59:59+02:00,0,0,752,962,1286,2349,1694,3363,2529,5115,4526,5797,5942,6047,8178,9973,2649,4684,287,283,497,811,550,1250,786,1943,1391,2109,1987,1655,4294,5068,2418,4196,32836,27471,6912,2047,26096,7,0,2,0
2021-04-05T23:59:59+02:00,0,0,748,931,1245,2225,1622,3198,2410,4845,4366,5525,5635,5741,8161,9947,2647,4680,287,283,497,810,550,1250,786,1943,1391,2109,1987,1655,4294,5068,2418,4196,32835,27470,6912,2047,24177,7,0,2,0
2021-04-04T23:59:59+02:00,0,0,727,906,1154,2009,1488,2932,2196,4411,4016,5026,5390,5517,8129,9893,2646,4672,287,283,496,809,548,1249,785,1942,1317,2072,1623,1381,4136,4887,2374,4131,32831,26267,6912,2047,21367,6,0,2,0
2021-04-03T23:59:59+02:00,0,0,727,906,1153,2008,1487,2932,2195,4411,4016,5026,5390,5516,8129,9893,2646,4672,287,283,496,809,548,1249,785,1942,1317,2072,1623,1381,4136,4887,2374,4131,32827,26267,6912,2047,21366,6,0,2,0
2021-04-02T23:59:59+02:00,0,0,727,905,1153,2008,1487,2932,2195,4411,4015,5025,5390,5515,8128,9892,2645,4670,287,283,496,809,548,1249,785,1942,1316,2072,1623,1381,4136,4887,2374,4131,32825,26266,6912,2047,21359,6,0,2,0
2021-04-01T23:59:59+02:00,0,0,722,903,1150,2002,1479,2924,2181,4393,3924,4940,4897,4915,7423,8998,2643,4665,287,281,495,806,548,1248,782,1940,1278,2044,1474,1286,4037,4786,2363,4118,29921,25726,6886,2041,21350,6,0,2,0
2021-03-31T23:59:59+02:00,0,0,722,902,1148,2001,1475,2919,2177,4392,3906,4929,4724,4698,6656,8064,2633,4643,286,280,495,806,544,1245,777,1933,1173,1967,1079,1021,3628,4323,2256,3944,29803,23774,4861,1978,21323,5,0,2,0
2021-03-30T23:59:59+02:00,0,0,722,902,1147,1998,1463,2910,2168,4383,3861,4902,4525,4517,6406,7767,2624,4627,286,279,495,804,544,1245,777,1932,1173,1967,1079,1021,3628,4323,2255,3944,29798,23770,4856,1978,20266,4,0,2,0
2021-03-29T23:59:59+02:00,0,0,720,900,1147,1998,1461,2910,2168,4383,3857,4900,4522,4515,6403,7758,2622,4609,286,278,495,804,544,1245,776,1931,1173,1967,1079,1020,3628,4323,2255,3944,29789,23766,4851,1978,20231,4,0,2,0
2021-03-28T23:59:59+02:00,0,0,720,900,1147,1995,1459,2908,2167,4380,3856,4900,4521,4515,6400,7754,2622,4608,285,278,493,804,544,1245,775,1931,1173,1967,1079,1019,3628,4323,2255,3944,29787,23762,4846,1977,20217,4,0,2,0
2021-03-27T23:59:59+01:00,0,0,716,895,1143,1987,1451,2898,2148,4364,3814,4874,4472,4458,6355,7695,2615,4595,281,273,479,794,533,1233,727,1895,1012,1875,818,829,3489,4171,2094,3632,29437,22796,4846,1335,20195,4,0,2,0
2021-03-26T23:59:59+01:00,0,0,716,895,1142,1986,1448,2897,2145,4364,3809,4871,4460,4436,6345,7668,2608,4581,280,273,479,792,531,1233,725,1895,1005,1867,681,734,2511,3016,1924,3419,29377,20026,4844,1335,20148,4,0,2,0
2021-03-25T23:59:59+01:00,0,0,715,894,1142,1986,1447,2894,2141,4358,3804,4867,4451,4425,6331,7636,2587,4527,280,273,479,792,530,1230,724,1894,1003,1866,660,727,1328,1567,1643,3056,29364,16713,4839,1335,20000,4,0,2,0
2021-03-24T23:59:59+01:00,0,0,692,883,1104,1956,1376,2834,1935,4210,3580,4741,4391,4365,6196,7468,2573,4495,280,273,479,792,527,1230,723,1894,1002,1866,660,727,1328,1566,1643,3054,27987,16706,4836,1334,19974,4,0,2,0
2021-03-23T23:59:59+01:00,0,0,692,881,1102,1955,1376,2834,1935,4210,3579,4738,4391,4365,6195,7468,2573,4494,280,273,479,792,527,1230,723,1894,1002,1866,660,727,1328,1566,1643,3054,27983,16706,4833,1334,19970,4,0,2,0
2021-03-22T23:59:59+01:00,0,0,692,879,1100,1951,1373,2834,1933,4210,3578,4738,4391,4364,6195,7467,2573,4494,280,273,479,792,527,1229,722,1894,1002,1865,660,726,1328,1566,1643,3054,27979,16703,4832,1334,19959,3,0,2,0
2021-03-21T23:59:59+01:00,0,0,692,879,1098,1948,1373,2832,1932,4209,3577,4737,4391,4364,6194,7467,2573,4494,280,273,479,792,527,1229,722,1894,1002,1865,660,725,1328,1566,1643,3054,27976,16702,4831,1334,19952,3,0,1,0
2021-03-20T23:59:59+01:00,0,0,690,877,1096,1946,1367,2829,1915,4202,3546,4718,4173,4089,5677,6860,2563,4461,275,271,474,786,510,1219,700,1877,964,1836,590,647,1096,1307,1293,2507,27895,15015,4733,1334,18380,3,0,1,0
2021-03-19T23:59:59+01:00,0,0,682,871,1081,1926,1333,2792,1835,4146,3326,4557,4025,3983,5501,6618,2514,4376,275,271,474,786,510,1219,700,1876,963,1836,590,647,1096,1306,1292,2506,27893,15010,3300,1334,18373,3,0,0,0
2021-03-18T23:59:59+01:00,0,0,682,870,1080,1925,1332,2790,1835,4143,3096,4414,3872,3854,5323,6416,2462,4274,275,270,473,786,510,1217,700,1875,962,1835,588,644,857,1049,1182,2339,27882,14227,2115,1333,18371,2,0,0,0
2021-03-17T23:59:59+01:00,0,0,682,870,1079,1925,1332,2789,1835,4143,3096,4414,3872,3852,5322,6416,2462,4274,275,270,473,786,510,1217,700,1875,961,1835,587,644,857,1049,1182,2339,27880,14225,2115,1333,18368,2,0,0,0
2021-03-16T23:59:59+01:00,0,0,681,870,1079,1921,1331,2789,1833,4143,3096,4412,3871,3851,5322,6416,2461,4273,273,266,459,781,501,1205,684,1861,945,1825,585,643,855,1048,1181,2338,27873,14115,2111,1333,18365,2,0,0,0
2021-03-15T23:59:59+01:00,0,0,681,869,1077,1920,1328,2789,1829,4142,3095,4412,3871,3850,5321,6416,2461,4273,273,266,459,781,501,1205,684,1861,944,1824,585,643,855,1048,1181,2338,27868,14113,2109,1333,18357,2,0,0,0
2021-03-14T23:59:59+01:00,0,0,680,867,1074,1917,1325,2786,1827,4140,3090,4411,3871,3850,5321,6416,2461,4273,273,266,459,781,501,1205,684,1861,944,1823,585,643,854,1048,1181,2338,27864,14111,2109,1333,18336,2,0,0,0
2021-03-13T23:59:59+01:00,0,0,678,862,1066,1911,1316,2779,1822,4132,2976,4333,3402,3447,5117,6183,2416,4210,273,266,459,781,501,1205,683,1861,942,1822,561,627,551,753,762,1764,26599,12476,2109,1333,17942,2,0,0,0
2021-03-12T23:59:59+01:00,0,0,648,775,1043,1798,1295,2588,1790,3866,2932,4165,2261,2004,4756,5637,2413,4201,273,266,459,781,501,1205,682,1861,941,1822,561,626,551,753,762,1763,26587,12473,2109,1333,13476,1,0,0,0
2021-03-11T23:59:59+01:00,0,0,638,730,1035,1696,1287,2429,1778,3652,2886,4026,1697,1475,4270,5095,2403,4192,271,266,459,781,501,1205,682,1860,941,1818,561,626,549,752,682,1618,26037,12471,2097,1101,11155,0,0,0,0
2021-03-10T23:59:59+01:00,0,0,633,718,1025,1674,1278,2408,1765,3626,2777,3943,1307,1207,3862,4626,2309,4035,271,266,458,779,500,1205,682,1860,939,1818,561,626,547,751,682,1618,24058,12465,2096,1098,11039,0,0,0,0
2021-03-09T23:59:59+01:00,0,0,632,713,1017,1657,1267,2393,1762,3615,2770,3938,1303,1206,3862,4625,2308,4035,271,266,458,779,500,1205,682,1860,939,1818,561,626,547,751,682,1618,24055,12465,2095,1098,10953,0,0,0,0
2021-03-08T23:59:59+01:00,0,0,628,684,1006,1632,1252,2360,1754,3582,2749,3923,1302,1204,3862,4625,2308,4035,271,266,458,779,500,1205,682,1860,939,1818,561,626,546,751,682,1618,24051,12464,2094,1098,10761,0,0,0,0
2021-03-07T23:59:59+01:00,0,0,628,681,1002,1628,1252,2357,1753,3579,2749,3921,1302,1204,3862,4625,2308,4035,271,266,458,779,499,1205,682,1860,939,1818,561,626,546,751,682,1618,24048,12463,2094,1098,10744,0,0,0,0
2021-03-06T23:59:59+01:00,0,0,592,634,883,1527,1011,2167,1333,3197,2328,3585,1021,985,3562,4248,2288,4018,271,266,458,779,497,1205,682,1860,939,1817,561,625,544,747,593,1444,23050,12460,2091,828,8238,0,0,0,0
2021-03-05T23:59:59+01:00,0,0,589,634,878,1524,1011,2166,1330,3194,2321,3580,877,888,2568,3056,2117,3786,269,266,453,767,493,1200,674,1843,925,1802,557,621,486,686,288,933,20210,12257,2080,6,8229,0,0,0,0
2021-03-04T23:59:59+01:00,0,0,571,591,841,1394,973,2012,1280,2990,2277,3481,862,879,1387,1621,1830,3422,269,266,452,767,493,1200,674,1843,925,1802,556,620,486,685,288,933,16916,12253,2079,6,7416,0,0,0,0
2021-03-03T23:59:59+01:00,0,0,565,558,818,1329,952,1950,1265,2946,2267,3437,862,878,1387,1621,1830,3422,269,266,452,767,493,1200,674,1842,925,1802,556,620,486,685,288,933,16915,12252,2079,6,7093,0,0,0,0
2021-03-02T23:59:59+01:00,0,0,564,556,815,1328,952,1950,1264,2945,2267,3437,862,878,1387,1621,1830,3422,269,266,451,767,493,1200,674,1842,925,1801,556,620,486,685,288,933,16914,12250,2079,6,7085,0,0,0,0
2021-03-01T23:59:59+01:00,0,0,564,554,814,1328,952,1949,1264,2945,2266,3436,862,877,1387,1620,1830,3422,269,266,451,767,493,1200,673,1841,925,1801,556,620,486,685,288,933,16911,12248,2078,6,7081,0,0,0,0
2021-02-28T23:59:59+01:00,0,0,563,552,814,1328,951,1949,1264,2945,2264,3435,862,875,1387,1620,1830,3422,269,266,451,767,493,1200,673,1840,925,1801,556,620,486,685,288,933,16908,12247,2078,6,7075,0,0,0,0
2021-02-27T23:59:59+01:00,0,0,558,550,803,1318,930,1938,1224,2917,2187,3385,741,759,1118,1330,1323,2549,268,266,451,767,492,1200,671,1839,924,1799,555,617,485,683,288,929,15187,12231,1370,3,7073,0,0,0,0
2021-02-26T23:59:59+01:00,0,0,548,529,774,1254,901,1825,1185,2759,1867,2964,700,731,1118,1330,1322,2548,268,266,451,767,492,1200,671,1839,924,1799,555,617,485,683,288,928,15182,12230,1370,3,5803,0,0,0,0
2021-02-25T23:59:59+01:00,0,0,514,487,712,1136,794,1632,1031,2458,1368,2416,649,686,870,1066,1213,2378,267,265,450,767,492,1199,670,1837,924,1798,555,617,485,683,288,928,14379,12225,1370,0,3661,0,0,0,0
2021-02-24T23:59:59+01:00,0,0,513,486,712,1135,793,1632,1031,2457,1368,2415,649,686,870,1066,1213,2378,267,265,450,767,492,1199,670,1837,924,1798,555,617,485,683,288,928,14379,12225,1369,0,3656,0,0,0,0
2021-02-23T23:59:59+01:00,0,0,511,482,697,1127,784,1621,1014,2443,1352,2405,647,685,868,1065,1212,2377,267,264,450,766,492,1199,670,1836,924,1797,555,617,485,683,288,928,14269,12221,1369,0,3652,0,0,0,0
2021-02-22T23:59:59+01:00,0,0,511,482,697,1127,782,1621,1014,2443,1351,2404,647,683,868,1065,1212,2377,267,264,450,766,492,1199,670,1836,924,1796,555,617,485,683,288,928,14267,12220,1369,0,3648,0,0,0,0
2021-02-21T23:59:59+01:00,0,0,511,482,697,1127,781,1621,1013,2443,1351,2403,646,683,867,1065,1212,2377,267,264,450,766,492,1199,670,1836,924,1796,555,617,485,683,288,928,14265,12220,1369,0,3645,0,0,0,0
2021-02-20T23:59:59+01:00,0,0,495,480,685,1121,761,1616,1000,2441,1324,2383,619,664,558,764,785,1793,266,263,445,764,487,1193,665,1825,918,1793,552,614,480,683,284,923,12601,12155,1368,0,3520,0,0,0,0
2021-02-19T23:59:59+01:00,0,0,397,394,581,995,643,1462,859,2270,1085,2146,572,640,558,764,785,1793,263,263,441,762,485,1184,662,1809,911,1773,548,608,475,676,281,915,12600,12056,1368,0,1976,0,0,0,0
2021-02-18T23:59:59+01:00,0,0,274,269,467,792,504,1215,698,1874,949,1835,569,634,557,764,785,1793,262,261,439,759,483,1180,661,1795,907,1762,542,603,468,669,276,904,12598,11971,1368,0,13,0,0,0,0
2021-02-17T23:59:59+01:00,0,0,274,269,466,792,504,1215,697,1874,948,1835,568,634,557,763,785,1793,261,261,438,756,481,1178,658,1787,904,1755,537,598,459,647,265,885,12596,11870,1368,0,10,0,0,0,0
2021-02-16T23:59:59+01:00,0,0,274,269,464,791,503,1215,697,1874,948,1835,568,634,557,763,785,1793,250,257,432,740,469,1146,651,1712,879,1676,518,569,427,604,248,820,12596,11398,1368,0,6,0,0,0,0
2021-02-15T23:59:59+01:00,0,0,274,269,463,791,503,1214,695,1874,948,1835,568,634,557,763,785,1793,246,253,429,732,463,1121,635,1661,854,1622,497,535,409,560,236,757,12595,11010,1368,0,3,0,0,0,0
2021-02-14T23:59:59+01:00,0,0,274,269,463,791,502,1214,695,1874,948,1835,568,634,557,763,785,1793,246,253,429,732,463,1121,635,1655,852,1613,487,530,405,557,228,749,12594,10955,1368,0,3,0,0,0,0
2021-02-13T23:59:59+01:00,0,0,272,269,463,791,502,1214,694,1873,948,1835,568,634,557,763,785,1793,244,251,429,728,456,1109,626,1634,832,1580,468,505,391,532,215,713,12592,10713,1368,0,1,0,0,0,0
2021-02-12T23:59:59+01:00,0,0,272,269,463,790,502,1214,694,1872,944,1832,568,632,508,717,771,1789,227,243,409,694,435,1021,591,1472,745,1341,385,386,316,420,159,536,12468,9380,1368,0,1,0,0,0,0
2021-02-11T23:59:59+01:00,0,0,270,269,462,790,502,1214,694,1870,944,1829,567,631,505,714,688,1641,205,230,397,663,415,974,557,1378,699,1231,351,338,277,357,132,450,12456,8654,1133,0,1,0,0,0,0
2021-02-10T23:59:59+01:00,0,0,270,269,462,789,502,1214,693,1870,943,1829,566,631,505,713,687,1639,202,226,396,657,411,960,554,1358,687,1196,335,315,255,317,115,388,12449,8372,1133,0,0,0,0,0,0
2021-02-09T23:59:59+01:00,0,0,270,269,462,789,502,1214,692,1870,943,1827,566,631,505,713,687,1639,193,213,385,621,392,893,511,1265,634,1066,261,224,180,206,74,240,12446,7358,1133,0,0,0,0,0,0
2021-02-08T23:59:59+01:00,0,0,270,269,460,789,502,1214,692,1870,943,1827,566,631,505,713,687,1639,190,207,381,607,383,868,488,1215,607,996,230,183,145,156,60,185,12445,6901,1132,0,0,0,0,0,0
2021-02-07T23:59:59+01:00,0,0,270,269,460,789,502,1214,692,1870,943,1826,566,631,505,713,687,1638,189,207,380,603,381,863,483,1205,603,982,224,176,135,138,54,169,12443,6792,1132,0,0,0,0,0,0
2021-02-06T23:59:59+01:00,0,0,270,269,460,789,502,1214,692,1870,943,1826,566,631,503,708,597,1465,189,207,380,603,381,863,483,1205,603,982,224,176,135,138,54,169,12443,6792,862,0,0,0,0,0,0
2021-02-05T23:59:59+01:00,0,0,270,269,458,788,500,1212,689,1869,940,1823,562,627,496,693,291,946,183,198,363,572,368,823,463,1164,585,951,203,159,111,125,49,166,12428,6483,5,0,0,0,0,0,0
2021-02-04T23:59:59+01:00,0,0,270,268,457,782,497,1211,688,1864,935,1822,561,627,495,692,291,946,168,162,294,436,302,667,383,940,511,812,192,154,103,119,42,154,12401,5439,5,0,0,0,0,0,0
2021-02-03T23:59:59+01:00,0,0,269,268,457,780,497,1210,687,1863,935,1822,561,627,495,692,291,946,163,155,249,354,253,580,323,840,460,725,185,149,99,117,41,153,12395,4846,5,0,0,0,0,0,0
2021-02-02T23:59:59+01:00,0,0,269,267,457,777,497,1210,687,1860,935,1820,561,627,495,692,291,946,156,140,190,290,195,492,246,726,378,641,175,145,97,116,41,152,12386,4180,5,0,0,0,0,0,0
2021-02-01T23:59:59+01:00,0,0,269,267,455,776,496,1209,686,1856,932,1815,561,627,494,692,291,946,149,134,152,254,167,433,201,648,321,567,169,134,89,106,36,145,12367,3705,5,0,0,0,0,0,0
2021-01-31T23:59:59+01:00,0,0,269,267,455,776,496,1209,686,1856,932,1815,561,627,494,692,291,946,149,134,152,253,167,432,200,648,321,567,169,134,89,106,36,145,12367,3702,5,0,0,0,0,0,0
2021-01-30T23:59:59+01:00,0,0,269,267,455,776,496,1209,686,1856,928,1815,560,627,492,692,288,946,136,122,135,235,156,404,189,607,303,520,147,123,77,79,29,110,12357,3372,5,0,0,0,0,0,0
2021-01-29T23:59:59+01:00,0,0,266,266,451,773,494,1200,683,1839,921,1795,556,621,487,686,285,938,88,68,93,154,115,246,146,440,213,377,109,82,58,68,24,99,12256,2380,5,0,0,0,0,0,0
2021-01-28T23:59:59+01:00,0,0,266,266,450,773,493,1200,683,1838,921,1793,556,621,487,686,285,938,10,7,13,23,24,46,22,94,50,105,34,32,31,49,18,91,12253,649,3,0,0,0,0,0,0
2021-01-27T23:59:59+01:00,0,0,265,266,450,773,493,1200,683,1837,919,1793,556,621,487,686,285,938,10,7,13,23,23,46,22,92,49,105,34,32,31,49,18,91,12251,645,1,0,0,0,0,0,0
2021-01-26T23:59:59+01:00,0,0,265,266,449,772,493,1199,683,1837,919,1792,556,621,487,686,285,938,10,7,13,23,23,46,22,92,49,105,34,32,31,49,18,91,12247,645,1,0,0,0,0,0,0
2021-01-25T23:59:59+01:00,0,0,265,265,447,772,493,1198,683,1835,919,1792,556,621,486,684,285,938,6,1,5,13,11,21,13,39,23,46,17,16,10,15,6,19,12239,261,0,0,0,0,0,0,0
2021-01-24T23:59:59+01:00,0,0,265,264,447,772,492,1198,683,1834,919,1791,556,621,486,684,285,938,6,1,5,13,11,21,13,39,23,46,17,16,10,15,6,19,12235,261,0,0,0,0,0,0,0
2021-01-23T23:59:59+01:00,0,0,265,264,447,772,492,1197,683,1834,919,1791,556,621,486,684,285,938,6,1,5,13,11,21,13,39,23,46,17,16,10,15,6,19,12234,261,0,0,0,0,0,0,0
2021-01-22T23:59:59+01:00,0,0,263,262,447,772,491,1196,683,1833,919,1791,556,621,486,684,267,894,6,1,5,13,11,21,13,39,23,46,17,16,10,15,6,19,12165,261,0,0,0,0,0,0,0
2021-01-21T23:59:59+01:00,0,0,260,258,445,763,488,1188,680,1812,910,1774,548,613,467,659,256,858,6,1,5,13,11,21,13,39,23,46,17,16,10,15,6,19,11979,261,0,0,0,0,0,0,0
2021-01-20T23:59:59+01:00,0,0,259,256,441,758,486,1186,677,1804,907,1769,542,608,460,640,248,841,6,1,5,13,11,21,13,39,23,46,17,16,10,15,6,19,11882,261,0,0,0,0,0,0,0
2021-01-19T23:59:59+01:00,0,0,254,256,439,750,480,1171,674,1773,896,1727,530,591,449,624,236,806,6,1,5,13,11,21,13,39,23,46,17,16,10,15,6,19,11656,261,0,0,0,0,0,0,0
2021-01-18T23:59:59+01:00,0,0,250,252,436,739,475,1150,656,1736,870,1679,511,558,434,586,224,749,6,1,5,12,11,21,13,39,23,46,17,16,10,15,6,19,11305,260,0,0,0,0,0,0,0
2021-01-17T23:59:59+01:00,0,0,250,251,435,739,475,1149,653,1729,864,1667,495,547,419,564,209,724,6,1,4,12,11,21,13,39,23,46,17,15,10,15,6,19,11170,258,0,0,0,0,0,0,0
2021-01-16T23:59:59+01:00,0,0,242,243,431,719,462,1114,628,1641,817,1518,453,465,390,511,188,669,0,0,0,0,0,0,0,0,0,0,0,0,0,0,0,0,10491,0,0,0,0,0,0,0,0
2021-01-15T23:59:59+01:00,0,0,233,236,423,699,448,1063,608,1541,778,1404,404,408,339,443,170,563,0,0,0,0,0,0,0,0,0,0,0,0,0,0,0,0,9760,0,0,0,0,0,0,0,0
2021-01-14T23:59:59+01:00,0,0,210,223,404,657,426,1001,565,1424,711,1251,349,334,290,350,129,446,0,0,0,0,0,0,0,0,0,0,0,0,0,0,0,0,8770,0,0,0,0,0,0,0,0
2021-01-13T23:59:59+01:00,0,0,208,221,403,650,421,982,560,1402,697,1216,331,310,265,310,112,385,0,0,0,0,0,0,0,0,0,0,0,0,0,0,0,0,8473,0,0,0,0,0,0,0,0
2021-01-12T23:59:59+01:00,0,0,191,210,388,609,390,887,498,1248,618,1027,236,194,160,161,62,193,0,0,0,0,0,0,0,0,0,0,0,0,0,0,0,0,7072,0,0,0,0,0,0,0,0
2021-01-11T23:59:59+01:00,0,0,187,204,384,597,377,860,478,1201,598,973,216,165,128,117,45,145,0,0,0,0,0,0,0,0,0,0,0,0,0,0,0,0,6675,0,0,0,0,0,0,0,0
2021-01-10T23:59:59+01:00,0,0,186,200,373,583,373,847,469,1181,586,954,212,165,125,117,43,143,0,0,0,0,0,0,0,0,0,0,0,0,0,0,0,0,6557,0,0,0,0,0,0,0,0
2021-01-09T23:59:59+01:00,0,0,166,168,327,503,332,729,408,1000,498,805,148,108,73,73,29,105,0,0,0,0,0,0,0,0,0,0,0,0,0,0,0,0,5472,0,0,0,0,0,0,0,0
2021-01-08T23:59:59+01:00,0,0,98,78,231,352,245,435,294,668,340,511,80,67,49,58,22,93,0,0,0,0,0,0,0,0,0,0,0,0,0,0,0,0,3621,0,0,0,0,0,0,0,0
2021-01-07T23:59:59+01:00,0,0,12,11,54,97,72,124,94,194,122,180,41,35,33,50,19,93,0,0,0,0,0,0,0,0,0,0,0,0,0,0,0,0,1231,0,0,0,0,0,0,0,0
2021-01-06T23:59:59+01:00,0,0,8,4,9,23,17,46,23,91,53,109,35,32,32,50,19,93,0,0,0,0,0,0,0,0,0,0,0,0,0,0,0,0,644,0,0,0,0,0,0,0,0
2021-01-05T23:59:59+01:00,0,0,8,4,9,23,17,46,22,91,51,109,35,32,32,50,19,93,0,0,0,0,0,0,0,0,0,0,0,0,0,0,0,0,641,0,0,0,0,0,0,0,0
2021-01-04T23:59:59+01:00,0,0,6,1,5,13,11,23,14,41,23,48,18,16,11,15,6,20,0,0,0,0,0,0,0,0,0,0,0,0,0,0,0,0,271,0,0,0,0,0,0,0,0
2021-01-03T23:59:59+01:00,0,0,6,1,5,13,11,23,14,41,23,48,18,16,11,15,6,20,0,0,0,0,0,0,0,0,0,0,0,0,0,0,0,0,271,0,0,0,0,0,0,0,0
2021-01-02T23:59:59+01:00,0,0,6,1,5,13,11,23,14,41,23,48,18,16,11,15,6,20,0,0,0,0,0,0,0,0,0,0,0,0,0,0,0,0,271,0,0,0,0,0,0,0,0
2021-01-01T23:59:59+01:00,0,0,6,1,5,13,11,23,14,41,23,48,18,16,11,15,6,20,0,0,0,0,0,0,0,0,0,0,0,0,0,0,0,0,271,0,0,0,0,0,0,0,0
2020-12-31T23:59:59+01:00,0,0,6,1,5,13,11,23,14,41,23,48,18,16,11,15,6,20,0,0,0,0,0,0,0,0,0,0,0,0,0,0,0,0,271,0,0,0,0,0,0,0,0
2020-12-30T23:59:59+01:00,0,0,6,1,5,13,11,23,14,41,23,48,18,16,11,15,6,20,0,0,0,0,0,0,0,0,0,0,0,0,0,0,0,0,271,0,0,0,0,0,0,0,0
2020-12-29T23:59:59+01:00,0,0,6,1,5,13,11,23,14,41,23,48,18,16,11,15,6,20,0,0,0,0,0,0,0,0,0,0,0,0,0,0,0,0,271,0,0,0,0,0,0,0,0
2020-12-28T23:59:59+01:00,0,0,6,1,5,13,11,23,14,41,23,48,18,16,11,15,6,20,0,0,0,0,0,0,0,0,0,0,0,0,0,0,0,0,271,0,0,0,0,0,0,0,0
2020-12-27T23:59:59+01:00,0,0,6,1,4,12,11,23,14,41,23,48,18,15,11,15,6,20,0,0,0,0,0,0,0,0,0,0,0,0,0,0,0,0,268,0,0,0,0,0,0,0,0
