Datum,<24_1_m,<24_1_w,25-34_1_m,25-34_1_w,35-44_1_m,35-44_1_w,45-54_1_m,45-54_1_w,55-64_1_m,55-64_1_w,65-74_1_m,65-74_1_w,75-84_1_m,75-84_1_w,>84_1_m,>84_1_w,<24_2_m,<24_2_w,25-34_2_m,25-34_2_w,35-44_2_m,35-44_2_w,45-54_2_m,45-54_2_w,55-64_2_m,55-64_2_w,65-74_2_m,65-74_2_w,75-84_2_m,75-84_2_w,>84_2_m,>84_2_w,bp_1,bp_2,mo_1,mo_2,az_1,az_2,ja
2021-06-08T23:59:59+02:00,4719,4873,10278,9655,12971,13473,17716,18014,19591,18982,13248,14500,8843,11049,2379,4352,1147,1453,1870,2369,2499,3686,4515,6200,11206,11781,9873,10837,7300,9138,2206,4018,128336,60861,18202,8820,35349,17661,2756
2021-06-07T23:59:59+02:00,4703,4866,10246,9639,12962,13458,17693,18005,19577,18972,13245,14494,8840,11047,2377,4350,1134,1446,1840,2354,2489,3669,4491,6190,11190,11768,9870,10830,7297,9137,2204,4016,128327,60852,18201,8817,35347,17657,2599
2021-06-06T23:59:59+02:00,4698,4862,10243,9635,12960,13458,17693,18005,19576,18972,13244,14493,8840,11047,2377,4350,1129,1443,1831,2352,2480,3658,4482,6184,11065,11628,9858,10825,7297,9137,2204,4016,128318,60536,18201,8816,35346,17649,2588
2021-06-05T23:59:59+02:00,4281,4454,7734,7621,12886,13410,17663,17978,19531,18921,13122,14352,8774,10964,2375,4341,1041,1362,1663,2253,2317,3578,4240,6039,10136,10726,9525,10436,7211,9007,2197,4000,122403,57292,18201,8816,35346,17166,2457
2021-06-04T23:59:59+02:00,4199,4395,7561,7480,12440,13033,17530,17877,19298,18682,13012,14207,8724,10898,2363,4326,1009,1279,1634,2154,2276,3403,4163,5776,9482,10052,8654,9370,6997,8689,2194,3991,120027,55834,18201,8814,35346,14024,2451
2021-06-03T23:59:59+02:00,3785,3998,7526,7463,12327,12922,17494,17837,19212,18605,13007,14204,8722,10895,2363,4325,972,1204,1591,2028,2196,3197,3715,5186,9140,9633,7806,8397,6650,8208,2193,3987,118799,54216,18200,8813,35342,10730,2344
2021-06-02T23:59:59+02:00,3271,3574,6431,6590,12123,12755,17435,17781,19088,18499,12948,14157,8706,10874,2361,4319,953,1169,1516,2003,2083,3157,3542,5076,7791,8552,7737,8327,6637,8185,2191,3982,115137,51126,18199,8813,35342,10728,2234
2021-06-01T23:59:59+02:00,2938,3219,5938,6160,11882,12526,17401,17753,19030,18458,12841,14049,8700,10870,2360,4316,936,1159,1500,1996,2068,3144,3513,5059,7494,8225,7703,8296,6629,8172,2189,3982,115119,50451,15878,8794,35342,10718,2102
2021-05-31T23:59:59+02:00,2920,3214,5920,6150,11851,12504,17369,17741,18990,18439,12839,14045,8696,10867,2360,4315,918,1152,1481,1986,2037,3122,3480,5047,7453,8206,7701,8291,6625,8169,2189,3981,115109,50442,15873,8790,35342,10710,1896
2021-05-30T23:59:59+02:00,2914,3212,5920,6148,11851,12503,17366,17739,18989,18439,12839,14045,8696,10867,2360,4315,916,1149,1477,1983,2037,3120,3479,5046,7452,8206,7701,8291,6625,8169,2189,3981,115095,50439,15873,8790,35340,10697,1895
2021-05-29T23:59:59+02:00,2893,3194,5739,5976,11804,12467,17359,17735,18980,18438,12839,14043,8694,10867,2360,4315,870,1091,1343,1878,1767,2858,3065,4613,7160,7914,7567,8123,6450,7944,2187,3976,114595,49797,15873,8790,35340,8324,1895
2021-05-28T23:59:59+02:00,2716,3019,5297,5589,11194,11897,17293,17676,18958,18410,12829,14028,8678,10839,2358,4308,845,1066,1282,1825,1677,2779,2921,4496,5559,6197,7437,7968,6414,7898,2185,3966,111985,45516,15873,8790,35340,8318,1891
2021-05-27T23:59:59+02:00,2689,2994,5206,5484,10581,11367,17253,17648,18944,18396,12821,14020,8676,10838,2358,4308,782,969,1172,1745,1468,2631,2515,4171,4692,5276,7228,7694,6336,7800,2170,3948,110604,41742,15871,8785,35338,8300,1770
2021-05-26T23:59:59+02:00,2638,2914,5019,5306,10161,11012,17201,17596,18887,18350,12809,14003,8665,10834,2355,4297,765,922,1119,1711,1376,2551,2309,3988,4569,5151,7054,7472,6272,7713,2161,3938,109193,40350,15868,8784,35338,8289,1648
2021-05-25T23:59:59+02:00,2634,2906,4990,5284,10135,10990,17177,17579,18874,18344,12804,14001,8663,10831,2355,4297,758,908,1066,1688,1328,2508,2231,3926,3846,4377,6939,7328,6246,7681,2160,3938,109190,40344,15865,6833,35338,8280,1471
2021-05-24T23:59:59+02:00,2624,2899,4979,5279,10125,10984,17152,17557,18850,18321,12794,13992,8661,10820,2354,4294,748,903,1054,1681,1317,2501,2206,3904,3822,4353,6928,7319,6244,7670,2159,3935,109188,40339,15864,6833,35338,8277,1295
2021-05-23T23:59:59+02:00,2604,2864,4874,5193,10012,10878,17149,17556,18849,18320,12793,13990,8658,10815,2352,4294,746,901,1053,1681,1317,2501,2206,3904,3822,4352,6928,7319,6244,7670,2159,3935,108704,40335,15864,6833,35338,8275,1295
2021-05-22T23:59:59+02:00,2584,2843,4860,5175,9936,10796,17122,17541,18802,18280,12770,13960,8654,10809,2352,4294,745,899,1052,1677,1314,2498,2203,3899,3805,4334,6085,6419,6192,7605,2153,3931,108281,38408,15864,6833,35338,8275,1295
2021-05-21T23:59:59+02:00,2540,2805,4745,5073,9744,10626,17109,17524,18784,18270,12765,13954,8652,10807,2347,4283,732,863,1014,1614,1261,2356,2109,3707,3392,3851,4413,4412,6154,7540,2149,3920,107545,34434,15864,6833,35336,6937,1283
2021-05-20T23:59:59+02:00,2507,2763,4664,5011,9503,10385,17081,17488,18735,18221,12735,13918,8636,10793,2347,4280,664,725,895,1302,1082,1939,1863,3147,2827,3201,3628,3511,6112,7492,2146,3915,106705,32617,15862,6833,35326,3825,1174
2021-05-19T23:59:59+02:00,2319,2572,4125,4544,8006,9124,16983,17362,18616,18100,12695,13875,8627,10767,2346,4279,647,676,864,1256,1057,1896,1838,3101,2783,3160,3620,3501,6108,7490,2146,3914,102086,32594,15860,6831,35325,3563,1069
2021-05-18T23:59:59+02:00,2261,2516,3820,4247,7273,8473,16929,17318,18532,18020,12665,13838,8576,10696,2340,4271,641,671,859,1255,1047,1886,1808,3085,2775,3143,3617,3497,6104,7486,2146,3914,102068,32591,13426,6826,35322,3558,959
2021-05-17T23:59:59+02:00,2253,2507,3796,4234,7232,8444,16903,17305,18510,17997,12656,13821,8575,10696,2340,4271,633,663,836,1241,1007,1857,1781,3072,2752,3119,3608,3481,6104,7485,2146,3914,102062,32586,13424,6826,35322,3555,732
2021-05-16T23:59:59+02:00,2248,2503,3787,4226,7033,8269,16897,17301,18505,17992,12652,13820,8574,10695,2340,4271,633,663,836,1240,1006,1856,1780,3072,2751,3119,3608,3481,6104,7485,2146,3914,101641,32584,13423,6826,35318,3553,731
2021-05-15T23:59:59+02:00,2215,2462,3750,4190,6930,8132,16636,17064,18459,17953,12635,13804,8566,10691,2340,4269,633,662,836,1240,1006,1856,1778,3071,2751,3119,3607,3481,6103,7485,2146,3914,100624,32580,13423,6826,35318,3551,731
2021-05-14T23:59:59+02:00,2095,2299,3394,3847,5204,6541,14251,15082,18407,17890,12615,13770,8559,10681,2336,4266,633,661,834,1240,1006,1856,1777,3070,2746,3118,3603,3473,6101,7484,2146,3914,91777,32564,13423,6826,35316,3551,721
2021-05-13T23:59:59+02:00,2064,2245,3354,3798,5072,6421,14053,14910,18259,17764,12545,13678,8529,10637,2336,4265,627,658,827,1229,995,1846,1756,3049,2636,3019,2511,2127,5098,6237,2137,3896,90570,29563,13327,4816,35314,3550,719
2021-05-12T23:59:59+02:00,2064,2245,3353,3798,5072,6421,14053,14910,18259,17764,12545,13678,8529,10637,2336,4265,627,658,827,1229,995,1846,1756,3048,2635,3017,2511,2126,5098,6236,2137,3896,90569,29562,13327,4811,35314,3550,719
2021-05-11T23:59:59+02:00,2015,2195,3255,3721,4993,6355,13119,14165,18098,17630,12531,13659,8523,10626,2330,4262,626,655,824,1225,994,1846,1754,3048,2628,3014,2510,2125,5096,6235,2136,3896,90563,29558,10897,4799,35306,3544,711
2021-05-10T23:59:59+02:00,1997,2192,3252,3719,4987,6351,13118,14164,18097,17630,12531,13659,8523,10626,2330,4262,625,654,824,1225,994,1846,1753,3048,2628,3013,2509,2125,5096,6235,2136,3896,90551,29557,10894,4799,35282,3540,711
2021-05-09T23:59:59+02:00,1957,2142,3198,3707,4915,6312,13061,14149,18033,17571,12513,13642,8520,10617,2328,4260,621,651,818,1224,984,1841,1744,3046,2624,3012,2509,2123,5095,6234,2136,3895,90086,29554,10891,4798,35275,3532,673
2021-05-08T23:59:59+02:00,1920,2104,3160,3662,4829,6222,12725,13855,18011,17545,12507,13635,8518,10615,2327,4260,608,650,810,1224,974,1841,1737,3046,2608,3000,2508,2123,5095,6233,2135,3894,89056,29551,10891,4798,35275,3464,673
2021-05-07T23:59:59+02:00,1759,1962,2901,3493,4073,5464,11574,12745,17858,17427,12477,13606,8501,10601,2319,4253,497,475,692,995,821,1510,1589,2614,2450,2697,2505,2120,5093,6230,2132,3891,84306,29546,10890,4798,35263,1413,554
2021-05-06T23:59:59+02:00,1691,1779,2761,3370,3698,5102,9886,11292,17387,17028,12328,13462,8465,10540,2317,4248,370,405,588,897,672,1415,1356,2400,2201,2489,2497,2114,5091,6224,2132,3890,78841,29531,10889,4797,35248,37,376
2021-05-05T23:59:59+02:00,1626,1699,2677,3293,3501,4914,8702,10245,16934,16670,12254,13351,8438,10503,2310,4237,369,405,587,895,669,1411,1310,2351,2193,2482,2494,2113,5091,6218,2132,3888,74977,29525,10885,4796,35241,36,251
2021-05-04T23:59:59+02:00,1613,1697,2674,3287,3499,4914,8700,10244,16933,16670,12254,13351,8438,10503,2310,4237,369,404,587,894,667,1411,1310,2351,2192,2482,2494,2113,5091,6218,2132,3887,74969,29522,10874,4796,35231,34,250
2021-05-03T23:59:59+02:00,1611,1691,2667,3281,3488,4907,8628,10184,16921,16664,12250,13349,8438,10503,2309,4236,366,397,583,890,654,1405,1238,2291,2181,2476,2490,2111,5091,6218,2131,3886,74961,29521,10874,4796,35231,30,61
2021-05-02T23:59:59+02:00,1603,1686,2664,3278,3473,4894,8557,10130,16869,16634,12239,13325,8432,10493,2306,4236,364,396,583,890,654,1404,1238,2291,2180,2476,2490,2110,5090,6217,2131,3886,74656,29517,10874,4795,35231,30,58
2021-05-01T23:59:59+02:00,1598,1679,2655,3268,3464,4873,8494,10066,16726,16520,12216,13304,8422,10488,2306,4236,364,396,583,890,654,1404,1238,2291,2180,2476,2490,2110,5088,6216,2130,3885,74152,29512,10874,4795,35231,30,58
2021-04-30T23:59:59+02:00,1517,1580,2527,3097,3298,4593,6395,8235,15548,15519,12085,13159,8335,10387,2295,4206,364,396,582,889,653,1403,1235,2289,2177,2474,2487,2100,5075,6208,2124,3869,66664,29495,10874,4794,35231,29,7
2021-04-29T23:59:59+02:00,1452,1537,2418,2979,3172,4410,5589,7455,14561,14613,11799,12870,8249,10315,2286,4181,362,395,582,888,653,1402,1233,2289,2176,2472,2484,2096,5075,6205,2123,3867,61778,29475,10874,4791,35227,29,7
2021-04-28T23:59:59+02:00,1384,1516,2352,2944,3105,4326,5252,7142,14171,14310,11697,12733,8211,10263,2282,4176,361,395,578,887,653,1402,1232,2288,2174,2465,2482,2094,5072,6200,2120,3865,61663,29475,8974,4765,35227,28,0
2021-04-27T23:59:59+02:00,1364,1513,2345,2944,3103,4325,5250,7142,14170,14309,11696,12732,8211,10263,2282,4176,361,395,578,887,652,1400,1232,2288,2173,2464,2482,2093,5072,6200,2120,3865,61631,29473,8969,4761,35225,28,0
2021-04-26T23:59:59+02:00,1364,1510,2343,2944,3101,4324,5224,7125,14140,14281,11695,12729,8211,10263,2282,4175,361,395,578,887,652,1400,1232,2288,2172,2463,2482,2093,5072,6200,2120,3865,61623,29473,8965,4760,35123,27,0
2021-04-25T23:59:59+02:00,1362,1510,2338,2944,3096,4317,5213,7118,14005,14129,11685,12724,8211,10263,2282,4175,361,395,578,887,651,1399,1231,2287,2172,2463,2482,2093,5072,6200,2120,3865,61302,29470,8963,4759,35107,27,0
2021-04-24T23:59:59+02:00,1284,1458,2192,2855,2961,4263,4991,6994,13105,13265,11461,12454,8161,10172,2276,4163,361,395,578,887,650,1398,1231,2287,2172,2462,2480,2093,5069,6199,2120,3865,57986,29463,8962,4759,35107,25,0
2021-04-23T23:59:59+02:00,1170,1433,1973,2831,2816,4230,4863,6859,11781,12235,11414,12388,8141,10135,2274,4161,360,395,578,887,649,1398,1230,2287,2170,2462,2480,2092,5068,6195,2120,3863,56517,29457,8962,4757,33225,20,0
2021-04-22T23:59:59+02:00,1157,1425,1947,2817,2751,4204,4414,6531,11422,11914,11344,12317,8114,10088,2272,4159,359,394,578,887,649,1397,1228,2287,2169,2462,2480,2091,5066,6193,2120,3863,54831,29451,8961,4752,33084,20,0
2021-04-21T23:59:59+02:00,1137,1410,1862,2792,2630,4169,4261,6447,9942,10752,11282,12264,8104,10066,2270,4156,359,394,577,887,648,1397,1227,2286,2167,2462,2476,2088,5063,6190,2120,3862,51674,29433,8961,4750,32909,20,0
2021-04-20T23:59:59+02:00,1137,1409,1861,2791,2627,4167,4256,6446,9646,10427,11256,12241,8101,10058,2269,4155,359,394,577,887,648,1397,1227,2285,2166,2461,2475,2088,5062,6189,2120,3862,50981,29430,8958,4747,32908,20,0
2021-04-19T23:59:59+02:00,1135,1407,1860,2788,2627,4165,4254,6445,9646,10426,11256,12240,8101,10058,2269,4155,359,394,577,887,648,1397,1226,2285,2165,2461,2475,2088,5062,6189,2120,3862,50973,29429,8953,4746,32906,20,0
2021-04-18T23:59:59+02:00,1134,1407,1858,2788,2626,4163,4254,6445,9646,10426,11256,12240,8101,10057,2269,4154,359,394,577,887,647,1397,1226,2284,2165,2461,2475,2088,5062,6189,2120,3862,50967,29428,8952,4745,32905,20,0
2021-04-17T23:59:59+02:00,1134,1406,1848,2776,2549,4075,4204,6368,9630,10407,11134,12089,8098,10055,2269,4153,352,385,574,882,640,1388,1201,2269,2118,2435,2430,2032,5018,6126,2115,3856,50338,29057,8952,4745,32905,19,0
2021-04-16T23:59:59+02:00,1101,1367,1729,2689,2330,3925,3961,6185,7887,8571,10973,11891,8052,10000,2267,4141,345,380,556,861,610,1353,1106,2197,1882,2279,2294,1920,4836,5862,2065,3749,45997,29043,8876,3238,32196,14,0
2021-04-15T23:59:59+02:00,1017,1311,1598,2594,2037,3767,3398,5835,6897,7592,10748,11593,7966,9894,2250,4120,345,380,554,860,609,1352,1103,2194,1627,2119,2150,1798,4644,5635,2029,3671,42199,28997,8873,2064,31545,9,0
2021-04-14T23:59:59+02:00,1001,1276,1546,2554,1946,3689,3238,5699,6801,7481,10574,11373,7900,9808,2240,4110,321,369,521,827,537,1291,859,2033,1444,2013,2077,1723,4521,5475,2018,3650,40825,27606,8869,2064,31542,9,0
2021-04-13T23:59:59+02:00,998,1270,1529,2550,1926,3669,3198,5663,6090,6701,10466,11237,7876,9780,2239,4110,321,367,521,827,537,1291,859,2033,1444,2012,2074,1722,4521,5475,2018,3647,40819,27604,6944,2056,31539,9,0
2021-04-12T23:59:59+02:00,998,1269,1528,2548,1926,3669,3197,5662,6089,6701,10465,11237,7876,9780,2239,4110,321,366,521,827,535,1291,857,2032,1443,2012,2074,1722,4521,5474,2018,3647,40815,27598,6942,2054,31537,9,0
2021-04-11T23:59:59+02:00,998,1269,1527,2548,1925,3669,3197,5662,6089,6701,10465,11236,7876,9780,2239,4110,321,366,520,827,535,1291,856,2032,1441,2012,2074,1722,4521,5474,2018,3647,40814,27594,6942,2054,31535,9,0
2021-04-10T23:59:59+02:00,996,1266,1523,2543,1909,3658,3123,5585,5966,6609,10219,11012,7840,9742,2237,4109,321,364,520,827,535,1291,856,2032,1441,2012,2069,1717,4516,5466,2018,3644,40246,27566,6942,2054,31149,9,0
2021-04-09T23:59:59+02:00,949,1225,1431,2489,1799,3606,2992,5523,5795,6488,7880,8244,7783,9650,2228,4095,320,364,515,826,532,1289,852,2031,1440,2008,2048,1692,4494,5450,2017,3641,34774,27458,6941,2054,30462,7,0
2021-04-08T23:59:59+02:00,948,1222,1428,2486,1797,3603,2984,5514,5785,6473,7089,7332,7744,9602,2224,4091,319,364,515,825,532,1288,851,2031,1438,2007,2046,1691,4493,5448,2017,3641,32926,27446,6941,2053,30455,7,0
2021-04-07T23:59:59+02:00,891,1196,1343,2413,1715,3531,2742,5394,4823,5753,6699,6950,7693,9543,2218,4085,319,364,515,824,532,1286,851,2031,1438,2007,2046,1691,4493,5448,2017,3641,32922,27445,6940,2052,27127,6,0
2021-04-06T23:59:59+02:00,854,1188,1325,2376,1695,3491,2709,5346,4696,5618,6392,6655,7673,9521,2215,4079,319,363,515,823,532,1286,851,2031,1438,2007,2046,1690,4493,5448,2017,3641,32919,27443,6940,2051,25974,6,0
2021-04-05T23:59:59+02:00,850,1153,1277,2246,1619,3314,2593,5073,4530,5361,6104,6361,7657,9501,2213,4075,319,363,515,822,532,1286,851,2031,1438,2007,2046,1690,4493,5448,2017,3641,32918,27442,6940,2051,24069,6,0
2021-04-04T23:59:59+02:00,827,1116,1175,2022,1479,3036,2376,4627,4166,4878,5890,6151,7634,9463,2212,4068,319,363,513,821,531,1285,850,2030,1324,1949,1700,1403,4350,5283,1980,3594,32913,26239,6940,2051,21267,5,0
2021-04-03T23:59:59+02:00,827,1116,1175,2022,1478,3036,2375,4627,4166,4878,5890,6151,7634,9463,2212,4068,319,363,513,821,531,1285,850,2030,1324,1949,1700,1403,4350,5283,1980,3594,32911,26239,6940,2051,21267,5,0
2021-04-02T23:59:59+02:00,827,1115,1175,2022,1478,3036,2375,4627,4165,4877,5889,6151,7633,9461,2211,4066,319,363,513,821,531,1285,850,2030,1323,1949,1700,1403,4350,5283,1980,3594,32910,26238,6940,2051,21258,5,0
2021-04-01T23:59:59+02:00,822,1113,1172,2015,1469,3029,2360,4607,4073,4791,4962,4995,7369,9124,2209,4062,318,360,513,819,530,1284,848,2027,1285,1922,1519,1278,4278,5209,1972,3582,30009,25694,6914,2045,21249,5,0
2021-03-31T23:59:59+02:00,821,1112,1171,2013,1466,3025,2354,4605,4055,4775,4788,4777,6607,8197,2199,4041,317,359,511,819,528,1281,842,2019,1152,1832,1132,1004,3862,4728,1903,3462,29892,23765,4893,1982,21221,4,0
2021-03-30T23:59:59+02:00,821,1112,1168,2010,1455,3016,2342,4593,4008,4746,4588,4601,6370,7900,2192,4028,317,358,511,817,528,1281,842,2018,1152,1832,1132,1004,3862,4728,1902,3462,29889,23761,4889,1982,20172,3,0
2021-03-29T23:59:59+02:00,820,1110,1168,2010,1454,3016,2342,4593,4004,4744,4586,4599,6367,7889,2190,4012,317,357,511,817,528,1281,842,2017,1152,1832,1132,1003,3862,4728,1902,3462,29884,23758,4884,1982,20136,3,0
2021-03-28T23:59:59+02:00,820,1110,1168,2006,1453,3015,2341,4590,4004,4744,4585,4598,6364,7886,2190,4011,316,357,510,817,528,1281,841,2017,1152,1832,1132,1002,3862,4728,1902,3462,29882,23755,4880,1981,20123,3,0
2021-03-27T23:59:59+01:00,814,1102,1165,2000,1446,3005,2316,4573,3960,4718,4536,4537,6327,7837,2185,4002,312,352,493,806,516,1268,784,1975,981,1722,882,832,3698,4521,1779,3209,29529,22789,4880,1338,20114,3,0
2021-03-26T23:59:59+01:00,814,1102,1164,1999,1444,3005,2313,4573,3954,4712,4524,4516,6318,7813,2177,3987,311,352,493,805,514,1268,782,1974,971,1715,697,707,2700,3323,1675,3066,29468,20012,4879,1338,20068,3,0
2021-03-25T23:59:59+01:00,813,1101,1164,1998,1443,3002,2309,4568,3949,4708,4515,4506,6303,7785,2158,3945,311,352,493,805,513,1267,781,1974,968,1714,672,698,1385,1713,1537,2877,29452,16719,4874,1338,19941,3,0
2021-03-24T23:59:59+01:00,785,1089,1129,1963,1371,2940,2066,4400,3762,4600,4448,4443,6179,7621,2148,3922,311,352,493,805,510,1267,780,1974,967,1714,672,698,1385,1712,1537,2875,28069,16712,4872,1337,19925,3,0
2021-03-23T23:59:59+01:00,785,1087,1127,1962,1371,2940,2066,4399,3761,4598,4447,4443,6179,7621,2148,3921,311,352,493,805,510,1267,780,1974,967,1714,672,698,1385,1712,1537,2875,28065,16712,4869,1337,19921,3,0
2021-03-22T23:59:59+01:00,784,1085,1125,1959,1369,2940,2065,4399,3760,4598,4447,4442,6179,7620,2148,3921,311,352,493,805,510,1267,779,1974,967,1713,672,698,1385,1712,1537,2875,28063,16710,4868,1337,19910,3,0
2021-03-21T23:59:59+01:00,784,1085,1124,1957,1369,2939,2064,4398,3760,4597,4447,4442,6178,7620,2148,3921,311,352,493,805,510,1267,779,1974,967,1713,672,697,1385,1712,1537,2875,28060,16709,4867,1337,19906,3,0
2021-03-20T23:59:59+01:00,782,1083,1121,1955,1364,2936,2047,4388,3722,4570,4193,4139,5708,7057,2139,3888,306,349,486,800,494,1257,753,1953,924,1678,605,626,1138,1427,1208,2357,27978,15022,4766,1336,18348,3,0
2021-03-19T23:59:59+01:00,774,1077,1101,1933,1332,2901,1953,4317,3489,4412,4061,4034,5535,6813,2098,3810,306,349,486,800,494,1257,753,1952,923,1678,605,626,1138,1427,1207,2356,27976,15018,3324,1336,18340,3,0
2021-03-18T23:59:59+01:00,774,1076,1100,1932,1331,2899,1952,4314,3238,4249,3917,3912,5350,6591,2064,3735,306,348,485,800,494,1255,753,1951,922,1677,591,619,872,1111,1135,2255,27964,14237,2132,1335,18338,2,0
2021-03-17T23:59:59+01:00,774,1076,1099,1931,1331,2899,1952,4314,3238,4249,3917,3911,5349,6591,2064,3735,306,348,485,800,494,1255,753,1951,921,1677,590,619,872,1111,1135,2255,27963,14235,2132,1335,18335,2,0
2021-03-16T23:59:59+01:00,773,1076,1099,1928,1330,2899,1950,4314,3238,4247,3916,3910,5349,6590,2063,3735,302,344,471,793,484,1245,737,1938,907,1667,589,619,870,1110,1134,2254,27956,14127,2129,1335,18332,2,0
2021-03-15T23:59:59+01:00,772,1075,1098,1927,1327,2899,1946,4313,3237,4247,3916,3909,5348,6590,2063,3735,302,344,471,793,484,1245,737,1937,906,1667,589,619,870,1110,1134,2254,27951,14125,2127,1335,18324,2,0
2021-03-14T23:59:59+01:00,771,1072,1095,1925,1324,2895,1945,4312,3232,4246,3916,3909,5348,6590,2063,3735,302,344,471,793,484,1245,737,1937,906,1667,589,619,870,1110,1134,2254,27948,14125,2127,1335,18303,2,0
2021-03-13T23:59:59+01:00,769,1068,1087,1920,1316,2887,1940,4305,3069,4135,3464,3489,5164,6389,2026,3688,302,344,471,793,484,1245,736,1937,905,1667,558,597,554,788,730,1709,26678,12483,2127,1335,17911,2,0
2021-03-12T23:59:59+01:00,734,966,1067,1805,1296,2692,1906,4037,2997,3950,2260,1969,4891,5962,2024,3681,302,344,471,793,484,1245,736,1937,905,1667,558,596,554,788,730,1709,26667,12483,2127,1335,13443,1,0
2021-03-11T23:59:59+01:00,722,912,1060,1703,1286,2525,1897,3818,2945,3830,1568,1309,4535,5552,2015,3671,300,344,471,793,484,1245,736,1935,905,1665,558,595,552,787,647,1564,26112,12481,2114,1100,11122,0,0
2021-03-10T23:59:59+01:00,714,893,1051,1685,1277,2503,1883,3794,2810,3735,1178,1030,4114,5055,1955,3565,300,344,470,792,483,1245,736,1935,904,1665,558,595,550,785,647,1564,24123,12475,2113,1098,11006,0,0
2021-03-09T23:59:59+01:00,712,888,1042,1667,1269,2490,1878,3785,2807,3731,1174,1028,4114,5055,1954,3565,300,344,470,792,483,1245,736,1935,904,1665,558,595,550,785,647,1564,24120,12475,2113,1098,10926,0,0
2021-03-08T23:59:59+01:00,707,854,1030,1646,1257,2455,1867,3753,2789,3717,1173,1026,4114,5055,1954,3565,300,344,470,792,483,1245,736,1935,904,1665,558,595,549,785,647,1564,24116,12474,2112,1098,10734,0,0
2021-03-07T23:59:59+01:00,707,851,1027,1642,1257,2452,1866,3750,2789,3715,1173,1026,4114,5055,1954,3565,300,344,470,792,482,1245,736,1935,904,1665,558,595,549,785,647,1564,24114,12473,2112,1098,10717,0,0
2021-03-06T23:59:59+01:00,662,795,888,1533,1023,2248,1419,3351,2349,3348,953,883,3821,4677,1939,3549,300,344,470,792,481,1245,736,1935,904,1664,558,594,547,780,558,1387,23115,12471,2109,824,8214,0,0
2021-03-05T23:59:59+01:00,659,795,884,1530,1023,2247,1415,3347,2341,3344,761,754,2805,3442,1834,3389,298,342,464,781,477,1239,727,1919,891,1648,553,591,483,716,263,883,20266,12272,2099,3,8205,0,0
2021-03-04T23:59:59+01:00,640,742,847,1401,981,2091,1365,3147,2304,3267,742,745,1481,1830,1697,3202,298,342,463,781,477,1239,727,1919,890,1647,552,591,483,715,263,883,16973,12267,2098,3,7411,0,0
2021-03-03T23:59:59+01:00,631,701,823,1340,962,2028,1352,3101,2294,3229,742,745,1481,1830,1697,3202,298,342,463,781,477,1239,727,1919,890,1647,552,591,483,715,263,883,16972,12267,2098,3,7088,0,0
2021-03-02T23:59:59+01:00,628,699,822,1339,962,2028,1351,3100,2294,3229,742,745,1481,1830,1697,3202,298,342,463,781,477,1239,727,1919,890,1646,552,591,483,715,263,883,16971,12266,2098,3,7080,0,0
2021-03-01T23:59:59+01:00,628,697,821,1339,962,2028,1351,3100,2294,3228,742,744,1481,1829,1697,3202,298,342,463,781,477,1239,727,1918,890,1646,552,591,483,715,263,883,16969,12265,2097,3,7077,0,0
2021-02-28T23:59:59+01:00,627,695,821,1339,961,2028,1350,3100,2293,3227,742,743,1481,1829,1697,3202,298,342,463,781,477,1239,727,1917,890,1646,552,591,483,715,263,883,16966,12264,2097,3,7072,0,0
2021-02-27T23:59:59+01:00,622,690,805,1332,941,2017,1305,3066,2213,3168,623,634,1164,1454,1246,2418,297,342,463,781,475,1239,726,1915,889,1645,551,588,482,712,263,880,15240,12248,1388,0,7070,0,0
2021-02-26T23:59:59+01:00,611,661,775,1270,909,1887,1257,2891,1866,2759,622,634,1164,1454,1245,2417,297,342,463,781,475,1239,726,1915,889,1645,551,588,482,712,263,879,15235,12247,1388,0,5799,0,0
2021-02-25T23:59:59+01:00,568,608,717,1149,797,1685,1080,2557,1352,2223,608,627,888,1129,1174,2313,296,341,463,781,475,1238,726,1915,889,1645,551,588,482,712,263,879,14431,12244,1388,0,3656,0,0
2021-02-24T23:59:59+01:00,567,607,717,1148,796,1685,1080,2556,1352,2222,608,627,888,1129,1174,2313,296,341,463,781,475,1238,726,1915,889,1645,551,588,482,712,263,879,14431,12244,1387,0,3651,0,0
2021-02-23T23:59:59+01:00,563,601,702,1139,786,1675,1063,2543,1338,2212,607,627,886,1128,1173,2312,296,340,463,780,475,1238,726,1914,889,1645,551,588,482,712,263,879,14321,12241,1387,0,3647,0,0
2021-02-22T23:59:59+01:00,563,601,702,1139,784,1675,1063,2542,1337,2211,607,627,886,1128,1173,2312,296,340,463,780,475,1238,726,1914,889,1645,551,588,482,712,263,879,14319,12241,1387,0,3644,0,0
2021-02-21T23:59:59+01:00,563,601,702,1139,783,1675,1062,2542,1337,2211,606,627,886,1128,1173,2312,296,340,463,780,475,1238,726,1914,889,1645,551,588,482,712,263,879,14319,12241,1387,0,3641,0,0
2021-02-20T23:59:59+01:00,545,598,690,1132,762,1673,1050,2537,1311,2191,569,604,564,800,761,1755,294,339,459,778,470,1232,721,1903,881,1644,550,585,478,712,260,876,12642,12182,1386,0,3514,0,0
2021-02-19T23:59:59+01:00,435,502,591,1004,637,1513,907,2361,1042,1951,569,604,564,800,761,1755,291,339,455,776,468,1222,718,1886,873,1627,546,578,474,706,257,867,12641,12083,1386,0,1969,0,0
2021-02-18T23:59:59+01:00,305,348,477,807,489,1255,753,1957,914,1680,569,604,563,800,761,1755,290,338,453,773,466,1218,718,1873,869,1614,539,573,468,700,252,856,12640,12000,1386,0,11,0,0
2021-02-17T23:59:59+01:00,305,348,476,807,489,1255,753,1957,913,1680,568,604,563,800,761,1755,289,337,452,771,464,1215,715,1865,865,1608,534,568,457,678,242,837,12639,11897,1386,0,9,0,0
2021-02-16T23:59:59+01:00,305,348,474,806,488,1255,753,1957,913,1680,568,604,563,800,761,1755,277,332,445,755,454,1178,707,1781,840,1540,514,539,422,629,226,775,12639,11414,1386,0,5,0,0
2021-02-15T23:59:59+01:00,305,348,473,806,487,1254,752,1957,913,1680,568,604,563,800,761,1755,273,328,442,746,448,1151,688,1728,815,1486,493,507,402,584,216,717,12638,11024,1386,0,2,0,0
2021-02-14T23:59:59+01:00,305,348,473,806,486,1254,752,1957,913,1680,568,604,563,800,761,1755,273,328,442,746,448,1149,688,1723,812,1478,482,502,399,581,207,708,12637,10966,1386,0,2,0,0
2021-02-13T23:59:59+01:00,303,348,473,806,486,1254,752,1956,913,1680,568,604,563,800,761,1755,271,325,439,743,443,1137,676,1702,793,1445,465,474,382,554,194,673,12635,10716,1386,0,1,0,0
2021-02-12T23:59:59+01:00,303,347,473,806,486,1254,751,1955,910,1677,568,602,506,751,755,1754,254,314,418,707,420,1043,634,1534,709,1208,376,359,312,443,144,501,12511,9376,1386,0,1,0,0
2021-02-11T23:59:59+01:00,301,347,472,806,486,1254,751,1952,910,1675,567,601,503,748,669,1606,231,296,406,675,400,998,599,1433,664,1106,338,315,275,370,120,424,12499,8650,1148,0,1,0,0
2021-02-10T23:59:59+01:00,301,347,472,805,486,1254,750,1952,909,1675,566,601,503,747,668,1604,228,291,405,670,396,984,596,1407,651,1075,322,292,249,327,103,364,12492,8360,1148,0,0,0,0
2021-02-09T23:59:59+01:00,301,347,472,805,486,1254,749,1952,909,1673,566,601,503,747,668,1604,219,276,392,634,374,917,555,1306,599,955,241,194,174,212,67,224,12489,7339,1148,0,0,0,0
2021-02-08T23:59:59+01:00,301,347,470,805,486,1254,749,1952,909,1673,566,601,503,747,668,1604,216,268,387,619,365,893,534,1250,569,879,212,161,139,163,54,170,12488,6879,1147,0,0,0,0
2021-02-07T23:59:59+01:00,301,347,470,805,486,1254,749,1952,909,1673,566,601,503,747,668,1603,215,268,386,614,365,889,529,1240,563,865,208,152,128,145,48,156,12487,6771,1147,0,0,0,0
2021-02-06T23:59:59+01:00,301,347,470,805,486,1254,749,1952,909,1673,566,601,501,741,578,1426,215,268,386,614,365,889,529,1240,563,865,208,152,128,145,48,156,12487,6771,872,0,0,0,0
2021-02-05T23:59:59+01:00,301,347,467,804,485,1252,746,1950,906,1669,560,598,494,724,267,902,208,256,369,582,351,850,508,1198,546,833,184,137,107,133,44,153,12471,6459,1,0,0,0,0
2021-02-04T23:59:59+01:00,301,346,466,798,482,1251,745,1945,901,1669,559,597,493,723,267,902,188,207,301,449,288,684,422,975,480,714,174,132,97,128,39,142,12444,5420,1,0,0,0,0
2021-02-03T23:59:59+01:00,300,346,466,796,482,1251,744,1944,900,1669,559,597,493,723,267,902,182,192,251,369,244,594,361,874,434,643,167,128,93,126,38,141,12438,4837,1,0,0,0,0
2021-02-02T23:59:59+01:00,300,344,466,794,482,1251,744,1940,900,1667,559,597,493,723,267,902,172,171,192,296,190,512,274,746,360,580,161,125,92,125,38,140,12428,4174,1,0,0,0,0
2021-02-01T23:59:59+01:00,300,344,464,793,481,1249,743,1936,897,1662,559,597,492,723,267,902,165,165,152,258,163,453,225,662,305,518,157,114,85,114,33,133,12408,3702,1,0,0,0,0
2021-01-31T23:59:59+01:00,300,344,464,793,481,1249,743,1936,897,1662,559,597,492,723,267,902,165,165,152,257,163,452,224,662,305,518,157,114,85,114,33,133,12408,3699,1,0,0,0,0
2021-01-30T23:59:59+01:00,300,344,464,793,481,1249,743,1936,892,1662,559,597,490,723,264,902,152,150,133,242,153,422,209,623,287,472,138,103,73,84,28,100,12398,3369,1,0,0,0,0
2021-01-29T23:59:59+01:00,297,344,460,790,479,1239,740,1918,884,1645,555,590,486,718,261,893,99,85,94,157,112,261,162,454,197,343,103,67,56,73,24,90,12298,2377,1,0,0,0,0
2021-01-28T23:59:59+01:00,296,344,460,790,479,1239,740,1918,884,1645,555,590,486,718,261,893,13,12,13,23,21,51,26,98,45,94,40,29,27,55,21,83,12297,651,1,0,0,0,0
2021-01-27T23:59:59+01:00,295,344,460,790,479,1239,740,1918,883,1645,555,590,486,718,261,893,13,12,13,23,21,50,26,97,44,94,40,29,27,55,21,83,12296,648,0,0,0,0,0
2021-01-26T23:59:59+01:00,295,344,460,789,479,1238,740,1918,883,1644,555,590,486,718,261,893,13,12,13,23,21,50,26,97,44,94,40,29,27,55,21,83,12293,648,0,0,0,0,0
2021-01-25T23:59:59+01:00,295,343,459,789,479,1237,740,1916,883,1643,555,590,485,716,261,893,8,4,5,12,10,25,15,39,21,41,19,14,8,18,7,16,12284,262,0,0,0,0,0
2021-01-24T23:59:59+01:00,295,343,459,789,478,1237,740,1915,883,1642,555,590,485,716,261,893,8,4,5,12,10,25,15,39,21,41,19,14,8,18,7,16,12281,262,0,0,0,0,0
2021-01-23T23:59:59+01:00,295,343,459,789,478,1237,740,1915,883,1642,555,590,485,716,261,893,8,4,5,12,10,25,15,39,21,41,19,14,8,18,7,16,12281,262,0,0,0,0,0
2021-01-22T23:59:59+01:00,293,341,459,789,477,1236,740,1914,883,1642,555,590,485,716,242,848,8,4,5,12,10,25,15,39,21,41,19,14,8,18,7,16,12210,262,0,0,0,0,0
2021-01-21T23:59:59+01:00,290,336,457,782,473,1229,738,1894,874,1623,545,582,467,689,230,814,8,4,5,12,10,25,15,39,21,41,19,14,8,18,7,16,12023,262,0,0,0,0,0
2021-01-20T23:59:59+01:00,288,333,454,778,471,1226,735,1886,870,1619,539,577,459,670,222,797,8,4,5,12,10,25,15,39,21,41,19,14,8,18,7,16,11924,262,0,0,0,0,0
2021-01-19T23:59:59+01:00,282,332,452,771,466,1208,731,1850,860,1585,526,559,445,652,213,763,8,4,5,12,10,25,15,39,21,41,19,14,8,18,7,16,11695,262,0,0,0,0,0
2021-01-18T23:59:59+01:00,278,325,449,761,461,1188,713,1811,834,1537,506,527,430,615,202,709,8,3,5,12,10,25,15,39,21,41,19,14,8,18,7,16,11346,261,0,0,0,0,0
2021-01-17T23:59:59+01:00,278,324,449,761,461,1185,710,1805,825,1526,491,514,414,592,187,686,8,3,4,12,10,25,15,39,21,41,19,14,8,18,7,16,11208,260,0,0,0,0,0
2021-01-16T23:59:59+01:00,270,313,441,742,447,1143,682,1713,781,1381,451,433,382,538,168,634,0,0,0,0,0,0,0,0,0,0,0,0,0,0,0,0,10519,0,0,0,0,0,0
2021-01-15T23:59:59+01:00,261,305,432,720,433,1090,661,1606,743,1266,391,380,339,469,153,535,0,0,0,0,0,0,0,0,0,0,0,0,0,0,0,0,9784,0,0,0,0,0,0
2021-01-14T23:59:59+01:00,237,286,414,676,409,1030,616,1477,673,1120,336,313,291,366,115,422,0,0,0,0,0,0,0,0,0,0,0,0,0,0,0,0,8781,0,0,0,0,0,0
2021-01-13T23:59:59+01:00,235,283,413,670,405,1011,610,1449,660,1089,318,289,262,323,98,363,0,0,0,0,0,0,0,0,0,0,0,0,0,0,0,0,8478,0,0,0,0,0,0
2021-01-12T23:59:59+01:00,218,271,395,627,372,912,550,1287,581,903,218,172,154,169,57,180,0,0,0,0,0,0,0,0,0,0,0,0,0,0,0,0,7066,0,0,0,0,0,0
2021-01-11T23:59:59+01:00,214,266,390,612,362,887,529,1238,560,852,198,140,121,124,42,131,0,0,0,0,0,0,0,0,0,0,0,0,0,0,0,0,6666,0,0,0,0,0,0
2021-01-10T23:59:59+01:00,213,259,379,598,358,876,518,1216,549,836,195,140,118,123,40,130,0,0,0,0,0,0,0,0,0,0,0,0,0,0,0,0,6548,0,0,0,0,0,0
2021-01-09T23:59:59+01:00,192,214,332,526,317,753,447,1023,464,703,133,87,69,78,29,96,0,0,0,0,0,0,0,0,0,0,0,0,0,0,0,0,5463,0,0,0,0,0,0
2021-01-08T23:59:59+01:00,112,112,241,358,233,461,321,677,310,444,75,51,45,63,24,85,0,0,0,0,0,0,0,0,0,0,0,0,0,0,0,0,3612,0,0,0,0,0,0
2021-01-07T23:59:59+01:00,19,23,58,98,67,133,102,197,111,152,45,31,28,56,22,85,0,0,0,0,0,0,0,0,0,0,0,0,0,0,0,0,1227,0,0,0,0,0,0
2021-01-06T23:59:59+01:00,10,10,11,22,15,49,28,97,49,98,40,30,28,56,22,85,0,0,0,0,0,0,0,0,0,0,0,0,0,0,0,0,650,0,0,0,0,0,0
2021-01-05T23:59:59+01:00,10,10,11,22,15,49,27,97,48,98,40,30,28,56,22,85,0,0,0,0,0,0,0,0,0,0,0,0,0,0,0,0,648,0,0,0,0,0,0
2021-01-04T23:59:59+01:00,8,4,5,12,10,27,16,41,23,42,19,14,9,18,7,17,0,0,0,0,0,0,0,0,0,0,0,0,0,0,0,0,272,0,0,0,0,0,0
2021-01-03T23:59:59+01:00,8,4,5,12,10,27,16,41,23,42,19,14,9,18,7,17,0,0,0,0,0,0,0,0,0,0,0,0,0,0,0,0,272,0,0,0,0,0,0
2021-01-02T23:59:59+01:00,8,4,5,12,10,27,16,41,23,42,19,14,9,18,7,17,0,0,0,0,0,0,0,0,0,0,0,0,0,0,0,0,272,0,0,0,0,0,0
2021-01-01T23:59:59+01:00,8,4,5,12,10,27,16,41,23,42,19,14,9,18,7,17,0,0,0,0,0,0,0,0,0,0,0,0,0,0,0,0,272,0,0,0,0,0,0
2020-12-31T23:59:59+01:00,8,4,5,12,10,27,16,41,23,42,19,14,9,18,7,17,0,0,0,0,0,0,0,0,0,0,0,0,0,0,0,0,272,0,0,0,0,0,0
2020-12-30T23:59:59+01:00,8,4,5,12,10,27,16,41,23,42,19,14,9,18,7,17,0,0,0,0,0,0,0,0,0,0,0,0,0,0,0,0,272,0,0,0,0,0,0
2020-12-29T23:59:59+01:00,8,4,5,12,10,27,16,41,23,42,19,14,9,18,7,17,0,0,0,0,0,0,0,0,0,0,0,0,0,0,0,0,272,0,0,0,0,0,0
2020-12-28T23:59:59+01:00,8,4,5,12,10,27,16,41,23,42,19,14,9,18,7,17,0,0,0,0,0,0,0,0,0,0,0,0,0,0,0,0,272,0,0,0,0,0,0
2020-12-27T23:59:59+01:00,8,3,4,12,10,27,16,41,23,42,19,14,9,18,7,17,0,0,0,0,0,0,0,0,0,0,0,0,0,0,0,0,270,0,0,0,0,0,0
