Datum,<24_1_m,<24_1_w,25-34_1_m,25-34_1_w,35-44_1_m,35-44_1_w,45-54_1_m,45-54_1_w,55-64_1_m,55-64_1_w,65-74_1_m,65-74_1_w,75-84_1_m,75-84_1_w,>84_1_m,>84_1_w,<24_2_m,<24_2_w,25-34_2_m,25-34_2_w,35-44_2_m,35-44_2_w,45-54_2_m,45-54_2_w,55-64_2_m,55-64_2_w,65-74_2_m,65-74_2_w,75-84_2_m,75-84_2_w,>84_2_m,>84_2_w,bp_1,bp_2,mo_1,mo_2,az_1,az_2,ja
2021-06-27T23:59:59+02:00,8817,8632,12045,11130,14916,14908,19168,19327,21191,20279,13893,15023,9613,11811,2893,5080,2155,2353,4202,4442,8163,8910,15165,15576,16709,16411,11347,12388,9037,11065,2788,4870,148899,104953,19993,15515,35442,20721,4392
2021-06-26T23:59:59+02:00,8776,8592,11854,10967,14550,14591,19150,19308,21175,20263,13889,15018,9613,11805,2892,5079,2129,2321,4166,4407,8086,8824,14939,15360,16656,16379,11333,12372,9028,11060,2788,4868,147696,104088,19992,15515,35442,20721,4392
2021-06-25T23:59:59+02:00,8731,8552,11840,10958,14550,14586,19143,19304,21171,20262,13889,15018,9612,11803,2892,5079,2001,2143,3879,4104,6569,7400,12308,13179,16581,16294,11308,12342,9020,11043,2784,4858,147564,95283,19992,15434,35442,20704,4392
2021-06-24T23:59:59+02:00,8241,8124,10773,10072,14021,14151,19073,19245,21125,20219,13867,14991,9599,11790,2891,5077,1932,2075,3522,3769,5821,6735,12067,12972,16340,16092,11206,12220,8931,10916,2775,4835,143447,94068,19988,13084,35442,20674,4382
2021-06-23T23:59:59+02:00,8239,8120,10767,10071,14020,14150,19073,19244,21125,20218,13867,14991,9599,11790,2891,5077,1787,1906,3039,3365,4469,5572,11762,12703,16220,15974,11161,12181,8919,10890,2774,4829,143434,89436,19986,13083,35441,20651,4381
2021-06-22T23:59:59+02:00,8192,8092,10695,10021,13998,14124,19057,19229,21114,20210,13860,14982,9596,11789,2891,5077,1738,1876,2958,3311,4431,5539,11734,12664,16152,15923,10953,11990,8670,10594,2765,4801,143421,89419,19986,13079,35441,19522,4079
2021-06-21T23:59:59+02:00,8060,8026,10569,9924,13718,13878,18323,18623,21026,20137,13825,14950,9577,11764,2891,5074,1693,1852,2915,3273,4403,5509,11688,12629,16134,15909,10944,11980,8664,10587,2764,4801,141080,89295,19985,13078,35441,19513,3859
2021-06-20T23:59:59+02:00,8060,8022,10564,9920,13718,13878,18323,18623,21026,20137,13825,14950,9577,11764,2891,5074,1665,1823,2870,3258,4339,5470,11626,12596,16074,15850,10925,11964,8661,10578,2760,4797,141068,88821,19984,13074,35441,19502,3859
2021-06-19T23:59:59+02:00,8027,7985,10458,9830,13538,13726,17911,18288,20843,19964,13807,14924,9565,11744,2888,5068,1634,1788,2829,3211,4259,5397,11290,12306,16036,15813,10916,11952,8659,10573,2758,4795,141028,87809,18238,13047,35441,19501,3859
2021-06-18T23:59:59+02:00,6529,6582,10453,9828,13537,13724,17909,18287,20843,19964,13807,14923,9565,11744,2887,5066,1502,1677,2593,3054,3631,4768,10155,11166,15825,15660,10876,11912,8636,10553,2744,4766,138118,83173,18236,13045,35441,19447,3853
2021-06-17T23:59:59+02:00,6457,6512,10339,9724,13217,13419,17525,17970,20730,19867,13788,14885,9553,11730,2880,5060,1422,1559,2441,2907,3277,4434,8567,9810,15318,15228,10704,11733,8580,10477,2729,4737,136239,77746,18236,13041,35440,19395,3741
2021-06-16T23:59:59+02:00,6450,6508,10328,9721,13215,13417,17524,17969,20729,19867,13788,14885,9552,11729,2880,5060,1372,1511,2339,2833,3094,4255,7483,8871,14823,14840,10621,11622,8544,10429,2718,4721,136211,73929,18234,13039,35440,19371,3737
2021-06-15T23:59:59+02:00,6419,6490,10288,9694,13186,13402,17504,17947,20715,19854,13779,14877,9549,11723,2877,5057,1292,1453,2214,2733,2982,4171,6579,8144,14623,14674,10597,11593,8532,10407,2709,4715,136199,73921,18233,10655,35440,19353,3489
2021-06-14T23:59:59+02:00,6401,6473,10256,9669,13167,13382,17490,17931,20695,19844,13769,14868,9546,11722,2877,5053,1276,1438,2181,2706,2961,4150,6565,8126,14602,14664,10586,11584,8529,10406,2709,4711,136187,73912,18233,10655,35440,19344,3283
2021-06-13T23:59:59+02:00,6400,6473,10252,9667,13166,13380,17490,17931,20695,19844,13769,14868,9546,11722,2877,5053,1272,1432,2178,2697,2951,4140,6548,8109,14501,14599,10573,11561,8523,10395,2706,4711,136179,73620,18233,10655,35440,19340,3281
2021-06-12T23:59:59+02:00,5609,5700,10208,9632,13136,13356,17465,17911,20669,19813,13687,14797,9546,11719,2876,5053,1263,1412,2167,2681,2930,4113,6474,8028,14328,14462,10345,11277,8043,9860,2704,4710,134223,73117,18233,10655,35440,17744,3281
2021-06-11T23:59:59+02:00,5604,5693,10198,9626,13122,13344,17458,17907,20665,19811,13687,14796,9546,11718,2876,5053,1187,1328,2047,2521,2760,3858,4982,6698,12632,13083,10206,11130,7956,9755,2697,4694,134151,65864,18233,10654,35440,17736,3280
2021-06-10T23:59:59+02:00,4601,4733,10032,9499,13011,13263,17204,17672,20428,19634,13678,14785,9540,11708,2874,5050,1130,1267,1932,2417,2603,3680,4376,6065,11478,12103,9910,10808,7874,9672,2684,4669,130837,61080,18232,10654,35440,17731,3203
2021-06-09T23:59:59+02:00,4008,4123,9826,9351,12924,13190,16897,17409,20201,19453,13663,14772,9536,11702,2873,5045,1056,1223,1832,2349,2511,3567,4050,5763,11058,11780,9783,10650,7829,9607,2673,4660,128469,61007,18217,8811,35440,17726,2847
2021-06-08T23:59:59+02:00,3996,4117,9814,9342,12912,13183,16890,17400,20193,19451,13661,14770,9535,11700,2872,5043,1010,1215,1810,2334,2485,3553,4026,5744,11047,11777,9780,10646,7828,9605,2672,4657,128456,60892,18214,8806,35440,17722,2769
2021-06-07T23:59:59+02:00,3982,4110,9782,9329,12902,13165,16867,17389,20177,19440,13658,14766,9532,11696,2870,5041,999,1208,1778,2323,2476,3534,4002,5731,11029,11763,9777,10641,7825,9602,2670,4655,128445,60883,18212,8803,35439,17717,2610
2021-06-06T23:59:59+02:00,3977,4106,9777,9325,12901,13165,16866,17388,20176,19440,13657,14765,9532,11696,2870,5041,996,1205,1767,2321,2470,3524,3990,5724,10904,11620,9766,10635,7824,9602,2670,4655,128433,60563,18212,8802,35438,17709,2599
2021-06-05T23:59:59+02:00,3684,3803,7304,7336,12664,12980,16837,17359,20133,19400,13541,14621,9456,11605,2866,5029,919,1132,1604,2220,2305,3445,3764,5584,10012,10782,9384,10188,7713,9449,2662,4636,122502,57306,18212,8802,35437,17224,2467
2021-06-04T23:59:59+02:00,3618,3748,7153,7222,12197,12587,16697,17247,19900,19167,13423,14475,9399,11526,2852,5012,892,1066,1573,2116,2267,3279,3689,5326,9374,10108,8544,9175,7441,9046,2658,4625,120113,55843,18212,8800,35437,14075,2461
2021-06-03T23:59:59+02:00,3206,3355,7126,7206,12074,12471,16666,17207,19814,19101,13413,14459,9397,11523,2851,5011,861,999,1527,1992,2190,3080,3499,4945,8799,9489,7784,8305,6973,8434,2655,4617,118882,54215,18211,8799,35433,10781,2354
2021-06-02T23:59:59+02:00,2816,3037,5996,6289,11773,12242,16608,17156,19691,18996,13353,14405,9375,11502,2849,5003,845,965,1462,1969,2076,3042,3329,4843,7447,8410,7704,8226,6957,8406,2652,4612,115204,51123,18210,8799,35433,10779,2244
2021-06-01T23:59:59+02:00,2530,2726,5527,5866,11459,11962,16583,17135,19641,18959,13230,14282,9368,11498,2848,5000,828,958,1447,1960,2059,3029,3302,4826,7152,8086,7668,8192,6947,8392,2650,4612,115186,50448,15884,8780,35433,10769,2111
2021-05-31T23:59:59+02:00,2515,2723,5508,5857,11431,11941,16549,17123,19601,18937,13227,14278,9364,11496,2848,4998,812,952,1429,1950,2027,3009,3267,4812,7111,8065,7665,8187,6943,8390,2650,4610,115178,50439,15880,8775,35433,10760,1905
2021-05-30T23:59:59+02:00,2511,2721,5506,5854,11431,11940,16546,17122,19600,18937,13227,14278,9364,11496,2848,4998,811,949,1424,1947,2027,3007,3266,4811,7110,8065,7665,8187,6943,8390,2650,4610,115164,50436,15880,8775,35431,10747,1904
2021-05-29T23:59:59+02:00,2495,2708,5340,5700,11364,11882,16538,17116,19592,18936,13226,14276,9362,11496,2848,4998,774,900,1313,1852,1751,2756,2864,4388,6829,7793,7482,7963,6767,8163,2647,4604,114662,49794,15880,8775,35431,8373,1904
2021-05-28T23:59:59+02:00,2361,2578,4917,5309,10698,11275,16471,17054,19566,18908,13217,14262,9343,11467,2846,4989,753,877,1254,1799,1660,2683,2731,4283,5252,6104,7319,7767,6725,8107,2644,4594,112050,45512,15880,8775,35431,8365,1900
2021-05-27T23:59:59+02:00,2341,2557,4868,5243,10039,10705,16431,17023,19552,18896,13207,14252,9341,11466,2846,4989,699,783,1150,1727,1452,2540,2359,3978,4374,5194,7083,7461,6634,7991,2627,4575,110671,41734,15877,8770,35429,8344,1779
2021-05-26T23:59:59+02:00,2304,2495,4694,5064,9600,10342,16379,16970,19486,18842,13194,14233,9331,11464,2842,4976,684,741,1103,1695,1364,2460,2151,3807,4245,5056,6920,7248,6554,7891,2615,4561,109256,40337,15874,8769,35429,8332,1657
2021-05-25T23:59:59+02:00,2301,2488,4665,5046,9575,10316,16354,16952,19473,18836,13189,14231,9328,11461,2842,4976,678,727,1056,1677,1312,2415,2081,3748,3705,4481,6618,6906,6520,7854,2614,4559,109253,40330,15871,6818,35429,8323,1480
2021-05-24T23:59:59+02:00,2292,2482,4654,5041,9567,10311,16329,16932,19447,18812,13179,14220,9325,11451,2841,4972,669,722,1045,1670,1302,2408,2056,3728,3679,4456,6607,6895,6517,7844,2613,4555,109251,40324,15871,6818,35429,8320,1304
2021-05-23T23:59:59+02:00,2276,2449,4566,4968,9433,10190,16326,16931,19447,18811,13177,14218,9322,11447,2839,4971,668,720,1043,1670,1302,2408,2056,3728,3679,4455,6607,6895,6517,7844,2613,4555,108767,40320,15871,6818,35429,8318,1304
2021-05-22T23:59:59+02:00,2256,2430,4557,4951,9354,10109,16303,16917,19396,18768,13149,14187,9318,11441,2839,4970,667,718,1042,1667,1299,2405,2053,3723,3663,4442,5779,6003,6447,7763,2605,4550,108341,38386,15871,6818,35429,8318,1304
2021-05-21T23:59:59+02:00,2221,2397,4450,4865,9158,9935,16277,16884,19381,18761,13139,14178,9316,11439,2834,4959,655,691,1005,1601,1249,2282,1967,3544,3321,4009,4027,3909,6403,7697,2600,4535,107605,34405,15871,6818,35427,6981,1291
2021-05-20T23:59:59+02:00,2191,2359,4368,4805,8938,9711,16228,16831,19329,18709,13108,14143,9299,11422,2833,4955,600,584,881,1289,1077,1879,1746,3010,2763,3327,3194,2962,6358,7648,2596,4530,106760,32586,15869,6817,35418,3859,1182
2021-05-19T23:59:59+02:00,2029,2183,3873,4380,7557,8522,15953,16583,19208,18584,13060,14095,9289,11396,2831,4952,585,547,843,1235,1048,1828,1720,2957,2713,3283,3186,2949,6354,7645,2596,4529,102134,32562,15867,6815,35417,3564,1077
2021-05-18T23:59:59+02:00,1981,2130,3567,4096,6908,7928,15806,16468,19125,18501,13028,14062,9233,11322,2825,4938,579,543,838,1233,1040,1820,1691,2941,2704,3265,3181,2944,6350,7641,2596,4529,102115,32559,13423,6810,35413,3559,967
2021-05-17T23:59:59+02:00,1973,2122,3547,4082,6865,7904,15778,16450,19103,18482,13018,14039,9232,11321,2825,4938,571,536,819,1218,998,1796,1663,2923,2681,3244,3170,2923,6350,7640,2596,4529,102108,32554,13421,6810,35413,3556,737
2021-05-16T23:59:59+02:00,1968,2119,3540,4078,6679,7738,15757,16431,19099,18477,13013,14038,9231,11320,2825,4938,571,536,819,1217,997,1795,1663,2923,2679,3244,3170,2923,6350,7640,2596,4529,101686,32552,13420,6810,35409,3554,736
2021-05-15T23:59:59+02:00,1940,2083,3502,4042,6593,7634,15488,16162,19043,18435,12994,14019,9222,11315,2825,4936,571,536,819,1216,997,1795,1661,2922,2679,3244,3169,2923,6349,7640,2596,4529,100668,32548,13420,6810,35409,3552,736
2021-05-14T23:59:59+02:00,1831,1938,3257,3792,5002,6161,12858,13974,18979,18349,12971,13989,9215,11302,2821,4930,571,535,817,1216,997,1795,1660,2921,2673,3243,3165,2917,6347,7638,2596,4528,91816,32531,13420,6810,35407,3552,726
2021-05-13T23:59:59+02:00,1805,1890,3216,3741,4890,6060,12655,13791,18820,18223,12895,13894,9179,11249,2821,4929,565,532,810,1207,987,1783,1641,2902,2566,3150,2506,2115,4902,5838,2586,4509,90605,29525,13324,4799,35405,3551,724
2021-05-12T23:59:59+02:00,1805,1890,3215,3741,4890,6060,12655,13791,18820,18223,12895,13894,9179,11249,2821,4929,565,532,810,1207,987,1783,1641,2901,2564,3148,2506,2115,4902,5836,2586,4509,90604,29523,13324,4794,35405,3551,724
2021-05-11T23:59:59+02:00,1761,1845,3124,3667,4804,5994,11736,13064,18626,18065,12882,13873,9172,11235,2815,4925,564,530,807,1203,986,1782,1640,2901,2556,3144,2505,2114,4900,5835,2585,4509,90594,29518,10881,4782,35397,3545,716
2021-05-10T23:59:59+02:00,1746,1843,3118,3664,4798,5990,11735,13063,18625,18065,12882,13873,9172,11235,2815,4925,563,529,807,1203,986,1782,1639,2901,2556,3144,2504,2113,4900,5835,2585,4509,90582,29517,10878,4782,35373,3541,716
2021-05-09T23:59:59+02:00,1710,1796,3066,3649,4729,5955,11668,13043,18562,18006,12862,13854,9169,11226,2813,4923,561,526,799,1202,978,1777,1627,2899,2552,3143,2504,2111,4899,5834,2585,4508,90113,29514,10875,4781,35366,3533,677
2021-05-08T23:59:59+02:00,1677,1762,3030,3600,4652,5882,11330,12741,18529,17972,12855,13846,9168,11224,2811,4923,549,525,792,1202,967,1777,1620,2899,2536,3131,2503,2111,4899,5833,2584,4507,89084,29511,10875,4781,35366,3466,677
2021-05-07T23:59:59+02:00,1533,1639,2782,3428,3979,5220,10124,11552,18329,17823,12816,13811,9149,11207,2803,4916,452,376,669,972,820,1459,1475,2485,2366,2775,2494,2102,4896,5829,2581,4504,84325,29506,10874,4781,35354,1410,558
2021-05-06T23:59:59+02:00,1471,1470,2648,3297,3652,4912,8430,10074,17814,17399,12648,13643,9102,11135,2800,4908,331,317,566,870,685,1370,1231,2271,2152,2580,2443,2071,4894,5822,2581,4503,78813,29491,10873,4780,35337,36,380
2021-05-05T23:59:59+02:00,1417,1396,2560,3225,3478,4737,7281,9059,17309,16999,12560,13530,9070,11089,2791,4893,331,317,564,869,684,1368,1185,2219,2142,2574,2439,2069,4894,5818,2581,4499,74941,29484,10869,4779,35329,35,255
2021-05-04T23:59:59+02:00,1408,1394,2553,3219,3476,4737,7279,9058,17308,16999,12560,13530,9070,11089,2791,4893,331,316,564,868,682,1368,1185,2219,2142,2574,2438,2069,4894,5818,2581,4498,74933,29481,10858,4779,35319,33,254
2021-05-03T23:59:59+02:00,1406,1388,2545,3214,3473,4731,7201,8998,17294,16991,12556,13528,9070,11089,2790,4892,328,310,560,864,677,1363,1107,2159,2129,2566,2434,2067,4894,5818,2580,4497,74924,29480,10858,4779,35319,29,65
2021-05-02T23:59:59+02:00,1398,1385,2542,3208,3461,4722,7182,8979,17188,16923,12543,13503,9064,11078,2787,4892,326,309,560,864,677,1363,1107,2158,2127,2566,2434,2067,4893,5816,2580,4497,74618,29475,10857,4778,35318,29,62
2021-05-01T23:59:59+02:00,1394,1378,2533,3198,3452,4704,7123,8918,17044,16806,12518,13480,9052,11072,2787,4892,326,309,560,864,677,1363,1107,2158,2127,2566,2434,2067,4891,5816,2579,4495,74114,29470,10857,4778,35318,29,62
2021-04-30T23:59:59+02:00,1324,1298,2413,3028,3284,4430,5579,7521,15312,15375,12375,13320,8957,10955,2772,4859,326,309,559,863,676,1363,1104,2156,2124,2563,2433,2058,4878,5807,2571,4477,66619,29453,10857,4777,35318,29,8
2021-04-29T23:59:59+02:00,1269,1261,2309,2919,3154,4260,4972,6875,14142,14354,12067,12992,8867,10873,2758,4831,324,308,559,862,676,1362,1103,2156,2122,2561,2431,2054,4877,5804,2570,4475,61724,29433,10857,4774,35314,29,8
2021-04-28T23:59:59+02:00,1206,1244,2247,2883,3089,4179,4662,6585,13731,14038,11952,12845,8826,10815,2750,4825,323,308,556,861,674,1362,1102,2155,2121,2554,2429,2052,4874,5800,2567,4472,61607,29432,8955,4749,35314,28,1
2021-04-27T23:59:59+02:00,1186,1242,2242,2882,3085,4178,4660,6585,13730,14037,11951,12844,8826,10815,2750,4825,323,308,556,861,673,1360,1102,2155,2120,2554,2429,2050,4874,5800,2567,4472,61575,29430,8950,4745,35312,28,1
2021-04-26T23:59:59+02:00,1186,1240,2240,2881,3083,4178,4646,6571,13690,14006,11948,12842,8826,10814,2750,4824,323,308,556,861,673,1360,1102,2155,2119,2553,2429,2050,4874,5800,2567,4472,61568,29430,8946,4744,35210,27,1
2021-04-25T23:59:59+02:00,1185,1240,2234,2881,3080,4170,4634,6565,13554,13854,11938,12836,8826,10814,2750,4824,323,308,556,861,672,1359,1100,2153,2119,2553,2429,2050,4874,5800,2567,4472,61246,29427,8944,4741,35194,27,1
2021-04-24T23:59:59+02:00,1119,1194,2096,2792,2941,4114,4423,6450,12695,13052,11662,12507,8760,10710,2743,4811,323,308,555,861,671,1358,1100,2153,2119,2552,2428,2050,4870,5799,2567,4472,57931,29419,8943,4741,35194,25,1
2021-04-23T23:59:59+02:00,1020,1174,1881,2765,2781,4082,4309,6339,11360,12000,11608,12444,8736,10663,2741,4808,322,308,555,861,670,1358,1099,2153,2117,2552,2427,2050,4869,5794,2567,4470,56460,29413,8943,4739,33308,20,0
2021-04-22T23:59:59+02:00,1010,1165,1854,2752,2719,4058,4133,6220,10742,11483,11520,12358,8706,10616,2738,4803,321,307,555,861,670,1357,1097,2153,2116,2552,2427,2048,4867,5792,2567,4470,54767,29406,8942,4734,33168,20,0
2021-04-21T23:59:59+02:00,994,1151,1778,2728,2598,4023,3988,6147,9256,10324,11444,12291,8694,10592,2735,4800,321,307,554,861,669,1357,1096,2153,2115,2552,2423,2044,4864,5790,2566,4468,51608,29388,8942,4732,32993,20,0
2021-04-20T23:59:59+02:00,994,1150,1777,2727,2595,4020,3984,6146,8961,10001,11417,12267,8690,10583,2734,4799,321,307,554,861,669,1357,1096,2152,2114,2551,2423,2043,4862,5789,2566,4468,50914,29384,8939,4729,32992,20,0
2021-04-19T23:59:59+02:00,992,1148,1777,2724,2594,4019,3982,6144,8961,10000,11417,12267,8690,10582,2734,4799,321,307,554,860,669,1357,1094,2152,2113,2551,2423,2043,4862,5789,2566,4468,50906,29381,8934,4728,32990,20,0
2021-04-18T23:59:59+02:00,992,1148,1775,2724,2592,4017,3982,6144,8961,10000,11417,12267,8690,10581,2734,4798,321,307,554,860,668,1357,1094,2151,2113,2551,2423,2043,4862,5789,2566,4468,50900,29380,8933,4727,32989,20,0
2021-04-17T23:59:59+02:00,992,1147,1772,2718,2515,3928,3926,6062,8944,9982,11294,12115,8687,10579,2734,4797,316,301,550,853,660,1347,1076,2138,2066,2525,2378,1991,4813,5721,2560,4461,50270,29010,8933,4727,32989,19,0
2021-04-16T23:59:59+02:00,963,1113,1661,2635,2312,3790,3677,5888,7225,8173,11096,11871,8633,10516,2731,4784,309,296,536,834,628,1310,995,2081,1842,2366,2231,1881,4626,5456,2500,4344,45930,28995,8858,3226,32280,14,0
2021-04-15T23:59:59+02:00,893,1061,1534,2547,2034,3638,3147,5560,6217,7208,10839,11538,8532,10393,2712,4761,309,296,535,833,626,1309,994,2078,1607,2225,2078,1751,4438,5246,2446,4241,42133,28950,8855,2053,31626,9,0
2021-04-14T23:59:59+02:00,878,1032,1489,2511,1947,3557,2978,5425,6123,7096,10676,11331,8450,10292,2700,4747,289,286,501,806,555,1249,788,1935,1387,2102,2012,1678,4307,5084,2432,4213,40758,27562,8851,2053,31623,9,0
2021-04-13T23:59:59+02:00,875,1026,1477,2508,1924,3538,2946,5391,5601,6520,10375,10992,8419,10258,2699,4746,289,284,501,805,555,1249,788,1935,1387,2101,2009,1677,4307,5084,2432,4210,40751,27560,6924,2044,31620,9,0
2021-04-12T23:59:59+02:00,875,1025,1476,2506,1924,3538,2945,5390,5600,6520,10374,10992,8419,10258,2699,4746,289,283,501,805,553,1249,786,1934,1386,2101,2009,1677,4307,5083,2432,4210,40747,27554,6922,2042,31618,9,0
2021-04-11T23:59:59+02:00,875,1025,1475,2506,1923,3538,2945,5390,5600,6520,10373,10991,8419,10258,2699,4746,289,283,500,805,553,1249,785,1934,1384,2101,2009,1677,4307,5083,2432,4210,40746,27550,6921,2042,31616,9,0
2021-04-10T23:59:59+02:00,873,1022,1472,2502,1906,3526,2877,5324,5472,6422,10143,10774,8367,10208,2695,4745,289,282,500,804,553,1249,784,1934,1384,2101,2005,1673,4302,5074,2431,4207,40177,27521,6921,2042,31230,9,0
2021-04-09T23:59:59+02:00,835,990,1376,2446,1803,3467,2748,5270,5334,6357,7766,7948,8303,10114,2685,4727,288,282,495,803,550,1247,781,1934,1382,2097,1986,1651,4280,5056,2428,4202,34706,27413,6920,2042,30543,7,0
2021-04-08T23:59:59+02:00,834,988,1373,2443,1801,3464,2740,5261,5323,6344,6977,7035,8261,10064,2682,4723,287,282,495,802,550,1246,780,1934,1380,2096,1984,1651,4279,5053,2428,4202,32858,27401,6920,2041,30535,7,0
2021-04-07T23:59:59+02:00,782,965,1297,2371,1714,3396,2548,5154,4584,5861,6310,6395,8203,10003,2676,4717,287,282,495,802,550,1243,780,1934,1380,2096,1984,1651,4279,5053,2428,4202,32854,27400,6919,2040,27203,6,0
2021-04-06T23:59:59+02:00,749,958,1278,2336,1690,3356,2518,5108,4511,5785,5948,6038,8182,9979,2671,4711,287,281,495,801,550,1243,780,1934,1380,2096,1984,1650,4279,5053,2428,4202,32850,27398,6919,2039,26049,6,0
2021-04-05T23:59:59+02:00,745,928,1237,2212,1619,3192,2399,4839,4351,5514,5642,5733,8165,9953,2669,4707,287,281,495,800,550,1243,780,1934,1380,2096,1984,1650,4279,5053,2428,4202,32849,27397,6919,2039,24137,6,0
2021-04-04T23:59:59+02:00,724,902,1147,1996,1485,2926,2184,4405,4002,5016,5398,5509,8133,9899,2668,4699,287,281,494,799,548,1242,779,1933,1307,2059,1621,1376,4121,4872,2384,4137,32844,26196,6919,2039,21330,5,0
2021-04-03T23:59:59+02:00,724,902,1147,1996,1484,2926,2183,4405,4002,5016,5398,5508,8133,9899,2668,4699,287,281,494,799,548,1242,779,1933,1307,2059,1621,1376,4121,4872,2384,4137,32842,26196,6919,2039,21329,5,0
2021-04-02T23:59:59+02:00,724,901,1147,1996,1484,2926,2183,4405,4001,5016,5398,5507,8132,9898,2667,4697,287,281,494,799,548,1242,779,1933,1306,2059,1621,1376,4121,4872,2384,4137,32841,26195,6919,2039,21322,5,0
2021-04-01T23:59:59+02:00,719,899,1144,1990,1476,2918,2169,4387,3910,4931,4905,4908,7429,9004,2665,4692,287,279,493,796,548,1241,776,1931,1268,2031,1473,1281,4022,4771,2373,4123,29940,25655,6893,2033,21313,5,0
2021-03-31T23:59:59+02:00,719,898,1142,1989,1472,2913,2165,4386,3893,4920,4734,4691,6663,8070,2653,4670,286,278,493,796,544,1238,771,1924,1163,1954,1083,1018,3620,4318,2266,3949,29822,23727,4871,1970,21285,4,0
2021-03-30T23:59:59+02:00,719,898,1141,1986,1460,2904,2156,4377,3850,4894,4536,4510,6414,7774,2644,4654,286,277,493,794,544,1238,771,1923,1163,1954,1083,1018,3620,4318,2265,3949,29819,23723,4867,1970,20231,3,0
2021-03-29T23:59:59+02:00,718,896,1141,1986,1459,2904,2156,4377,3847,4892,4533,4508,6411,7765,2642,4635,286,276,493,794,544,1238,771,1922,1163,1954,1083,1017,3620,4318,2265,3949,29813,23720,4862,1970,20195,3,0
2021-03-28T23:59:59+02:00,718,896,1141,1983,1457,2902,2155,4374,3846,4892,4532,4508,6408,7761,2642,4634,285,276,491,794,544,1238,770,1922,1163,1954,1083,1016,3620,4318,2265,3949,29811,23716,4857,1969,20181,3,0
2021-03-27T23:59:59+01:00,714,891,1137,1975,1449,2892,2136,4358,3804,4866,4483,4451,6365,7707,2636,4624,281,271,477,784,533,1226,722,1886,1003,1862,824,826,3481,4167,2104,3636,29459,22752,4857,1328,20172,3,0
2021-03-26T23:59:59+01:00,714,891,1136,1974,1446,2891,2133,4358,3799,4863,4471,4429,6354,7681,2628,4610,280,271,477,783,531,1226,720,1886,996,1854,687,731,2502,3010,1934,3423,29398,19980,4856,1328,20124,3,0
2021-03-25T23:59:59+01:00,713,890,1136,1974,1445,2888,2129,4352,3794,4859,4462,4418,6338,7649,2607,4556,280,271,477,783,530,1224,719,1886,995,1853,666,725,1325,1567,1652,3063,29383,16685,4851,1328,19976,3,0
2021-03-24T23:59:59+01:00,691,879,1098,1944,1374,2827,1923,4203,3570,4733,4402,4358,6203,7481,2593,4524,280,271,477,783,527,1224,718,1886,994,1853,666,725,1325,1566,1652,3061,28004,16678,4849,1327,19950,3,0
2021-03-23T23:59:59+01:00,691,877,1096,1943,1374,2827,1923,4203,3569,4730,4402,4358,6202,7481,2593,4523,280,271,477,783,527,1224,718,1886,994,1853,666,725,1325,1566,1652,3061,28000,16678,4846,1327,19946,3,0
2021-03-22T23:59:59+01:00,691,875,1094,1939,1371,2827,1921,4203,3568,4730,4402,4357,6202,7480,2593,4523,280,271,477,783,527,1223,717,1886,994,1852,666,725,1325,1566,1652,3061,27996,16675,4845,1327,19935,3,0
2021-03-21T23:59:59+01:00,691,875,1093,1938,1371,2825,1920,4202,3567,4729,4402,4357,6201,7480,2593,4523,280,271,477,783,527,1223,717,1886,994,1852,666,724,1325,1566,1652,3061,27993,16674,4844,1327,19930,3,0
2021-03-20T23:59:59+01:00,689,873,1091,1936,1365,2822,1904,4195,3536,4710,4184,4082,5683,6873,2583,4488,275,269,472,777,510,1213,696,1869,956,1823,596,647,1094,1307,1302,2515,27911,14991,4744,1327,18359,3,0
2021-03-19T23:59:59+01:00,681,867,1076,1916,1331,2785,1824,4139,3316,4550,4036,3975,5508,6630,2533,4402,275,269,472,777,510,1213,696,1868,955,1823,596,647,1094,1306,1301,2514,27909,14986,3309,1327,18351,3,0
2021-03-18T23:59:59+01:00,681,866,1075,1915,1330,2783,1824,4136,3086,4407,3882,3846,5328,6426,2481,4300,275,268,471,777,510,1211,696,1867,954,1822,594,645,856,1051,1190,2347,27897,14206,2120,1326,18349,2,0
2021-03-17T23:59:59+01:00,681,866,1074,1915,1330,2782,1824,4136,3086,4407,3882,3844,5327,6426,2481,4300,275,268,471,777,510,1211,696,1867,953,1822,593,645,856,1051,1190,2347,27895,14204,2120,1326,18346,2,0
2021-03-16T23:59:59+01:00,680,866,1074,1911,1329,2782,1822,4136,3086,4405,3881,3843,5327,6426,2480,4299,273,264,457,773,501,1199,680,1853,937,1812,591,644,854,1050,1189,2346,27888,14095,2116,1326,18343,2,0
2021-03-15T23:59:59+01:00,680,865,1072,1910,1326,2782,1818,4135,3085,4405,3881,3842,5326,6426,2480,4299,273,264,457,773,501,1199,680,1853,936,1811,591,644,854,1050,1189,2346,27883,14093,2114,1326,18335,2,0
2021-03-14T23:59:59+01:00,679,863,1069,1907,1324,2779,1816,4133,3080,4404,3881,3842,5326,6426,2480,4299,273,264,457,773,501,1199,680,1853,936,1811,591,644,854,1050,1189,2346,27880,14093,2114,1326,18314,2,0
2021-03-13T23:59:59+01:00,677,858,1062,1901,1315,2772,1811,4125,2967,4326,3412,3439,5121,6193,2435,4236,273,264,457,773,501,1199,679,1853,935,1811,568,628,553,754,767,1773,26614,12460,2114,1326,17922,2,0
2021-03-12T23:59:59+01:00,647,771,1039,1788,1294,2581,1779,3859,2923,4158,2267,2001,4761,5647,2432,4227,273,264,457,773,501,1199,678,1853,935,1811,568,627,553,754,767,1772,26603,12458,2114,1326,13457,1,0
2021-03-11T23:59:59+01:00,637,727,1031,1686,1286,2422,1767,3645,2877,4019,1703,1472,4275,5105,2422,4217,271,264,457,773,501,1199,678,1852,935,1808,568,626,551,753,685,1627,26053,12456,2102,1092,11136,0,0
2021-03-10T23:59:59+01:00,632,715,1021,1664,1277,2401,1754,3619,2768,3936,1312,1204,3866,4636,2327,4060,271,264,456,772,500,1199,678,1852,934,1808,568,626,549,751,685,1627,24071,12450,2101,1090,11020,0,0
2021-03-09T23:59:59+01:00,631,710,1013,1647,1267,2388,1751,3608,2762,3931,1308,1203,3866,4635,2326,4060,271,264,456,772,500,1199,678,1852,934,1808,568,626,549,751,685,1627,24068,12450,2101,1090,10937,0,0
2021-03-08T23:59:59+01:00,627,681,1002,1622,1252,2355,1743,3575,2741,3916,1307,1201,3866,4635,2326,4060,271,264,456,772,500,1199,678,1852,934,1808,568,626,548,751,685,1627,24064,12449,2100,1090,10745,0,0
2021-03-07T23:59:59+01:00,627,678,998,1618,1252,2352,1742,3572,2741,3914,1307,1201,3866,4635,2326,4060,271,264,456,772,499,1199,678,1852,934,1808,568,626,548,751,685,1627,24061,12448,2100,1090,10728,0,0
2021-03-06T23:59:59+01:00,591,631,879,1517,1012,2162,1324,3190,2321,3578,1027,982,3566,4258,2306,4042,271,264,456,772,497,1199,678,1852,934,1807,568,625,546,747,596,1453,23063,12445,2097,820,8226,0,0
2021-03-05T23:59:59+01:00,588,631,875,1514,1012,2161,1321,3187,2314,3573,883,885,2570,3063,2135,3810,269,264,451,760,493,1194,670,1834,920,1792,563,621,489,688,296,946,20218,12246,2087,4,8217,0,0
2021-03-04T23:59:59+01:00,570,588,838,1387,974,2007,1272,2985,2272,3475,868,877,1390,1625,1847,3446,269,264,450,760,493,1194,670,1834,920,1792,562,620,489,687,296,946,16924,12242,2086,4,7411,0,0
2021-03-03T23:59:59+01:00,564,555,815,1322,953,1945,1257,2941,2262,3431,868,876,1390,1625,1847,3446,269,264,450,760,493,1194,670,1834,920,1792,562,620,489,687,296,946,16923,12242,2086,4,7088,0,0
2021-03-02T23:59:59+01:00,563,553,812,1321,953,1945,1256,2940,2262,3431,868,876,1390,1625,1847,3446,269,264,450,760,493,1194,670,1834,920,1791,562,620,489,687,296,946,16922,12241,2086,4,7080,0,0
2021-03-01T23:59:59+01:00,563,551,811,1321,953,1945,1256,2940,2262,3430,868,875,1390,1624,1847,3446,269,264,450,760,493,1194,669,1833,920,1791,562,620,489,687,296,946,16920,12239,2085,4,7077,0,0
2021-02-28T23:59:59+01:00,562,549,811,1321,952,1945,1256,2940,2260,3429,868,874,1390,1624,1847,3446,269,264,450,760,493,1194,669,1832,920,1791,562,620,489,687,296,946,16917,12238,2085,4,7072,0,0
2021-02-27T23:59:59+01:00,557,547,800,1311,931,1934,1218,2912,2183,3379,748,758,1122,1334,1339,2572,268,264,450,760,492,1194,667,1831,919,1789,561,617,488,685,296,942,15197,12222,1378,1,7070,0,0
2021-02-26T23:59:59+01:00,547,526,771,1247,902,1821,1179,2754,1863,2958,707,730,1122,1334,1338,2571,268,264,450,760,492,1194,667,1831,919,1789,561,617,488,685,296,941,15192,12221,1378,1,5800,0,0
2021-02-25T23:59:59+01:00,513,484,709,1129,795,1628,1025,2454,1365,2408,656,685,874,1071,1228,2401,267,263,449,760,492,1193,666,1830,919,1789,561,617,488,685,296,941,14390,12216,1378,0,3657,0,0
2021-02-24T23:59:59+01:00,512,483,709,1128,794,1628,1025,2453,1365,2407,656,685,874,1071,1228,2401,267,263,449,760,492,1193,666,1830,919,1789,561,617,488,685,296,941,14390,12216,1377,0,3652,0,0
2021-02-23T23:59:59+01:00,510,479,694,1120,785,1617,1008,2439,1349,2397,654,684,872,1070,1227,2400,267,262,449,759,492,1193,666,1829,919,1789,561,617,488,685,296,941,14280,12213,1377,0,3648,0,0
2021-02-22T23:59:59+01:00,510,479,694,1120,783,1617,1008,2439,1348,2396,654,683,872,1070,1227,2400,267,262,449,759,492,1193,666,1829,919,1789,561,617,488,685,296,941,14278,12213,1377,0,3645,0,0
2021-02-21T23:59:59+01:00,510,479,694,1120,782,1617,1007,2439,1348,2396,653,683,872,1070,1227,2400,267,262,449,759,492,1193,666,1829,919,1789,561,617,488,685,296,941,14278,12213,1377,0,3642,0,0
2021-02-20T23:59:59+01:00,494,477,682,1114,761,1613,994,2437,1322,2375,626,664,563,768,797,1815,266,261,444,757,487,1187,661,1818,913,1787,558,614,484,685,292,936,12610,12150,1376,0,3516,0,0
2021-02-19T23:59:59+01:00,396,391,579,988,643,1458,854,2266,1083,2137,579,640,563,768,797,1815,263,261,440,755,485,1179,658,1802,906,1767,554,608,479,678,289,928,12608,12052,1376,0,1973,0,0
2021-02-18T23:59:59+01:00,274,267,465,785,504,1211,693,1871,946,1826,576,634,562,768,797,1815,262,260,438,752,483,1175,657,1788,902,1756,548,603,472,671,284,917,12607,11968,1376,0,11,0,0
2021-02-17T23:59:59+01:00,274,267,464,785,504,1211,693,1871,945,1826,575,634,562,767,797,1815,261,260,437,749,481,1173,654,1780,899,1749,543,598,463,649,273,898,12605,11867,1376,0,9,0,0
2021-02-16T23:59:59+01:00,274,267,462,784,503,1211,693,1871,945,1826,575,634,562,767,797,1815,250,256,431,733,469,1141,647,1705,874,1670,524,569,430,605,255,831,12605,11390,1376,0,5,0,0
2021-02-15T23:59:59+01:00,274,267,461,784,503,1210,691,1871,945,1826,575,634,562,767,797,1815,246,252,428,725,463,1116,631,1655,850,1616,503,535,412,561,242,768,12604,11003,1376,0,2,0,0
2021-02-14T23:59:59+01:00,274,267,461,784,502,1210,691,1871,945,1826,575,634,562,767,797,1815,246,252,428,725,463,1116,631,1649,848,1607,492,530,408,558,234,759,12603,10946,1376,0,2,0,0
2021-02-13T23:59:59+01:00,272,267,461,784,502,1210,691,1870,945,1826,575,634,562,767,797,1815,244,250,428,721,456,1105,622,1628,828,1574,473,503,392,533,221,722,12601,10700,1376,0,1,0,0
2021-02-12T23:59:59+01:00,272,267,461,783,502,1210,691,1869,941,1823,575,632,513,721,783,1811,227,242,408,687,435,1018,587,1467,741,1335,389,384,317,421,164,543,12477,9365,1376,0,1,0,0
2021-02-11T23:59:59+01:00,270,267,460,783,502,1210,691,1867,941,1820,574,631,510,718,698,1663,205,230,396,657,415,971,553,1373,695,1226,355,336,278,357,137,457,12465,8641,1139,0,1,0,0
2021-02-10T23:59:59+01:00,270,267,460,782,502,1210,690,1867,940,1820,573,631,510,717,697,1661,202,226,395,651,411,957,550,1353,683,1191,339,313,256,317,118,392,12458,8354,1139,0,0,0,0
2021-02-09T23:59:59+01:00,270,267,460,782,502,1210,689,1867,940,1818,573,631,510,717,697,1661,193,213,384,616,391,891,507,1260,630,1061,265,222,180,206,77,240,12455,7336,1139,0,0,0,0
2021-02-08T23:59:59+01:00,270,267,458,782,502,1210,689,1867,940,1818,573,631,510,717,697,1661,190,207,380,602,382,866,486,1210,603,991,234,181,144,155,62,184,12454,6877,1138,0,0,0,0
2021-02-07T23:59:59+01:00,270,267,458,782,502,1210,689,1867,940,1818,573,631,510,717,697,1660,189,207,380,598,380,861,481,1200,599,977,228,174,134,137,56,168,12453,6769,1138,0,0,0,0
2021-02-06T23:59:59+01:00,270,267,458,782,502,1210,689,1867,940,1818,573,631,508,712,607,1486,189,207,380,598,380,861,481,1200,599,977,228,174,134,137,56,168,12453,6769,867,0,0,0,0
2021-02-05T23:59:59+01:00,270,267,456,781,500,1208,686,1865,937,1815,568,627,501,697,299,962,183,198,363,567,367,821,461,1159,581,946,206,157,110,124,51,165,12437,6459,2,0,0,0,0
2021-02-04T23:59:59+01:00,270,266,455,775,497,1207,685,1860,932,1815,567,626,500,696,299,962,168,162,295,432,301,665,381,935,507,807,195,152,102,118,44,153,12410,5417,2,0,0,0,0
2021-02-03T23:59:59+01:00,269,266,455,774,497,1206,684,1859,931,1815,567,626,500,696,299,962,163,155,250,352,252,578,322,837,457,723,188,148,98,116,43,152,12404,4834,2,0,0,0,0
2021-02-02T23:59:59+01:00,269,265,455,771,497,1206,684,1855,931,1813,567,626,500,696,299,962,156,140,190,288,195,490,245,724,376,640,178,144,96,115,43,151,12394,4171,2,0,0,0,0
2021-02-01T23:59:59+01:00,269,265,453,770,496,1205,683,1851,928,1807,567,626,499,696,299,962,149,134,152,253,167,432,200,646,320,567,172,133,88,105,38,144,12374,3700,2,0,0,0,0
2021-01-31T23:59:59+01:00,269,265,453,770,496,1205,683,1851,928,1807,567,626,499,696,299,962,149,134,152,252,167,432,199,646,320,567,172,133,88,105,38,144,12374,3698,2,0,0,0,0
2021-01-30T23:59:59+01:00,269,265,453,770,496,1205,683,1851,924,1807,566,626,497,696,296,962,136,122,135,234,156,404,188,606,302,520,150,122,77,78,31,110,12364,3371,2,0,0,0,0
2021-01-29T23:59:59+01:00,266,265,449,767,494,1197,680,1834,917,1787,562,620,492,690,293,954,88,68,93,153,115,246,145,439,212,377,112,81,58,67,26,99,12265,2379,2,0,0,0,0
2021-01-28T23:59:59+01:00,266,265,448,767,493,1197,680,1834,917,1787,562,620,492,690,293,954,10,7,13,23,24,46,22,93,49,105,37,31,31,48,20,91,12263,650,2,0,0,0,0
2021-01-27T23:59:59+01:00,265,265,448,767,493,1197,680,1834,916,1787,562,620,492,690,293,954,10,7,13,23,23,46,22,91,48,105,37,31,31,48,20,91,12262,646,1,0,0,0,0
2021-01-26T23:59:59+01:00,265,265,448,766,493,1196,680,1834,916,1786,562,620,492,690,293,954,10,7,13,23,23,46,22,91,48,105,37,31,31,48,20,91,12259,646,1,0,0,0,0
2021-01-25T23:59:59+01:00,265,264,446,766,493,1195,680,1832,916,1785,562,620,491,688,293,954,6,1,5,13,11,21,13,39,22,46,18,15,10,15,7,19,12250,261,0,0,0,0,0
2021-01-24T23:59:59+01:00,265,264,446,766,492,1195,680,1831,916,1784,562,620,491,688,293,954,6,1,5,13,11,21,13,39,22,46,18,15,10,15,7,19,12247,261,0,0,0,0,0
2021-01-23T23:59:59+01:00,265,264,446,766,492,1195,680,1831,916,1784,562,620,491,688,293,954,6,1,5,13,11,21,13,39,22,46,18,15,10,15,7,19,12247,261,0,0,0,0,0
2021-01-22T23:59:59+01:00,263,262,446,766,491,1194,680,1830,916,1784,562,620,491,688,275,910,6,1,5,13,11,21,13,39,22,46,18,15,10,15,7,19,12178,261,0,0,0,0,0
2021-01-21T23:59:59+01:00,260,258,444,757,488,1186,677,1809,907,1767,554,612,472,663,263,873,6,1,5,13,11,21,13,39,22,46,18,15,10,15,7,19,11990,261,0,0,0,0,0
2021-01-20T23:59:59+01:00,259,256,440,752,486,1184,674,1801,904,1762,548,607,465,644,255,856,6,1,5,13,11,21,13,39,22,46,18,15,10,15,7,19,11893,261,0,0,0,0,0
2021-01-19T23:59:59+01:00,254,256,438,744,480,1169,671,1770,893,1721,536,590,454,627,243,820,6,1,5,13,11,21,13,39,22,46,18,15,10,15,7,19,11666,261,0,0,0,0,0
2021-01-18T23:59:59+01:00,250,252,435,733,475,1148,654,1733,868,1673,517,557,439,589,230,763,6,1,5,12,11,21,13,39,22,46,18,15,10,15,7,19,11316,260,0,0,0,0,0
2021-01-17T23:59:59+01:00,250,251,435,733,475,1147,651,1726,862,1661,500,546,424,567,215,737,6,1,4,12,11,21,13,39,22,46,18,15,10,15,7,19,11180,259,0,0,0,0,0
2021-01-16T23:59:59+01:00,242,243,431,713,462,1112,626,1638,815,1512,458,462,393,514,194,680,0,0,0,0,0,0,0,0,0,0,0,0,0,0,0,0,10495,0,0,0,0,0,0
2021-01-15T23:59:59+01:00,233,236,423,693,448,1061,606,1538,776,1398,409,405,342,445,175,573,0,0,0,0,0,0,0,0,0,0,0,0,0,0,0,0,9761,0,0,0,0,0,0
2021-01-14T23:59:59+01:00,210,223,405,651,425,999,563,1421,709,1245,353,331,293,351,133,454,0,0,0,0,0,0,0,0,0,0,0,0,0,0,0,0,8766,0,0,0,0,0,0
2021-01-13T23:59:59+01:00,208,221,404,644,420,980,559,1399,695,1210,335,307,268,311,114,390,0,0,0,0,0,0,0,0,0,0,0,0,0,0,0,0,8465,0,0,0,0,0,0
2021-01-12T23:59:59+01:00,191,210,389,605,389,886,497,1245,616,1021,240,191,161,162,65,194,0,0,0,0,0,0,0,0,0,0,0,0,0,0,0,0,7062,0,0,0,0,0,0
2021-01-11T23:59:59+01:00,187,205,385,593,376,859,478,1198,597,967,220,162,128,117,47,144,0,0,0,0,0,0,0,0,0,0,0,0,0,0,0,0,6663,0,0,0,0,0,0
2021-01-10T23:59:59+01:00,186,201,374,579,372,846,469,1178,585,948,216,162,125,117,45,142,0,0,0,0,0,0,0,0,0,0,0,0,0,0,0,0,6545,0,0,0,0,0,0
2021-01-09T23:59:59+01:00,166,169,328,500,331,727,408,998,497,799,151,106,73,73,31,105,0,0,0,0,0,0,0,0,0,0,0,0,0,0,0,0,5462,0,0,0,0,0,0
2021-01-08T23:59:59+01:00,98,79,232,349,244,434,294,667,339,505,83,65,48,58,24,93,0,0,0,0,0,0,0,0,0,0,0,0,0,0,0,0,3612,0,0,0,0,0,0
2021-01-07T23:59:59+01:00,12,11,55,97,72,124,94,192,120,176,44,33,32,50,21,93,0,0,0,0,0,0,0,0,0,0,0,0,0,0,0,0,1226,0,0,0,0,0,0
2021-01-06T23:59:59+01:00,8,4,9,23,17,46,23,91,52,108,38,31,32,50,21,93,0,0,0,0,0,0,0,0,0,0,0,0,0,0,0,0,646,0,0,0,0,0,0
2021-01-05T23:59:59+01:00,8,4,9,23,17,46,22,91,51,108,38,31,32,50,21,93,0,0,0,0,0,0,0,0,0,0,0,0,0,0,0,0,644,0,0,0,0,0,0
2021-01-04T23:59:59+01:00,6,1,5,13,11,23,14,41,23,47,19,15,11,15,7,20,0,0,0,0,0,0,0,0,0,0,0,0,0,0,0,0,271,0,0,0,0,0,0
2021-01-03T23:59:59+01:00,6,1,5,13,11,23,14,41,23,47,19,15,11,15,7,20,0,0,0,0,0,0,0,0,0,0,0,0,0,0,0,0,271,0,0,0,0,0,0
2021-01-02T23:59:59+01:00,6,1,5,13,11,23,14,41,23,47,19,15,11,15,7,20,0,0,0,0,0,0,0,0,0,0,0,0,0,0,0,0,271,0,0,0,0,0,0
2021-01-01T23:59:59+01:00,6,1,5,13,11,23,14,41,23,47,19,15,11,15,7,20,0,0,0,0,0,0,0,0,0,0,0,0,0,0,0,0,271,0,0,0,0,0,0
2020-12-31T23:59:59+01:00,6,1,5,13,11,23,14,41,23,47,19,15,11,15,7,20,0,0,0,0,0,0,0,0,0,0,0,0,0,0,0,0,271,0,0,0,0,0,0
2020-12-30T23:59:59+01:00,6,1,5,13,11,23,14,41,23,47,19,15,11,15,7,20,0,0,0,0,0,0,0,0,0,0,0,0,0,0,0,0,271,0,0,0,0,0,0
2020-12-29T23:59:59+01:00,6,1,5,13,11,23,14,41,23,47,19,15,11,15,7,20,0,0,0,0,0,0,0,0,0,0,0,0,0,0,0,0,271,0,0,0,0,0,0
2020-12-28T23:59:59+01:00,6,1,5,13,11,23,14,41,23,47,19,15,11,15,7,20,0,0,0,0,0,0,0,0,0,0,0,0,0,0,0,0,271,0,0,0,0,0,0
2020-12-27T23:59:59+01:00,6,1,4,12,11,23,14,41,23,47,19,15,11,15,7,20,0,0,0,0,0,0,0,0,0,0,0,0,0,0,0,0,269,0,0,0,0,0,0
