Datum,<24_1_m,<24_1_w,25-34_1_m,25-34_1_w,35-44_1_m,35-44_1_w,45-54_1_m,45-54_1_w,55-64_1_m,55-64_1_w,65-74_1_m,65-74_1_w,75-84_1_m,75-84_1_w,>84_1_m,>84_1_w,<24_2_m,<24_2_w,25-34_2_m,25-34_2_w,35-44_2_m,35-44_2_w,45-54_2_m,45-54_2_w,55-64_2_m,55-64_2_w,65-74_2_m,65-74_2_w,75-84_2_m,75-84_2_w,>84_2_m,>84_2_w,bp_1,bp_2,mo_1,mo_2,az_1,az_2,ja
2021-06-18T23:59:59+02:00,7428,7473,10771,10032,13620,14031,18708,18855,20163,19429,13358,14637,8855,11072,2359,4339,1673,1926,2617,3038,3572,4872,10914,11777,14794,14772,10782,11930,7987,9927,2226,4065,137697,80632,18221,13035,35375,19368,3837
2021-06-17T23:59:59+02:00,7362,7409,10689,9945,13325,13767,18389,18582,20082,19363,13343,14603,8844,11061,2356,4335,1624,1858,2534,2953,3312,4629,9945,10926,14626,14608,10738,11881,7973,9908,2222,4058,136121,77666,18221,13031,35374,19359,3739
2021-06-16T23:59:59+02:00,7354,7404,10679,9944,13323,13765,18388,18581,20081,19363,13343,14603,8843,11060,2356,4335,1562,1804,2435,2875,3110,4438,8825,9956,14179,14261,10668,11775,7945,9875,2215,4049,136094,73851,18219,13031,35374,19355,3735
2021-06-15T23:59:59+02:00,7319,7383,10639,9919,13296,13748,18367,18560,20067,19351,13337,14595,8840,11056,2354,4334,1474,1737,2304,2777,3006,4345,7900,9218,14006,14115,10648,11749,7934,9858,2207,4046,136082,73843,18217,10652,35374,19337,3492
2021-06-14T23:59:59+02:00,7295,7361,10607,9897,13277,13728,18352,18545,20048,19341,13328,14586,8837,11054,2354,4331,1451,1718,2271,2753,2986,4324,7884,9201,13986,14105,10639,11740,7931,9856,2207,4043,136070,73834,18217,10652,35374,19329,3280
2021-06-13T23:59:59+02:00,7294,7361,10602,9894,13277,13727,18352,18545,20048,19341,13328,14586,8837,11054,2354,4331,1447,1709,2268,2745,2973,4312,7815,9151,13938,14075,10628,11718,7925,9846,2204,4043,136062,73542,18217,10652,35374,19325,3278
2021-06-12T23:59:59+02:00,6487,6576,10571,9871,13247,13701,18328,18525,20008,19299,13262,14527,8837,11053,2353,4331,1438,1689,2256,2729,2952,4281,7735,9061,13760,13937,10373,11410,7483,9349,2203,4042,134107,73039,18217,10652,35374,17729,3278
2021-06-11T23:59:59+02:00,6480,6568,10559,9862,13235,13693,18322,18521,20005,19296,13262,14527,8837,11053,2353,4331,1351,1585,2127,2570,2785,4025,5702,7311,12600,12971,10248,11276,7404,9259,2198,4027,134035,65789,18217,10651,35374,17721,3278
2021-06-10T23:59:59+02:00,5363,5524,10503,9813,13076,13566,18086,18312,19803,19144,13252,14515,8832,11045,2351,4328,1283,1519,2002,2459,2635,3831,4903,6553,11623,12102,9981,10988,7326,9187,2189,4005,130722,61018,18216,10651,35374,17716,3201
2021-06-09T23:59:59+02:00,4739,4892,10315,9680,12994,13493,17749,18026,19608,18992,13243,14502,8828,11038,2350,4325,1204,1468,1898,2390,2539,3715,4548,6228,11224,11795,9870,10841,7284,9127,2182,3998,128354,60947,18201,8808,35374,17711,2845
2021-06-08T23:59:59+02:00,4724,4885,10305,9671,12983,13487,17740,18017,19601,18990,13242,14499,8827,11037,2349,4323,1150,1459,1881,2375,2514,3701,4525,6211,11214,11792,9868,10836,7283,9126,2181,3995,128341,60834,18198,8803,35374,17707,2767
2021-06-07T23:59:59+02:00,4707,4878,10274,9654,12974,13472,17717,18008,19587,18979,13239,14493,8824,11035,2347,4321,1136,1452,1851,2359,2504,3684,4501,6201,11198,11778,9865,10829,7280,9125,2179,3993,128332,60825,18196,8800,35373,17702,2608
2021-06-06T23:59:59+02:00,4700,4874,10271,9650,12972,13472,17717,18007,19586,18979,13238,14492,8824,11035,2347,4321,1131,1449,1842,2357,2495,3673,4492,6195,11073,11634,9853,10824,7280,9125,2179,3993,128320,60505,18196,8799,35372,17694,2597
2021-06-05T23:59:59+02:00,4282,4463,7758,7630,12898,13423,17687,17980,19541,18928,13116,14351,8758,10952,2345,4312,1042,1367,1673,2258,2332,3593,4250,6050,10140,10728,9520,10435,7194,8995,2172,3977,122393,57252,18196,8799,35370,17210,2465
2021-06-04T23:59:59+02:00,4200,4403,7585,7488,12451,13044,17554,17879,19306,18688,13004,14206,8708,10886,2333,4297,1010,1283,1644,2159,2291,3418,4173,5788,9484,10052,8649,9368,6980,8677,2169,3968,120007,55790,18196,8797,35370,14067,2459
2021-06-03T23:59:59+02:00,3786,4006,7550,7470,12337,12933,17518,17839,19220,18611,12999,14203,8706,10883,2333,4296,973,1207,1601,2032,2211,3211,3724,5199,9140,9632,7801,8394,6634,8196,2168,3964,118777,54166,18195,8796,35366,10773,2352
2021-06-02T23:59:59+02:00,3269,3582,6448,6598,12132,12766,17459,17783,19096,18505,12940,14156,8690,10862,2331,4290,954,1172,1526,2008,2098,3171,3550,5089,7789,8552,7732,8324,6621,8173,2166,3959,115105,51075,18194,8796,35366,10771,2242
2021-06-01T23:59:59+02:00,2936,3223,5955,6169,11891,12537,17426,17755,19038,18463,12833,14048,8684,10858,2330,4287,937,1162,1510,2001,2082,3158,3521,5072,7492,8225,7698,8293,6613,8160,2164,3959,115087,50400,15871,8777,35366,10761,2109
2021-05-31T23:59:59+02:00,2919,3219,5937,6159,11861,12515,17394,17743,18998,18444,12831,14044,8680,10855,2330,4286,919,1155,1491,1991,2050,3136,3488,5059,7451,8206,7696,8288,6609,8157,2164,3958,115079,50391,15867,8772,35366,10752,1903
2021-05-30T23:59:59+02:00,2913,3217,5937,6156,11861,12514,17391,17742,18997,18444,12831,14044,8680,10855,2330,4286,917,1152,1487,1988,2050,3134,3487,5058,7450,8206,7696,8288,6609,8157,2164,3958,115065,50388,15867,8772,35364,10739,1902
2021-05-29T23:59:59+02:00,2892,3198,5756,5984,11813,12478,17384,17738,18988,18443,12831,14042,8678,10855,2330,4286,871,1094,1353,1883,1780,2872,3073,4625,7158,7915,7562,8120,6434,7932,2162,3953,114563,49746,15867,8772,35364,8367,1902
2021-05-28T23:59:59+02:00,2715,3024,5313,5596,11204,11908,17318,17679,18966,18415,12821,14027,8661,10827,2328,4279,846,1069,1292,1828,1689,2793,2929,4508,5557,6197,7432,7965,6398,7886,2160,3943,111952,45463,15867,8772,35364,8359,1898
2021-05-27T23:59:59+02:00,2688,2999,5222,5491,10592,11379,17278,17651,18952,18401,12813,14019,8659,10826,2328,4279,784,971,1183,1748,1479,2645,2522,4184,4691,5276,7223,7691,6320,7788,2145,3925,110574,41691,15864,8767,35362,8340,1777
2021-05-26T23:59:59+02:00,2637,2918,5035,5313,10172,11024,17226,17599,18894,18355,12801,14002,8648,10822,2325,4268,767,923,1129,1714,1387,2565,2314,4001,4568,5151,7049,7469,6256,7701,2136,3915,109161,40296,15861,8766,35362,8328,1655
2021-05-25T23:59:59+02:00,2633,2910,5006,5291,10146,11002,17202,17582,18881,18349,12796,14000,8646,10819,2325,4268,760,909,1076,1691,1339,2522,2236,3939,3845,4377,6934,7325,6230,7669,2135,3915,109158,40290,15858,6815,35362,8319,1478
2021-05-24T23:59:59+02:00,2623,2904,4995,5286,10136,10996,17177,17560,18857,18326,12786,13991,8644,10808,2324,4265,750,904,1064,1684,1328,2515,2211,3917,3821,4353,6923,7316,6228,7658,2134,3912,109156,40285,15858,6815,35362,8316,1302
2021-05-23T23:59:59+02:00,2603,2869,4890,5200,10023,10890,17174,17559,18856,18325,12785,13989,8641,10803,2322,4265,748,902,1063,1684,1328,2515,2211,3917,3821,4352,6923,7316,6228,7658,2134,3912,108672,40281,15858,6815,35362,8314,1302
2021-05-22T23:59:59+02:00,2583,2848,4875,5182,9947,10808,17147,17544,18809,18285,12762,13959,8637,10797,2322,4265,747,900,1062,1680,1325,2512,2208,3912,3804,4334,6079,6416,6176,7593,2128,3907,108248,38352,15858,6815,35362,8314,1302
2021-05-21T23:59:59+02:00,2539,2811,4759,5080,9756,10638,17134,17527,18791,18275,12757,13953,8635,10795,2317,4254,734,864,1025,1617,1272,2370,2114,3720,3390,3850,4408,4409,6138,7527,2124,3896,107513,34377,15858,6815,35360,6976,1290
2021-05-20T23:59:59+02:00,2506,2769,4677,5019,9514,10396,17106,17491,18742,18226,12727,13917,8619,10781,2317,4251,665,726,905,1304,1093,1950,1868,3157,2826,3199,3623,3508,6096,7479,2121,3891,106671,32560,15856,6815,35350,3855,1181
2021-05-19T23:59:59+02:00,2318,2578,4136,4551,8018,9135,17008,17364,18623,18106,12687,13874,8610,10755,2316,4250,646,677,868,1256,1063,1900,1843,3105,2779,3156,3615,3497,6092,7477,2121,3890,102050,32536,15854,6813,35349,3560,1076
2021-05-18T23:59:59+02:00,2260,2521,3828,4253,7285,8483,16954,17320,18539,18026,12657,13837,8559,10684,2310,4242,640,672,863,1255,1053,1890,1813,3089,2771,3139,3612,3493,6088,7473,2121,3890,102031,32533,13416,6808,35345,3555,966
2021-05-17T23:59:59+02:00,2252,2512,3804,4240,7244,8454,16927,17307,18517,18002,12648,13818,8558,10684,2310,4242,632,664,840,1241,1013,1861,1785,3076,2748,3114,3603,3476,6088,7472,2121,3890,102024,32528,13414,6808,35345,3552,736
2021-05-16T23:59:59+02:00,2247,2507,3795,4232,7045,8279,16921,17303,18512,17997,12644,13817,8557,10683,2310,4242,632,664,840,1240,1012,1860,1784,3076,2747,3114,3603,3476,6088,7472,2121,3890,101602,32526,13413,6808,35341,3550,735
2021-05-15T23:59:59+02:00,2213,2466,3758,4196,6942,8142,16661,17065,18466,17958,12627,13801,8549,10679,2310,4240,632,663,840,1240,1012,1860,1782,3075,2747,3114,3602,3476,6087,7472,2121,3890,100584,32522,13413,6808,35341,3548,735
2021-05-14T23:59:59+02:00,2093,2303,3401,3853,5216,6551,14275,15083,18414,17894,12607,13767,8542,10669,2306,4237,632,662,838,1240,1012,1860,1781,3074,2741,3113,3598,3468,6085,7471,2121,3890,91734,32505,13413,6808,35339,3548,725
2021-05-13T23:59:59+02:00,2062,2250,3360,3804,5083,6431,14077,14911,18266,17768,12538,13675,8512,10625,2306,4236,626,659,831,1229,1001,1849,1759,3053,2631,3014,2505,2122,5081,6224,2112,3872,90527,29501,13317,4797,35337,3547,723
2021-05-12T23:59:59+02:00,2062,2250,3359,3804,5083,6431,14077,14911,18266,17768,12538,13675,8512,10625,2306,4236,626,659,831,1229,1001,1849,1758,3052,2630,3012,2505,2121,5081,6223,2112,3872,90526,29499,13317,4792,35337,3547,723
2021-05-11T23:59:59+02:00,2013,2200,3261,3727,5004,6365,13139,14165,18102,17633,12524,13655,8506,10614,2300,4233,625,656,828,1225,1000,1849,1756,3052,2623,3008,2504,2120,5079,6222,2111,3872,90519,29494,10878,4780,35329,3541,715
2021-05-10T23:59:59+02:00,1995,2197,3258,3725,4998,6361,13138,14164,18101,17633,12524,13655,8506,10614,2300,4233,624,655,828,1225,1000,1849,1755,3052,2623,3007,2503,2120,5079,6222,2111,3872,90507,29493,10875,4780,35305,3537,715
2021-05-09T23:59:59+02:00,1955,2147,3203,3713,4926,6322,13081,14148,18037,17574,12506,13637,8503,10605,2298,4231,620,652,821,1224,990,1844,1746,3050,2619,3006,2503,2118,5078,6221,2111,3871,90040,29490,10872,4779,35298,3529,676
2021-05-08T23:59:59+02:00,1918,2109,3165,3668,4840,6232,12746,13854,18015,17548,12500,13630,8501,10603,2297,4231,608,651,813,1224,980,1844,1739,3050,2603,2994,2502,2118,5078,6220,2110,3870,89011,29487,10872,4779,35298,3462,676
2021-05-07T23:59:59+02:00,1757,1967,2906,3497,4084,5474,11595,12744,17862,17430,12470,13601,8484,10589,2289,4224,497,475,695,995,827,1513,1592,2618,2445,2691,2499,2115,5076,6217,2107,3867,84259,29482,10871,4779,35285,1410,558
2021-05-06T23:59:59+02:00,1689,1784,2767,3374,3709,5112,9905,11291,17390,17031,12321,13457,8448,10528,2287,4219,370,405,592,897,678,1418,1360,2404,2196,2483,2491,2109,5074,6211,2107,3866,78792,29467,10870,4778,35270,36,380
2021-05-05T23:59:59+02:00,1624,1704,2683,3297,3510,4924,8720,10243,16934,16673,12247,13346,8421,10491,2280,4208,369,405,591,895,675,1414,1314,2355,2188,2476,2488,2108,5074,6205,2107,3864,74921,29461,10866,4777,35263,35,255
2021-05-04T23:59:59+02:00,1611,1702,2680,3291,3508,4924,8718,10242,16933,16673,12247,13346,8421,10491,2280,4208,369,404,591,894,673,1414,1314,2355,2187,2476,2488,2108,5074,6205,2107,3863,74913,29458,10855,4777,35253,33,254
2021-05-03T23:59:59+02:00,1609,1696,2672,3285,3497,4917,8646,10182,16921,16667,12243,13344,8421,10491,2279,4207,366,397,587,890,660,1408,1242,2295,2176,2470,2484,2106,5074,6205,2106,3862,74904,29457,10855,4777,35253,29,65
2021-05-02T23:59:59+02:00,1601,1691,2669,3282,3482,4904,8575,10128,16869,16636,12232,13320,8415,10481,2276,4207,364,396,587,890,660,1407,1242,2295,2174,2470,2484,2105,5073,6204,2106,3862,74598,29452,10855,4776,35253,29,62
2021-05-01T23:59:59+02:00,1596,1684,2660,3272,3473,4883,8512,10064,16726,16522,12209,13299,8405,10476,2276,4207,364,396,587,890,660,1407,1242,2295,2174,2470,2484,2105,5071,6203,2105,3861,74094,29447,10855,4776,35253,29,62
2021-04-30T23:59:59+02:00,1515,1585,2532,3101,3307,4603,6410,8234,15546,15520,12077,13152,8320,10374,2264,4176,364,396,586,889,659,1406,1239,2293,2171,2468,2481,2095,5059,6194,2098,3844,66600,29430,10855,4775,35253,29,8
2021-04-29T23:59:59+02:00,1450,1542,2422,2983,3181,4420,5601,7454,14558,14611,11793,12862,8233,10301,2255,4151,362,395,586,888,659,1405,1237,2293,2170,2466,2478,2091,5059,6191,2097,3842,61705,29410,10855,4772,35249,29,8
2021-04-28T23:59:59+02:00,1382,1521,2356,2948,3114,4335,5262,7141,14168,14308,11690,12725,8195,10249,2251,4146,361,395,582,887,658,1405,1236,2292,2169,2459,2476,2089,5056,6186,2094,3840,61588,29409,8953,4747,35249,28,1
2021-04-27T23:59:59+02:00,1362,1518,2349,2948,3112,4334,5260,7141,14167,14307,11689,12724,8195,10249,2251,4146,361,395,582,887,657,1403,1236,2292,2168,2458,2476,2088,5056,6186,2094,3840,61556,29407,8948,4743,35247,28,1
2021-04-26T23:59:59+02:00,1362,1515,2347,2948,3110,4333,5234,7125,14137,14279,11688,12721,8195,10249,2251,4145,361,395,582,887,657,1403,1236,2292,2167,2457,2476,2088,5056,6186,2094,3840,61549,29407,8944,4742,35145,27,1
2021-04-25T23:59:59+02:00,1360,1515,2342,2948,3105,4326,5223,7118,14002,14127,11678,12716,8195,10249,2251,4145,361,395,582,887,656,1402,1235,2290,2167,2457,2476,2088,5056,6186,2094,3840,61228,29404,8942,4740,35129,27,1
2021-04-24T23:59:59+02:00,1282,1463,2196,2859,2970,4272,5000,6995,13102,13264,11454,12446,8145,10158,2245,4133,361,395,582,887,655,1401,1235,2290,2167,2456,2474,2088,5053,6185,2094,3840,57913,29397,8941,4740,35129,25,1
2021-04-23T23:59:59+02:00,1168,1438,1977,2835,2826,4238,4871,6860,11775,12233,11407,12380,8125,10121,2243,4131,360,395,582,887,654,1401,1233,2290,2165,2456,2474,2087,5052,6181,2094,3838,56442,29391,8941,4738,33245,20,0
2021-04-22T23:59:59+02:00,1155,1429,1950,2820,2761,4212,4421,6532,11415,11912,11337,12309,8098,10074,2241,4129,359,394,582,887,654,1400,1231,2290,2164,2456,2474,2086,5050,6179,2094,3838,54751,29385,8940,4733,33104,20,0
2021-04-21T23:59:59+02:00,1135,1414,1865,2796,2640,4176,4268,6448,9933,10750,11275,12256,8088,10052,2239,4126,359,394,581,887,653,1400,1230,2290,2162,2456,2470,2083,5047,6176,2094,3837,51592,29368,8940,4731,32929,20,0
2021-04-20T23:59:59+02:00,1135,1413,1864,2795,2637,4174,4263,6447,9637,10425,11249,12233,8085,10044,2238,4125,359,394,581,887,653,1400,1230,2289,2161,2455,2469,2082,5046,6175,2094,3837,50899,29364,8937,4728,32928,20,0
2021-04-19T23:59:59+02:00,1133,1411,1863,2792,2637,4172,4261,6446,9637,10424,11249,12232,8085,10044,2238,4125,359,394,581,886,653,1400,1228,2289,2160,2455,2469,2082,5046,6175,2094,3837,50891,29361,8932,4727,32926,20,0
2021-04-18T23:59:59+02:00,1132,1411,1861,2792,2636,4170,4261,6446,9637,10424,11249,12232,8085,10043,2238,4124,359,394,581,886,652,1400,1228,2288,2160,2455,2469,2082,5046,6175,2094,3837,50885,29360,8931,4726,32925,20,0
2021-04-17T23:59:59+02:00,1132,1410,1851,2780,2559,4082,4210,6369,9621,10405,11127,12081,8082,10041,2238,4123,352,385,578,881,645,1391,1203,2273,2113,2429,2425,2026,5002,6112,2089,3831,50255,28990,8931,4726,32925,19,0
2021-04-16T23:59:59+02:00,1099,1371,1732,2693,2340,3932,3967,6187,7878,8569,10966,11883,8036,9986,2236,4112,345,380,560,860,614,1356,1108,2201,1878,2273,2289,1914,4820,5848,2041,3727,45915,28975,8856,3225,32216,14,0
2021-04-15T23:59:59+02:00,1016,1315,1602,2598,2046,3774,3404,5838,6888,7590,10741,11586,7950,9879,2219,4091,345,380,558,859,613,1355,1105,2198,1624,2113,2144,1793,4628,5621,2005,3650,42119,28929,8853,2053,31565,9,0
2021-04-14T23:59:59+02:00,1000,1280,1549,2558,1955,3696,3243,5702,6792,7479,10567,11367,7884,9793,2209,4081,321,369,525,826,541,1294,862,2038,1441,2008,2073,1718,4504,5461,1994,3629,40744,27542,8849,2053,31562,9,0
2021-04-13T23:59:59+02:00,997,1274,1532,2554,1935,3676,3203,5666,6081,6698,10458,11231,7860,9765,2208,4081,321,366,525,826,541,1294,862,2038,1441,2007,2070,1717,4504,5461,1994,3626,40737,27540,6923,2044,31559,9,0
2021-04-12T23:59:59+02:00,997,1273,1531,2552,1935,3676,3202,5665,6080,6698,10457,11231,7860,9765,2208,4081,321,365,525,826,539,1294,860,2037,1440,2007,2070,1717,4504,5460,1994,3626,40733,27534,6921,2042,31557,9,0
2021-04-11T23:59:59+02:00,997,1273,1530,2552,1934,3676,3202,5665,6080,6698,10456,11230,7860,9765,2208,4081,321,365,524,826,539,1294,859,2037,1438,2007,2070,1717,4504,5460,1994,3626,40732,27530,6920,2042,31555,9,0
2021-04-10T23:59:59+02:00,995,1270,1526,2547,1918,3665,3128,5588,5957,6606,10209,11006,7824,9727,2206,4080,321,363,524,826,539,1294,858,2037,1438,2007,2065,1712,4499,5452,1994,3623,40163,27501,6920,2042,31169,9,0
2021-04-09T23:59:59+02:00,948,1229,1433,2493,1808,3613,2997,5526,5786,6485,7873,8238,7768,9635,2197,4066,320,363,519,825,536,1292,854,2036,1437,2003,2044,1687,4477,5436,1993,3620,34694,27393,6919,2042,30482,7,0
2021-04-08T23:59:59+02:00,947,1226,1430,2490,1806,3610,2987,5517,5776,6470,7082,7326,7729,9587,2194,4062,319,363,519,824,536,1291,853,2036,1435,2002,2042,1686,4476,5434,1993,3620,32846,27381,6919,2041,30474,7,0
2021-04-07T23:59:59+02:00,891,1200,1345,2417,1725,3538,2744,5397,4815,5750,6691,6944,7678,9528,2189,4056,319,363,519,823,536,1289,853,2036,1435,2002,2042,1686,4476,5434,1993,3620,32842,27380,6918,2040,27148,6,0
2021-04-06T23:59:59+02:00,854,1192,1327,2380,1704,3498,2711,5349,4688,5615,6384,6649,7658,9506,2186,4050,319,362,519,822,536,1289,853,2036,1435,2002,2042,1685,4476,5434,1993,3620,32838,27378,6918,2039,25995,6,0
2021-04-05T23:59:59+02:00,850,1157,1279,2250,1627,3321,2595,5076,4522,5358,6096,6355,7642,9486,2184,4046,319,362,519,821,536,1289,853,2036,1435,2002,2042,1685,4476,5434,1993,3620,32837,27377,6918,2039,24089,6,0
2021-04-04T23:59:59+02:00,827,1120,1178,2024,1487,3042,2378,4631,4158,4875,5882,6145,7619,9448,2183,4039,319,362,517,820,535,1288,852,2035,1321,1944,1696,1398,4335,5269,1956,3573,32832,26176,6918,2039,21286,5,0
2021-04-03T23:59:59+02:00,827,1120,1178,2024,1486,3042,2377,4631,4158,4875,5882,6144,7619,9448,2183,4039,319,362,517,820,535,1288,852,2035,1321,1944,1696,1398,4335,5269,1956,3573,32830,26176,6918,2039,21285,5,0
2021-04-02T23:59:59+02:00,827,1119,1178,2024,1486,3042,2377,4631,4157,4874,5882,6144,7618,9447,2182,4037,319,362,517,820,535,1288,852,2035,1320,1944,1696,1398,4335,5269,1956,3573,32829,26175,6918,2039,21278,5,0
2021-04-01T23:59:59+02:00,822,1117,1175,2017,1477,3034,2362,4611,4065,4788,4953,4990,7354,9111,2180,4033,318,359,517,818,534,1287,850,2032,1282,1917,1516,1274,4265,5195,1948,3561,29928,25635,6892,2033,21269,5,0
2021-03-31T23:59:59+02:00,821,1116,1174,2015,1473,3030,2356,4609,4047,4772,4779,4772,6591,8184,2171,4012,317,358,515,818,532,1284,844,2024,1149,1827,1129,1001,3852,4715,1879,3440,29811,23710,4870,1970,21241,4,0
2021-03-30T23:59:59+02:00,821,1116,1171,2012,1462,3021,2344,4597,4000,4743,4579,4596,6354,7888,2164,3999,317,357,515,816,532,1284,844,2023,1149,1827,1129,1001,3852,4715,1878,3440,29808,23706,4866,1970,20193,3,0
2021-03-29T23:59:59+02:00,820,1114,1171,2012,1461,3021,2344,4597,3996,4741,4577,4594,6351,7876,2162,3983,317,356,515,816,532,1284,844,2022,1149,1827,1129,1000,3852,4715,1878,3440,29802,23703,4861,1970,20157,3,0
2021-03-28T23:59:59+02:00,820,1114,1171,2008,1459,3020,2343,4594,3996,4741,4576,4593,6348,7873,2162,3982,316,356,513,816,532,1284,843,2022,1149,1827,1129,999,3852,4715,1878,3440,29800,23699,4857,1969,20143,3,0
2021-03-27T23:59:59+01:00,814,1106,1168,2002,1452,3010,2318,4577,3952,4715,4528,4532,6311,7824,2157,3973,312,351,496,805,520,1271,786,1980,978,1717,879,829,3690,4509,1755,3188,29448,22735,4857,1328,20134,3,0
2021-03-26T23:59:59+01:00,814,1106,1167,2000,1449,3010,2315,4577,3946,4709,4516,4511,6302,7800,2149,3959,311,351,496,804,518,1271,784,1979,968,1710,695,705,2694,3312,1652,3044,29387,19963,4856,1328,20087,3,0
2021-03-25T23:59:59+01:00,813,1105,1167,1999,1448,3007,2311,4572,3941,4705,4507,4501,6288,7772,2130,3915,311,351,496,804,517,1270,783,1979,965,1709,670,696,1380,1704,1514,2855,29371,16673,4851,1328,19959,3,0
2021-03-24T23:59:59+01:00,785,1092,1132,1964,1376,2945,2069,4405,3754,4598,4442,4438,6164,7608,2120,3891,311,351,496,804,514,1270,782,1979,964,1709,670,696,1380,1703,1514,2853,27993,16666,4849,1327,19941,3,0
2021-03-23T23:59:59+01:00,785,1090,1130,1963,1376,2945,2069,4404,3753,4596,4441,4438,6164,7608,2120,3890,311,351,496,804,514,1270,782,1979,964,1709,670,696,1380,1703,1514,2853,27989,16666,4846,1327,19937,3,0
2021-03-22T23:59:59+01:00,784,1088,1128,1959,1374,2945,2067,4404,3752,4596,4441,4437,6164,7607,2120,3890,311,351,496,804,514,1269,781,1979,964,1708,670,696,1380,1703,1514,2853,27985,16663,4845,1327,19926,3,0
2021-03-21T23:59:59+01:00,784,1088,1127,1957,1374,2944,2066,4403,3752,4595,4441,4437,6163,7607,2120,3890,311,351,496,804,514,1269,781,1979,964,1708,670,695,1380,1703,1514,2853,27982,16662,4844,1327,19922,3,0
2021-03-20T23:59:59+01:00,782,1086,1124,1955,1369,2941,2049,4393,3715,4568,4185,4131,5690,7040,2111,3857,306,348,489,799,498,1259,755,1958,922,1673,603,625,1133,1418,1188,2336,27900,14980,4744,1327,18352,3,0
2021-03-19T23:59:59+01:00,774,1080,1104,1933,1337,2906,1955,4322,3483,4410,4053,4026,5517,6796,2072,3782,306,348,489,799,498,1259,755,1957,921,1673,603,625,1133,1417,1187,2335,27898,14975,3308,1327,18344,3,0
2021-03-18T23:59:59+01:00,774,1079,1103,1932,1336,2904,1954,4319,3233,4247,3908,3906,5332,6575,2038,3708,306,347,488,799,498,1257,755,1956,920,1672,589,618,867,1101,1116,2234,27886,14195,2120,1326,18342,2,0
2021-03-17T23:59:59+01:00,774,1079,1102,1931,1336,2904,1954,4319,3233,4247,3908,3904,5331,6575,2038,3708,306,347,488,799,498,1257,755,1956,919,1672,588,618,867,1101,1116,2234,27884,14193,2120,1326,18339,2,0
2021-03-16T23:59:59+01:00,773,1078,1102,1928,1335,2904,1952,4319,3233,4245,3907,3903,5331,6574,2037,3708,302,343,474,792,488,1246,739,1943,905,1662,587,618,865,1100,1115,2233,27877,14084,2116,1326,18336,2,0
2021-03-15T23:59:59+01:00,772,1077,1101,1927,1332,2904,1948,4318,3232,4245,3907,3902,5330,6574,2037,3708,302,343,474,792,488,1246,739,1942,904,1662,587,618,865,1100,1115,2233,27872,14082,2114,1326,18328,2,0
2021-03-14T23:59:59+01:00,771,1074,1098,1925,1329,2900,1947,4317,3227,4244,3907,3902,5330,6574,2037,3708,302,343,474,792,488,1246,739,1942,904,1662,587,618,865,1100,1115,2233,27869,14082,2114,1326,18307,2,0
2021-03-13T23:59:59+01:00,769,1069,1090,1920,1321,2892,1941,4310,3065,4134,3457,3482,5148,6374,2000,3661,302,343,474,792,488,1246,738,1942,903,1662,556,596,549,779,716,1691,26603,12449,2114,1326,17916,2,0
2021-03-12T23:59:59+01:00,734,967,1070,1805,1301,2698,1907,4043,2993,3947,2254,1963,4876,5947,1998,3654,302,343,474,792,488,1246,737,1942,903,1662,556,595,549,779,716,1690,26592,12447,2114,1326,13451,1,0
2021-03-11T23:59:59+01:00,722,913,1063,1702,1291,2531,1898,3825,2941,3827,1563,1305,4522,5537,1989,3645,300,343,474,792,488,1246,737,1940,903,1660,556,594,547,778,634,1545,26042,12445,2102,1092,11130,0,0
2021-03-10T23:59:59+01:00,714,894,1054,1684,1282,2509,1884,3801,2806,3732,1175,1027,4104,5041,1929,3539,300,343,473,791,487,1246,737,1940,902,1660,556,594,545,776,634,1545,24060,12439,2101,1090,11014,0,0
2021-03-09T23:59:59+01:00,712,888,1045,1666,1274,2496,1879,3791,2802,3728,1171,1025,4104,5041,1928,3539,300,343,473,791,487,1246,737,1940,902,1660,556,594,545,776,634,1545,24057,12439,2101,1090,10931,0,0
2021-03-08T23:59:59+01:00,707,855,1033,1645,1261,2461,1868,3759,2784,3714,1170,1023,4104,5041,1928,3539,300,343,473,791,487,1246,737,1940,902,1660,556,594,544,776,634,1545,24053,12438,2100,1090,10739,0,0
2021-03-07T23:59:59+01:00,707,852,1029,1641,1261,2458,1867,3756,2784,3712,1170,1023,4104,5041,1928,3539,300,343,473,791,486,1246,737,1940,902,1660,556,594,544,776,634,1545,24050,12437,2100,1090,10722,0,0
2021-03-06T23:59:59+01:00,662,796,890,1532,1027,2254,1420,3357,2344,3346,950,880,3812,4664,1913,3523,300,343,473,791,485,1246,737,1940,902,1659,556,593,542,771,545,1372,23052,12435,2097,820,8221,0,0
2021-03-05T23:59:59+01:00,659,796,886,1529,1027,2253,1416,3353,2336,3342,759,752,2798,3429,1809,3362,298,341,467,780,481,1240,728,1924,889,1643,551,590,479,707,252,870,20207,12236,2087,4,8212,0,0
2021-03-04T23:59:59+01:00,640,742,848,1399,985,2094,1366,3151,2299,3264,740,743,1475,1819,1672,3175,298,341,466,780,481,1240,728,1924,888,1642,550,590,479,706,252,870,16917,12231,2086,4,7409,0,0
2021-03-03T23:59:59+01:00,631,701,824,1338,966,2031,1353,3105,2289,3226,740,743,1475,1819,1672,3175,298,341,466,780,481,1240,728,1924,888,1642,550,590,479,706,252,870,16916,12231,2086,4,7086,0,0
2021-03-02T23:59:59+01:00,628,699,823,1337,966,2031,1352,3104,2289,3226,740,743,1475,1819,1672,3175,298,341,466,780,481,1240,728,1924,888,1641,550,590,479,706,252,870,16915,12230,2086,4,7078,0,0
2021-03-01T23:59:59+01:00,628,697,822,1337,966,2031,1352,3104,2289,3225,740,742,1475,1818,1672,3175,298,341,466,780,481,1240,728,1923,888,1641,550,590,479,706,252,870,16913,12229,2085,4,7075,0,0
2021-02-28T23:59:59+01:00,627,695,822,1337,965,2031,1351,3104,2288,3224,740,741,1475,1818,1672,3175,298,341,466,780,481,1240,728,1922,888,1641,550,590,479,706,252,870,16910,12228,2085,4,7070,0,0
2021-02-27T23:59:59+01:00,622,690,806,1330,945,2020,1306,3070,2209,3165,621,633,1159,1443,1224,2393,297,341,466,780,479,1240,727,1920,887,1640,549,587,478,703,252,867,15190,12212,1378,1,7068,0,0
2021-02-26T23:59:59+01:00,611,661,777,1269,913,1890,1258,2895,1862,2755,620,633,1159,1443,1223,2392,297,341,466,780,479,1240,727,1920,887,1640,549,587,478,703,252,866,15185,12211,1378,1,5798,0,0
2021-02-25T23:59:59+01:00,568,608,719,1148,801,1688,1081,2561,1349,2219,606,626,883,1119,1153,2288,296,340,465,780,479,1239,727,1919,887,1640,549,587,478,703,252,866,14383,12207,1378,0,3656,0,0
2021-02-24T23:59:59+01:00,567,607,719,1147,800,1688,1081,2560,1349,2218,606,626,883,1119,1153,2288,296,340,465,780,479,1239,727,1919,887,1640,549,587,478,703,252,866,14383,12207,1377,0,3651,0,0
2021-02-23T23:59:59+01:00,563,601,704,1138,790,1678,1064,2547,1335,2208,605,626,881,1118,1152,2287,296,339,465,779,479,1239,727,1918,887,1640,549,587,478,703,252,866,14273,12204,1377,0,3647,0,0
2021-02-22T23:59:59+01:00,563,601,704,1138,788,1678,1064,2546,1334,2207,605,626,881,1118,1152,2287,296,339,465,779,479,1239,727,1918,887,1640,549,587,478,703,252,866,14271,12204,1377,0,3644,0,0
2021-02-21T23:59:59+01:00,563,601,704,1138,787,1678,1063,2546,1334,2207,604,626,881,1118,1152,2287,296,339,465,779,479,1239,727,1918,887,1640,549,587,478,703,252,866,14271,12204,1377,0,3641,0,0
2021-02-20T23:59:59+01:00,546,598,692,1131,766,1676,1051,2541,1308,2187,567,603,559,791,745,1733,294,338,461,777,474,1233,722,1907,879,1639,548,584,474,703,248,861,12603,12142,1376,0,3515,0,0
2021-02-19T23:59:59+01:00,436,502,594,1003,641,1516,908,2365,1039,1947,567,603,559,791,745,1733,291,338,457,775,472,1223,719,1890,871,1622,544,577,470,697,245,853,12601,12044,1376,0,1972,0,0
2021-02-18T23:59:59+01:00,305,347,480,806,493,1257,754,1961,911,1676,567,603,558,791,745,1733,290,337,455,772,469,1219,719,1876,867,1610,537,572,464,691,240,842,12600,11960,1376,0,11,0,0
2021-02-17T23:59:59+01:00,305,347,479,806,493,1257,754,1961,910,1676,566,603,558,790,745,1733,289,336,454,770,467,1216,716,1868,864,1604,532,567,454,669,230,823,12598,11859,1376,0,9,0,0
2021-02-16T23:59:59+01:00,305,347,477,805,492,1257,754,1961,910,1676,566,603,558,790,745,1733,277,331,447,754,457,1179,708,1784,839,1537,512,538,419,622,216,762,12598,11382,1376,0,5,0,0
2021-02-15T23:59:59+01:00,305,347,476,805,491,1256,753,1961,910,1676,566,603,558,790,745,1733,273,327,444,745,451,1152,689,1730,815,1483,491,506,400,577,207,706,12597,10996,1376,0,2,0,0
2021-02-14T23:59:59+01:00,305,347,476,805,490,1256,753,1961,910,1676,566,603,558,790,745,1733,273,327,444,745,451,1150,689,1725,812,1475,480,501,397,574,199,697,12596,10939,1376,0,2,0,0
2021-02-13T23:59:59+01:00,303,347,476,805,490,1256,753,1960,910,1676,566,603,558,790,745,1733,271,324,441,742,446,1138,677,1704,794,1442,463,474,380,548,187,662,12594,10693,1376,0,1,0,0
2021-02-12T23:59:59+01:00,303,346,476,805,490,1256,752,1959,907,1673,566,601,501,741,739,1732,254,313,420,706,423,1044,635,1536,710,1205,374,359,310,437,138,495,12470,9359,1376,0,1,0,0
2021-02-11T23:59:59+01:00,301,346,475,805,490,1256,752,1956,907,1671,565,600,498,738,654,1584,231,295,408,674,403,999,599,1435,665,1103,336,315,274,367,114,418,12458,8636,1139,0,1,0,0
2021-02-10T23:59:59+01:00,301,346,475,804,490,1256,751,1956,906,1671,564,600,498,737,653,1582,228,290,407,669,399,985,596,1409,652,1072,320,292,248,324,100,358,12451,8349,1139,0,0,0,0
2021-02-09T23:59:59+01:00,301,346,475,804,490,1256,750,1956,906,1669,564,600,498,737,653,1582,219,275,394,633,377,918,555,1308,600,952,240,194,173,209,65,221,12448,7333,1139,0,0,0,0
2021-02-08T23:59:59+01:00,301,346,473,804,490,1256,750,1956,906,1669,564,600,498,737,653,1582,216,267,389,618,367,894,534,1252,570,876,211,162,138,161,52,167,12447,6874,1138,0,0,0,0
2021-02-07T23:59:59+01:00,301,346,473,804,490,1256,750,1956,906,1669,564,600,498,737,653,1581,215,267,388,613,366,890,529,1242,564,862,207,153,127,143,47,153,12446,6766,1138,0,0,0,0
2021-02-06T23:59:59+01:00,301,346,473,804,490,1256,750,1956,906,1669,564,600,496,731,563,1408,215,267,388,613,366,890,529,1242,564,862,207,153,127,143,47,153,12446,6766,867,0,0,0,0
2021-02-05T23:59:59+01:00,301,346,470,803,489,1254,747,1954,903,1665,558,597,490,714,255,886,208,255,371,581,352,851,508,1200,547,832,183,138,106,131,43,150,12430,6456,2,0,0,0,0
2021-02-04T23:59:59+01:00,301,345,469,797,486,1253,746,1949,898,1665,557,596,489,713,255,886,188,206,302,447,289,685,422,977,481,713,173,133,96,126,38,139,12403,5415,2,0,0,0,0
2021-02-03T23:59:59+01:00,300,345,469,795,486,1253,745,1948,897,1665,557,596,489,713,255,886,182,191,251,368,245,595,361,876,435,642,166,129,92,124,37,138,12397,4832,2,0,0,0,0
2021-02-02T23:59:59+01:00,300,343,469,793,486,1253,745,1944,897,1663,557,596,489,713,255,886,172,171,192,295,191,513,274,748,361,579,160,126,91,123,37,137,12387,4170,2,0,0,0,0
2021-02-01T23:59:59+01:00,300,343,467,792,485,1251,744,1940,894,1658,557,596,488,713,255,886,165,165,152,257,164,454,225,664,306,517,156,115,85,113,32,130,12367,3700,2,0,0,0,0
2021-01-31T23:59:59+01:00,300,343,467,792,485,1251,744,1940,894,1658,557,596,488,713,255,886,165,165,152,256,164,453,224,664,306,517,156,115,85,113,32,130,12367,3697,2,0,0,0,0
2021-01-30T23:59:59+01:00,300,343,467,792,485,1251,744,1940,889,1658,557,596,486,713,252,886,152,150,133,241,154,423,209,625,288,471,138,104,73,84,27,99,12357,3371,2,0,0,0,0
2021-01-29T23:59:59+01:00,297,343,463,789,483,1241,741,1922,881,1641,553,589,482,708,249,878,99,85,94,156,113,262,162,456,198,342,103,68,56,73,23,89,12258,2379,2,0,0,0,0
2021-01-28T23:59:59+01:00,296,343,463,789,482,1241,741,1922,881,1641,553,589,482,708,249,878,12,12,13,23,22,51,26,100,45,94,40,29,27,55,20,82,12256,651,2,0,0,0,0
2021-01-27T23:59:59+01:00,295,343,463,789,482,1241,741,1922,880,1641,553,589,482,708,249,878,12,12,13,23,21,50,26,97,44,94,40,29,27,55,20,82,12255,645,1,0,0,0,0
2021-01-26T23:59:59+01:00,295,343,463,788,482,1240,741,1922,880,1640,553,589,482,708,249,878,12,12,13,23,21,50,26,97,44,94,40,29,27,55,20,82,12252,645,1,0,0,0,0
2021-01-25T23:59:59+01:00,295,342,461,788,482,1239,741,1920,880,1639,553,589,481,706,249,878,7,4,5,12,10,25,15,39,21,41,19,14,8,18,7,16,12243,261,0,0,0,0,0
2021-01-24T23:59:59+01:00,295,342,461,788,481,1239,741,1919,880,1638,553,589,481,706,249,878,7,4,5,12,10,25,15,39,21,41,19,14,8,18,7,16,12240,261,0,0,0,0,0
2021-01-23T23:59:59+01:00,295,342,461,788,481,1239,741,1919,880,1638,553,589,481,706,249,878,7,4,5,12,10,25,15,39,21,41,19,14,8,18,7,16,12240,261,0,0,0,0,0
2021-01-22T23:59:59+01:00,293,340,461,788,480,1238,741,1918,880,1638,553,589,481,706,231,834,7,4,5,12,10,25,15,39,21,41,19,14,8,18,7,16,12171,261,0,0,0,0,0
2021-01-21T23:59:59+01:00,290,335,459,781,476,1230,739,1897,871,1620,543,581,463,679,220,800,7,4,5,12,10,25,15,39,21,41,19,14,8,18,7,16,11984,261,0,0,0,0,0
2021-01-20T23:59:59+01:00,288,332,456,777,474,1227,736,1889,868,1616,537,576,456,660,212,783,7,4,5,12,10,25,15,39,21,41,19,14,8,18,7,16,11887,261,0,0,0,0,0
2021-01-19T23:59:59+01:00,282,331,454,770,469,1209,732,1853,858,1582,524,558,442,643,204,750,7,4,5,12,10,25,15,39,21,41,19,14,8,18,7,16,11661,261,0,0,0,0,0
2021-01-18T23:59:59+01:00,278,324,451,760,464,1188,713,1812,833,1533,504,526,428,606,194,698,7,3,5,12,10,25,15,39,21,41,19,14,8,18,7,16,11312,260,0,0,0,0,0
2021-01-17T23:59:59+01:00,278,323,451,760,464,1185,710,1806,824,1522,489,513,412,583,181,675,7,3,4,12,10,25,15,39,21,41,19,14,8,18,7,16,11176,259,0,0,0,0,0
2021-01-16T23:59:59+01:00,270,312,443,741,450,1143,682,1714,781,1377,449,433,380,530,163,623,0,0,0,0,0,0,0,0,0,0,0,0,0,0,0,0,10491,0,0,0,0,0,0
2021-01-15T23:59:59+01:00,261,304,434,719,436,1090,661,1607,743,1262,389,380,337,461,148,525,0,0,0,0,0,0,0,0,0,0,0,0,0,0,0,0,9757,0,0,0,0,0,0
2021-01-14T23:59:59+01:00,237,285,416,674,412,1030,616,1478,673,1117,334,313,290,360,110,417,0,0,0,0,0,0,0,0,0,0,0,0,0,0,0,0,8762,0,0,0,0,0,0
2021-01-13T23:59:59+01:00,235,282,415,668,407,1011,610,1450,660,1086,316,289,261,317,96,358,0,0,0,0,0,0,0,0,0,0,0,0,0,0,0,0,8461,0,0,0,0,0,0
2021-01-12T23:59:59+01:00,218,270,397,625,374,912,550,1288,581,901,218,172,153,166,55,179,0,0,0,0,0,0,0,0,0,0,0,0,0,0,0,0,7059,0,0,0,0,0,0
2021-01-11T23:59:59+01:00,214,265,392,610,363,887,529,1239,560,850,198,141,120,123,41,130,0,0,0,0,0,0,0,0,0,0,0,0,0,0,0,0,6662,0,0,0,0,0,0
2021-01-10T23:59:59+01:00,213,258,381,596,359,876,518,1217,549,834,195,141,117,122,39,129,0,0,0,0,0,0,0,0,0,0,0,0,0,0,0,0,6544,0,0,0,0,0,0
2021-01-09T23:59:59+01:00,192,213,334,524,318,753,447,1024,464,702,133,88,68,78,28,95,0,0,0,0,0,0,0,0,0,0,0,0,0,0,0,0,5461,0,0,0,0,0,0
2021-01-08T23:59:59+01:00,112,112,242,356,234,461,321,679,310,443,75,52,44,63,23,84,0,0,0,0,0,0,0,0,0,0,0,0,0,0,0,0,3611,0,0,0,0,0,0
2021-01-07T23:59:59+01:00,18,23,58,98,68,133,102,199,111,152,45,31,28,56,21,84,0,0,0,0,0,0,0,0,0,0,0,0,0,0,0,0,1227,0,0,0,0,0,0
2021-01-06T23:59:59+01:00,9,10,11,22,15,49,28,97,49,98,40,30,28,56,21,84,0,0,0,0,0,0,0,0,0,0,0,0,0,0,0,0,647,0,0,0,0,0,0
2021-01-05T23:59:59+01:00,9,10,11,22,15,49,27,97,48,98,40,30,28,56,21,84,0,0,0,0,0,0,0,0,0,0,0,0,0,0,0,0,645,0,0,0,0,0,0
2021-01-04T23:59:59+01:00,7,4,5,12,10,27,16,41,23,42,19,14,9,18,7,17,0,0,0,0,0,0,0,0,0,0,0,0,0,0,0,0,271,0,0,0,0,0,0
2021-01-03T23:59:59+01:00,7,4,5,12,10,27,16,41,23,42,19,14,9,18,7,17,0,0,0,0,0,0,0,0,0,0,0,0,0,0,0,0,271,0,0,0,0,0,0
2021-01-02T23:59:59+01:00,7,4,5,12,10,27,16,41,23,42,19,14,9,18,7,17,0,0,0,0,0,0,0,0,0,0,0,0,0,0,0,0,271,0,0,0,0,0,0
2021-01-01T23:59:59+01:00,7,4,5,12,10,27,16,41,23,42,19,14,9,18,7,17,0,0,0,0,0,0,0,0,0,0,0,0,0,0,0,0,271,0,0,0,0,0,0
2020-12-31T23:59:59+01:00,7,4,5,12,10,27,16,41,23,42,19,14,9,18,7,17,0,0,0,0,0,0,0,0,0,0,0,0,0,0,0,0,271,0,0,0,0,0,0
2020-12-30T23:59:59+01:00,7,4,5,12,10,27,16,41,23,42,19,14,9,18,7,17,0,0,0,0,0,0,0,0,0,0,0,0,0,0,0,0,271,0,0,0,0,0,0
2020-12-29T23:59:59+01:00,7,4,5,12,10,27,16,41,23,42,19,14,9,18,7,17,0,0,0,0,0,0,0,0,0,0,0,0,0,0,0,0,271,0,0,0,0,0,0
2020-12-28T23:59:59+01:00,7,4,5,12,10,27,16,41,23,42,19,14,9,18,7,17,0,0,0,0,0,0,0,0,0,0,0,0,0,0,0,0,271,0,0,0,0,0,0
2020-12-27T23:59:59+01:00,7,3,4,12,10,27,16,41,23,42,19,14,9,18,7,17,0,0,0,0,0,0,0,0,0,0,0,0,0,0,0,0,269,0,0,0,0,0,0
