Datum,<15_m,<15_w,15-24_1_m,15-24_1_w,25-34_1_m,25-34_1_w,35-44_1_m,35-44_1_w,45-54_1_m,45-54_1_w,55-64_1_m,55-64_1_w,65-74_1_m,65-74_1_w,75-84_1_m,75-84_1_w,>84_1_m,>84_1_w,<24_2_m,<24_2_w,25-34_2_m,25-34_2_w,35-44_2_m,35-44_2_w,45-54_2_m,45-54_2_w,55-64_2_m,55-64_2_w,65-74_2_m,65-74_2_w,75-84_2_m,75-84_2_w,>84_2_m,>84_2_w,bp_1,bp_2,mo_1,mo_2,az_1,az_2,ja,unb_1,unb_2
2021-07-19T23:59:59+02:00,1031,967,11306,10591,14581,13223,16695,16506,20104,20165,21743,20813,14124,15287,9753,11959,2896,5095,7951,7724,11625,10630,14489,14415,19079,19095,20962,19999,13787,14879,9554,11691,2841,5004,162925,145265,22324,19504,35508,34251,6080,2,2
2021-07-18T23:59:59+02:00,1031,967,11304,10591,14581,13221,16694,16506,20104,20164,21743,20813,14123,15287,9753,11959,2896,5095,7950,7722,11619,10626,14487,14412,19079,19095,20952,19994,13787,14879,9554,11691,2841,5004,162919,145249,22323,19503,35508,34235,6080,2,2
2021-07-17T23:59:59+02:00,1029,967,11259,10564,14525,13178,16660,16477,20069,20150,21718,20789,14112,15275,9750,11956,2896,5094,7875,7664,11477,10501,14298,14248,18659,18778,20757,19819,13759,14840,9539,11669,2838,4998,162893,145245,22314,17863,35508,34235,5751,2,2
2021-07-16T23:59:59+02:00,1009,951,11068,10424,14427,13080,16562,16402,19995,20086,21666,20741,14085,15251,9733,11949,2892,5089,7600,7463,10555,9873,13838,13943,18433,18589,19902,19165,13594,14632,9431,11537,2822,4974,162579,141841,21785,17853,35508,32460,5536,2,2
2021-07-15T23:59:59+02:00,989,935,11012,10364,14392,13050,16539,16382,19981,20069,21657,20732,14081,15247,9730,11945,2892,5085,7173,7097,8372,8169,13384,13553,18371,18532,19762,19031,13463,14491,9379,11475,2821,4964,162256,135557,21784,17850,35508,32425,5532,2,2
2021-07-14T23:59:59+02:00,964,917,10937,10280,14323,12991,16504,16338,19946,20035,21633,20711,14069,15235,9718,11931,2888,5084,6627,6649,7295,7317,12815,13105,18273,18439,19657,18943,13433,14454,9362,11459,2819,4961,161779,131213,21784,17846,35508,32362,5431,2,2
2021-07-13T23:59:59+02:00,946,896,10857,10208,14278,12948,16477,16309,19923,20013,21622,20698,14062,15225,9715,11924,2886,5082,6375,6361,6850,6939,12512,12839,18259,18419,19612,18907,13320,14345,9359,11455,2819,4958,161351,131182,21781,15606,35508,32358,5427,2,2
2021-07-12T23:59:59+02:00,926,884,10804,10159,14234,12903,16435,16280,19907,20000,21616,20692,14059,15220,9711,11920,2886,5080,6233,6267,6690,6819,12223,12601,17575,17861,19516,18831,13286,14320,9342,11433,2819,4955,161056,128674,21781,15602,35508,32355,5369,2,2
2021-07-11T23:59:59+02:00,926,884,10804,10157,14232,12902,16434,16280,19907,20000,21616,20692,14059,15220,9711,11920,2886,5080,6228,6263,6688,6816,12222,12601,17575,17861,19515,18831,13286,14320,9342,11432,2818,4953,161054,128664,21781,15602,35508,32349,5365,2,2
2021-07-10T23:59:59+02:00,923,879,10797,10145,14225,12897,16426,16280,19905,19994,21611,20687,14059,15219,9711,11920,2886,5080,6219,6255,6679,6811,12220,12598,17574,17857,19510,18828,13285,14320,9342,11432,2818,4953,160991,128616,21781,15602,35508,32349,5362,2,2
2021-07-09T23:59:59+02:00,909,863,10747,10102,14191,12869,16392,16251,19871,19971,21583,20665,14040,15204,9696,11912,2885,5077,5412,5519,6547,6711,12062,12494,17344,17752,19305,18694,13222,14247,9316,11413,2815,4950,160808,125710,21781,15602,35508,31401,5129,2,2
2021-07-08T23:59:59+02:00,907,863,10686,10057,14106,12815,16329,16201,19819,19925,21555,20641,14026,15187,9690,11899,2884,5071,5279,5404,6330,6536,11626,12152,16836,17384,19046,18509,13158,14163,9290,11377,2809,4938,160791,123787,21780,15599,35507,30895,4581,2,2
2021-07-07T23:59:59+02:00,906,863,10684,10051,14103,12812,16328,16201,19819,19923,21555,20641,14026,15187,9690,11899,2884,5071,5136,5221,5864,6124,10430,11170,16783,17318,18992,18464,13141,14141,9281,11374,2805,4928,160782,120127,21776,15598,35507,30892,4576,2,2
2021-07-06T23:59:59+02:00,906,863,10682,10050,14101,12810,16327,16201,19819,19923,21555,20640,14026,15186,9690,11899,2884,5071,5117,5215,5857,6119,10429,11168,16781,17318,18990,18464,13141,14139,9281,11374,2805,4928,160779,120105,21774,15595,35507,30876,4571,2,2
2021-07-05T23:59:59+02:00,906,863,10676,10046,14084,12807,16317,16199,19818,19923,21553,20640,14026,15186,9690,11899,2884,5071,5109,5214,5838,6116,10419,11166,16780,17318,18988,18463,13141,14139,9281,11374,2805,4928,160772,120101,21774,15593,35507,30873,4533,2,2
2021-07-04T23:59:59+02:00,906,863,10666,10036,14082,12803,16316,16199,19818,19923,21553,20640,14026,15186,9690,11899,2884,5071,5076,5172,5752,6039,10292,11052,16774,17315,18988,18461,13137,14137,9279,11370,2803,4927,160765,119625,21774,15592,35507,30865,4513,2,2
2021-07-03T23:59:59+02:00,825,794,8733,8482,12637,11652,15850,15745,19538,19625,21386,20476,13953,15110,9637,11853,2878,5067,4966,5040,5479,5784,10057,10839,16631,17175,18797,18309,13112,14103,9269,11360,2801,4925,152459,118073,21774,15592,35507,30496,4499,2,2
2021-07-02T23:59:59+02:00,825,792,8732,8477,12633,11649,15848,15744,19536,19625,21384,20476,13952,15110,9636,11852,2877,5066,4105,4172,4838,5136,9091,9851,16261,16699,18317,17771,12763,13785,9210,11285,2799,4917,152444,113553,21774,15592,35504,27376,4490,2,2
2021-07-01T23:59:59+02:00,805,772,8523,8308,12552,11570,15815,15715,19525,19611,21374,20458,13948,15107,9631,11844,2874,5060,2272,2454,4407,4762,8601,9428,15635,16157,17766,17336,12706,13719,9180,11229,2785,4887,151750,105935,21774,15590,35504,27337,4462,2,2
2021-06-30T23:59:59+02:00,750,722,8281,8122,12383,11423,15701,15619,19458,19543,21334,20411,13929,15081,9618,11831,2873,5055,2213,2415,4317,4643,8496,9328,15437,16019,17034,16837,12056,13076,9121,11160,2778,4881,150410,105874,21771,15589,35503,23899,4448,2,2
2021-06-29T23:59:59+02:00,750,722,8278,8113,12381,11419,15698,15619,19456,19543,21334,20411,13929,15081,9618,11831,2873,5055,2191,2403,4294,4605,8473,9283,15402,15960,16958,16752,11701,12741,9093,11126,2775,4873,150402,105862,21768,15587,35502,22743,4437,2,2
2021-06-28T23:59:59+02:00,750,722,8275,8109,12374,11414,15696,15619,19455,19543,21334,20411,13928,15081,9618,11831,2873,5055,2183,2374,4247,4487,8398,9123,15281,15682,16790,16480,11396,12440,9071,11099,2774,4869,150386,105852,21768,15587,35502,20824,4430,2,2
2021-06-27T23:59:59+02:00,750,722,8272,8104,12370,11411,15694,15619,19455,19543,21334,20411,13928,15081,9618,11831,2873,5055,2173,2370,4238,4485,8216,8971,15261,15666,16788,16475,11392,12439,9070,11098,2774,4869,150378,105456,21767,15586,35502,20820,4422,2,2
2021-06-26T23:59:59+02:00,742,718,8059,7890,11899,11004,14594,14634,19204,19346,21231,20290,13885,15030,9606,11802,2870,5052,2133,2327,4184,4431,8118,8861,14999,15408,16727,16428,11375,12420,9058,11093,2774,4867,147920,104396,20011,15564,35501,20820,4422,2,2
2021-06-25T23:59:59+02:00,723,700,8032,7867,11884,10994,14594,14628,19197,19341,21227,20289,13885,15030,9605,11800,2870,5052,2003,2149,3897,4126,6594,7427,12357,13220,16652,16340,11348,12390,9047,11069,2769,4852,147782,95547,20011,15482,35501,20787,4422,2,2
2021-06-24T23:59:59+02:00,711,683,7546,7456,10811,10104,14061,14194,19126,19282,21181,20246,13863,15002,9592,11787,2869,5049,1934,2081,3537,3789,5838,6760,12115,13013,16407,16134,11244,12263,8957,10942,2758,4818,143643,94317,20007,13121,35500,20739,4411,2,2
2021-06-23T23:59:59+02:00,711,683,7544,7452,10805,10103,14060,14193,19126,19281,21181,20245,13863,15002,9592,11787,2869,5049,1790,1912,3051,3387,4485,5588,11811,12744,16287,16016,11199,12224,8944,10915,2757,4811,143630,89677,20005,13121,35499,20711,4410,2,2
2021-06-22T23:59:59+02:00,711,683,7496,7423,10732,10053,14037,14167,19110,19266,21170,20237,13856,14993,9589,11784,2869,5049,1740,1881,2969,3333,4447,5555,11783,12705,16219,15965,10990,12033,8693,10614,2747,4780,143616,89658,20005,13117,35499,19574,4103,2,2
2021-06-21T23:59:59+02:00,709,683,7365,7355,10605,9957,13757,13920,18370,18655,21081,20162,13821,14961,9570,11759,2869,5046,1695,1857,2926,3295,4419,5525,11737,12670,16202,15950,10981,12023,8686,10606,2746,4779,141258,89535,20003,13116,35499,19561,3883,2,2
2021-06-20T23:59:59+02:00,709,683,7365,7351,10601,9953,13757,13920,18370,18655,21081,20162,13821,14961,9570,11759,2869,5046,1667,1828,2880,3280,4355,5486,11675,12637,16141,15891,10962,12007,8683,10597,2742,4775,141247,89059,20002,13112,35499,19550,3883,2,2
2021-06-19T23:59:59+02:00,709,682,7328,7314,10495,9863,13576,13764,17957,18319,20898,19989,13803,14935,9558,11739,2866,5040,1636,1793,2839,3232,4275,5412,11339,12347,16103,15853,10953,11995,8681,10592,2740,4773,141202,88046,18249,13083,35499,19549,3883,2,2
2021-06-18T23:59:59+02:00,15,12,6523,6581,10490,9861,13575,13762,17955,18317,20898,19989,13803,14934,9558,11739,2865,5038,1504,1681,2603,3076,3645,4781,10199,11204,15892,15699,10912,11955,8658,10571,2726,4745,138291,83397,18247,13081,35499,19495,3876,2,2
2021-06-17T23:59:59+02:00,13,11,6452,6512,10373,9757,13251,13457,17569,17999,20785,19892,13784,14896,9546,11725,2857,5032,1423,1563,2451,2927,3291,4444,8604,9845,15381,15267,10737,11775,8602,10494,2709,4717,136402,77946,18247,13077,35498,19443,3762,2,2
2021-06-16T23:59:59+02:00,13,11,6445,6508,10362,9754,13249,13455,17568,17998,20784,19892,13784,14896,9545,11724,2857,5032,1373,1515,2349,2853,3107,4265,7520,8904,14884,14879,10654,11664,8566,10446,2698,4701,136374,74124,18245,13075,35498,19419,3758,2,2
2021-06-15T23:59:59+02:00,13,11,6414,6490,10322,9726,13219,13440,17548,17976,20770,19879,13775,14888,9542,11718,2854,5029,1293,1457,2222,2751,2992,4180,6609,8173,14683,14712,10630,11635,8554,10424,2689,4694,136362,74114,18244,10675,35498,19399,3508,2,2
2021-06-14T23:59:59+02:00,13,11,6396,6473,10288,9701,13199,13420,17533,17958,20751,19869,13765,14879,9539,11717,2854,5025,1277,1442,2188,2724,2970,4159,6593,8153,14662,14702,10619,11626,8551,10423,2689,4690,136350,74104,18244,10675,35498,19390,3297,2,2
2021-06-13T23:59:59+02:00,13,11,6395,6473,10284,9699,13198,13418,17533,17958,20751,19869,13764,14879,9539,11717,2854,5025,1273,1436,2185,2715,2960,4149,6576,8136,14561,14637,10606,11603,8545,10411,2686,4690,136341,73812,18244,10675,35498,19385,3295,2,2
2021-06-12T23:59:59+02:00,10,9,5605,5701,10238,9663,13165,13394,17506,17937,20725,19838,13682,14807,9539,11714,2853,5025,1264,1416,2174,2698,2939,4122,6502,8054,14388,14499,10378,11319,8064,9873,2684,4689,134372,73307,18244,10675,35498,17785,3295,2,1
2021-06-11T23:59:59+02:00,9,9,5601,5694,10228,9656,13151,13382,17499,17933,20721,19836,13682,14806,9539,11712,2853,5025,1188,1332,2054,2538,2767,3867,5005,6723,12682,13120,10238,11171,7977,9767,2677,4673,134299,66035,18244,10674,35498,17776,3293,2,1
2021-06-10T23:59:59+02:00,3,3,4603,4740,10061,9528,13040,13300,17244,17698,20482,19657,13673,14795,9533,11702,2850,5022,1131,1271,1940,2432,2608,3690,4399,6087,11519,12132,9939,10847,7893,9682,2665,4648,130975,61221,18243,10674,35498,17771,3216,2,1
2021-06-09T23:59:59+02:00,3,3,4010,4131,9855,9380,12953,13227,16936,17433,20254,19475,13658,14782,9528,11696,2849,5017,1057,1227,1840,2363,2516,3577,4073,5780,11097,11807,9812,10688,7847,9617,2654,4639,128607,61147,18228,8825,35498,17766,2855,2,1
2021-06-08T23:59:59+02:00,3,3,3998,4124,9843,9371,12941,13220,16929,17424,20246,19473,13656,14779,9527,11693,2848,5015,1011,1219,1818,2348,2489,3563,4048,5760,11086,11804,9809,10683,7846,9615,2653,4636,128593,61030,18225,8820,35497,17761,2776,2,1
2021-06-07T23:59:59+02:00,3,3,3984,4116,9810,9358,12931,13202,16906,17413,20230,19462,13653,14775,9524,11689,2846,5013,1000,1212,1785,2337,2480,3544,4024,5747,11068,11790,9806,10678,7843,9612,2651,4634,128581,61021,18223,8817,35496,17756,2616,2,1
2021-06-06T23:59:59+02:00,3,3,3979,4112,9805,9354,12930,13202,16905,17412,20229,19462,13652,14774,9524,11689,2846,5013,997,1209,1774,2335,2474,3535,4012,5740,10942,11647,9795,10672,7842,9612,2651,4634,128569,60701,18223,8816,35495,17748,2605,2,1
2021-06-05T23:59:59+02:00,2,0,3686,3811,7324,7356,12692,13017,16876,17383,20185,19422,13536,14629,9449,11598,2842,5001,920,1137,1609,2234,2309,3456,3786,5600,10048,10806,9413,10218,7731,9457,2643,4614,122615,57430,18223,8816,35495,17260,2474,2,1
2021-06-04T23:59:59+02:00,2,0,3620,3756,7172,7240,12224,12623,16736,17271,19952,19187,13417,14483,9392,11519,2828,4984,893,1071,1578,2129,2271,3289,3710,5342,9410,10130,8569,9200,7456,9054,2639,4603,120218,55962,18223,8814,35495,14099,2468,2,1
2021-06-03T23:59:59+02:00,2,0,3207,3362,7145,7224,12099,12505,16705,17230,19866,19121,13405,14467,9390,11516,2827,4983,864,1004,1532,2005,2193,3089,3520,4960,8833,9510,7809,8329,6985,8440,2636,4595,118980,54331,18221,8813,35491,10799,2360,2,1
2021-06-02T23:59:59+02:00,0,0,2819,3045,6010,6307,11797,12273,16646,17179,19743,19016,13344,14413,9368,11495,2825,4975,848,970,1468,1982,2080,3051,3350,4858,7474,8429,7729,8250,6969,8412,2633,4590,115292,51232,18220,8813,35491,10797,2250,2,1
2021-06-01T23:59:59+02:00,0,0,2532,2733,5539,5884,11481,11991,16622,17156,19692,18979,13221,14290,9361,11491,2824,4972,831,963,1453,1973,2062,3038,3324,4838,7177,8104,7692,8216,6959,8398,2631,4590,115273,50554,15887,8793,35491,10786,2115,2,1
2021-05-31T23:59:59+02:00,0,0,2517,2730,5520,5875,11453,11970,16588,17145,19652,18957,13218,14286,9357,11489,2824,4970,815,956,1435,1963,2030,3018,3288,4824,7136,8083,7689,8211,6955,8396,2631,4588,115266,50544,15883,8787,35491,10777,1909,2,1
2021-05-30T23:59:59+02:00,0,0,2513,2728,5518,5871,11453,11969,16585,17144,19650,18956,13218,14286,9357,11489,2824,4970,814,952,1430,1960,2030,3016,3286,4822,7135,8083,7689,8211,6955,8396,2631,4588,115250,50538,15883,8787,35488,10764,1908,2,1
2021-05-29T23:59:59+02:00,0,0,2497,2714,5352,5717,11386,11910,16577,17138,19642,18955,13217,14284,9355,11489,2824,4970,777,903,1319,1865,1753,2763,2882,4399,6851,7811,7505,7987,6779,8168,2628,4582,114746,49892,15883,8787,35488,8384,1908,2,1
2021-05-28T23:59:59+02:00,0,0,2363,2584,4930,5327,10712,11299,16510,17076,19616,18927,13208,14270,9336,11460,2822,4961,756,880,1260,1811,1663,2691,2749,4294,5272,6119,7342,7791,6737,8112,2625,4572,112124,45606,15883,8787,35488,8376,1904,2,1
2021-05-27T23:59:59+02:00,0,0,2343,2563,4880,5261,10051,10729,16470,17044,19602,18915,13198,14260,9334,11459,2822,4961,702,785,1156,1739,1453,2549,2376,3988,4392,5209,7106,7484,6646,7996,2608,4553,110742,41822,15880,8782,35486,8355,1782,2,1
2021-05-26T23:59:59+02:00,0,0,2306,2501,4707,5081,9616,10364,16418,16990,19534,18861,13184,14241,9324,11457,2818,4948,687,743,1109,1707,1364,2469,2167,3817,4263,5071,6943,7271,6566,7897,2596,4539,109324,40424,15878,8781,35486,8343,1660,2,1
2021-05-25T23:59:59+02:00,0,0,2303,2494,4677,5064,9591,10338,16393,16972,19521,18855,13179,14239,9321,11454,2818,4948,680,729,1062,1689,1312,2424,2097,3757,3724,4494,6641,6928,6532,7860,2595,4537,109320,40416,15876,6827,35486,8334,1483,2,1
2021-05-24T23:59:59+02:00,0,0,2294,2488,4665,5059,9583,10333,16367,16952,19495,18831,13169,14228,9318,11444,2817,4944,671,724,1050,1682,1302,2417,2072,3737,3698,4469,6630,6917,6529,7850,2594,4533,109316,40409,15876,6827,35486,8331,1307,2,1
2021-05-23T23:59:59+02:00,0,0,2278,2455,4577,4986,9449,10211,16364,16951,19495,18830,13167,14226,9315,11440,2815,4943,670,722,1048,1682,1302,2417,2072,3737,3698,4468,6629,6917,6529,7850,2594,4533,108832,40405,15876,6826,35485,8329,1307,2,1
2021-05-22T23:59:59+02:00,0,0,2258,2436,4568,4969,9370,10130,16341,16937,19443,18786,13139,14195,9312,11434,2815,4942,669,720,1047,1679,1299,2414,2069,3732,3682,4455,5799,6024,6458,7769,2586,4528,108405,38467,15876,6826,35485,8329,1307,2,1
2021-05-21T23:59:59+02:00,0,0,2223,2403,4460,4883,9174,9955,16313,16904,19428,18779,13129,14186,9310,11432,2810,4931,657,693,1010,1613,1249,2291,1983,3552,3338,4020,4038,3923,6415,7703,2581,4513,107666,34469,15876,6826,35482,6989,1294,2,1
2021-05-20T23:59:59+02:00,0,0,2194,2363,4377,4822,8953,9729,16263,16851,19375,18727,13098,14151,9293,11415,2809,4927,602,586,885,1300,1077,1886,1760,3016,2778,3340,3203,2970,6370,7654,2577,4508,106814,32641,15873,6825,35473,3860,1185,2,1
2021-05-19T23:59:59+02:00,0,0,2033,2187,3879,4398,7572,8538,15989,16603,19253,18602,13050,14103,9283,11389,2807,4924,587,549,847,1246,1048,1835,1734,2963,2728,3296,3195,2957,6366,7651,2577,4507,102185,32617,15871,6823,35472,3565,1080,2,1
2021-05-18T23:59:59+02:00,0,0,1985,2134,3573,4113,6921,7943,15842,16488,19169,18519,13017,14070,9227,11315,2801,4910,581,545,841,1244,1040,1827,1704,2947,2719,3278,3190,2952,6362,7647,2577,4507,102165,32613,13422,6818,35468,3559,970,2,1
2021-05-17T23:59:59+02:00,0,0,1977,2126,3553,4099,6877,7919,15814,16470,19147,18500,13007,14047,9226,11314,2801,4910,573,538,822,1229,998,1803,1676,2929,2696,3257,3179,2931,6362,7646,2577,4507,102158,32608,13419,6818,35468,3556,740,2,1
2021-05-16T23:59:59+02:00,0,0,1972,2123,3546,4095,6691,7755,15793,16451,19143,18495,13002,14046,9225,11313,2801,4910,573,538,822,1228,997,1802,1676,2929,2694,3257,3179,2931,6362,7646,2577,4507,101738,32606,13418,6818,35464,3554,739,2,1
2021-05-15T23:59:59+02:00,0,0,1944,2087,3508,4058,6605,7651,15524,16183,19087,18453,12983,14027,9216,11308,2801,4908,573,538,822,1227,997,1802,1674,2928,2694,3257,3178,2931,6361,7646,2577,4507,100720,32602,13418,6818,35464,3552,739,2,1
2021-05-14T23:59:59+02:00,0,0,1835,1942,3262,3807,5013,6173,12886,13992,19023,18367,12960,13997,9210,11295,2798,4902,573,537,819,1227,997,1802,1673,2927,2688,3255,3174,2925,6359,7644,2577,4506,91852,32584,13418,6818,35462,3552,728,2,1
2021-05-13T23:59:59+02:00,0,0,1809,1894,3221,3756,4901,6072,12681,13808,18863,18241,12884,13902,9174,11242,2798,4901,567,534,812,1218,987,1790,1654,2908,2581,3162,2513,2121,4907,5843,2568,4487,90638,29573,13321,4801,35460,3551,726,2,1
2021-05-12T23:59:59+02:00,0,0,1809,1894,3220,3756,4901,6072,12681,13808,18862,18241,12884,13902,9174,11242,2798,4901,567,534,812,1218,987,1790,1654,2907,2578,3160,2513,2121,4907,5841,2568,4487,90637,29570,13321,4796,35459,3551,726,2,1
2021-05-11T23:59:59+02:00,0,0,1765,1849,3128,3681,4814,6006,11759,13080,18668,18083,12870,13881,9167,11228,2792,4897,566,532,809,1213,986,1789,1653,2907,2570,3156,2512,2120,4905,5840,2567,4487,90626,29564,10871,4784,35451,3545,718,2,1
2021-05-10T23:59:59+02:00,0,0,1749,1846,3122,3678,4808,6002,11758,13079,18667,18083,12870,13881,9167,11228,2792,4897,565,531,809,1213,986,1789,1652,2907,2570,3156,2511,2119,4905,5840,2567,4487,90613,29563,10868,4784,35426,3541,718,2,1
2021-05-09T23:59:59+02:00,0,0,1713,1799,3070,3663,4738,5967,11691,13058,18604,18024,12850,13862,9164,11219,2790,4895,563,528,801,1212,978,1783,1639,2904,2566,3155,2511,2117,4904,5839,2567,4486,90144,29559,10865,4783,35419,3533,677,2,1
2021-05-08T23:59:59+02:00,0,0,1680,1765,3034,3614,4661,5894,11354,12756,18571,17990,12843,13854,9163,11217,2788,4895,551,527,794,1212,967,1783,1632,2904,2550,3144,2510,2117,4904,5838,2566,4485,89116,29556,10865,4783,35419,3467,677,2,1
2021-05-07T23:59:59+02:00,0,0,1536,1642,2786,3442,3987,5230,10148,11566,18371,17840,12804,13819,9143,11200,2780,4888,454,378,671,982,821,1464,1487,2490,2381,2787,2501,2108,4900,5834,2563,4482,84352,29551,10864,4783,35407,1411,557,2,1
2021-05-06T23:59:59+02:00,0,0,1473,1473,2652,3311,3660,4921,8452,10086,17858,17415,12636,13651,9096,11128,2777,4880,332,319,567,880,685,1375,1240,2276,2167,2592,2449,2076,4898,5827,2563,4481,78834,29531,10863,4782,35390,33,380,2,1
2021-05-05T23:59:59+02:00,0,0,1419,1399,2565,3239,3485,4746,7304,9069,17351,17015,12548,13538,9064,11082,2768,4865,332,319,565,879,684,1373,1194,2224,2156,2585,2445,2074,4898,5823,2563,4477,74959,29522,10859,4781,35382,32,255,2,1
2021-05-04T23:59:59+02:00,0,0,1410,1397,2558,3233,3483,4746,7302,9068,17350,17015,12548,13538,9064,11082,2768,4865,332,318,565,878,682,1373,1194,2224,2156,2585,2444,2074,4898,5823,2563,4476,74952,29519,10848,4781,35371,30,254,2,1
2021-05-03T23:59:59+02:00,0,0,1408,1391,2550,3228,3480,4740,7223,9008,17336,17007,12544,13536,9064,11082,2767,4864,329,312,561,874,677,1368,1115,2164,2142,2577,2440,2072,4898,5823,2562,4475,74943,29517,10848,4781,35371,26,64,2,1
2021-05-02T23:59:59+02:00,0,0,1400,1387,2547,3222,3467,4731,7203,8988,17230,16939,12531,13511,9058,11071,2764,4864,327,311,561,874,677,1368,1115,2163,2140,2577,2440,2072,4897,5821,2562,4475,74633,29512,10847,4780,35370,26,61,2,1
2021-05-01T23:59:59+02:00,0,0,1396,1381,2538,3212,3458,4713,7144,8927,17086,16822,12506,13488,9046,11065,2764,4864,327,311,561,874,677,1368,1115,2163,2140,2577,2440,2072,4895,5821,2561,4473,74130,29507,10847,4780,35370,26,61,2,1
2021-04-30T23:59:59+02:00,0,0,1326,1301,2418,3042,3290,4439,5596,7529,15344,15391,12363,13328,8951,10948,2749,4831,327,311,560,873,676,1368,1112,2161,2137,2575,2439,2063,4882,5812,2553,4455,66619,29490,10847,4779,35370,26,8,2,1
2021-04-29T23:59:59+02:00,0,0,1272,1263,2316,2932,3158,4269,4988,6881,14171,14368,12055,13000,8861,10866,2735,4803,325,310,560,872,676,1367,1111,2161,2135,2573,2437,2059,4881,5809,2552,4453,61714,29470,10847,4776,35367,26,8,2,1
2021-04-28T23:59:59+02:00,0,0,1209,1246,2254,2895,3093,4188,4679,6589,13759,14052,11941,12853,8820,10808,2727,4797,324,310,557,870,673,1367,1109,2160,2134,2566,2434,2057,4878,5805,2549,4450,61597,29466,8943,4750,35367,25,1,2,1
2021-04-27T23:59:59+02:00,0,0,1189,1244,2249,2894,3089,4187,4677,6589,13758,14051,11940,12852,8820,10808,2727,4797,324,310,557,870,672,1365,1109,2160,2133,2566,2434,2055,4878,5805,2549,4450,61565,29464,8938,4746,35365,25,1,2,1
2021-04-26T23:59:59+02:00,0,0,1189,1242,2247,2893,3087,4187,4663,6575,13718,14020,11937,12850,8820,10807,2727,4796,324,310,557,870,672,1365,1109,2160,2131,2565,2434,2055,4878,5805,2549,4450,61558,29463,8934,4745,35263,24,1,2,1
2021-04-25T23:59:59+02:00,0,0,1188,1242,2241,2893,3084,4180,4651,6568,13580,13866,11927,12844,8819,10806,2727,4796,324,310,556,870,671,1364,1107,2158,2131,2565,2434,2055,4878,5805,2549,4450,61233,29459,8931,4742,35245,24,1,2,1
2021-04-24T23:59:59+02:00,0,0,1122,1196,2103,2804,2945,4124,4440,6453,12719,13063,11651,12515,8753,10702,2720,4783,324,310,556,870,670,1363,1107,2158,2131,2564,2433,2055,4874,5804,2549,4450,57915,29452,8930,4742,35245,22,1,2,1
2021-04-23T23:59:59+02:00,0,0,1023,1176,1888,2777,2785,4091,4326,6342,11383,12009,11596,12453,8729,10655,2718,4780,323,310,556,870,669,1363,1106,2158,2129,2564,2432,2055,4873,5799,2549,4449,56442,29446,8930,4741,33357,17,0,2,1
2021-04-22T23:59:59+02:00,0,0,1013,1167,1861,2764,2723,4066,4149,6223,10765,11492,11508,12367,8699,10608,2715,4775,322,309,556,870,669,1362,1104,2158,2128,2564,2432,2053,4871,5797,2549,4449,54747,29439,8929,4736,33217,17,0,2,1
2021-04-21T23:59:59+02:00,0,0,998,1153,1786,2740,2603,4031,4004,6149,9276,10332,11433,12300,8687,10584,2712,4772,321,309,555,870,668,1362,1103,2158,2127,2564,2428,2049,4868,5795,2548,4447,51588,29421,8928,4733,33042,17,0,2,1
2021-04-20T23:59:59+02:00,0,0,998,1152,1785,2739,2600,4028,4000,6148,8980,10009,11406,12276,8683,10575,2712,4771,321,309,555,870,668,1362,1103,2157,2126,2563,2428,2048,4866,5794,2548,4447,50894,29417,8925,4730,33041,17,0,2,1
2021-04-19T23:59:59+02:00,0,0,996,1150,1785,2736,2599,4027,3998,6146,8980,10008,11406,12276,8683,10574,2712,4771,321,309,555,869,668,1362,1101,2157,2125,2563,2428,2048,4866,5794,2548,4447,50886,29414,8920,4729,33039,17,0,2,1
2021-04-18T23:59:59+02:00,0,0,996,1150,1783,2736,2597,4025,3998,6146,8980,10008,11406,12276,8683,10573,2712,4770,321,309,555,869,667,1362,1101,2156,2125,2563,2428,2048,4866,5794,2548,4447,50880,29413,8919,4728,33038,17,0,2,1
2021-04-17T23:59:59+02:00,0,0,996,1149,1780,2730,2520,3935,3942,6064,8963,9990,11283,12124,8680,10571,2712,4769,316,303,551,862,659,1352,1083,2143,2078,2537,2383,1996,4817,5725,2542,4441,50249,29043,8919,4728,33038,16,0,2,1
2021-04-16T23:59:59+02:00,0,0,967,1115,1669,2647,2318,3798,3693,5890,7243,8179,11086,11880,8626,10508,2709,4756,309,298,536,843,627,1315,1001,2086,1854,2378,2234,1887,4630,5457,2483,4325,45908,29029,8844,3222,32330,11,0,2,1
2021-04-15T23:59:59+02:00,0,0,897,1063,1542,2559,2039,3646,3161,5562,6233,7214,10829,11545,8526,10385,2690,4733,309,298,535,842,625,1314,1000,2083,1618,2237,2081,1756,4444,5246,2429,4222,42110,28984,8841,2047,31671,7,0,2,1
2021-04-14T23:59:59+02:00,0,0,882,1034,1497,2523,1951,3565,2991,5427,6139,7103,10666,11338,8444,10285,2678,4719,289,288,501,815,554,1255,793,1940,1398,2113,2014,1681,4313,5082,2415,4194,40735,27590,8837,2047,31668,7,0,2,1
2021-04-13T23:59:59+02:00,0,0,877,1028,1485,2520,1928,3546,2959,5393,5618,6527,10366,10999,8413,10251,2677,4718,289,286,501,814,554,1255,793,1940,1398,2112,2011,1680,4313,5082,2415,4191,40728,27588,6911,2038,31664,7,0,2,1
2021-04-12T23:59:59+02:00,0,0,877,1027,1484,2518,1928,3546,2958,5392,5617,6527,10365,10999,8413,10251,2677,4718,289,285,501,814,552,1255,791,1939,1397,2112,2011,1680,4313,5081,2415,4191,40724,27582,6909,2036,31662,7,0,2,1
2021-04-11T23:59:59+02:00,0,0,877,1027,1483,2518,1927,3545,2957,5392,5617,6527,10364,10998,8413,10251,2677,4718,289,285,500,814,551,1255,790,1939,1395,2112,2011,1680,4313,5081,2415,4191,40721,27577,6908,2036,31660,7,0,2,1
2021-04-10T23:59:59+02:00,0,0,875,1024,1480,2514,1910,3533,2889,5326,5489,6429,10134,10781,8361,10201,2673,4717,289,284,500,813,551,1255,789,1939,1395,2112,2007,1676,4308,5072,2414,4188,40152,27548,6908,2036,31274,7,0,2,1
2021-04-09T23:59:59+02:00,0,0,837,991,1383,2458,1806,3474,2760,5272,5350,6364,7756,7955,8297,10107,2663,4699,288,284,497,812,549,1253,786,1939,1393,2108,1987,1654,4286,5054,2411,4183,34679,27440,6907,2036,30584,7,0,2,1
2021-04-08T23:59:59+02:00,0,0,836,989,1379,2455,1804,3471,2750,5263,5339,6351,6968,7040,8255,10057,2660,4695,287,283,497,811,549,1252,785,1939,1391,2107,1985,1654,4285,5051,2411,4183,32827,27427,6907,2035,30576,7,0,2,1
2021-04-07T23:59:59+02:00,0,0,784,966,1304,2383,1717,3403,2557,5156,4598,5868,6302,6400,8197,9996,2654,4689,287,283,497,811,549,1249,785,1939,1391,2107,1985,1654,4284,5051,2411,4183,32823,27426,6906,2034,27243,6,0,2,0
2021-04-06T23:59:59+02:00,0,0,751,959,1285,2348,1693,3362,2527,5110,4524,5792,5940,6043,8176,9972,2649,4683,287,282,497,810,549,1249,785,1939,1390,2107,1985,1653,4284,5051,2411,4183,32819,27424,6906,2032,26087,6,0,2,0
2021-04-05T23:59:59+02:00,0,0,747,928,1244,2224,1621,3197,2408,4840,4364,5520,5633,5738,8159,9946,2647,4679,287,282,497,809,549,1249,785,1939,1390,2107,1985,1653,4284,5051,2411,4183,32818,27423,6906,2032,24169,6,0,2,0
2021-04-04T23:59:59+02:00,0,0,726,903,1153,2008,1487,2931,2194,4406,4014,5021,5389,5514,8127,9892,2646,4671,287,282,496,808,547,1248,784,1938,1316,2070,1622,1379,4126,4870,2367,4118,32814,26221,6906,2032,21360,5,0,2,0
2021-04-03T23:59:59+02:00,0,0,726,903,1152,2007,1486,2931,2193,4406,4014,5021,5389,5513,8127,9892,2646,4671,287,282,496,808,547,1248,784,1938,1316,2070,1622,1379,4126,4870,2367,4118,32810,26221,6906,2032,21359,5,0,2,0
2021-04-02T23:59:59+02:00,0,0,726,902,1152,2007,1486,2931,2193,4406,4013,5021,5389,5512,8126,9891,2645,4669,287,282,496,808,547,1248,784,1938,1315,2070,1622,1379,4126,4870,2367,4118,32809,26220,6906,2032,21352,5,0,2,0
2021-04-01T23:59:59+02:00,0,0,721,900,1149,2001,1478,2923,2179,4388,3922,4936,4896,4913,7421,8997,2643,4664,287,280,495,805,547,1247,781,1936,1277,2042,1473,1284,4027,4769,2356,4105,29906,25680,6880,2026,21343,5,0,2,0
2021-03-31T23:59:59+02:00,0,0,721,899,1147,2000,1474,2918,2175,4387,3904,4925,4723,4696,6655,8063,2633,4642,286,279,495,805,543,1244,776,1929,1172,1965,1079,1020,3621,4312,2249,3931,29788,23739,4856,1963,21316,4,0,2,0
2021-03-30T23:59:59+02:00,0,0,721,899,1146,1997,1462,2909,2166,4378,3859,4898,4524,4515,6406,7766,2624,4626,286,278,495,803,543,1244,776,1928,1172,1965,1079,1020,3621,4312,2248,3931,29783,23735,4851,1963,20260,3,0,2,0
2021-03-29T23:59:59+02:00,0,0,720,897,1146,1997,1460,2909,2166,4378,3856,4896,4521,4513,6403,7757,2622,4608,286,277,495,803,543,1244,775,1927,1172,1965,1079,1019,3621,4312,2248,3931,29776,23731,4846,1963,20225,3,0,2,0
2021-03-28T23:59:59+02:00,0,0,720,897,1146,1994,1458,2907,2165,4375,3855,4896,4520,4513,6400,7753,2622,4607,285,277,493,803,543,1244,774,1927,1172,1965,1079,1018,3621,4312,2248,3931,29774,23727,4841,1962,20211,3,0,2,0
2021-03-27T23:59:59+01:00,0,0,716,892,1142,1986,1450,2897,2146,4359,3813,4870,4471,4456,6355,7694,2615,4593,281,272,479,793,532,1232,726,1891,1011,1873,818,828,3482,4161,2087,3619,29423,22761,4841,1321,20189,3,0,2,0
2021-03-26T23:59:59+01:00,0,0,716,892,1141,1985,1447,2896,2143,4359,3808,4867,4459,4434,6345,7668,2608,4579,280,272,479,791,530,1232,724,1891,1004,1865,681,733,2505,3008,1917,3406,29363,19994,4840,1321,20142,3,0,2,0
2021-03-25T23:59:59+01:00,0,0,715,891,1141,1985,1446,2893,2139,4353,3803,4863,4450,4423,6331,7636,2587,4525,280,272,479,791,529,1229,723,1891,1003,1864,660,726,1327,1564,1636,3046,29350,16696,4835,1321,19994,3,0,2,0
2021-03-24T23:59:59+01:00,0,0,692,880,1103,1955,1375,2833,1933,4205,3579,4737,4390,4363,6196,7468,2573,4493,280,272,479,791,526,1229,722,1891,1002,1864,660,726,1327,1563,1636,3044,27973,16689,4832,1320,19968,3,0,2,0
2021-03-23T23:59:59+01:00,0,0,692,878,1101,1954,1375,2833,1933,4205,3578,4734,4390,4363,6195,7468,2573,4492,280,272,479,791,526,1229,722,1891,1002,1864,660,726,1327,1563,1636,3044,27969,16689,4829,1320,19964,3,0,2,0
2021-03-22T23:59:59+01:00,0,0,692,876,1099,1950,1372,2833,1931,4205,3577,4734,4390,4362,6195,7467,2573,4492,280,272,479,791,526,1228,721,1891,1002,1863,660,726,1327,1563,1636,3044,27965,16686,4828,1320,19953,3,0,2,0
2021-03-21T23:59:59+01:00,0,0,692,876,1098,1947,1372,2831,1930,4204,3576,4733,4390,4362,6194,7467,2573,4492,280,272,479,791,526,1228,721,1891,1002,1863,660,725,1327,1563,1636,3044,27962,16685,4827,1320,19947,3,0,1,0
2021-03-20T23:59:59+01:00,0,0,690,874,1096,1945,1366,2828,1913,4197,3545,4714,4172,4087,5677,6860,2563,4459,275,270,474,785,509,1218,699,1874,964,1834,590,647,1095,1304,1286,2497,27881,14998,4729,1320,18375,3,0,1,0
2021-03-19T23:59:59+01:00,0,0,682,868,1081,1925,1332,2791,1833,4141,3325,4554,4024,3981,5501,6618,2514,4374,275,270,474,785,509,1218,699,1873,963,1834,590,647,1095,1303,1285,2496,27879,14993,3298,1320,18367,3,0,0,0
2021-03-18T23:59:59+01:00,0,0,682,867,1080,1924,1331,2789,1833,4138,3095,4411,3871,3852,5323,6415,2462,4272,275,269,473,785,509,1216,699,1872,962,1833,588,644,857,1048,1175,2329,27867,14213,2113,1319,18365,2,0,0,0
2021-03-17T23:59:59+01:00,0,0,682,867,1079,1924,1331,2788,1833,4138,3095,4411,3871,3850,5322,6415,2462,4272,275,269,473,785,509,1216,699,1872,961,1833,587,644,857,1048,1175,2329,27865,14211,2113,1319,18362,2,0,0,0
2021-03-16T23:59:59+01:00,0,0,681,867,1079,1920,1330,2788,1831,4138,3095,4409,3870,3849,5322,6415,2461,4271,273,265,459,780,500,1204,683,1858,945,1823,585,643,855,1047,1174,2328,27858,14101,2109,1319,18359,2,0,0,0
2021-03-15T23:59:59+01:00,0,0,681,866,1077,1919,1327,2788,1827,4137,3094,4409,3870,3848,5321,6415,2461,4271,273,265,459,780,500,1204,683,1858,944,1822,585,643,855,1047,1174,2328,27853,14099,2107,1319,18351,2,0,0,0
2021-03-14T23:59:59+01:00,0,0,680,864,1074,1916,1324,2785,1825,4135,3089,4408,3870,3848,5321,6415,2461,4271,273,265,459,780,500,1204,683,1858,944,1821,585,643,854,1047,1174,2328,27849,14097,2107,1319,18330,2,0,0,0
2021-03-13T23:59:59+01:00,0,0,678,859,1066,1910,1315,2778,1820,4127,2975,4330,3402,3445,5117,6182,2416,4208,273,265,459,780,500,1204,682,1858,942,1820,561,627,551,752,755,1755,26585,12463,2107,1319,17936,2,0,0,0
2021-03-12T23:59:59+01:00,0,0,648,772,1043,1797,1294,2587,1788,3861,2931,4162,2261,2003,4756,5636,2413,4199,273,265,459,780,500,1204,681,1858,941,1820,561,626,551,752,755,1754,26573,12460,2107,1319,13471,1,0,0,0
2021-03-11T23:59:59+01:00,0,0,638,727,1035,1695,1286,2428,1776,3647,2885,4023,1697,1474,4270,5094,2403,4190,271,265,459,780,500,1204,681,1857,941,1816,561,626,549,751,675,1609,26023,12458,2095,1087,11150,0,0,0,0
2021-03-10T23:59:59+01:00,0,0,633,715,1025,1673,1277,2407,1763,3621,2776,3940,1307,1206,3862,4625,2309,4033,271,265,458,778,499,1204,681,1857,939,1816,561,626,547,749,675,1609,24044,12451,2094,1084,11034,0,0,0,0
2021-03-09T23:59:59+01:00,0,0,632,710,1017,1656,1266,2392,1760,3610,2769,3935,1303,1205,3862,4624,2308,4033,271,265,458,778,499,1204,681,1857,939,1816,561,626,547,749,675,1609,24041,12451,2093,1084,10948,0,0,0,0
2021-03-08T23:59:59+01:00,0,0,628,681,1006,1631,1251,2359,1752,3577,2748,3920,1302,1203,3862,4624,2308,4033,271,265,458,778,499,1204,681,1857,939,1816,561,626,546,749,675,1609,24037,12450,2092,1084,10756,0,0,0,0
2021-03-07T23:59:59+01:00,0,0,628,678,1002,1627,1251,2356,1751,3574,2748,3918,1302,1203,3862,4624,2308,4033,271,265,458,778,498,1204,681,1857,939,1816,561,626,546,749,675,1609,24034,12449,2092,1084,10739,0,0,0,0
2021-03-06T23:59:59+01:00,0,0,592,631,883,1526,1010,2166,1332,3192,2327,3582,1021,984,3562,4247,2288,4016,271,265,458,778,496,1204,681,1857,939,1815,561,625,544,745,586,1437,23036,12446,2089,816,8234,0,0,0,0
2021-03-05T23:59:59+01:00,0,0,589,631,878,1523,1010,2165,1329,3189,2320,3577,877,887,2568,3055,2117,3784,269,265,453,766,492,1199,673,1840,925,1800,557,621,486,685,288,932,20196,12246,2078,5,8225,0,0,0,0
2021-03-04T23:59:59+01:00,0,0,571,588,841,1393,972,2011,1279,2985,2277,3479,862,878,1387,1620,1830,3420,269,265,452,766,492,1199,673,1840,925,1800,556,620,486,684,288,932,16903,12242,2077,5,7413,0,0,0,0
2021-03-03T23:59:59+01:00,0,0,565,555,818,1328,951,1949,1264,2941,2267,3435,862,877,1387,1620,1830,3420,269,265,452,766,492,1199,673,1840,925,1800,556,620,486,684,288,932,16902,12242,2077,5,7090,0,0,0,0
2021-03-02T23:59:59+01:00,0,0,564,553,815,1327,951,1949,1263,2940,2267,3435,862,877,1387,1620,1830,3420,269,265,451,766,492,1199,673,1840,925,1799,556,620,486,684,288,932,16901,12240,2077,5,7082,0,0,0,0
2021-03-01T23:59:59+01:00,0,0,564,551,814,1327,951,1948,1263,2940,2266,3434,862,876,1387,1619,1830,3420,269,265,451,766,492,1199,672,1839,925,1799,556,620,486,684,288,932,16898,12238,2076,5,7078,0,0,0,0
2021-02-28T23:59:59+01:00,0,0,563,549,814,1327,950,1948,1263,2940,2264,3433,862,874,1387,1619,1830,3420,269,265,451,766,492,1199,672,1838,925,1799,556,620,486,684,288,932,16895,12237,2076,5,7072,0,0,0,0
2021-02-27T23:59:59+01:00,0,0,558,547,803,1317,929,1937,1223,2912,2187,3383,741,758,1118,1329,1323,2547,268,265,451,766,491,1199,670,1837,924,1797,555,617,485,682,288,928,15174,12221,1368,2,7070,0,0,0,0
2021-02-26T23:59:59+01:00,0,0,548,526,774,1253,900,1824,1184,2754,1867,2962,700,730,1118,1329,1322,2546,268,265,451,766,491,1199,670,1837,924,1797,555,617,485,682,288,927,15169,12220,1368,2,5800,0,0,0,0
2021-02-25T23:59:59+01:00,0,0,514,484,712,1135,793,1631,1030,2454,1368,2414,649,685,870,1066,1213,2376,267,264,450,766,491,1198,669,1836,924,1796,555,617,485,682,288,927,14368,12215,1368,0,3658,0,0,0,0
2021-02-24T23:59:59+01:00,0,0,513,483,712,1134,792,1631,1030,2453,1368,2413,649,685,870,1066,1213,2376,267,264,450,766,491,1198,669,1836,924,1796,555,617,485,682,288,927,14368,12215,1367,0,3653,0,0,0,0
2021-02-23T23:59:59+01:00,0,0,511,479,697,1126,783,1620,1013,2439,1352,2403,647,684,868,1065,1212,2375,267,263,450,765,491,1198,669,1835,924,1796,555,617,485,682,288,927,14258,12212,1367,0,3649,0,0,0,0
2021-02-22T23:59:59+01:00,0,0,511,479,697,1126,781,1620,1013,2439,1351,2402,647,683,868,1065,1212,2375,267,263,450,765,491,1198,669,1835,924,1795,555,617,485,682,288,927,14256,12211,1367,0,3646,0,0,0,0
2021-02-21T23:59:59+01:00,0,0,511,479,697,1126,780,1620,1012,2439,1351,2401,646,683,867,1065,1212,2375,267,263,450,765,491,1198,669,1835,924,1795,555,617,485,682,288,927,14254,12211,1367,0,3643,0,0,0,0
2021-02-20T23:59:59+01:00,0,0,495,477,685,1120,760,1615,999,2437,1324,2381,619,664,558,764,785,1791,266,262,445,763,486,1192,664,1824,918,1792,552,614,480,682,284,922,12590,12146,1366,0,3518,0,0,0,0
2021-02-19T23:59:59+01:00,0,0,397,391,581,994,642,1461,858,2266,1085,2144,572,640,558,764,785,1791,263,262,441,761,484,1183,661,1808,911,1772,548,608,475,675,281,914,12589,12047,1366,0,1974,0,0,0,0
2021-02-18T23:59:59+01:00,0,0,274,267,467,791,503,1214,697,1871,949,1833,569,634,557,764,785,1791,262,261,439,758,482,1179,660,1794,907,1761,542,603,468,668,276,903,12588,11963,1366,0,12,0,0,0,0
2021-02-17T23:59:59+01:00,0,0,274,267,466,791,503,1214,696,1871,948,1833,568,634,557,763,785,1791,261,261,438,755,480,1177,657,1786,904,1754,537,598,459,646,265,884,12586,11862,1366,0,9,0,0,0,0
2021-02-16T23:59:59+01:00,0,0,274,267,464,790,502,1214,696,1871,948,1833,568,634,557,763,785,1791,250,257,432,739,468,1145,650,1711,879,1675,518,569,427,603,248,819,12586,11390,1366,0,5,0,0,0,0
2021-02-15T23:59:59+01:00,0,0,274,267,463,790,502,1213,694,1871,948,1833,568,634,557,763,785,1791,246,253,429,731,462,1120,634,1660,854,1621,497,535,409,559,236,756,12585,11002,1366,0,2,0,0,0,0
2021-02-14T23:59:59+01:00,0,0,274,267,463,790,501,1213,694,1871,948,1833,568,634,557,763,785,1791,246,253,429,731,462,1120,634,1654,852,1612,487,530,405,556,228,748,12584,10947,1366,0,2,0,0,0,0
2021-02-13T23:59:59+01:00,0,0,272,267,463,790,501,1213,694,1870,948,1833,568,634,557,763,785,1791,244,251,429,727,455,1108,625,1633,832,1579,468,505,391,531,215,712,12582,10705,1366,0,1,0,0,0,0
2021-02-12T23:59:59+01:00,0,0,272,267,463,789,501,1213,694,1869,944,1830,568,632,508,717,771,1787,227,243,409,693,434,1020,590,1471,745,1340,385,386,316,419,159,535,12458,9372,1366,0,1,0,0,0,0
2021-02-11T23:59:59+01:00,0,0,270,267,462,789,501,1213,694,1867,944,1827,567,631,505,714,688,1639,205,230,397,662,414,973,556,1377,699,1230,351,338,277,356,132,449,12446,8646,1131,0,1,0,0,0,0
2021-02-10T23:59:59+01:00,0,0,270,267,462,788,501,1213,693,1867,943,1827,566,631,505,713,687,1637,202,226,396,656,410,959,553,1357,687,1195,335,315,255,316,115,387,12439,8364,1131,0,0,0,0,0,0
2021-02-09T23:59:59+01:00,0,0,270,267,462,788,501,1213,692,1867,943,1825,566,631,505,713,687,1637,193,213,385,621,391,892,510,1264,634,1065,261,224,180,205,74,239,12436,7351,1131,0,0,0,0,0,0
2021-02-08T23:59:59+01:00,0,0,270,267,460,788,501,1213,692,1867,943,1825,566,631,505,713,687,1637,190,207,381,607,382,867,487,1214,607,995,230,183,145,155,60,184,12435,6894,1130,0,0,0,0,0,0
2021-02-07T23:59:59+01:00,0,0,270,267,460,788,501,1213,692,1867,943,1824,566,631,505,713,687,1636,189,207,380,603,380,862,482,1204,603,981,224,176,135,137,54,168,12433,6785,1130,0,0,0,0,0,0
2021-02-06T23:59:59+01:00,0,0,270,267,460,788,501,1213,692,1867,943,1824,566,631,503,708,597,1464,189,207,380,603,380,862,482,1204,603,981,224,176,135,137,54,168,12433,6785,861,0,0,0,0,0,0
2021-02-05T23:59:59+01:00,0,0,270,267,458,787,499,1211,689,1866,940,1821,562,627,496,693,291,945,183,198,363,572,367,822,462,1163,585,950,203,159,111,124,49,165,12418,6476,4,0,0,0,0,0,0
2021-02-04T23:59:59+01:00,0,0,270,266,457,781,496,1210,688,1861,935,1820,561,627,495,692,291,945,168,162,294,436,301,667,382,939,511,811,192,154,103,118,42,153,12391,5433,4,0,0,0,0,0,0
2021-02-03T23:59:59+01:00,0,0,269,266,457,779,496,1209,687,1860,935,1820,561,627,495,692,291,945,163,155,249,354,252,580,322,840,460,724,185,149,99,116,41,152,12385,4841,4,0,0,0,0,0,0
2021-02-02T23:59:59+01:00,0,0,269,265,457,776,496,1209,687,1857,935,1818,561,627,495,692,291,945,156,140,190,290,195,492,245,726,378,641,175,145,97,115,41,151,12376,4177,4,0,0,0,0,0,0
2021-02-01T23:59:59+01:00,0,0,269,265,455,775,495,1208,686,1853,932,1813,561,627,494,692,291,945,149,134,152,254,167,433,200,648,321,567,169,134,89,105,36,144,12357,3702,4,0,0,0,0,0,0
2021-01-31T23:59:59+01:00,0,0,269,265,455,775,495,1208,686,1853,932,1813,561,627,494,692,291,945,149,134,152,253,167,432,199,648,321,567,169,134,89,105,36,144,12357,3699,4,0,0,0,0,0,0
2021-01-30T23:59:59+01:00,0,0,269,265,455,775,495,1208,686,1853,928,1813,560,627,492,692,288,945,136,122,135,235,156,404,188,607,303,520,147,123,77,78,29,110,12347,3370,4,0,0,0,0,0,0
2021-01-29T23:59:59+01:00,0,0,266,265,451,772,493,1199,683,1836,921,1793,556,621,487,686,285,937,88,68,93,154,115,246,145,440,213,377,109,82,58,67,24,99,12247,2378,4,0,0,0,0,0,0
2021-01-28T23:59:59+01:00,0,0,266,265,450,772,492,1199,683,1836,921,1791,556,621,487,686,285,937,10,7,13,23,24,46,22,94,50,105,34,32,31,48,18,91,12244,648,3,0,0,0,0,0,0
2021-01-27T23:59:59+01:00,0,0,265,265,450,772,492,1199,683,1836,919,1791,556,621,487,686,285,937,10,7,13,23,23,46,22,92,49,105,34,32,31,48,18,91,12243,644,1,0,0,0,0,0,0
2021-01-26T23:59:59+01:00,0,0,265,265,449,771,492,1198,683,1836,919,1790,556,621,487,686,285,937,10,7,13,23,23,46,22,92,49,105,34,32,31,48,18,91,12239,644,1,0,0,0,0,0,0
2021-01-25T23:59:59+01:00,0,0,265,264,447,771,492,1197,683,1833,919,1789,556,621,486,684,285,937,6,1,5,13,11,21,13,39,23,46,17,16,10,15,6,19,12229,261,0,0,0,0,0,0,0
2021-01-24T23:59:59+01:00,0,0,265,264,447,771,491,1197,683,1832,919,1788,556,621,486,684,285,937,6,1,5,13,11,21,13,39,23,46,17,16,10,15,6,19,12226,261,0,0,0,0,0,0,0
2021-01-23T23:59:59+01:00,0,0,265,264,447,771,491,1196,683,1832,919,1788,556,621,486,684,285,937,6,1,5,13,11,21,13,39,23,46,17,16,10,15,6,19,12225,261,0,0,0,0,0,0,0
2021-01-22T23:59:59+01:00,0,0,263,262,447,771,490,1195,683,1831,919,1788,556,621,486,684,267,893,6,1,5,13,11,21,13,39,23,46,17,16,10,15,6,19,12156,261,0,0,0,0,0,0,0
2021-01-21T23:59:59+01:00,0,0,260,258,445,762,487,1187,680,1810,910,1771,548,613,467,659,256,857,6,1,5,13,11,21,13,39,23,46,17,16,10,15,6,19,11970,261,0,0,0,0,0,0,0
2021-01-20T23:59:59+01:00,0,0,259,256,441,757,485,1185,677,1802,907,1766,542,608,460,640,248,840,6,1,5,13,11,21,13,39,23,46,17,16,10,15,6,19,11873,261,0,0,0,0,0,0,0
2021-01-19T23:59:59+01:00,0,0,254,256,439,749,479,1170,674,1771,896,1725,530,591,449,624,236,805,6,1,5,13,11,21,13,39,23,46,17,16,10,15,6,19,11648,261,0,0,0,0,0,0,0
2021-01-18T23:59:59+01:00,0,0,250,252,436,738,474,1149,656,1734,870,1677,511,558,434,586,224,748,6,1,5,12,11,21,13,39,23,46,17,16,10,15,6,19,11297,260,0,0,0,0,0,0,0
2021-01-17T23:59:59+01:00,0,0,250,251,435,738,474,1148,653,1727,864,1665,495,547,419,564,209,723,6,1,4,12,11,21,13,39,23,46,17,15,10,15,6,19,11162,258,0,0,0,0,0,0,0
2021-01-16T23:59:59+01:00,0,0,242,243,431,718,461,1113,628,1639,817,1516,453,465,390,511,188,668,0,0,0,0,0,0,0,0,0,0,0,0,0,0,0,0,10483,0,0,0,0,0,0,0,0
2021-01-15T23:59:59+01:00,0,0,233,236,423,698,447,1062,608,1539,778,1402,404,408,339,443,170,562,0,0,0,0,0,0,0,0,0,0,0,0,0,0,0,0,9752,0,0,0,0,0,0,0,0
2021-01-14T23:59:59+01:00,0,0,210,223,404,656,425,1000,565,1422,711,1249,349,334,290,350,129,445,0,0,0,0,0,0,0,0,0,0,0,0,0,0,0,0,8762,0,0,0,0,0,0,0,0
2021-01-13T23:59:59+01:00,0,0,208,221,403,649,420,981,560,1400,697,1214,331,310,265,310,112,384,0,0,0,0,0,0,0,0,0,0,0,0,0,0,0,0,8465,0,0,0,0,0,0,0,0
2021-01-12T23:59:59+01:00,0,0,191,210,388,609,389,886,498,1246,618,1025,236,194,160,161,62,192,0,0,0,0,0,0,0,0,0,0,0,0,0,0,0,0,7065,0,0,0,0,0,0,0,0
2021-01-11T23:59:59+01:00,0,0,187,204,384,597,376,859,478,1199,598,971,216,165,128,117,45,144,0,0,0,0,0,0,0,0,0,0,0,0,0,0,0,0,6668,0,0,0,0,0,0,0,0
2021-01-10T23:59:59+01:00,0,0,186,200,373,583,372,846,469,1179,586,952,212,165,125,117,43,142,0,0,0,0,0,0,0,0,0,0,0,0,0,0,0,0,6550,0,0,0,0,0,0,0,0
2021-01-09T23:59:59+01:00,0,0,166,168,327,503,331,728,408,999,498,803,148,108,73,73,29,105,0,0,0,0,0,0,0,0,0,0,0,0,0,0,0,0,5467,0,0,0,0,0,0,0,0
2021-01-08T23:59:59+01:00,0,0,98,78,231,352,244,435,294,667,340,510,80,67,49,58,22,93,0,0,0,0,0,0,0,0,0,0,0,0,0,0,0,0,3618,0,0,0,0,0,0,0,0
2021-01-07T23:59:59+01:00,0,0,12,11,54,97,72,124,94,193,122,179,41,35,33,50,19,93,0,0,0,0,0,0,0,0,0,0,0,0,0,0,0,0,1229,0,0,0,0,0,0,0,0
2021-01-06T23:59:59+01:00,0,0,8,4,9,23,17,46,23,91,53,109,35,32,32,50,19,93,0,0,0,0,0,0,0,0,0,0,0,0,0,0,0,0,644,0,0,0,0,0,0,0,0
2021-01-05T23:59:59+01:00,0,0,8,4,9,23,17,46,22,91,51,109,35,32,32,50,19,93,0,0,0,0,0,0,0,0,0,0,0,0,0,0,0,0,641,0,0,0,0,0,0,0,0
2021-01-04T23:59:59+01:00,0,0,6,1,5,13,11,23,14,41,23,48,18,16,11,15,6,20,0,0,0,0,0,0,0,0,0,0,0,0,0,0,0,0,271,0,0,0,0,0,0,0,0
2021-01-03T23:59:59+01:00,0,0,6,1,5,13,11,23,14,41,23,48,18,16,11,15,6,20,0,0,0,0,0,0,0,0,0,0,0,0,0,0,0,0,271,0,0,0,0,0,0,0,0
2021-01-02T23:59:59+01:00,0,0,6,1,5,13,11,23,14,41,23,48,18,16,11,15,6,20,0,0,0,0,0,0,0,0,0,0,0,0,0,0,0,0,271,0,0,0,0,0,0,0,0
2021-01-01T23:59:59+01:00,0,0,6,1,5,13,11,23,14,41,23,48,18,16,11,15,6,20,0,0,0,0,0,0,0,0,0,0,0,0,0,0,0,0,271,0,0,0,0,0,0,0,0
2020-12-31T23:59:59+01:00,0,0,6,1,5,13,11,23,14,41,23,48,18,16,11,15,6,20,0,0,0,0,0,0,0,0,0,0,0,0,0,0,0,0,271,0,0,0,0,0,0,0,0
2020-12-30T23:59:59+01:00,0,0,6,1,5,13,11,23,14,41,23,48,18,16,11,15,6,20,0,0,0,0,0,0,0,0,0,0,0,0,0,0,0,0,271,0,0,0,0,0,0,0,0
2020-12-29T23:59:59+01:00,0,0,6,1,5,13,11,23,14,41,23,48,18,16,11,15,6,20,0,0,0,0,0,0,0,0,0,0,0,0,0,0,0,0,271,0,0,0,0,0,0,0,0
2020-12-28T23:59:59+01:00,0,0,6,1,5,13,11,23,14,41,23,48,18,16,11,15,6,20,0,0,0,0,0,0,0,0,0,0,0,0,0,0,0,0,271,0,0,0,0,0,0,0,0
2020-12-27T23:59:59+01:00,0,0,6,1,4,12,11,23,14,41,23,48,18,15,11,15,6,20,0,0,0,0,0,0,0,0,0,0,0,0,0,0,0,0,268,0,0,0,0,0,0,0,0
