Datum,<24_1_m,<24_1_w,25-34_1_m,25-34_1_w,35-44_1_m,35-44_1_w,45-54_1_m,45-54_1_w,55-64_1_m,55-64_1_w,65-74_1_m,65-74_1_w,75-84_1_m,75-84_1_w,>84_1_m,>84_1_w,<24_2_m,<24_2_w,25-34_2_m,25-34_2_w,35-44_2_m,35-44_2_w,45-54_2_m,45-54_2_w,55-64_2_m,55-64_2_w,65-74_2_m,65-74_2_w,75-84_2_m,75-84_2_w,>84_2_m,>84_2_w,bp_1,bp_2,mo_1,mo_2,az_1,az_2,ja
2021-07-06T23:59:59+02:00,11561,10902,14052,12772,16302,16166,19783,19890,21524,20627,14037,15181,9702,11911,2908,5103,5120,5219,5839,6099,10401,11133,16736,17282,18928,18424,13117,14102,9267,11359,2823,4949,160603,119860,21768,15575,35493,30806,4557
2021-07-05T23:59:59+02:00,11555,10898,14036,12769,16291,16164,19782,19890,21521,20627,14037,15181,9702,11911,2908,5103,5112,5218,5821,6096,10390,11131,16735,17282,18926,18423,13117,14102,9267,11359,2823,4949,160597,119857,21767,15573,35493,30803,4518
2021-07-04T23:59:59+02:00,11545,10888,14034,12765,16290,16164,19782,19890,21521,20627,14037,15181,9702,11911,2908,5103,5079,5176,5736,6019,10263,11017,16729,17279,18926,18421,13113,14100,9265,11355,2821,4948,160590,119382,21767,15572,35493,30795,4498
2021-07-03T23:59:59+02:00,9534,9270,12597,11621,15824,15711,19504,19595,21354,20463,13964,15105,9649,11865,2902,5099,4963,5044,5464,5766,10031,10804,16588,17140,18735,18270,13088,14066,9255,11345,2819,4946,152314,117842,21766,15572,35493,30426,4484
2021-07-02T23:59:59+02:00,9533,9263,12593,11618,15822,15710,19502,19595,21352,20463,13963,15105,9648,11864,2901,5098,4103,4175,4826,5122,9069,9826,16219,16664,18258,17735,12741,13750,9197,11270,2817,4938,152299,113343,21766,15572,35490,27320,4475
2021-07-01T23:59:59+02:00,9306,9074,12515,11540,15789,15681,19491,19582,21342,20445,13959,15102,9642,11856,2898,5092,2268,2449,4397,4749,8581,9404,15597,16125,17712,17305,12684,13685,9167,11215,2803,4908,151612,105751,21766,15570,35490,27282,4446
2021-06-30T23:59:59+02:00,9010,8839,12346,11393,15676,15586,19424,19514,21301,20398,13940,15076,9629,11843,2897,5087,2209,2410,4306,4630,8477,9304,15400,15987,16983,16806,12034,13042,9108,11146,2796,4902,150276,105691,21763,15569,35488,23848,4432
2021-06-29T23:59:59+02:00,9007,8830,12344,11389,15672,15586,19422,19514,21301,20398,13940,15076,9629,11843,2897,5087,2187,2398,4283,4592,8452,9259,15365,15928,16908,16722,11680,12707,9081,11113,2793,4894,150268,105679,21760,15566,35487,22697,4420
2021-06-28T23:59:59+02:00,9004,8826,12337,11384,15670,15586,19421,19514,21301,20398,13939,15076,9629,11843,2897,5087,2180,2369,4237,4473,8377,9100,15245,15650,16740,16450,11375,12406,9059,11086,2792,4890,150252,105673,21760,15565,35487,20778,4413
2021-06-27T23:59:59+02:00,9001,8821,12334,11381,15668,15586,19421,19514,21301,20398,13939,15076,9629,11843,2897,5087,2170,2365,4228,4471,8196,8949,15225,15635,16738,16444,11371,12405,9058,11085,2792,4890,150244,105278,21759,15564,35487,20774,4406
2021-06-26T23:59:59+02:00,8780,8603,11865,10977,14571,14607,19171,19319,21198,20278,13896,15025,9618,11814,2894,5084,2130,2322,4174,4418,8099,8839,14963,15376,16678,16397,11354,12386,9046,11080,2792,4888,147800,104220,20008,15542,35486,20774,4406
2021-06-25T23:59:59+02:00,8734,8563,11850,10968,14571,14600,19164,19314,21194,20277,13896,15025,9617,11812,2894,5084,2001,2144,3887,4115,6581,7414,12328,13194,16603,16310,11328,12356,9035,11056,2787,4875,147663,95404,20008,15461,35486,20743,4406
2021-06-24T23:59:59+02:00,8244,8135,10783,10081,14041,14165,19094,19255,21148,20234,13874,14997,9604,11799,2893,5081,1932,2076,3528,3778,5830,6747,12086,12987,16362,16104,11224,12229,8945,10929,2776,4841,143544,94180,20004,13104,35485,20695,4395
2021-06-23T23:59:59+02:00,8242,8131,10777,10080,14040,14164,19094,19254,21148,20233,13874,14997,9604,11799,2893,5081,1787,1907,3044,3374,4476,5579,11781,12717,16242,15986,11179,12190,8933,10903,2775,4834,143531,89541,20002,13103,35484,20669,4394
2021-06-22T23:59:59+02:00,8195,8103,10705,10030,14017,14138,19078,19239,21137,20225,13867,14988,9601,11796,2893,5081,1738,1877,2963,3320,4438,5546,11753,12678,16174,15935,10971,11999,8683,10605,2766,4803,143517,89523,20002,13099,35484,19537,4090
2021-06-21T23:59:59+02:00,8063,8036,10579,9933,13736,13892,18340,18632,21049,20150,13832,14956,9582,11771,2893,5078,1693,1853,2920,3282,4410,5516,11707,12643,16156,15921,10962,11989,8676,10597,2765,4802,141168,89399,20000,13098,35484,19525,3870
2021-06-20T23:59:59+02:00,8063,8032,10575,9929,13736,13892,18340,18632,21049,20150,13832,14956,9582,11771,2893,5078,1665,1824,2874,3267,4346,5477,11645,12610,16095,15862,10943,11973,8673,10588,2761,4798,141157,88923,19999,13094,35484,19514,3870
2021-06-19T23:59:59+02:00,8030,7995,10469,9838,13556,13740,17927,18297,20866,19977,13814,14930,9570,11751,2890,5072,1634,1789,2833,3219,4266,5404,11309,12320,16057,15824,10934,11961,8671,10583,2759,4796,141117,87911,18251,13065,35484,19513,3870
2021-06-18T23:59:59+02:00,6532,6592,10464,9836,13555,13738,17925,18296,20866,19977,13814,14929,9570,11751,2889,5070,1502,1678,2597,3062,3637,4775,10172,11180,15846,15671,10894,11921,8648,10563,2745,4767,138207,83272,18249,13063,35484,19459,3864
2021-06-17T23:59:59+02:00,6460,6522,10350,9732,13235,13433,17540,17979,20753,19880,13795,14891,9558,11737,2881,5064,1421,1560,2445,2914,3283,4439,8579,9822,15338,15239,10722,11742,8592,10486,2729,4738,136328,77833,18249,13059,35483,19407,3750
2021-06-16T23:59:59+02:00,6453,6518,10339,9729,13233,13431,17539,17978,20752,19880,13795,14891,9557,11736,2881,5064,1371,1512,2344,2840,3099,4260,7495,8883,14843,14851,10639,11631,8556,10438,2718,4722,136300,74016,18247,13057,35483,19383,3746
2021-06-15T23:59:59+02:00,6422,6500,10299,9702,13204,13416,17519,17956,20738,19867,13786,14883,9554,11730,2878,5061,1291,1454,2218,2740,2986,4175,6589,8154,14643,14685,10615,11602,8544,10416,2709,4716,136288,74008,18246,10666,35483,19365,3498
2021-06-14T23:59:59+02:00,6404,6483,10266,9677,13185,13396,17505,17939,20718,19857,13776,14874,9551,11729,2878,5057,1275,1439,2184,2713,2965,4154,6575,8135,14622,14675,10604,11593,8541,10415,2709,4712,136276,73999,18246,10666,35483,19356,3290
2021-06-13T23:59:59+02:00,6403,6483,10262,9675,13184,13394,17505,17939,20718,19857,13776,14874,9551,11729,2878,5057,1271,1433,2181,2704,2955,4144,6558,8118,14521,14610,10591,11570,8535,10404,2706,4712,136268,73707,18246,10666,35483,19352,3288
2021-06-12T23:59:59+02:00,5611,5709,10217,9640,13153,13370,17480,17919,20692,19826,13694,14802,9551,11726,2877,5057,1262,1413,2170,2688,2934,4117,6484,8037,14348,14473,10363,11286,8055,9869,2704,4711,134307,73204,18246,10666,35483,17756,3288
2021-06-11T23:59:59+02:00,5606,5702,10207,9634,13139,13358,17473,17915,20688,19824,13694,14801,9551,11724,2877,5057,1186,1329,2050,2528,2764,3862,4989,6707,12650,13094,10223,11139,7968,9763,2697,4695,134235,65946,18246,10665,35483,17747,3286
2021-06-10T23:59:59+02:00,4603,4740,10041,9507,13028,13276,17219,17680,20450,19647,13685,14790,9545,11714,2874,5054,1129,1268,1935,2424,2607,3684,4383,6072,11494,12112,9927,10817,7884,9679,2685,4670,130916,61154,18245,10665,35483,17742,3209
2021-06-09T23:59:59+02:00,4010,4130,9835,9359,12941,13203,16911,17417,20222,19465,13670,14777,9541,11708,2873,5049,1055,1224,1835,2356,2515,3571,4056,5769,11074,11788,9800,10659,7839,9614,2674,4661,128547,61081,18230,8821,35483,17737,2851
2021-06-08T23:59:59+02:00,3998,4124,9823,9350,12929,13196,16904,17408,20214,19463,13668,14775,9540,11706,2872,5047,1009,1216,1813,2341,2488,3557,4031,5750,11063,11785,9797,10655,7838,9612,2673,4658,128534,60965,18227,8816,35483,17732,2773
2021-06-07T23:59:59+02:00,3984,4117,9791,9337,12919,13178,16881,17397,20198,19452,13665,14771,9537,11702,2870,5045,998,1209,1781,2330,2479,3538,4007,5737,11045,11771,9794,10650,7835,9609,2671,4656,128523,60956,18225,8813,35482,17727,2614
2021-06-06T23:59:59+02:00,3979,4113,9786,9333,12918,13178,16880,17396,20197,19452,13664,14770,9537,11702,2870,5045,995,1206,1770,2328,2473,3528,3995,5730,10919,11628,9783,10644,7834,9609,2671,4656,128511,60635,18225,8812,35481,17719,2603
2021-06-05T23:59:59+02:00,3685,3810,7311,7343,12680,12993,16851,17367,20154,19412,13548,14626,9462,11611,2866,5033,918,1133,1606,2227,2308,3449,3769,5590,10027,10788,9401,10197,7723,9455,2663,4637,122575,57374,18225,8812,35480,17233,2472
2021-06-04T23:59:59+02:00,3619,3755,7160,7229,12213,12600,16711,17255,19921,19178,13429,14480,9405,11532,2852,5016,891,1067,1575,2123,2270,3283,3694,5332,9388,10114,8560,9182,7450,9052,2659,4626,120184,55911,18225,8810,35480,14079,2466
2021-06-03T23:59:59+02:00,3206,3361,7133,7213,12089,12483,16680,17215,19835,19112,13418,14464,9403,11529,2851,5015,861,1000,1529,1999,2192,3084,3504,4951,8813,9494,7800,8312,6982,8440,2656,4618,118950,54283,18223,8809,35476,10785,2358
2021-06-02T23:59:59+02:00,2816,3043,6002,6296,11787,12254,16622,17164,19712,19007,13358,14410,9381,11508,2849,5007,845,966,1464,1976,2078,3046,3334,4849,7460,8414,7720,8233,6966,8412,2653,4613,115270,51189,18222,8809,35476,10783,2248
2021-06-01T23:59:59+02:00,2530,2731,5533,5873,11473,11974,16597,17141,19661,18970,13235,14287,9374,11504,2848,5004,828,959,1449,1967,2061,3033,3307,4830,7163,8090,7683,8199,6956,8398,2651,4613,115251,50512,15896,8790,35476,10773,2112
2021-05-31T23:59:59+02:00,2515,2728,5514,5864,11445,11953,16563,17129,19621,18948,13232,14283,9370,11502,2848,5002,812,953,1431,1957,2029,3013,3272,4816,7122,8069,7680,8194,6952,8396,2651,4611,115243,50503,15892,8785,35476,10764,1906
2021-05-30T23:59:59+02:00,2511,2726,5512,5860,11445,11952,16560,17128,19620,18948,13232,14283,9370,11502,2848,5002,811,949,1426,1954,2029,3011,3270,4814,7121,8069,7680,8194,6952,8396,2651,4611,115229,50497,15892,8785,35473,10751,1905
2021-05-29T23:59:59+02:00,2495,2712,5346,5706,11378,11894,16552,17122,19612,18947,13231,14281,9368,11502,2848,5002,774,900,1315,1859,1752,2759,2868,4391,6840,7797,7497,7970,6776,8168,2648,4605,114726,49854,15892,8785,35473,8375,1905
2021-05-28T23:59:59+02:00,2361,2582,4923,5315,10707,11286,16485,17060,19586,18919,13222,14267,9349,11473,2846,4993,753,877,1256,1805,1661,2686,2735,4286,5263,6108,7334,7774,6734,8112,2645,4595,112108,45571,15892,8785,35473,8367,1901
2021-05-27T23:59:59+02:00,2341,2561,4874,5249,10047,10716,16445,17029,19572,18907,13212,14257,9347,11472,2846,4993,699,783,1152,1733,1451,2544,2363,3981,4384,5198,7098,7467,6643,7996,2628,4576,110728,41790,15889,8780,35471,8346,1780
2021-05-26T23:59:59+02:00,2304,2499,4700,5070,9608,10352,16393,16976,19506,18853,13199,14238,9337,11470,2842,4980,684,741,1105,1701,1363,2464,2155,3810,4255,5060,6935,7254,6563,7896,2616,4562,109312,40393,15886,8779,35471,8334,1658
2021-05-25T23:59:59+02:00,2301,2492,4670,5052,9583,10326,16368,16958,19493,18847,13194,14236,9334,11467,2842,4980,678,727,1058,1683,1311,2419,2085,3750,3715,4484,6632,6912,6529,7859,2615,4560,109308,40385,15883,6826,35471,8325,1481
2021-05-24T23:59:59+02:00,2292,2486,4659,5047,9575,10321,16343,16938,19467,18823,13184,14225,9331,11457,2841,4976,669,722,1046,1676,1301,2412,2060,3730,3689,4459,6621,6901,6526,7849,2614,4556,109306,40378,15883,6826,35471,8322,1305
2021-05-23T23:59:59+02:00,2276,2453,4571,4974,9441,10200,16340,16937,19467,18822,13182,14223,9328,11453,2839,4975,668,720,1044,1676,1301,2412,2060,3730,3689,4458,6620,6901,6526,7849,2614,4556,108822,40374,15883,6825,35471,8320,1305
2021-05-22T23:59:59+02:00,2256,2434,4562,4957,9362,10119,16317,16923,19415,18778,13154,14192,9324,11447,2839,4974,667,718,1043,1673,1298,2409,2057,3725,3673,4445,5791,6008,6456,7768,2606,4551,108394,38438,15883,6825,35471,8320,1305
2021-05-21T23:59:59+02:00,2221,2401,4454,4871,9166,9945,16290,16890,19400,18771,13144,14183,9322,11445,2834,4963,655,691,1006,1607,1248,2286,1971,3546,3330,4012,4033,3913,6412,7702,2601,4536,107657,34449,15883,6825,35468,6983,1292
2021-05-20T23:59:59+02:00,2192,2362,4372,4811,8945,9719,16241,16837,19348,18719,13113,14148,9305,11428,2833,4959,600,584,882,1295,1076,1883,1749,3012,2771,3330,3200,2965,6367,7653,2597,4531,106809,32629,15881,6824,35459,3859,1183
2021-05-19T23:59:59+02:00,2030,2186,3877,4386,7563,8529,15966,16589,19227,18594,13065,14100,9295,11402,2831,4956,585,547,844,1241,1047,1832,1723,2959,2721,3286,3192,2952,6363,7650,2597,4530,102182,32605,15878,6822,35458,3564,1078
2021-05-18T23:59:59+02:00,1982,2133,3571,4102,6914,7934,15819,16474,19144,18511,13033,14067,9239,11328,2825,4942,579,543,839,1239,1039,1824,1694,2943,2712,3268,3187,2947,6359,7646,2597,4530,102163,32602,13433,6817,35454,3559,968
2021-05-17T23:59:59+02:00,1974,2125,3551,4088,6871,7910,15791,16456,19122,18492,13023,14044,9238,11327,2825,4942,571,536,820,1224,997,1800,1666,2925,2689,3247,3176,2926,6359,7645,2597,4530,102156,32597,13431,6817,35454,3556,738
2021-05-16T23:59:59+02:00,1969,2122,3544,4084,6685,7744,15770,16437,19118,18487,13018,14043,9237,11326,2825,4942,571,536,820,1223,996,1799,1666,2925,2687,3247,3176,2926,6359,7645,2597,4530,101734,32595,13430,6817,35450,3554,737
2021-05-15T23:59:59+02:00,1941,2086,3506,4048,6599,7640,15501,16168,19062,18445,12999,14024,9228,11321,2825,4940,571,536,820,1222,996,1799,1664,2924,2687,3247,3175,2926,6358,7645,2597,4530,100716,32591,13430,6817,35450,3552,737
2021-05-14T23:59:59+02:00,1832,1941,3260,3798,5008,6167,12869,13980,18998,18359,12976,13994,9221,11308,2822,4934,571,535,817,1222,996,1799,1663,2923,2681,3246,3171,2920,6356,7643,2597,4529,91863,32574,13430,6817,35448,3552,726
2021-05-13T23:59:59+02:00,1806,1893,3219,3747,4896,6066,12665,13797,18839,18233,12900,13899,9185,11255,2822,4933,565,532,810,1213,986,1787,1644,2904,2574,3153,2511,2118,4906,5843,2587,4510,90651,29567,13334,4801,35446,3551,724
2021-05-12T23:59:59+02:00,1806,1893,3218,3747,4896,6066,12665,13797,18838,18233,12900,13899,9185,11255,2822,4933,565,532,810,1213,986,1787,1644,2903,2571,3151,2511,2118,4906,5841,2587,4510,90650,29564,13334,4796,35445,3551,724
2021-05-11T23:59:59+02:00,1762,1848,3126,3673,4810,6000,11746,13069,18644,18075,12886,13878,9178,11241,2816,4929,564,530,807,1208,985,1786,1643,2903,2563,3147,2510,2117,4904,5840,2586,4510,90639,29558,10889,4784,35437,3545,716
2021-05-10T23:59:59+02:00,1747,1846,3120,3670,4804,5996,11745,13068,18643,18075,12886,13878,9178,11241,2816,4929,563,529,807,1208,985,1786,1642,2903,2563,3147,2509,2116,4904,5840,2586,4510,90627,29557,10886,4784,35413,3541,716
2021-05-09T23:59:59+02:00,1711,1799,3068,3655,4734,5961,11678,13048,18580,18016,12866,13859,9175,11232,2814,4927,561,526,799,1207,977,1780,1630,2901,2559,3146,2509,2114,4903,5839,2586,4509,90157,29553,10883,4783,35406,3533,677
2021-05-08T23:59:59+02:00,1678,1765,3032,3606,4657,5888,11340,12746,18547,17982,12859,13851,9174,11230,2812,4927,549,525,792,1207,966,1780,1623,2901,2543,3134,2508,2114,4903,5838,2585,4508,89128,29550,10883,4783,35406,3466,677
2021-05-07T23:59:59+02:00,1534,1642,2784,3434,3984,5226,10134,11557,18347,17833,12820,13816,9155,11213,2804,4920,452,376,669,977,820,1461,1478,2487,2373,2778,2499,2105,4900,5834,2582,4505,84369,29545,10882,4783,35394,1410,558
2021-05-06T23:59:59+02:00,1471,1473,2650,3303,3657,4918,8439,10079,17832,17409,12652,13648,9108,11141,2801,4912,331,317,566,875,685,1372,1233,2273,2159,2583,2447,2073,4898,5827,2582,4504,78855,29527,10881,4782,35377,36,380
2021-05-05T23:59:59+02:00,1417,1399,2562,3231,3482,4743,7290,9064,17327,17009,12564,13535,9076,11095,2792,4897,331,317,564,874,684,1370,1187,2221,2149,2577,2443,2071,4898,5823,2582,4500,74982,29520,10877,4781,35369,35,255
2021-05-04T23:59:59+02:00,1408,1397,2556,3225,3480,4743,7288,9063,17326,17009,12564,13535,9076,11095,2792,4897,331,316,564,873,682,1370,1187,2221,2149,2577,2442,2071,4898,5823,2582,4499,74975,29517,10866,4781,35359,33,254
2021-05-03T23:59:59+02:00,1406,1391,2548,3220,3477,4737,7210,9003,17312,17001,12560,13533,9076,11095,2791,4896,328,310,560,869,677,1365,1109,2161,2136,2569,2438,2069,4898,5823,2581,4498,74966,29516,10866,4781,35359,29,65
2021-05-02T23:59:59+02:00,1398,1387,2545,3214,3465,4728,7190,8983,17206,16933,12547,13508,9070,11084,2788,4896,326,309,560,869,677,1365,1109,2160,2134,2569,2438,2069,4897,5821,2581,4498,74657,29511,10865,4780,35358,29,62
2021-05-01T23:59:59+02:00,1394,1380,2536,3204,3456,4710,7131,8922,17062,16816,12522,13485,9058,11078,2788,4896,326,309,560,869,677,1365,1109,2160,2134,2569,2438,2069,4895,5821,2580,4496,74153,29506,10865,4780,35358,29,62
2021-04-30T23:59:59+02:00,1324,1300,2416,3034,3288,4436,5586,7525,15328,15384,12379,13325,8963,10961,2773,4863,326,309,559,868,676,1365,1106,2158,2131,2566,2437,2060,4882,5812,2572,4478,66654,29489,10865,4779,35358,29,8
2021-04-29T23:59:59+02:00,1269,1263,2312,2925,3156,4266,4978,6878,14158,14362,12071,12997,8873,10879,2759,4835,324,308,559,867,676,1364,1105,2158,2129,2564,2435,2056,4881,5809,2571,4476,61754,29469,10865,4776,35354,29,8
2021-04-28T23:59:59+02:00,1206,1246,2250,2889,3091,4185,4668,6587,13747,14046,11956,12850,8832,10821,2751,4829,323,308,556,866,674,1364,1103,2157,2128,2557,2433,2054,4878,5805,2568,4473,61637,29467,8962,4751,35354,28,1
2021-04-27T23:59:59+02:00,1186,1244,2245,2888,3087,4184,4666,6587,13746,14045,11955,12849,8832,10821,2751,4829,323,308,556,866,673,1362,1103,2157,2127,2557,2433,2052,4878,5805,2568,4473,61605,29465,8957,4747,35352,28,1
2021-04-26T23:59:59+02:00,1186,1242,2243,2887,3085,4184,4652,6573,13706,14014,11952,12847,8832,10820,2751,4828,323,308,556,866,673,1362,1103,2157,2125,2556,2433,2052,4878,5805,2568,4473,61598,29464,8953,4746,35250,27,1
2021-04-25T23:59:59+02:00,1185,1242,2237,2887,3082,4176,4640,6566,13569,13861,11942,12841,8832,10820,2751,4828,323,308,555,866,672,1361,1101,2155,2125,2556,2433,2052,4878,5805,2568,4473,61274,29460,8950,4743,35234,27,1
2021-04-24T23:59:59+02:00,1119,1196,2099,2798,2943,4120,4429,6451,12710,13058,11666,12512,8766,10716,2744,4815,323,308,555,866,671,1360,1101,2155,2125,2555,2432,2052,4874,5804,2568,4473,57958,29453,8949,4743,35234,25,1
2021-04-23T23:59:59+02:00,1020,1176,1884,2771,2783,4088,4315,6340,11374,12006,11612,12449,8742,10669,2742,4812,322,308,555,866,670,1360,1100,2155,2123,2555,2431,2052,4873,5799,2568,4471,56487,29447,8949,4741,33347,20,0
2021-04-22T23:59:59+02:00,1010,1167,1857,2758,2721,4064,4139,6221,10756,11489,11524,12363,8712,10622,2739,4807,321,307,555,866,670,1359,1098,2155,2122,2555,2431,2050,4871,5797,2568,4471,54794,29440,8948,4736,33207,20,0
2021-04-21T23:59:59+02:00,994,1153,1781,2734,2600,4029,3994,6147,9269,10329,11448,12296,8700,10598,2736,4804,321,307,554,866,669,1359,1097,2155,2121,2555,2427,2046,4868,5795,2567,4469,51633,29422,8947,4734,33032,20,0
2021-04-20T23:59:59+02:00,994,1152,1780,2733,2597,4026,3990,6146,8973,10006,11421,12272,8696,10589,2735,4803,321,307,554,866,669,1359,1097,2154,2120,2554,2427,2045,4866,5794,2567,4469,50938,29418,8944,4731,33031,20,0
2021-04-19T23:59:59+02:00,992,1150,1780,2730,2596,4025,3988,6144,8973,10005,11421,12272,8696,10588,2735,4803,321,307,554,865,669,1359,1095,2154,2119,2554,2427,2045,4866,5794,2567,4469,50930,29415,8939,4730,33029,20,0
2021-04-18T23:59:59+02:00,992,1150,1778,2730,2594,4023,3988,6144,8973,10005,11421,12272,8696,10587,2735,4802,321,307,554,865,668,1359,1095,2153,2119,2554,2427,2045,4866,5794,2567,4469,50924,29414,8938,4729,33028,20,0
2021-04-17T23:59:59+02:00,992,1149,1775,2724,2517,3934,3932,6062,8956,9987,11298,12120,8693,10585,2735,4801,316,301,550,858,660,1349,1077,2140,2072,2528,2382,1993,4817,5725,2561,4462,50294,29043,8938,4729,33028,19,0
2021-04-16T23:59:59+02:00,963,1115,1664,2641,2314,3796,3683,5888,7237,8177,11100,11876,8639,10522,2732,4788,309,296,536,839,628,1312,996,2083,1848,2369,2235,1883,4630,5460,2501,4345,45953,29028,8863,3228,32319,14,0
2021-04-15T23:59:59+02:00,893,1063,1537,2553,2036,3644,3152,5560,6228,7212,10843,11542,8538,10399,2713,4765,309,296,535,838,626,1311,995,2080,1613,2228,2082,1753,4442,5250,2447,4242,42154,28983,8860,2055,31664,9,0
2021-04-14T23:59:59+02:00,878,1034,1492,2517,1949,3563,2983,5425,6134,7100,10680,11335,8456,10298,2701,4751,289,286,501,811,555,1251,789,1937,1393,2105,2016,1679,4311,5088,2433,4214,40779,27594,8856,2055,31661,9,0
2021-04-13T23:59:59+02:00,875,1028,1480,2514,1926,3544,2951,5391,5612,6524,10379,10996,8425,10264,2700,4750,289,284,501,810,555,1251,789,1937,1393,2104,2013,1678,4311,5088,2433,4211,40772,27592,6929,2046,31658,9,0
2021-04-12T23:59:59+02:00,875,1027,1479,2512,1926,3544,2950,5390,5611,6524,10378,10996,8425,10264,2700,4750,289,283,501,810,553,1251,787,1936,1392,2104,2013,1678,4311,5087,2433,4211,40768,27586,6927,2044,31656,9,0
2021-04-11T23:59:59+02:00,875,1027,1478,2512,1925,3543,2949,5390,5611,6524,10377,10995,8425,10264,2700,4750,289,283,500,810,553,1251,786,1936,1390,2104,2013,1678,4311,5087,2433,4211,40765,27582,6926,2044,31654,9,0
2021-04-10T23:59:59+02:00,873,1024,1475,2508,1908,3531,2881,5324,5483,6426,10147,10778,8373,10214,2696,4749,289,282,500,809,553,1251,785,1936,1390,2104,2009,1674,4306,5078,2432,4208,40196,27553,6926,2044,31268,9,0
2021-04-09T23:59:59+02:00,835,991,1379,2452,1804,3472,2752,5270,5344,6361,7768,7952,8309,10120,2686,4731,288,282,495,808,550,1249,782,1936,1388,2100,1989,1652,4284,5060,2429,4203,34722,27444,6925,2044,30579,7,0
2021-04-08T23:59:59+02:00,834,989,1376,2449,1802,3469,2743,5261,5333,6348,6979,7038,8267,10070,2683,4727,287,282,495,807,550,1248,781,1936,1386,2099,1987,1652,4283,5057,2429,4203,32872,27432,6925,2043,30571,7,0
2021-04-07T23:59:59+02:00,782,966,1300,2377,1715,3401,2550,5154,4593,5865,6312,6398,8209,10009,2677,4721,287,282,495,807,550,1245,781,1936,1386,2099,1987,1652,4283,5057,2429,4203,32868,27431,6924,2042,27237,6,0
2021-04-06T23:59:59+02:00,749,959,1281,2342,1691,3360,2520,5108,4519,5789,5950,6041,8188,9985,2672,4715,287,281,495,806,550,1245,781,1936,1385,2099,1987,1651,4283,5057,2429,4203,32864,27429,6924,2040,26081,6,0
2021-04-05T23:59:59+02:00,745,928,1240,2218,1619,3195,2401,4838,4359,5517,5643,5736,8171,9959,2670,4711,287,281,495,805,550,1245,781,1936,1385,2099,1987,1651,4283,5057,2429,4203,32863,27428,6924,2040,24163,6,0
2021-04-04T23:59:59+02:00,724,902,1150,2002,1485,2929,2186,4404,4009,5019,5399,5512,8139,9905,2669,4703,287,281,494,804,548,1244,780,1935,1312,2062,1624,1377,4125,4876,2385,4138,32859,26227,6924,2040,21354,5,0
2021-04-03T23:59:59+02:00,724,902,1149,2002,1484,2929,2185,4404,4009,5019,5399,5511,8139,9905,2669,4703,287,281,494,804,548,1244,780,1935,1312,2062,1624,1377,4125,4876,2385,4138,32856,26227,6924,2040,21353,5,0
2021-04-02T23:59:59+02:00,724,901,1149,2002,1484,2929,2185,4404,4008,5019,5399,5510,8138,9904,2668,4701,287,281,494,804,548,1244,780,1935,1311,2062,1624,1377,4125,4876,2385,4138,32855,26226,6924,2040,21346,5,0
2021-04-01T23:59:59+02:00,719,899,1146,1996,1476,2921,2171,4386,3917,4934,4906,4911,7434,9010,2666,4696,287,279,493,801,548,1243,777,1933,1273,2034,1476,1282,4026,4775,2374,4124,29953,25686,6898,2034,21337,5,0
2021-03-31T23:59:59+02:00,719,898,1144,1995,1472,2916,2167,4385,3899,4923,4734,4694,6668,8076,2654,4674,286,278,493,801,544,1240,772,1926,1168,1957,1084,1019,3621,4320,2267,3950,29835,23751,4874,1971,21309,4,0
2021-03-30T23:59:59+02:00,719,898,1143,1992,1460,2907,2158,4376,3855,4897,4536,4513,6419,7779,2645,4658,286,277,493,799,544,1240,772,1925,1168,1957,1084,1019,3621,4320,2266,3950,29832,23747,4870,1971,20253,3,0
2021-03-29T23:59:59+02:00,718,896,1143,1992,1459,2907,2158,4376,3852,4895,4533,4511,6416,7770,2643,4639,286,276,493,799,544,1240,771,1924,1168,1957,1084,1018,3621,4320,2266,3950,29826,23743,4865,1971,20217,3,0
2021-03-28T23:59:59+02:00,718,896,1143,1989,1457,2905,2157,4373,3851,4895,4532,4511,6413,7766,2643,4638,285,276,491,799,544,1240,770,1924,1168,1957,1084,1017,3621,4320,2266,3950,29824,23739,4860,1970,20203,3,0
2021-03-27T23:59:59+01:00,714,891,1139,1981,1449,2895,2138,4357,3809,4869,4483,4454,6367,7707,2636,4624,281,271,477,789,533,1228,722,1888,1008,1865,825,827,3482,4169,2105,3637,29472,22775,4860,1329,20181,3,0
2021-03-26T23:59:59+01:00,714,891,1138,1980,1446,2894,2135,4357,3804,4866,4471,4432,6356,7681,2628,4610,280,271,477,788,531,1228,720,1888,1001,1857,688,732,2503,3012,1935,3424,29411,20003,4859,1329,20133,3,0
2021-03-25T23:59:59+01:00,713,890,1138,1980,1445,2891,2131,4351,3799,4862,4462,4421,6340,7649,2607,4556,280,271,477,788,530,1226,719,1888,1000,1856,667,725,1325,1568,1653,3064,29396,16705,4854,1329,19985,3,0
2021-03-24T23:59:59+01:00,691,879,1100,1950,1374,2830,1925,4203,3575,4736,4402,4361,6205,7481,2593,4524,280,271,477,788,527,1226,718,1888,999,1856,667,725,1325,1567,1653,3062,28018,16698,4852,1328,19959,3,0
2021-03-23T23:59:59+01:00,691,877,1098,1949,1374,2830,1925,4203,3574,4733,4402,4361,6204,7481,2593,4523,280,271,477,788,527,1226,718,1888,999,1856,667,725,1325,1567,1653,3062,28014,16698,4849,1328,19955,3,0
2021-03-22T23:59:59+01:00,691,875,1096,1945,1371,2830,1923,4203,3573,4733,4402,4360,6204,7480,2593,4523,280,271,477,788,527,1225,717,1888,999,1855,667,725,1325,1567,1653,3062,28010,16695,4848,1328,19944,3,0
2021-03-21T23:59:59+01:00,691,875,1095,1943,1371,2828,1922,4202,3572,4732,4402,4360,6203,7480,2593,4523,280,271,477,788,527,1225,717,1888,999,1855,667,724,1325,1567,1653,3062,28007,16694,4847,1328,19938,3,0
2021-03-20T23:59:59+01:00,689,873,1093,1941,1365,2825,1905,4195,3541,4713,4184,4085,5685,6873,2583,4488,275,269,472,782,510,1215,696,1871,961,1826,597,647,1094,1308,1302,2516,27925,15010,4747,1328,18366,3,0
2021-03-19T23:59:59+01:00,681,867,1078,1921,1331,2788,1825,4139,3321,4553,4036,3978,5510,6630,2533,4402,275,269,472,782,510,1215,696,1870,960,1826,597,647,1094,1307,1301,2515,27923,15005,3312,1328,18358,3,0
2021-03-18T23:59:59+01:00,681,866,1077,1920,1330,2786,1825,4136,3091,4410,3882,3849,5330,6426,2481,4300,275,268,471,782,510,1213,696,1869,959,1825,595,644,856,1052,1190,2348,27911,14224,2123,1327,18356,2,0
2021-03-17T23:59:59+01:00,681,866,1076,1920,1330,2785,1825,4136,3091,4410,3882,3847,5329,6426,2481,4300,275,268,471,782,510,1213,696,1869,958,1825,594,644,856,1052,1190,2348,27909,14222,2123,1327,18353,2,0
2021-03-16T23:59:59+01:00,680,866,1076,1916,1329,2785,1823,4136,3091,4408,3881,3846,5329,6426,2480,4299,273,264,457,777,501,1201,680,1855,942,1815,592,643,854,1051,1189,2347,27902,14112,2119,1327,18350,2,0
2021-03-15T23:59:59+01:00,680,865,1074,1915,1326,2785,1819,4135,3090,4408,3881,3845,5328,6426,2480,4299,273,264,457,777,501,1201,680,1855,941,1814,592,643,854,1051,1189,2347,27897,14110,2117,1327,18342,2,0
2021-03-14T23:59:59+01:00,679,863,1071,1912,1324,2782,1817,4133,3085,4407,3881,3845,5328,6426,2480,4299,273,264,457,777,501,1201,680,1855,941,1814,592,643,854,1051,1189,2347,27894,14110,2117,1327,18321,2,0
2021-03-13T23:59:59+01:00,677,858,1063,1906,1315,2775,1812,4125,2972,4329,3412,3442,5123,6193,2435,4236,273,264,457,777,501,1201,679,1855,940,1813,568,627,553,755,767,1773,26628,12474,2117,1327,17928,2,0
2021-03-12T23:59:59+01:00,647,771,1040,1793,1294,2584,1780,3859,2928,4161,2267,2002,4763,5647,2432,4227,273,264,457,777,501,1201,678,1855,939,1813,568,626,553,755,767,1772,26616,12471,2117,1327,13462,1,0
2021-03-11T23:59:59+01:00,637,727,1032,1691,1286,2425,1768,3645,2882,4022,1703,1473,4277,5105,2422,4217,271,264,457,777,501,1201,678,1854,939,1810,568,626,551,754,685,1627,26066,12470,2105,1093,11141,0,0
2021-03-10T23:59:59+01:00,632,715,1022,1669,1277,2404,1755,3619,2773,3939,1312,1205,3868,4636,2327,4060,271,264,456,775,500,1201,678,1854,937,1810,568,626,549,752,685,1627,24084,12463,2104,1090,11025,0,0
2021-03-09T23:59:59+01:00,631,710,1014,1652,1267,2391,1752,3608,2766,3934,1308,1204,3868,4635,2326,4060,271,264,456,775,500,1201,678,1854,937,1810,568,626,549,752,685,1627,24081,12463,2103,1090,10942,0,0
2021-03-08T23:59:59+01:00,627,681,1003,1627,1252,2358,1744,3575,2745,3919,1307,1202,3868,4635,2326,4060,271,264,456,775,500,1201,678,1854,937,1810,568,626,548,752,685,1627,24077,12462,2102,1090,10750,0,0
2021-03-07T23:59:59+01:00,627,678,999,1623,1252,2355,1743,3572,2745,3917,1307,1202,3868,4635,2326,4060,271,264,456,775,499,1201,678,1854,937,1810,568,626,548,752,685,1627,24074,12461,2102,1090,10733,0,0
2021-03-06T23:59:59+01:00,591,631,880,1522,1011,2165,1325,3190,2325,3581,1027,983,3568,4258,2306,4042,271,264,456,775,497,1201,678,1854,937,1809,568,625,546,748,596,1453,23076,12458,2099,820,8230,0,0
2021-03-05T23:59:59+01:00,588,631,876,1519,1011,2164,1322,3187,2318,3576,883,886,2572,3063,2135,3810,269,264,451,763,493,1196,670,1836,923,1794,563,621,489,689,296,946,20231,12259,2089,4,8221,0,0
2021-03-04T23:59:59+01:00,570,588,839,1391,973,2010,1273,2984,2276,3478,868,877,1391,1625,1847,3446,269,264,450,763,493,1196,670,1836,923,1794,562,620,489,688,296,946,16935,12255,2088,4,7413,0,0
2021-03-03T23:59:59+01:00,564,555,816,1326,952,1948,1258,2940,2266,3434,868,876,1391,1625,1847,3446,269,264,450,763,493,1196,670,1836,923,1794,562,620,489,688,296,946,16934,12255,2088,4,7090,0,0
2021-03-02T23:59:59+01:00,563,553,813,1325,952,1948,1257,2939,2266,3434,868,876,1391,1625,1847,3446,269,264,450,763,493,1196,670,1836,923,1793,562,620,489,688,296,946,16933,12254,2088,4,7082,0,0
2021-03-01T23:59:59+01:00,563,551,812,1325,952,1948,1257,2939,2266,3433,868,875,1391,1624,1847,3446,269,264,450,763,493,1196,669,1835,923,1793,562,620,489,688,296,946,16931,12252,2087,4,7079,0,0
2021-02-28T23:59:59+01:00,562,549,812,1325,951,1948,1257,2939,2264,3432,868,874,1391,1624,1847,3446,269,264,450,763,493,1196,669,1834,923,1793,562,620,489,688,296,946,16928,12251,2087,4,7074,0,0
2021-02-27T23:59:59+01:00,557,547,801,1315,930,1937,1218,2911,2187,3382,748,758,1122,1334,1339,2572,268,264,450,763,492,1196,667,1833,922,1791,561,617,488,686,296,942,15207,12235,1379,1,7072,0,0
2021-02-26T23:59:59+01:00,547,526,772,1251,901,1824,1179,2753,1867,2961,707,730,1122,1334,1338,2571,268,264,450,763,492,1196,667,1833,922,1791,561,617,488,686,296,941,15202,12234,1379,1,5802,0,0
2021-02-25T23:59:59+01:00,513,484,710,1133,794,1631,1025,2453,1368,2411,656,685,874,1071,1228,2401,267,263,449,763,492,1195,666,1832,922,1791,561,617,488,686,296,941,14400,12229,1379,0,3658,0,0
2021-02-24T23:59:59+01:00,512,483,710,1132,793,1631,1025,2452,1368,2410,656,685,874,1071,1228,2401,267,263,449,763,492,1195,666,1832,922,1791,561,617,488,686,296,941,14400,12229,1378,0,3653,0,0
2021-02-23T23:59:59+01:00,510,479,695,1124,784,1620,1008,2438,1352,2400,654,684,872,1070,1227,2400,267,262,449,762,492,1195,666,1831,922,1791,561,617,488,686,296,941,14290,12226,1378,0,3649,0,0
2021-02-22T23:59:59+01:00,510,479,695,1124,782,1620,1008,2438,1351,2399,654,683,872,1070,1227,2400,267,262,449,762,492,1195,666,1831,922,1790,561,617,488,686,296,941,14288,12225,1378,0,3646,0,0
2021-02-21T23:59:59+01:00,510,479,695,1124,781,1620,1007,2438,1351,2399,653,683,872,1070,1227,2400,267,262,449,762,492,1195,666,1831,922,1790,561,617,488,686,296,941,14288,12225,1378,0,3643,0,0
2021-02-20T23:59:59+01:00,494,477,683,1118,761,1615,994,2436,1325,2378,626,664,563,768,797,1815,266,261,444,760,487,1189,661,1820,916,1788,558,614,484,686,292,936,12620,12162,1377,0,3517,0,0
2021-02-19T23:59:59+01:00,396,391,579,992,643,1460,854,2265,1086,2140,579,640,563,768,797,1815,263,261,440,758,485,1181,658,1804,909,1768,554,608,479,679,289,928,12618,12064,1377,0,1973,0,0
2021-02-18T23:59:59+01:00,274,267,465,789,504,1213,693,1870,949,1829,576,634,562,768,797,1815,262,260,438,755,483,1177,657,1790,905,1757,548,603,472,672,284,917,12617,11980,1377,0,11,0,0
2021-02-17T23:59:59+01:00,274,267,464,789,504,1213,693,1870,948,1829,575,634,562,767,797,1815,261,260,437,752,481,1175,654,1782,902,1750,543,598,463,650,273,898,12615,11879,1377,0,9,0,0
2021-02-16T23:59:59+01:00,274,267,462,788,503,1213,693,1870,948,1829,575,634,562,767,797,1815,250,256,431,736,469,1143,647,1707,877,1671,524,569,430,606,255,831,12615,11402,1377,0,5,0,0
2021-02-15T23:59:59+01:00,274,267,461,788,503,1212,691,1870,948,1829,575,634,562,767,797,1815,246,252,428,728,463,1118,631,1657,853,1617,503,535,412,562,242,768,12614,11015,1377,0,2,0,0
2021-02-14T23:59:59+01:00,274,267,461,788,502,1212,691,1870,948,1829,575,634,562,767,797,1815,246,252,428,728,463,1118,631,1651,851,1608,492,530,408,559,234,759,12613,10958,1377,0,2,0,0
2021-02-13T23:59:59+01:00,272,267,461,788,502,1212,691,1869,948,1829,575,634,562,767,797,1815,244,250,428,724,456,1107,622,1630,831,1575,473,503,392,534,221,722,12611,10712,1377,0,1,0,0
2021-02-12T23:59:59+01:00,272,267,461,787,502,1212,691,1868,944,1826,575,632,513,721,783,1811,227,242,408,690,435,1020,587,1468,744,1336,389,384,317,421,164,543,12487,9375,1377,0,1,0,0
2021-02-11T23:59:59+01:00,270,267,460,787,502,1212,691,1866,944,1823,574,631,510,718,698,1663,205,230,396,659,415,973,553,1374,698,1227,355,336,278,357,137,457,12475,8650,1140,0,1,0,0
2021-02-10T23:59:59+01:00,270,267,460,786,502,1212,690,1866,943,1823,573,631,510,717,697,1661,202,226,395,653,411,959,550,1354,686,1192,339,313,256,317,118,392,12468,8363,1140,0,0,0,0
2021-02-09T23:59:59+01:00,270,267,460,786,502,1212,689,1866,943,1821,573,631,510,717,697,1661,193,213,384,618,391,892,507,1261,633,1062,265,222,180,206,77,240,12465,7344,1140,0,0,0,0
2021-02-08T23:59:59+01:00,270,267,458,786,502,1212,689,1866,943,1821,573,631,510,717,697,1661,190,207,380,604,382,867,486,1211,606,992,234,181,144,155,62,184,12464,6885,1139,0,0,0,0
2021-02-07T23:59:59+01:00,270,267,458,786,502,1212,689,1866,943,1820,573,631,510,717,697,1660,189,207,380,600,380,862,481,1201,602,978,228,174,134,137,56,168,12462,6777,1139,0,0,0,0
2021-02-06T23:59:59+01:00,270,267,458,786,502,1212,689,1866,943,1820,573,631,508,712,607,1486,189,207,380,600,380,862,481,1201,602,978,228,174,134,137,56,168,12462,6777,868,0,0,0,0
2021-02-05T23:59:59+01:00,270,267,456,785,500,1210,686,1864,940,1817,568,627,501,697,299,962,183,198,363,569,367,822,461,1160,584,947,206,157,110,124,51,165,12446,6467,3,0,0,0,0
2021-02-04T23:59:59+01:00,270,266,455,779,497,1209,685,1859,935,1817,567,626,500,696,299,962,168,162,295,434,301,666,381,936,510,808,195,152,102,118,44,153,12419,5425,3,0,0,0,0
2021-02-03T23:59:59+01:00,269,266,455,777,497,1208,684,1858,935,1817,567,626,500,696,299,962,163,155,250,353,252,579,322,838,459,723,188,148,98,116,43,152,12413,4839,3,0,0,0,0
2021-02-02T23:59:59+01:00,269,265,455,774,497,1208,684,1854,935,1815,567,626,500,696,299,962,156,140,190,289,195,491,245,725,377,640,178,144,96,115,43,151,12403,4175,3,0,0,0,0
2021-02-01T23:59:59+01:00,269,265,453,773,496,1207,683,1850,932,1809,567,626,499,696,299,962,149,134,152,253,167,433,200,647,320,567,172,133,88,105,38,144,12383,3702,3,0,0,0,0
2021-01-31T23:59:59+01:00,269,265,453,773,496,1207,683,1850,932,1809,567,626,499,696,299,962,149,134,152,252,167,432,199,647,320,567,172,133,88,105,38,144,12383,3699,3,0,0,0,0
2021-01-30T23:59:59+01:00,269,265,453,773,496,1207,683,1850,928,1809,566,626,497,696,296,962,136,122,135,234,156,404,188,607,302,520,150,122,77,78,31,110,12373,3372,3,0,0,0,0
2021-01-29T23:59:59+01:00,266,265,449,770,494,1199,680,1833,921,1789,562,620,492,690,293,954,88,68,93,153,115,246,145,440,212,377,112,81,58,67,26,99,12274,2380,3,0,0,0,0
2021-01-28T23:59:59+01:00,266,265,448,770,493,1199,680,1833,921,1788,562,620,492,690,293,954,10,7,13,23,24,46,22,94,49,105,37,31,31,48,20,91,12271,651,3,0,0,0,0
2021-01-27T23:59:59+01:00,265,265,448,770,493,1199,680,1833,919,1788,562,620,492,690,293,954,10,7,13,23,23,46,22,92,48,105,37,31,31,48,20,91,12270,647,1,0,0,0,0
2021-01-26T23:59:59+01:00,265,265,448,769,493,1198,680,1833,919,1787,562,620,492,690,293,954,10,7,13,23,23,46,22,92,48,105,37,31,31,48,20,91,12267,647,1,0,0,0,0
2021-01-25T23:59:59+01:00,265,264,446,769,493,1197,680,1831,919,1786,562,620,491,688,293,954,6,1,5,13,11,21,13,39,22,46,18,15,10,15,7,19,12258,261,0,0,0,0,0
2021-01-24T23:59:59+01:00,265,264,446,769,492,1197,680,1830,919,1785,562,620,491,688,293,954,6,1,5,13,11,21,13,39,22,46,18,15,10,15,7,19,12255,261,0,0,0,0,0
2021-01-23T23:59:59+01:00,265,264,446,769,492,1197,680,1830,919,1785,562,620,491,688,293,954,6,1,5,13,11,21,13,39,22,46,18,15,10,15,7,19,12255,261,0,0,0,0,0
2021-01-22T23:59:59+01:00,263,262,446,769,491,1196,680,1829,919,1785,562,620,491,688,275,910,6,1,5,13,11,21,13,39,22,46,18,15,10,15,7,19,12186,261,0,0,0,0,0
2021-01-21T23:59:59+01:00,260,258,444,760,488,1188,677,1808,910,1768,554,612,472,663,263,873,6,1,5,13,11,21,13,39,22,46,18,15,10,15,7,19,11998,261,0,0,0,0,0
2021-01-20T23:59:59+01:00,259,256,440,755,486,1186,674,1800,907,1763,548,607,465,644,255,856,6,1,5,13,11,21,13,39,22,46,18,15,10,15,7,19,11901,261,0,0,0,0,0
2021-01-19T23:59:59+01:00,254,256,438,747,480,1171,671,1769,896,1722,536,590,454,627,243,820,6,1,5,13,11,21,13,39,22,46,18,15,10,15,7,19,11674,261,0,0,0,0,0
2021-01-18T23:59:59+01:00,250,252,435,736,475,1150,654,1732,871,1674,517,557,439,589,230,763,6,1,5,12,11,21,13,39,22,46,18,15,10,15,7,19,11324,260,0,0,0,0,0
2021-01-17T23:59:59+01:00,250,251,435,736,475,1149,651,1725,865,1662,500,546,424,567,215,737,6,1,4,12,11,21,13,39,22,46,18,15,10,15,7,19,11188,259,0,0,0,0,0
2021-01-16T23:59:59+01:00,242,243,431,716,462,1114,626,1637,818,1513,458,462,393,514,194,680,0,0,0,0,0,0,0,0,0,0,0,0,0,0,0,0,10503,0,0,0,0,0,0
2021-01-15T23:59:59+01:00,233,236,423,696,448,1063,606,1537,779,1399,409,405,342,445,175,573,0,0,0,0,0,0,0,0,0,0,0,0,0,0,0,0,9769,0,0,0,0,0,0
2021-01-14T23:59:59+01:00,210,223,405,654,425,1001,563,1420,712,1246,353,331,293,351,133,454,0,0,0,0,0,0,0,0,0,0,0,0,0,0,0,0,8774,0,0,0,0,0,0
2021-01-13T23:59:59+01:00,208,221,404,647,420,982,559,1398,698,1211,335,307,268,311,114,390,0,0,0,0,0,0,0,0,0,0,0,0,0,0,0,0,8473,0,0,0,0,0,0
2021-01-12T23:59:59+01:00,191,210,389,607,389,887,497,1244,619,1022,240,191,161,162,65,194,0,0,0,0,0,0,0,0,0,0,0,0,0,0,0,0,7068,0,0,0,0,0,0
2021-01-11T23:59:59+01:00,187,204,385,595,376,860,478,1197,599,968,220,162,128,117,47,144,0,0,0,0,0,0,0,0,0,0,0,0,0,0,0,0,6667,0,0,0,0,0,0
2021-01-10T23:59:59+01:00,186,200,374,581,372,847,469,1177,587,949,216,162,125,117,45,142,0,0,0,0,0,0,0,0,0,0,0,0,0,0,0,0,6549,0,0,0,0,0,0
2021-01-09T23:59:59+01:00,166,168,328,501,331,728,408,997,499,800,151,106,73,73,31,105,0,0,0,0,0,0,0,0,0,0,0,0,0,0,0,0,5465,0,0,0,0,0,0
2021-01-08T23:59:59+01:00,98,78,232,350,244,435,294,666,341,506,83,65,48,58,24,93,0,0,0,0,0,0,0,0,0,0,0,0,0,0,0,0,3615,0,0,0,0,0,0
2021-01-07T23:59:59+01:00,12,11,55,97,72,124,94,192,122,177,44,33,32,50,21,93,0,0,0,0,0,0,0,0,0,0,0,0,0,0,0,0,1229,0,0,0,0,0,0
2021-01-06T23:59:59+01:00,8,4,9,23,17,46,23,91,53,108,38,31,32,50,21,93,0,0,0,0,0,0,0,0,0,0,0,0,0,0,0,0,647,0,0,0,0,0,0
2021-01-05T23:59:59+01:00,8,4,9,23,17,46,22,91,51,108,38,31,32,50,21,93,0,0,0,0,0,0,0,0,0,0,0,0,0,0,0,0,644,0,0,0,0,0,0
2021-01-04T23:59:59+01:00,6,1,5,13,11,23,14,41,23,47,19,15,11,15,7,20,0,0,0,0,0,0,0,0,0,0,0,0,0,0,0,0,271,0,0,0,0,0,0
2021-01-03T23:59:59+01:00,6,1,5,13,11,23,14,41,23,47,19,15,11,15,7,20,0,0,0,0,0,0,0,0,0,0,0,0,0,0,0,0,271,0,0,0,0,0,0
2021-01-02T23:59:59+01:00,6,1,5,13,11,23,14,41,23,47,19,15,11,15,7,20,0,0,0,0,0,0,0,0,0,0,0,0,0,0,0,0,271,0,0,0,0,0,0
2021-01-01T23:59:59+01:00,6,1,5,13,11,23,14,41,23,47,19,15,11,15,7,20,0,0,0,0,0,0,0,0,0,0,0,0,0,0,0,0,271,0,0,0,0,0,0
2020-12-31T23:59:59+01:00,6,1,5,13,11,23,14,41,23,47,19,15,11,15,7,20,0,0,0,0,0,0,0,0,0,0,0,0,0,0,0,0,271,0,0,0,0,0,0
2020-12-30T23:59:59+01:00,6,1,5,13,11,23,14,41,23,47,19,15,11,15,7,20,0,0,0,0,0,0,0,0,0,0,0,0,0,0,0,0,271,0,0,0,0,0,0
2020-12-29T23:59:59+01:00,6,1,5,13,11,23,14,41,23,47,19,15,11,15,7,20,0,0,0,0,0,0,0,0,0,0,0,0,0,0,0,0,271,0,0,0,0,0,0
2020-12-28T23:59:59+01:00,6,1,5,13,11,23,14,41,23,47,19,15,11,15,7,20,0,0,0,0,0,0,0,0,0,0,0,0,0,0,0,0,271,0,0,0,0,0,0
2020-12-27T23:59:59+01:00,6,1,4,12,11,23,14,41,23,47,19,15,11,15,7,20,0,0,0,0,0,0,0,0,0,0,0,0,0,0,0,0,269,0,0,0,0,0,0
