Datum,<24_1_m,<24_1_w,25-34_1_m,25-34_1_w,35-44_1_m,35-44_1_w,45-54_1_m,45-54_1_w,55-64_1_m,55-64_1_w,65-74_1_m,65-74_1_w,75-84_1_m,75-84_1_w,>84_1_m,>84_1_w,<24_2_m,<24_2_w,25-34_2_m,25-34_2_w,35-44_2_m,35-44_2_w,45-54_2_m,45-54_2_w,55-64_2_m,55-64_2_w,65-74_2_m,65-74_2_w,75-84_2_m,75-84_2_w,>84_2_m,>84_2_w,bp_1,bp_2,mo_1,mo_2,az_1,az_2,ja
2021-06-12T23:59:59+02:00,6483,6568,10565,9860,13234,13689,18312,18512,19999,19289,13256,14519,8832,11046,2351,4322,1383,1631,2181,2646,2858,4148,7199,8591,13486,13702,10311,11336,7434,9295,2196,4022,134030,70834,18207,10648,35344,17681,3256
2021-06-11T23:59:59+02:00,6478,6564,10556,9854,13229,13687,18310,18511,19997,19287,13256,14519,8832,11046,2351,4322,1346,1581,2120,2563,2777,4011,5695,7294,12592,12963,10243,11273,7401,9258,2193,4017,133992,65751,18207,10647,35344,17673,3256
2021-06-10T23:59:59+02:00,5361,5520,10500,9805,13071,13560,18074,18303,19795,19136,13247,14508,8828,11038,2350,4321,1279,1515,1995,2452,2627,3817,4897,6539,11616,12094,9977,10986,7325,9186,2186,3998,130682,60988,18206,10647,35344,17669,3185
2021-06-09T23:59:59+02:00,4737,4890,10312,9672,12989,13487,17737,18018,19600,18984,13237,14495,8824,11031,2349,4318,1201,1467,1891,2383,2531,3701,4542,6215,11217,11788,9865,10839,7283,9126,2180,3991,128313,60917,18191,8807,35344,17664,2832
2021-06-08T23:59:59+02:00,4722,4883,10302,9663,12978,13481,17728,18010,19593,18982,13237,14492,8824,11031,2349,4318,1147,1458,1874,2368,2506,3687,4520,6198,11207,11785,9864,10834,7283,9126,2180,3990,128301,60805,18188,8802,35344,17660,2760
2021-06-07T23:59:59+02:00,4705,4876,10271,9646,12969,13466,17705,18001,19579,18971,13234,14486,8821,11029,2347,4316,1133,1451,1844,2352,2496,3670,4496,6188,11191,11771,9861,10827,7280,9125,2178,3988,128292,60796,18186,8799,35343,17655,2601
2021-06-06T23:59:59+02:00,4698,4872,10268,9642,12967,13466,17705,18000,19578,18971,13233,14485,8821,11029,2347,4316,1128,1448,1835,2350,2487,3659,4487,6182,11066,11627,9849,10822,7280,9125,2178,3988,128280,60476,18186,8798,35342,17647,2590
2021-06-05T23:59:59+02:00,4281,4461,7755,7622,12893,13417,17675,17973,19533,18920,13111,14344,8755,10946,2345,4307,1039,1366,1666,2251,2324,3579,4245,6037,10134,10722,9516,10433,7194,8995,2171,3972,122353,57225,18186,8798,35341,17163,2458
2021-06-04T23:59:59+02:00,4199,4401,7582,7480,12446,13038,17542,17872,19299,18681,13000,14199,8705,10880,2333,4292,1007,1282,1637,2152,2283,3404,4168,5775,9478,10047,8645,9367,6980,8677,2168,3963,119970,55763,18186,8796,35341,14022,2452
2021-06-03T23:59:59+02:00,3785,4004,7547,7462,12332,12927,17506,17832,19213,18604,12995,14196,8703,10877,2333,4291,970,1206,1594,2025,2203,3198,3720,5186,9135,9628,7797,8393,6634,8196,2167,3959,118740,54143,18185,8795,35337,10728,2345
2021-06-02T23:59:59+02:00,3268,3580,6445,6590,12128,12760,17447,17776,19089,18498,12936,14149,8687,10856,2331,4285,951,1171,1519,2001,2090,3158,3546,5076,7784,8547,7728,8323,6621,8173,2165,3954,115069,51051,18184,8795,35337,10726,2235
2021-06-01T23:59:59+02:00,2935,3221,5952,6161,11888,12531,17414,17748,19031,18456,12829,14041,8681,10852,2330,4282,934,1161,1503,1994,2075,3145,3517,5059,7487,8220,7694,8292,6613,8160,2163,3954,115051,50376,15861,8776,35337,10716,2103
2021-05-31T23:59:59+02:00,2918,3217,5934,6151,11858,12509,17382,17736,18991,18437,12827,14037,8677,10849,2330,4281,916,1154,1484,1984,2043,3123,3484,5046,7446,8201,7692,8287,6609,8157,2163,3953,115043,50367,15857,8771,35337,10707,1897
2021-05-30T23:59:59+02:00,2912,3215,5934,6148,11858,12508,17379,17735,18990,18437,12827,14037,8677,10849,2330,4281,914,1151,1480,1981,2043,3121,3483,5045,7445,8201,7692,8287,6609,8157,2163,3953,115029,50364,15857,8771,35335,10694,1896
2021-05-29T23:59:59+02:00,2891,3196,5753,5976,11810,12472,17372,17731,18981,18436,12827,14035,8675,10849,2330,4281,868,1093,1346,1876,1773,2859,3069,4612,7153,7910,7558,8119,6434,7932,2161,3948,114527,49722,15857,8771,35335,8322,1896
2021-05-28T23:59:59+02:00,2714,3022,5310,5588,11201,11902,17306,17672,18959,18408,12817,14020,8658,10821,2328,4274,843,1068,1285,1823,1682,2780,2925,4495,5552,6192,7428,7964,6398,7886,2159,3938,111916,45440,15857,8771,35335,8315,1892
2021-05-27T23:59:59+02:00,2687,2997,5219,5483,10589,11373,17265,17644,18945,18394,12809,14012,8656,10820,2328,4274,781,970,1176,1743,1472,2632,2518,4171,4686,5271,7219,7690,6320,7788,2144,3920,110537,41668,15854,8766,35333,8296,1771
2021-05-26T23:59:59+02:00,2636,2916,5032,5305,10169,11018,17213,17592,18887,18348,12797,13995,8645,10816,2325,4263,764,922,1122,1709,1380,2552,2310,3988,4563,5146,7045,7468,6256,7701,2135,3910,109124,40273,15851,8765,35333,8284,1649
2021-05-25T23:59:59+02:00,2632,2908,5003,5283,10143,10996,17189,17575,18874,18342,12792,13993,8643,10813,2325,4263,757,908,1069,1686,1332,2509,2232,3926,3840,4372,6930,7324,6230,7669,2134,3910,109121,40267,15848,6814,35333,8275,1472
2021-05-24T23:59:59+02:00,2622,2902,4992,5278,10133,10990,17164,17553,18850,18319,12782,13984,8641,10802,2324,4260,747,903,1057,1679,1321,2502,2207,3904,3816,4348,6919,7315,6228,7658,2133,3907,109119,40262,15848,6814,35333,8272,1296
2021-05-23T23:59:59+02:00,2602,2867,4887,5192,10020,10884,17161,17552,18849,18318,12781,13982,8638,10797,2322,4260,745,901,1056,1679,1321,2502,2207,3904,3816,4347,6919,7315,6228,7658,2133,3907,108635,40258,15848,6814,35333,8270,1296
2021-05-22T23:59:59+02:00,2582,2846,4873,5174,9944,10802,17134,17537,18802,18278,12758,13952,8634,10791,2322,4260,744,899,1055,1675,1318,2499,2204,3899,3799,4329,6075,6415,6176,7593,2127,3903,108212,38330,15848,6814,35333,8270,1296
2021-05-21T23:59:59+02:00,2538,2809,4757,5073,9753,10632,17121,17520,18784,18268,12753,13946,8632,10789,2317,4249,731,863,1018,1612,1265,2357,2110,3707,3386,3846,4405,4408,6138,7527,2123,3892,107478,34357,15848,6814,35331,6933,1284
2021-05-20T23:59:59+02:00,2505,2767,4675,5012,9511,10391,17093,17484,18735,18219,12723,13910,8616,10775,2317,4246,663,725,899,1300,1086,1940,1864,3147,2822,3196,3620,3507,6096,7479,2120,3887,106637,32540,15846,6814,35321,3822,1175
2021-05-19T23:59:59+02:00,2317,2576,4134,4545,8015,9130,16995,17357,18616,18098,12683,13867,8607,10749,2316,4245,646,677,867,1254,1061,1897,1839,3101,2778,3155,3612,3497,6092,7477,2120,3886,102016,32516,15844,6812,35320,3561,1070
2021-05-18T23:59:59+02:00,2259,2520,3826,4247,7282,8478,16941,17313,18532,18018,12653,13830,8556,10678,2310,4237,640,672,862,1253,1051,1887,1809,3085,2770,3138,3609,3493,6088,7473,2120,3886,101998,32513,13406,6807,35316,3556,960
2021-05-17T23:59:59+02:00,2251,2511,3802,4234,7241,8449,16915,17300,18510,17995,12644,13812,8555,10678,2310,4237,632,664,839,1239,1011,1858,1782,3072,2747,3114,3600,3476,6088,7472,2120,3886,101992,32508,13404,6807,35316,3553,732
2021-05-16T23:59:59+02:00,2246,2507,3793,4226,7042,8274,16909,17296,18505,17990,12640,13811,8554,10677,2310,4237,632,664,839,1238,1010,1857,1781,3072,2746,3114,3600,3476,6088,7472,2120,3886,101571,32506,13403,6807,35312,3551,731
2021-05-15T23:59:59+02:00,2212,2466,3756,4190,6939,8137,16649,17058,18459,17951,12623,13795,8546,10673,2310,4235,632,663,839,1238,1010,1857,1779,3071,2746,3114,3599,3476,6087,7472,2120,3886,100553,32502,13403,6807,35312,3549,731
2021-05-14T23:59:59+02:00,2092,2303,3399,3847,5213,6546,14263,15076,18407,17887,12603,13761,8539,10663,2306,4232,632,662,837,1238,1010,1857,1778,3070,2741,3113,3595,3468,6085,7471,2120,3886,91703,32486,13403,6807,35310,3549,721
2021-05-13T23:59:59+02:00,2061,2250,3358,3798,5080,6426,14065,14904,18259,17761,12533,13669,8509,10619,2306,4231,626,659,830,1227,999,1847,1757,3049,2631,3014,2503,2122,5081,6224,2111,3868,90495,29485,13307,4796,35308,3548,719
2021-05-12T23:59:59+02:00,2061,2250,3357,3798,5080,6426,14065,14904,18259,17761,12533,13669,8509,10619,2306,4231,626,659,830,1227,999,1847,1756,3048,2630,3012,2503,2121,5081,6223,2111,3868,90494,29483,13307,4791,35308,3548,719
2021-05-11T23:59:59+02:00,2012,2200,3259,3721,5001,6360,13130,14160,18098,17627,12519,13649,8503,10608,2300,4228,625,656,827,1223,998,1847,1754,3048,2623,3008,2502,2120,5079,6222,2110,3868,90487,29478,10877,4779,35300,3542,711
2021-05-10T23:59:59+02:00,1994,2197,3256,3719,4995,6356,13129,14159,18097,17627,12519,13649,8503,10608,2300,4228,624,655,827,1223,998,1847,1753,3048,2623,3007,2501,2120,5079,6222,2110,3868,90475,29477,10874,4779,35276,3538,711
2021-05-09T23:59:59+02:00,1954,2147,3201,3707,4923,6317,13072,14143,18033,17568,12501,13631,8500,10599,2298,4226,620,652,820,1222,988,1842,1744,3046,2619,3006,2501,2118,5078,6221,2110,3867,90008,29474,10871,4778,35269,3530,672
2021-05-08T23:59:59+02:00,1917,2109,3163,3662,4837,6227,12737,13849,18011,17542,12495,13624,8498,10597,2297,4226,608,651,812,1222,978,1842,1737,3046,2603,2994,2500,2118,5078,6220,2109,3866,88979,29471,10871,4778,35269,3463,672
2021-05-07T23:59:59+02:00,1756,1967,2904,3492,4081,5469,11586,12739,17858,17424,12465,13595,8481,10583,2289,4219,497,475,694,993,825,1511,1590,2614,2445,2691,2497,2115,5076,6217,2106,3863,84227,29466,10870,4778,35257,1411,554
2021-05-06T23:59:59+02:00,1688,1784,2765,3369,3706,5107,9897,11286,17386,17025,12316,13451,8445,10522,2287,4214,370,405,591,895,676,1416,1358,2400,2196,2483,2489,2109,5074,6211,2106,3862,78761,29451,10869,4777,35242,37,376
2021-05-05T23:59:59+02:00,1623,1704,2681,3292,3508,4919,8714,10239,16933,16667,12242,13340,8418,10485,2280,4203,369,405,590,893,673,1412,1312,2351,2188,2476,2486,2108,5074,6205,2106,3860,74897,29445,10865,4776,35235,36,251
2021-05-04T23:59:59+02:00,1610,1702,2678,3286,3506,4919,8712,10238,16932,16667,12242,13340,8418,10485,2280,4203,369,404,590,892,671,1412,1312,2351,2187,2476,2486,2108,5074,6205,2106,3859,74889,29442,10854,4776,35225,34,250
2021-05-03T23:59:59+02:00,1608,1696,2670,3280,3495,4912,8640,10178,16920,16661,12238,13338,8418,10485,2279,4202,366,397,586,888,658,1406,1240,2291,2176,2470,2482,2106,5074,6205,2105,3858,74880,29441,10854,4776,35225,30,61
2021-05-02T23:59:59+02:00,1600,1691,2667,3277,3480,4899,8569,10124,16868,16631,12227,13314,8412,10475,2276,4202,364,396,586,888,658,1405,1240,2291,2174,2470,2482,2105,5073,6204,2105,3858,74575,29436,10854,4775,35225,30,58
2021-05-01T23:59:59+02:00,1595,1684,2658,3267,3471,4878,8506,10060,16725,16517,12204,13293,8402,10470,2276,4202,364,396,586,888,658,1405,1240,2291,2174,2470,2482,2105,5071,6203,2104,3857,74071,29431,10854,4775,35225,30,58
2021-04-30T23:59:59+02:00,1514,1585,2530,3096,3305,4598,6405,8230,15547,15516,12073,13148,8317,10369,2264,4172,364,396,585,887,657,1404,1237,2289,2171,2468,2479,2095,5059,6195,2097,3841,66583,29414,10854,4774,35225,29,7
2021-04-29T23:59:59+02:00,1449,1542,2420,2978,3179,4415,5596,7450,14559,14607,11789,12858,8230,10296,2255,4147,362,395,585,886,657,1403,1235,2289,2170,2466,2476,2091,5059,6192,2096,3839,61688,29394,10854,4771,35221,29,7
2021-04-28T23:59:59+02:00,1381,1521,2354,2943,3112,4330,5258,7137,14169,14304,11686,12721,8192,10244,2251,4142,361,395,581,885,656,1403,1234,2288,2169,2459,2474,2089,5056,6187,2093,3837,61572,29393,8952,4746,35221,28,0
2021-04-27T23:59:59+02:00,1361,1518,2347,2943,3110,4329,5256,7137,14168,14303,11685,12720,8192,10244,2251,4142,361,395,581,885,655,1401,1234,2288,2168,2458,2474,2088,5056,6187,2093,3837,61540,29391,8947,4742,35219,28,0
2021-04-26T23:59:59+02:00,1361,1515,2345,2943,3108,4328,5230,7121,14138,14275,11684,12717,8192,10244,2251,4141,361,395,581,885,655,1401,1234,2288,2167,2457,2474,2088,5056,6187,2093,3837,61533,29391,8943,4741,35117,27,0
2021-04-25T23:59:59+02:00,1359,1515,2340,2943,3103,4321,5219,7114,14003,14123,11674,12712,8192,10244,2251,4141,361,395,581,885,654,1400,1233,2287,2167,2457,2474,2088,5056,6187,2093,3837,61212,29388,8941,4740,35101,27,0
2021-04-24T23:59:59+02:00,1281,1463,2194,2854,2968,4267,4997,6991,13103,13260,11450,12442,8142,10153,2245,4129,361,395,581,885,653,1399,1233,2287,2167,2456,2472,2088,5053,6186,2093,3837,57898,29381,8940,4740,35101,25,0
2021-04-23T23:59:59+02:00,1167,1438,1975,2830,2824,4233,4869,6856,11776,12229,11403,12376,8122,10116,2243,4127,360,395,581,885,652,1399,1232,2287,2165,2456,2472,2087,5052,6182,2093,3835,56427,29375,8940,4738,33217,20,0
2021-04-22T23:59:59+02:00,1154,1429,1948,2815,2759,4207,4419,6528,11416,11908,11333,12305,8095,10069,2241,4125,359,394,581,885,652,1398,1230,2287,2164,2456,2472,2086,5050,6180,2093,3835,54736,29369,8939,4733,33076,20,0
2021-04-21T23:59:59+02:00,1134,1414,1863,2791,2638,4171,4266,6444,9934,10746,11271,12252,8085,10047,2239,4122,359,394,580,885,651,1398,1229,2287,2162,2456,2468,2083,5047,6177,2093,3834,51577,29352,8939,4731,32901,20,0
2021-04-20T23:59:59+02:00,1134,1413,1862,2790,2635,4169,4261,6443,9638,10421,11245,12229,8082,10039,2238,4121,359,394,580,885,651,1398,1229,2286,2161,2455,2467,2082,5046,6176,2093,3834,50884,29348,8936,4728,32900,20,0
2021-04-19T23:59:59+02:00,1132,1411,1861,2787,2635,4167,4259,6442,9638,10420,11245,12228,8082,10039,2238,4121,359,394,580,885,651,1398,1227,2286,2160,2455,2467,2082,5046,6176,2093,3834,50876,29346,8931,4727,32898,20,0
2021-04-18T23:59:59+02:00,1131,1411,1859,2787,2634,4165,4259,6442,9638,10420,11245,12228,8082,10038,2238,4120,359,394,580,885,650,1398,1227,2285,2160,2455,2467,2082,5046,6176,2093,3834,50870,29345,8930,4726,32897,20,0
2021-04-17T23:59:59+02:00,1131,1410,1849,2775,2557,4077,4209,6365,9622,10401,11123,12077,8079,10036,2238,4119,352,385,577,880,643,1389,1202,2270,2113,2429,2423,2026,5002,6113,2088,3828,50241,28975,8930,4726,32897,19,0
2021-04-16T23:59:59+02:00,1098,1371,1730,2688,2338,3927,3966,6183,7879,8566,10962,11879,8033,9981,2236,4108,345,380,559,859,613,1354,1107,2198,1878,2273,2287,1914,4820,5849,2040,3724,45902,28961,8855,3225,32188,14,0
2021-04-15T23:59:59+02:00,1015,1315,1600,2593,2044,3769,3403,5834,6889,7587,10737,11582,7947,9874,2219,4087,345,380,557,858,612,1353,1104,2195,1624,2113,2142,1793,4628,5622,2004,3647,42106,28915,8852,2053,31537,9,0
2021-04-14T23:59:59+02:00,999,1280,1547,2553,1953,3691,3242,5698,6793,7476,10563,11363,7881,9788,2209,4077,321,369,524,825,540,1292,861,2035,1441,2008,2071,1718,4504,5462,1993,3626,40731,27528,8848,2053,31534,9,0
2021-04-13T23:59:59+02:00,996,1274,1530,2549,1933,3671,3202,5662,6082,6695,10455,11227,7857,9760,2208,4077,321,366,524,825,540,1292,861,2035,1441,2007,2068,1717,4504,5462,1993,3623,40724,27526,6923,2044,31531,9,0
2021-04-12T23:59:59+02:00,996,1273,1529,2547,1933,3671,3201,5661,6081,6695,10454,11227,7857,9760,2208,4077,321,365,524,825,538,1292,859,2034,1440,2007,2068,1717,4504,5461,1993,3623,40720,27520,6921,2042,31529,9,0
2021-04-11T23:59:59+02:00,996,1273,1528,2547,1932,3671,3201,5661,6081,6695,10453,11226,7857,9760,2208,4077,321,365,523,825,538,1292,858,2034,1438,2007,2068,1717,4504,5461,1993,3623,40719,27516,6920,2042,31527,9,0
2021-04-10T23:59:59+02:00,994,1270,1524,2542,1916,3660,3127,5584,5958,6603,10206,11002,7821,9722,2206,4076,321,363,523,825,538,1292,857,2034,1438,2007,2063,1712,4499,5453,1993,3620,40150,27487,6920,2042,31141,9,0
2021-04-09T23:59:59+02:00,947,1229,1431,2488,1806,3608,2996,5522,5787,6482,7870,8234,7765,9630,2197,4062,320,363,518,824,535,1290,853,2033,1437,2003,2042,1687,4477,5437,1992,3617,34681,27379,6919,2042,30454,7,0
2021-04-08T23:59:59+02:00,946,1226,1428,2485,1804,3605,2986,5513,5777,6467,7079,7322,7726,9582,2193,4058,319,363,518,823,535,1289,852,2033,1435,2002,2040,1686,4476,5435,1992,3617,32832,27367,6919,2041,30446,7,0
2021-04-07T23:59:59+02:00,890,1200,1343,2412,1723,3533,2743,5393,4815,5747,6689,6940,7675,9523,2188,4052,319,363,518,822,535,1287,852,2033,1435,2002,2040,1686,4476,5435,1992,3617,32828,27366,6918,2040,27120,6,0
2021-04-06T23:59:59+02:00,853,1192,1325,2375,1702,3493,2710,5345,4688,5612,6382,6645,7655,9501,2185,4046,319,362,518,821,535,1287,852,2033,1435,2002,2040,1685,4476,5435,1992,3617,32824,27364,6918,2039,25967,6,0
2021-04-05T23:59:59+02:00,849,1157,1277,2245,1625,3316,2594,5072,4522,5355,6094,6351,7639,9481,2183,4042,319,362,518,820,535,1287,852,2033,1435,2002,2040,1685,4476,5435,1992,3617,32823,27363,6918,2039,24061,6,0
2021-04-04T23:59:59+02:00,826,1120,1176,2019,1485,3037,2377,4627,4158,4872,5880,6141,7616,9443,2182,4035,319,362,516,819,534,1286,851,2032,1321,1944,1694,1398,4335,5270,1955,3570,32818,26162,6918,2039,21258,5,0
2021-04-03T23:59:59+02:00,826,1120,1176,2019,1484,3037,2376,4627,4158,4872,5880,6140,7616,9443,2182,4035,319,362,516,819,534,1286,851,2032,1321,1944,1694,1398,4335,5270,1955,3570,32816,26162,6918,2039,21257,5,0
2021-04-02T23:59:59+02:00,826,1119,1176,2019,1484,3037,2376,4627,4157,4871,5880,6140,7615,9442,2181,4033,319,362,516,819,534,1286,851,2032,1320,1944,1694,1398,4335,5270,1955,3570,32815,26161,6918,2039,21250,5,0
2021-04-01T23:59:59+02:00,821,1117,1173,2012,1475,3030,2361,4607,4065,4785,4952,4986,7351,9106,2179,4029,318,359,516,817,533,1285,849,2029,1282,1917,1514,1274,4265,5196,1947,3558,29916,25621,6892,2033,21241,5,0
2021-03-31T23:59:59+02:00,820,1116,1172,2010,1471,3026,2355,4605,4047,4769,4778,4768,6588,8179,2170,4008,317,358,514,817,531,1282,843,2021,1149,1827,1129,1001,3852,4716,1878,3438,29799,23699,4870,1970,21213,4,0
2021-03-30T23:59:59+02:00,820,1116,1169,2007,1460,3017,2343,4593,4000,4740,4578,4592,6351,7883,2163,3995,317,357,514,815,531,1282,843,2020,1149,1827,1129,1001,3852,4716,1877,3438,29796,23695,4866,1970,20165,3,0
2021-03-29T23:59:59+02:00,819,1114,1169,2007,1459,3017,2343,4593,3996,4738,4576,4590,6348,7871,2161,3979,317,356,514,815,531,1282,843,2019,1149,1827,1129,1000,3852,4716,1877,3438,29790,23692,4861,1970,20129,3,0
2021-03-28T23:59:59+02:00,819,1114,1169,2003,1457,3016,2342,4590,3996,4738,4575,4589,6345,7868,2161,3978,316,356,512,815,531,1282,842,2019,1149,1827,1129,999,3852,4716,1877,3438,29788,23688,4857,1969,20115,3,0
2021-03-27T23:59:59+01:00,813,1106,1166,1997,1450,3006,2317,4573,3952,4712,4527,4528,6308,7819,2156,3969,312,351,495,804,519,1269,785,1977,978,1717,879,829,3690,4510,1754,3186,29436,22724,4857,1328,20106,3,0
2021-03-26T23:59:59+01:00,813,1106,1165,1996,1448,3006,2314,4573,3946,4706,4515,4507,6299,7795,2148,3954,311,351,495,803,517,1269,783,1976,968,1710,695,705,2694,3313,1651,3043,29375,19953,4856,1328,20060,3,0
2021-03-25T23:59:59+01:00,812,1105,1165,1995,1447,3003,2310,4568,3941,4702,4506,4497,6285,7767,2130,3912,311,351,495,803,516,1268,782,1976,965,1709,670,696,1380,1704,1513,2854,29359,16662,4851,1328,19935,3,0
2021-03-24T23:59:59+01:00,784,1092,1130,1960,1375,2941,2068,4401,3754,4595,4441,4434,6161,7603,2120,3889,311,351,495,803,513,1268,781,1976,964,1709,670,696,1380,1703,1513,2852,27981,16655,4849,1327,19918,3,0
2021-03-23T23:59:59+01:00,784,1090,1128,1959,1375,2941,2068,4400,3753,4593,4440,4434,6161,7603,2120,3888,311,351,495,803,513,1268,781,1976,964,1709,670,696,1380,1703,1513,2852,27977,16655,4846,1327,19914,3,0
2021-03-22T23:59:59+01:00,783,1088,1126,1956,1373,2941,2066,4400,3752,4593,4440,4433,6161,7602,2120,3888,311,351,495,803,513,1267,780,1976,964,1708,670,696,1380,1703,1513,2852,27974,16652,4845,1327,19903,3,0
2021-03-21T23:59:59+01:00,783,1088,1125,1954,1373,2940,2065,4399,3752,4592,4440,4433,6160,7602,2120,3888,311,351,495,803,513,1267,780,1976,964,1708,670,695,1380,1703,1513,2852,27971,16651,4844,1327,19899,3,0
2021-03-20T23:59:59+01:00,781,1086,1122,1952,1368,2937,2048,4389,3715,4565,4185,4131,5690,7040,2111,3855,306,348,488,798,497,1257,754,1955,922,1673,603,625,1133,1418,1187,2335,27889,14969,4744,1327,18342,3,0
2021-03-19T23:59:59+01:00,773,1080,1102,1930,1336,2902,1954,4318,3483,4407,4053,4026,5517,6796,2072,3780,306,348,488,798,497,1257,754,1954,921,1673,603,625,1133,1417,1186,2334,27887,14964,3308,1327,18334,3,0
2021-03-18T23:59:59+01:00,773,1079,1101,1929,1335,2900,1953,4315,3233,4244,3908,3906,5332,6575,2038,3706,306,347,487,798,497,1255,754,1953,920,1672,589,618,867,1101,1115,2233,27875,14184,2120,1326,18332,2,0
2021-03-17T23:59:59+01:00,773,1079,1100,1928,1335,2900,1953,4315,3233,4244,3908,3904,5331,6575,2038,3706,306,347,487,798,497,1255,754,1953,919,1672,588,618,867,1101,1115,2233,27873,14182,2120,1326,18329,2,0
2021-03-16T23:59:59+01:00,772,1078,1100,1925,1334,2900,1951,4315,3233,4242,3907,3903,5331,6574,2037,3706,302,343,473,791,487,1245,738,1940,905,1662,587,618,865,1100,1114,2232,27866,14074,2116,1326,18326,2,0
2021-03-15T23:59:59+01:00,771,1077,1099,1924,1331,2900,1947,4314,3232,4242,3907,3902,5330,6574,2037,3706,302,343,473,791,487,1245,738,1939,904,1662,587,618,865,1100,1114,2232,27861,14072,2114,1326,18318,2,0
2021-03-14T23:59:59+01:00,770,1074,1096,1922,1328,2896,1946,4313,3227,4241,3907,3902,5330,6574,2037,3706,302,343,473,791,487,1245,738,1939,904,1662,587,618,865,1100,1114,2232,27858,14072,2114,1326,18297,2,0
2021-03-13T23:59:59+01:00,768,1069,1088,1917,1320,2888,1940,4306,3065,4131,3457,3482,5148,6374,2000,3659,302,343,473,791,487,1245,737,1939,903,1662,556,596,549,779,715,1690,26592,12439,2114,1326,17906,2,0
2021-03-12T23:59:59+01:00,733,967,1068,1802,1300,2694,1906,4038,2993,3944,2254,1963,4876,5947,1998,3652,302,343,473,791,487,1245,736,1939,903,1662,556,595,549,779,715,1690,26581,12438,2114,1326,13440,1,0
2021-03-11T23:59:59+01:00,721,913,1061,1700,1290,2527,1897,3820,2941,3824,1563,1305,4522,5537,1989,3643,300,343,473,791,487,1245,736,1937,903,1660,556,594,547,778,633,1545,26031,12436,2102,1092,11120,0,0
2021-03-10T23:59:59+01:00,713,894,1052,1682,1281,2505,1883,3796,2806,3729,1175,1027,4104,5041,1929,3537,300,343,472,790,486,1245,736,1937,902,1660,556,594,545,776,633,1545,24049,12430,2101,1090,11004,0,0
2021-03-09T23:59:59+01:00,711,888,1043,1664,1273,2492,1878,3786,2802,3725,1171,1025,4104,5041,1928,3537,300,343,472,790,486,1245,736,1937,902,1660,556,594,545,776,633,1545,24046,12430,2101,1090,10921,0,0
2021-03-08T23:59:59+01:00,706,855,1031,1643,1260,2457,1867,3754,2784,3711,1170,1023,4104,5041,1928,3537,300,343,472,790,486,1245,736,1937,902,1660,556,594,544,776,633,1545,24042,12429,2100,1090,10729,0,0
2021-03-07T23:59:59+01:00,706,852,1027,1639,1260,2454,1866,3751,2784,3709,1170,1023,4104,5041,1928,3537,300,343,472,790,485,1245,736,1937,902,1660,556,594,544,776,633,1545,24039,12428,2100,1090,10712,0,0
2021-03-06T23:59:59+01:00,661,796,888,1530,1026,2250,1419,3352,2344,3343,950,880,3812,4664,1913,3521,300,343,472,790,484,1245,736,1937,902,1659,556,593,542,771,544,1372,23041,12426,2097,820,8211,0,0
2021-03-05T23:59:59+01:00,658,796,884,1527,1026,2249,1415,3348,2336,3339,759,752,2798,3429,1809,3361,298,341,466,779,480,1239,727,1921,889,1643,551,590,479,707,251,870,20197,12227,2087,4,8202,0,0
2021-03-04T23:59:59+01:00,639,742,847,1398,984,2093,1365,3148,2299,3262,740,743,1475,1819,1672,3174,298,341,465,779,480,1239,727,1921,888,1642,550,590,479,706,251,870,16907,12222,2086,4,7407,0,0
2021-03-03T23:59:59+01:00,630,701,823,1337,965,2030,1352,3102,2289,3224,740,743,1475,1819,1672,3174,298,341,465,779,480,1239,727,1921,888,1642,550,590,479,706,251,870,16906,12222,2086,4,7084,0,0
2021-03-02T23:59:59+01:00,627,699,822,1336,965,2030,1351,3101,2289,3224,740,743,1475,1819,1672,3174,298,341,465,779,480,1239,727,1921,888,1641,550,590,479,706,251,870,16905,12221,2086,4,7076,0,0
2021-03-01T23:59:59+01:00,627,697,821,1336,965,2030,1351,3101,2289,3223,740,742,1475,1818,1672,3174,298,341,465,779,480,1239,727,1920,888,1641,550,590,479,706,251,870,16903,12220,2085,4,7073,0,0
2021-02-28T23:59:59+01:00,626,695,821,1336,964,2030,1350,3101,2288,3222,740,741,1475,1818,1672,3174,298,341,465,779,480,1239,727,1919,888,1641,550,590,479,706,251,870,16900,12219,2085,4,7068,0,0
2021-02-27T23:59:59+01:00,621,690,805,1329,944,2019,1305,3067,2209,3163,621,633,1159,1443,1224,2392,297,341,465,779,478,1239,726,1917,887,1640,549,587,478,703,251,867,15180,12203,1378,1,7066,0,0
2021-02-26T23:59:59+01:00,610,661,776,1268,912,1889,1257,2892,1862,2754,620,633,1159,1443,1223,2391,297,341,465,779,478,1239,726,1917,887,1640,549,587,478,703,251,866,15175,12202,1378,1,5797,0,0
2021-02-25T23:59:59+01:00,567,608,718,1147,800,1687,1080,2558,1349,2218,606,626,883,1119,1153,2287,296,340,464,779,478,1238,726,1917,887,1640,549,587,478,703,251,866,14373,12199,1378,0,3655,0,0
2021-02-24T23:59:59+01:00,566,607,718,1146,799,1687,1080,2557,1349,2217,606,626,883,1119,1153,2287,296,340,464,779,478,1238,726,1917,887,1640,549,587,478,703,251,866,14373,12199,1377,0,3650,0,0
2021-02-23T23:59:59+01:00,562,601,703,1137,789,1677,1063,2544,1335,2207,605,626,881,1118,1152,2286,296,339,464,778,478,1238,726,1916,887,1640,549,587,478,703,251,866,14263,12196,1377,0,3646,0,0
2021-02-22T23:59:59+01:00,562,601,703,1137,787,1677,1063,2543,1334,2206,605,626,881,1118,1152,2286,296,339,464,778,478,1238,726,1916,887,1640,549,587,478,703,251,866,14261,12196,1377,0,3643,0,0
2021-02-21T23:59:59+01:00,562,601,703,1137,786,1677,1062,2543,1334,2206,604,626,881,1118,1152,2286,296,339,464,778,478,1238,726,1916,887,1640,549,587,478,703,251,866,14261,12196,1377,0,3640,0,0
2021-02-20T23:59:59+01:00,545,598,691,1130,765,1675,1050,2538,1308,2186,567,603,559,791,745,1732,294,338,460,776,473,1232,721,1905,879,1639,548,584,474,703,248,861,12593,12135,1376,0,3514,0,0
2021-02-19T23:59:59+01:00,435,502,593,1002,640,1515,907,2362,1039,1946,567,603,559,791,745,1732,291,338,456,774,471,1222,718,1888,871,1622,544,577,470,697,245,853,12591,12037,1376,0,1971,0,0
2021-02-18T23:59:59+01:00,305,347,479,805,492,1256,753,1958,911,1675,567,603,558,791,745,1732,290,337,454,771,468,1218,718,1875,867,1610,537,572,464,691,240,842,12590,11954,1376,0,11,0,0
2021-02-17T23:59:59+01:00,305,347,478,805,492,1256,753,1958,910,1675,566,603,558,790,745,1732,289,336,453,769,466,1215,715,1867,864,1604,532,567,454,669,230,823,12588,11853,1376,0,9,0,0
2021-02-16T23:59:59+01:00,305,347,476,804,491,1256,753,1958,910,1675,566,603,558,790,745,1732,277,331,446,753,456,1178,707,1783,839,1537,512,538,419,622,216,762,12588,11376,1376,0,5,0,0
2021-02-15T23:59:59+01:00,305,347,475,804,490,1255,752,1958,910,1675,566,603,558,790,745,1732,273,327,443,744,450,1151,688,1730,815,1483,491,506,400,577,207,706,12587,10991,1376,0,2,0,0
2021-02-14T23:59:59+01:00,305,347,475,804,489,1255,752,1958,910,1675,566,603,558,790,745,1732,273,327,443,744,450,1149,688,1725,812,1475,480,501,397,574,199,697,12586,10934,1376,0,2,0,0
2021-02-13T23:59:59+01:00,303,347,475,804,489,1255,752,1957,910,1675,566,603,558,790,745,1732,271,324,440,741,445,1137,676,1704,794,1442,463,474,380,548,187,662,12584,10688,1376,0,1,0,0
2021-02-12T23:59:59+01:00,303,346,475,804,489,1255,751,1956,907,1672,566,601,501,741,739,1731,254,313,419,705,422,1043,634,1536,710,1205,374,359,310,437,138,495,12460,9354,1376,0,1,0,0
2021-02-11T23:59:59+01:00,301,346,474,804,489,1255,751,1953,907,1670,565,600,498,738,654,1583,231,295,407,673,402,998,599,1435,665,1103,336,315,274,367,114,418,12448,8632,1139,0,1,0,0
2021-02-10T23:59:59+01:00,301,346,474,803,489,1255,750,1953,906,1670,564,600,498,737,653,1581,228,290,406,668,398,984,596,1409,652,1072,320,292,248,324,100,358,12441,8345,1139,0,0,0,0
2021-02-09T23:59:59+01:00,301,346,474,803,489,1255,749,1953,906,1668,564,600,498,737,653,1581,219,275,393,632,376,917,555,1308,600,952,240,194,173,209,65,221,12438,7329,1139,0,0,0,0
2021-02-08T23:59:59+01:00,301,346,472,803,489,1255,749,1953,906,1668,564,600,498,737,653,1581,216,267,388,617,367,893,534,1252,570,876,211,162,138,161,52,167,12437,6871,1138,0,0,0,0
2021-02-07T23:59:59+01:00,301,346,472,803,489,1255,749,1953,906,1668,564,600,498,737,653,1580,215,267,387,612,366,889,529,1242,564,862,207,153,127,143,47,153,12436,6763,1138,0,0,0,0
2021-02-06T23:59:59+01:00,301,346,472,803,489,1255,749,1953,906,1668,564,600,496,731,563,1407,215,267,387,612,366,889,529,1242,564,862,207,153,127,143,47,153,12436,6763,867,0,0,0,0
2021-02-05T23:59:59+01:00,301,346,469,802,488,1253,746,1951,903,1664,558,597,490,714,255,885,208,255,370,580,352,850,508,1200,547,832,183,138,106,131,43,150,12420,6453,2,0,0,0,0
2021-02-04T23:59:59+01:00,301,345,468,796,485,1252,745,1946,898,1664,557,596,489,713,255,885,188,206,302,447,289,684,422,977,481,713,173,133,96,126,38,139,12393,5414,2,0,0,0,0
2021-02-03T23:59:59+01:00,300,345,468,794,485,1252,744,1945,897,1664,557,596,489,713,255,885,182,191,251,368,245,594,361,876,435,642,166,129,92,124,37,138,12387,4831,2,0,0,0,0
2021-02-02T23:59:59+01:00,300,343,468,792,485,1252,744,1941,897,1662,557,596,489,713,255,885,172,171,192,295,191,512,274,748,361,579,160,126,91,123,37,137,12377,4169,2,0,0,0,0
2021-02-01T23:59:59+01:00,300,343,466,791,484,1250,743,1937,894,1657,557,596,488,713,255,885,165,165,152,257,164,453,225,664,306,517,156,115,85,113,32,130,12357,3699,2,0,0,0,0
2021-01-31T23:59:59+01:00,300,343,466,791,484,1250,743,1937,894,1657,557,596,488,713,255,885,165,165,152,256,164,452,224,664,306,517,156,115,85,113,32,130,12357,3696,2,0,0,0,0
2021-01-30T23:59:59+01:00,300,343,466,791,484,1250,743,1937,889,1657,557,596,486,713,252,885,152,150,133,241,154,422,209,625,288,471,138,104,73,84,27,99,12347,3370,2,0,0,0,0
2021-01-29T23:59:59+01:00,297,343,462,788,482,1240,740,1919,881,1640,553,589,482,708,249,877,99,85,94,156,113,261,162,456,198,342,103,68,56,73,23,89,12248,2378,2,0,0,0,0
2021-01-28T23:59:59+01:00,296,343,462,788,481,1240,740,1919,881,1640,553,589,482,708,249,877,12,12,13,23,22,51,26,100,45,94,40,29,27,55,20,82,12246,651,2,0,0,0,0
2021-01-27T23:59:59+01:00,295,343,462,788,481,1240,740,1919,880,1640,553,589,482,708,249,877,12,12,13,23,21,50,26,97,44,94,40,29,27,55,20,82,12245,645,1,0,0,0,0
2021-01-26T23:59:59+01:00,295,343,462,787,481,1239,740,1919,880,1639,553,589,482,708,249,877,12,12,13,23,21,50,26,97,44,94,40,29,27,55,20,82,12242,645,1,0,0,0,0
2021-01-25T23:59:59+01:00,295,342,460,787,481,1238,740,1917,880,1638,553,589,481,706,249,877,7,4,5,12,10,25,15,39,21,41,19,14,8,18,7,16,12233,261,0,0,0,0,0
2021-01-24T23:59:59+01:00,295,342,460,787,480,1238,740,1916,880,1637,553,589,481,706,249,877,7,4,5,12,10,25,15,39,21,41,19,14,8,18,7,16,12230,261,0,0,0,0,0
2021-01-23T23:59:59+01:00,295,342,460,787,480,1238,740,1916,880,1637,553,589,481,706,249,877,7,4,5,12,10,25,15,39,21,41,19,14,8,18,7,16,12230,261,0,0,0,0,0
2021-01-22T23:59:59+01:00,293,340,460,787,479,1237,740,1915,880,1637,553,589,481,706,231,833,7,4,5,12,10,25,15,39,21,41,19,14,8,18,7,16,12161,261,0,0,0,0,0
2021-01-21T23:59:59+01:00,290,335,458,780,475,1229,738,1895,871,1619,543,581,463,679,220,799,7,4,5,12,10,25,15,39,21,41,19,14,8,18,7,16,11975,261,0,0,0,0,0
2021-01-20T23:59:59+01:00,288,332,455,776,473,1226,735,1887,868,1615,537,576,456,660,212,782,7,4,5,12,10,25,15,39,21,41,19,14,8,18,7,16,11878,261,0,0,0,0,0
2021-01-19T23:59:59+01:00,282,331,453,769,468,1208,731,1851,858,1581,524,558,442,643,204,749,7,4,5,12,10,25,15,39,21,41,19,14,8,18,7,16,11652,261,0,0,0,0,0
2021-01-18T23:59:59+01:00,278,324,450,759,463,1188,713,1812,833,1533,504,526,428,606,194,697,7,3,5,12,10,25,15,39,21,41,19,14,8,18,7,16,11308,260,0,0,0,0,0
2021-01-17T23:59:59+01:00,278,323,450,759,463,1185,710,1806,824,1522,489,513,412,583,181,674,7,3,4,12,10,25,15,39,21,41,19,14,8,18,7,16,11172,259,0,0,0,0,0
2021-01-16T23:59:59+01:00,270,312,442,740,449,1143,682,1714,781,1377,449,433,380,530,163,622,0,0,0,0,0,0,0,0,0,0,0,0,0,0,0,0,10487,0,0,0,0,0,0
2021-01-15T23:59:59+01:00,261,304,433,718,435,1090,661,1607,743,1262,389,380,337,461,148,524,0,0,0,0,0,0,0,0,0,0,0,0,0,0,0,0,9753,0,0,0,0,0,0
2021-01-14T23:59:59+01:00,237,285,415,674,411,1030,616,1478,673,1117,334,313,290,360,110,416,0,0,0,0,0,0,0,0,0,0,0,0,0,0,0,0,8759,0,0,0,0,0,0
2021-01-13T23:59:59+01:00,235,282,414,668,406,1011,610,1450,660,1086,316,289,261,317,96,357,0,0,0,0,0,0,0,0,0,0,0,0,0,0,0,0,8458,0,0,0,0,0,0
2021-01-12T23:59:59+01:00,218,270,396,625,373,912,550,1288,581,901,218,172,153,166,55,178,0,0,0,0,0,0,0,0,0,0,0,0,0,0,0,0,7056,0,0,0,0,0,0
2021-01-11T23:59:59+01:00,214,265,391,610,363,887,529,1239,560,850,198,141,120,123,41,129,0,0,0,0,0,0,0,0,0,0,0,0,0,0,0,0,6660,0,0,0,0,0,0
2021-01-10T23:59:59+01:00,213,258,380,596,359,876,518,1217,549,834,195,141,117,122,39,128,0,0,0,0,0,0,0,0,0,0,0,0,0,0,0,0,6542,0,0,0,0,0,0
2021-01-09T23:59:59+01:00,192,213,333,524,318,753,447,1024,464,702,133,88,68,78,28,95,0,0,0,0,0,0,0,0,0,0,0,0,0,0,0,0,5460,0,0,0,0,0,0
2021-01-08T23:59:59+01:00,112,112,242,356,234,461,321,679,310,443,75,52,44,63,23,84,0,0,0,0,0,0,0,0,0,0,0,0,0,0,0,0,3611,0,0,0,0,0,0
2021-01-07T23:59:59+01:00,18,23,58,98,68,133,102,199,111,152,45,31,28,56,21,84,0,0,0,0,0,0,0,0,0,0,0,0,0,0,0,0,1227,0,0,0,0,0,0
2021-01-06T23:59:59+01:00,9,10,11,22,15,49,28,97,49,98,40,30,28,56,21,84,0,0,0,0,0,0,0,0,0,0,0,0,0,0,0,0,647,0,0,0,0,0,0
2021-01-05T23:59:59+01:00,9,10,11,22,15,49,27,97,48,98,40,30,28,56,21,84,0,0,0,0,0,0,0,0,0,0,0,0,0,0,0,0,645,0,0,0,0,0,0
2021-01-04T23:59:59+01:00,7,4,5,12,10,27,16,41,23,42,19,14,9,18,7,17,0,0,0,0,0,0,0,0,0,0,0,0,0,0,0,0,271,0,0,0,0,0,0
2021-01-03T23:59:59+01:00,7,4,5,12,10,27,16,41,23,42,19,14,9,18,7,17,0,0,0,0,0,0,0,0,0,0,0,0,0,0,0,0,271,0,0,0,0,0,0
2021-01-02T23:59:59+01:00,7,4,5,12,10,27,16,41,23,42,19,14,9,18,7,17,0,0,0,0,0,0,0,0,0,0,0,0,0,0,0,0,271,0,0,0,0,0,0
2021-01-01T23:59:59+01:00,7,4,5,12,10,27,16,41,23,42,19,14,9,18,7,17,0,0,0,0,0,0,0,0,0,0,0,0,0,0,0,0,271,0,0,0,0,0,0
2020-12-31T23:59:59+01:00,7,4,5,12,10,27,16,41,23,42,19,14,9,18,7,17,0,0,0,0,0,0,0,0,0,0,0,0,0,0,0,0,271,0,0,0,0,0,0
2020-12-30T23:59:59+01:00,7,4,5,12,10,27,16,41,23,42,19,14,9,18,7,17,0,0,0,0,0,0,0,0,0,0,0,0,0,0,0,0,271,0,0,0,0,0,0
2020-12-29T23:59:59+01:00,7,4,5,12,10,27,16,41,23,42,19,14,9,18,7,17,0,0,0,0,0,0,0,0,0,0,0,0,0,0,0,0,271,0,0,0,0,0,0
2020-12-28T23:59:59+01:00,7,4,5,12,10,27,16,41,23,42,19,14,9,18,7,17,0,0,0,0,0,0,0,0,0,0,0,0,0,0,0,0,271,0,0,0,0,0,0
2020-12-27T23:59:59+01:00,7,3,4,12,10,27,16,41,23,42,19,14,9,18,7,17,0,0,0,0,0,0,0,0,0,0,0,0,0,0,0,0,269,0,0,0,0,0,0
