Datum,<15_1_m,<15_1_w,15-24_1_m,15-24_1_w,25-34_1_m,25-34_1_w,35-44_1_m,35-44_1_w,45-54_1_m,45-54_1_w,55-64_1_m,55-64_1_w,65-74_1_m,65-74_1_w,75-84_1_m,75-84_1_w,>84_1_m,>84_1_w,<15_2_m,<15_2_w,15-24_2_m,15-24_2_w,25-34_2_m,25-34_2_w,35-44_2_m,35-44_2_w,45-54_2_m,45-54_2_w,55-64_2_m,55-64_2_w,65-74_2_m,65-74_2_w,75-84_2_m,75-84_2_w,>84_2_m,>84_2_w,bp_1,bp_2,mo_1,mo_2,az_1,az_2,ja,unb_1,unb_2
2021-11-25T23:59:59+01:00,2807,2763,16692,15074,19092,17367,20165,19763,22829,22650,23723,22519,15075,16313,10284,12575,3147,5484,2063,1977,14303,13231,17185,15523,18710,18309,21687,21483,22942,21757,14715,15877,10086,12323,3055,5328,196724,180554,23313,22637,35598,34659,12690,13,14
2021-11-24T23:59:59+01:00,2797,2750,16685,15070,19081,17355,20154,19756,22823,22644,23720,22514,15070,16307,10278,12569,3147,5481,2058,1973,14292,13222,17175,15515,18705,18303,21682,21478,22938,21749,14712,15875,10085,12322,3055,5326,196603,180465,23313,22637,35598,34659,12690,13,14
2021-11-23T23:59:59+01:00,2757,2717,16651,15045,19063,17317,20133,19734,22807,22624,23707,22503,15061,16295,10273,12560,3145,5480,2050,1964,14271,13200,17151,15501,18695,18292,21670,21472,22932,21746,14708,15870,10084,12321,3055,5326,196276,180308,23311,22637,35598,34659,12690,13,14
2021-11-22T23:59:59+01:00,2736,2695,16623,15022,19039,17290,20104,19711,22788,22604,23692,22489,15054,16285,10271,12552,3142,5477,2048,1959,14261,13195,17142,15489,18680,18282,21658,21465,22927,21744,14706,15870,10084,12320,3055,5326,195995,180227,23310,22637,35598,34659,12674,13,14
2021-11-21T23:59:59+01:00,2725,2678,16601,15008,19013,17265,20084,19690,22774,22589,23675,22476,15048,16275,10266,12546,3141,5474,2046,1957,14258,13189,17137,15479,18676,18275,21654,21463,22925,21738,14702,15868,10084,12316,3054,5326,195757,180171,23307,22636,35598,34657,12669,13,14
2021-11-20T23:59:59+01:00,2701,2649,16559,14983,18981,17238,20060,19664,22755,22573,23662,22461,15035,16265,10262,12540,3139,5472,2045,1954,14249,13186,17132,15474,18674,18274,21651,21458,22922,21737,14702,15868,10083,12316,3053,5326,195433,180134,23304,22632,35598,34657,12667,13,14
2021-11-19T23:59:59+01:00,2644,2586,16440,14906,18901,17151,19984,19584,22710,22519,23634,22425,15014,16240,10252,12534,3137,5467,2033,1940,14193,13152,17072,15436,18647,18258,21631,21437,22914,21727,14701,15862,10081,12314,3052,5325,194589,179809,23280,22631,35598,34657,12664,13,14
2021-11-18T23:59:59+01:00,2570,2510,16339,14790,18811,17034,19907,19498,22654,22462,23593,22379,14996,16201,10244,12523,3136,5459,2021,1923,14152,13104,17011,15406,18595,18231,21595,21409,22889,21714,14699,15855,10079,12311,3050,5322,193607,179411,23246,22626,35598,34657,12658,13,14
2021-11-17T23:59:59+01:00,2527,2468,16239,14700,18734,16943,19834,19431,22604,22411,23550,22346,14972,16176,10234,12508,3133,5451,2006,1908,14116,13085,16994,15385,18580,18216,21581,21400,22875,21707,14694,15849,10074,12307,3049,5321,192766,179193,23243,22626,35598,34657,12657,13,14
2021-11-16T23:59:59+01:00,2504,2436,16177,14641,18681,16878,19799,19389,22572,22376,23522,22326,14963,16162,10229,12499,3130,5448,2000,1902,14103,13077,16983,15371,18570,18204,21575,21395,22868,21704,14690,15848,10074,12305,3049,5319,192242,179084,23238,22625,35598,34657,12657,13,14
2021-11-15T23:59:59+01:00,2482,2393,16089,14581,18604,16800,19740,19334,22530,22337,23499,22309,14954,16148,10222,12488,3128,5446,1997,1896,14091,13068,16967,15364,18566,18196,21563,21384,22859,21701,14685,15846,10073,12302,3049,5315,191602,178974,23235,22625,35598,34657,12652,13,14
2021-11-14T23:59:59+01:00,2455,2361,15974,14493,18504,16725,19684,19284,22481,22300,23452,22270,14944,16136,10216,12483,3125,5444,1996,1892,14082,13061,16963,15360,18557,18187,21558,21383,22854,21695,14684,15845,10072,12302,3049,5315,190874,178916,23217,22623,35598,34657,12645,13,14
2021-11-13T23:59:59+01:00,2455,2360,15972,14492,18500,16722,19684,19282,22481,22300,23452,22266,14944,16136,10215,12483,3124,5444,1996,1892,14082,13060,16963,15360,18557,18185,21558,21383,22854,21695,14684,15845,10072,12302,3049,5315,190858,178915,23216,22623,35598,34657,12643,13,14
2021-11-12T23:59:59+01:00,2406,2302,15737,14332,18345,16601,19579,19171,22402,22216,23400,22225,14931,16121,10208,12476,3122,5440,1961,1865,14010,13002,16904,15313,18521,18154,21532,21363,22836,21682,14678,15839,10070,12299,3049,5314,189603,178480,23179,22603,35597,34657,12638,13,14
2021-11-11T23:59:59+01:00,2317,2216,15418,14091,18106,16400,19419,19003,22287,22088,23344,22161,14896,16092,10196,12458,3119,5435,1949,1848,13951,12964,16857,15284,18498,18133,21509,21333,22817,21666,14672,15833,10064,12295,3048,5313,187756,178145,23065,22587,35597,34657,12631,13,14
2021-11-10T23:59:59+01:00,2282,2192,15154,13884,17901,16222,19278,18872,22168,21993,23261,22099,14875,16063,10186,12443,3116,5430,1931,1829,13877,12913,16801,15240,18459,18103,21488,21316,22805,21651,14664,15823,10061,12290,3047,5310,186173,177730,23029,22585,35597,34657,12622,13,14
2021-11-09T23:59:59+01:00,2254,2165,15120,13850,17886,16193,19254,18845,22147,21978,23246,22090,14869,16059,10183,12439,3113,5426,1924,1824,13861,12897,16791,15225,18448,18092,21479,21305,22797,21647,14658,15819,10060,12287,3046,5309,185900,177617,23026,22585,35597,34657,12596,13,14
2021-11-08T23:59:59+01:00,2252,2153,15101,13830,17867,16172,19240,18832,22137,21962,23237,22082,14866,16058,10183,12436,3112,5425,1921,1818,13848,12872,16782,15215,18443,18084,21473,21298,22793,21639,14657,15819,10060,12286,3045,5307,185728,177511,23026,22582,35597,34657,12596,13,14
2021-11-07T23:59:59+01:00,2242,2147,15088,13815,17857,16167,19236,18824,22127,21957,23230,22075,14865,16056,10180,12433,3110,5424,1920,1816,13845,12867,16781,15213,18443,18076,21472,21294,22793,21638,14657,15819,10059,12286,3045,5307,185616,177482,23026,22582,35597,34657,12596,13,14
2021-11-06T23:59:59+01:00,2241,2146,15084,13815,17855,16164,19234,18824,22125,21957,23229,22074,14864,16056,10180,12433,3110,5424,1920,1816,13844,12865,16779,15212,18441,18075,21472,21292,22793,21638,14657,15819,10059,12286,3045,5307,185598,177471,23026,22582,35597,34657,12596,13,14
2021-11-05T23:59:59+01:00,2201,2096,14931,13703,17732,16046,19136,18753,22048,21899,23194,22043,14852,16037,10176,12430,3108,5422,1893,1790,13764,12810,16738,15187,18415,18047,21459,21278,22779,21629,14655,15812,10056,12284,3044,5305,184621,177111,23007,22579,35597,34657,12584,13,14
2021-11-04T23:59:59+01:00,2149,2052,14745,13574,17559,15927,19012,18655,21962,21828,23155,22015,14844,16028,10168,12423,3107,5419,1875,1763,13708,12754,16698,15146,18379,18004,21431,21259,22758,21613,14648,15802,10053,12282,3041,5302,183505,176717,22959,22565,35597,34657,12563,13,14
2021-11-03T23:59:59+01:00,2133,2029,14698,13533,17510,15892,18989,18631,21940,21801,23144,22002,14838,16027,10167,12422,3107,5419,1853,1742,13631,12706,16630,15097,18344,17969,21397,21233,22729,21593,14641,15791,10046,12275,3040,5299,183192,176240,22953,22563,35597,34657,12542,13,14
2021-11-02T23:59:59+01:00,2114,2019,14676,13512,17487,15868,18975,18616,21919,21789,23139,21998,14833,16024,10166,12422,3107,5417,1831,1730,13603,12673,16607,15078,18322,17946,21382,21220,22722,21576,14638,15788,10044,12270,3040,5299,182997,175997,22949,22561,35597,34657,12540,13,14
2021-11-01T23:59:59+01:00,2114,2015,14663,13505,17475,15859,18968,18612,21911,21780,23136,21995,14833,16024,10165,12420,3107,5417,1825,1726,13588,12658,16596,15072,18315,17940,21373,21216,22721,21572,14637,15787,10043,12268,3040,5299,182938,175929,22949,22559,35597,34657,12517,13,14
2021-10-31T23:59:59+01:00,2114,2015,14663,13505,17475,15859,18968,18612,21911,21780,23136,21995,14833,16023,10165,12420,3107,5417,1825,1726,13588,12658,16596,15072,18315,17940,21373,21216,22721,21572,14637,15787,10043,12268,3040,5299,182937,175929,22949,22559,35597,34657,12517,13,14
2021-10-30T23:59:59+02:00,2114,2015,14662,13505,17475,15859,18968,18612,21909,21780,23136,21995,14832,16022,10165,12419,3107,5417,1823,1725,13588,12658,16595,15072,18315,17939,21372,21215,22721,21572,14637,15786,10043,12268,3039,5299,182931,175920,22949,22559,35597,34657,12517,13,14
2021-10-29T23:59:59+02:00,2104,2002,14576,13448,17379,15810,18887,18578,21862,21751,23113,21978,14830,16018,10165,12418,3106,5417,1817,1723,13570,12646,16585,15061,18302,17932,21364,21207,22718,21564,14636,15785,10041,12267,3039,5299,182389,175815,22946,22558,35597,34657,12512,13,14
2021-10-28T23:59:59+02:00,2089,1975,14466,13363,17251,15734,18809,18524,21795,21697,23077,21956,14823,16012,10161,12417,3106,5411,1804,1711,13533,12616,16547,15030,18270,17902,21344,21186,22699,21553,14627,15776,10039,12261,3039,5298,181705,175587,22946,22557,35597,34657,12420,13,14
2021-10-27T23:59:59+02:00,2077,1971,14441,13347,17226,15711,18784,18508,21777,21687,23065,21951,14822,16005,10154,12409,3104,5411,1796,1706,13492,12579,16517,15013,18246,17882,21322,21173,22686,21546,14624,15767,10035,12256,3039,5296,181550,175386,22944,22557,35597,34657,12361,13,14
2021-10-26T23:59:59+02:00,2071,1966,14436,13340,17224,15703,18772,18502,21772,21685,23061,21949,14818,16005,10154,12409,3104,5410,1788,1700,13474,12556,16511,15002,18241,17875,21315,21167,22684,21544,14621,15765,10030,12253,3038,5296,181484,175272,22942,22557,35597,34657,12360,13,14
2021-10-25T23:59:59+02:00,2071,1966,14431,13338,17221,15702,18771,18499,21769,21684,23060,21949,14818,16005,10154,12408,3103,5410,1787,1700,13471,12555,16508,15001,18240,17873,21312,21166,22683,21544,14621,15765,10030,12252,3037,5296,181480,175271,22942,22557,35597,34657,12342,13,14
2021-10-24T23:59:59+02:00,2071,1964,14428,13337,17218,15702,18770,18498,21769,21684,23060,21948,14816,16005,10154,12408,3103,5409,1786,1700,13471,12555,16507,15001,18239,17873,21311,21166,22681,21542,14619,15762,10029,12249,3035,5287,181467,175244,22941,22557,35597,34657,12341,13,14
2021-10-23T23:59:59+02:00,2071,1964,14427,13337,17217,15701,18770,18498,21768,21684,23060,21948,14816,16005,10154,12408,3103,5408,1786,1700,13471,12555,16507,15001,18239,17873,21311,21166,22681,21542,14619,15762,10029,12249,3035,5287,181462,175244,22941,22557,35597,34657,12341,13,14
2021-10-22T23:59:59+02:00,2051,1937,14367,13294,17160,15651,18729,18466,21736,21658,23041,21937,14810,15998,10153,12408,3103,5407,1772,1686,13439,12528,16486,14982,18224,17854,21300,21149,22675,21534,14618,15758,10026,12248,3034,5286,181032,175037,22939,22551,35597,34657,12340,13,14
2021-10-21T23:59:59+02:00,2042,1921,14300,13255,17098,15606,18689,18435,21713,21631,23016,21921,14806,15996,10150,12403,3101,5404,1762,1672,13394,12506,16454,14953,18202,17828,21291,21138,22663,21517,14613,15752,10024,12240,3033,5285,180653,174803,22937,22551,35597,34657,12302,13,14
2021-10-20T23:59:59+02:00,2027,1910,14278,13243,17085,15587,18678,18420,21704,21623,23008,21918,14803,15991,10149,12397,3099,5402,1747,1648,13330,12454,16420,14917,18176,17787,21278,21118,22644,21501,14607,15741,10018,12235,3031,5280,180493,174413,22937,22551,35597,34657,12297,13,14
2021-10-19T23:59:59+02:00,2013,1900,14262,13229,17074,15573,18673,18414,21698,21618,22999,21912,14798,15983,10146,12395,3099,5401,1736,1646,13308,12426,16405,14894,18166,17774,21265,21106,22635,21491,14606,15732,10012,12232,3029,5279,180381,174246,22937,22551,35597,34657,12274,13,14
2021-10-18T23:59:59+02:00,1999,1887,14243,13206,17058,15563,18668,18408,21691,21609,22994,21909,14794,15980,10146,12394,3099,5400,1727,1635,13285,12393,16388,14866,18151,17765,21256,21098,22629,21490,14600,15732,10007,12226,3027,5278,180266,174097,22936,22534,35597,34657,12251,13,14
2021-10-17T23:59:59+02:00,1998,1885,14243,13204,17058,15563,18668,18406,21689,21604,22994,21906,14794,15977,10146,12393,3098,5400,1726,1632,13284,12388,16382,14862,18149,17759,21253,21093,22627,21487,14599,15731,10006,12224,3025,5275,180244,174046,22936,22534,35597,34657,12251,13,14
2021-10-16T23:59:59+02:00,1998,1885,14243,13204,17058,15563,18668,18406,21689,21604,22994,21906,14794,15977,10146,12393,3098,5400,1726,1632,13284,12388,16382,14861,18149,17759,21253,21093,22627,21487,14598,15731,10006,12224,3025,5275,180244,174044,22936,22534,35597,34657,12251,13,14
2021-10-15T23:59:59+02:00,1991,1872,14201,13170,17026,15534,18648,18388,21673,21592,22985,21899,14793,15973,10145,12389,3098,5398,1682,1604,13218,12322,16335,14809,18114,17730,21225,21061,22606,21469,14587,15718,10002,12217,3024,5270,180021,173573,22916,22506,35597,34657,12243,13,14
2021-10-14T23:59:59+02:00,1979,1859,14147,13132,16978,15491,18619,18360,21650,21579,22971,21885,14783,15963,10143,12386,3094,5393,1623,1553,13102,12193,16278,14728,18051,17657,21185,21011,22573,21429,14571,15702,9995,12205,3022,5265,179682,172795,22896,22439,35597,34657,12239,13,13
2021-10-13T23:59:59+02:00,1969,1848,14116,13096,16956,15456,18595,18340,21639,21569,22959,21879,14778,15956,10141,12383,3094,5389,1602,1535,13057,12139,16236,14670,18013,17614,21166,20990,22553,21413,14561,15691,9991,12199,3018,5259,179464,172390,22896,22439,35597,34657,12208,13,13
2021-10-12T23:59:59+02:00,1962,1839,14093,13085,16938,15444,18589,18328,21632,21562,22954,21871,14775,15954,10141,12381,3094,5388,1594,1520,13030,12111,16214,14648,18000,17599,21157,20981,22543,21407,14553,15686,9989,12198,3017,5257,179360,172216,22896,22439,35597,34657,12179,13,13
2021-10-11T23:59:59+02:00,1949,1834,14073,13060,16930,15440,18582,18317,21626,21556,22949,21867,14773,15952,10140,12378,3094,5387,1590,1509,13002,12089,16196,14626,17982,17574,21146,20965,22539,21396,14548,15682,9985,12195,3017,5256,179242,172014,22896,22439,35597,34657,12174,13,13
2021-10-10T23:59:59+02:00,1945,1833,14066,13053,16919,15437,18575,18311,21624,21553,22946,21863,14772,15951,10140,12378,3094,5387,1586,1503,12990,12074,16179,14620,17974,17567,21144,20961,22533,21388,14545,15677,9984,12192,3016,5255,179211,171935,22896,22438,35597,34657,12145,13,13
2021-10-09T23:59:59+02:00,1945,1833,14065,13052,16918,15437,18575,18311,21624,21552,22946,21863,14772,15951,10140,12378,3094,5387,1586,1503,12990,12074,16179,14620,17974,17567,21144,20961,22533,21388,14545,15677,9984,12192,3016,5255,179207,171935,22896,22438,35597,34657,12145,13,13
2021-10-08T23:59:59+02:00,1932,1820,14012,13025,16889,15423,18556,18290,21604,21535,22932,21849,14767,15949,10135,12376,3094,5386,1563,1480,12943,12034,16152,14588,17940,17537,21119,20925,22514,21377,14541,15670,9982,12186,3016,5252,178938,171567,22896,22437,35597,34657,12145,13,13
2021-10-07T23:59:59+02:00,1910,1802,13963,12977,16850,15395,18523,18259,21577,21513,22913,21838,14762,15941,10129,12369,3093,5383,1530,1435,12876,11950,16099,14521,17894,17491,21084,20884,22495,21356,14528,15654,9973,12176,3015,5246,178574,170968,22896,22437,35597,34657,12132,13,13
2021-10-06T23:59:59+02:00,1902,1794,13921,12936,16845,15389,18520,18252,21574,21508,22906,21831,14759,15937,10127,12366,3092,5383,1513,1426,12841,11919,16094,14497,17886,17474,21072,20878,22490,21353,14527,15646,9971,12173,3015,5244,178426,170784,22893,22437,35597,34657,12128,13,13
2021-10-05T23:59:59+02:00,1888,1780,13887,12904,16814,15360,18492,18238,21554,21490,22899,21819,14747,15927,10123,12361,3092,5382,1496,1408,12780,11859,16046,14449,17847,17438,21047,20851,22470,21328,14514,15633,9970,12167,3013,5242,178220,170403,22891,22434,35597,34657,12051,13,13
2021-10-04T23:59:59+02:00,1875,1767,13864,12875,16799,15349,18481,18222,21545,21483,22891,21810,14743,15924,10120,12360,3092,5381,1490,1392,12735,11828,16018,14418,17833,17418,21035,20832,22466,21315,14509,15624,9969,12163,3011,5239,178075,170171,22891,22434,35597,34657,12020,13,13
2021-10-03T23:59:59+02:00,1874,1767,13862,12874,16798,15346,18481,18221,21543,21482,22890,21810,14743,15924,10120,12360,3092,5380,1490,1392,12734,11825,16013,14415,17832,17416,21034,20829,22466,21313,14509,15624,9967,12163,3011,5238,178064,170151,22891,22434,35597,34656,12017,13,13
2021-10-02T23:59:59+02:00,1873,1767,13861,12874,16798,15346,18481,18221,21543,21480,22889,21810,14743,15923,10120,12360,3091,5380,1490,1392,12733,11825,16013,14415,17832,17416,21034,20829,22466,21313,14509,15623,9967,12162,3011,5238,178057,170148,22891,22434,35597,34656,12017,13,13
2021-10-01T23:59:59+02:00,1865,1755,13824,12843,16759,15323,18457,18195,21522,21458,22873,21806,14739,15922,10117,12358,3090,5379,1478,1384,12700,11801,15981,14388,17809,17396,21011,20814,22451,21304,14505,15622,9965,12161,3010,5238,177838,169953,22890,22434,35597,34656,11962,13,13
2021-09-30T23:59:59+02:00,1847,1737,13753,12800,16697,15277,18422,18154,21494,21436,22849,21785,14725,15914,10115,12351,3088,5377,1458,1351,12620,11739,15920,14323,17782,17346,20972,20787,22419,21289,14486,15607,9960,12154,3009,5236,177485,169504,22890,22434,35597,34656,11851,13,13
2021-09-29T23:59:59+02:00,1836,1725,13700,12762,16657,15243,18393,18124,21471,21418,22834,21765,14719,15906,10111,12345,3086,5376,1445,1336,12577,11703,15884,14282,17758,17321,20957,20770,22412,21282,14485,15601,9958,12148,3008,5233,177193,169264,22890,22434,35597,34656,11793,13,13
2021-09-28T23:59:59+02:00,1827,1721,13688,12734,16651,15231,18381,18114,21463,21409,22829,21763,14717,15900,10107,12342,3083,5372,1416,1313,12540,11666,15863,14261,17742,17301,20942,20755,22406,21273,14482,15598,9958,12144,3006,5231,177055,169004,22890,22434,35597,34656,11790,13,13
2021-09-27T23:59:59+02:00,1820,1715,13671,12703,16638,15211,18370,18100,21450,21400,22825,21755,14715,15895,10104,12339,3081,5371,1404,1303,12527,11634,15839,14247,17731,17289,20938,20749,22400,21267,14477,15590,9957,12142,3005,5228,176893,168839,22888,22434,35597,34656,11785,13,13
2021-09-26T23:59:59+02:00,1811,1712,13655,12688,16627,15202,18362,18095,21444,21386,22815,21751,14714,15891,10101,12332,3078,5366,1403,1298,12515,11625,15832,14243,17727,17288,20936,20745,22398,21265,14476,15589,9955,12140,3004,5228,176762,168782,22888,22433,35597,34656,11783,13,13
2021-09-25T23:59:59+02:00,1811,1712,13655,12688,16627,15202,18362,18095,21444,21386,22815,21751,14714,15891,10101,12332,3078,5366,1403,1298,12515,11624,15832,14243,17727,17288,20936,20745,22398,21265,14476,15589,9955,12140,3004,5228,176762,168781,22888,22433,35597,34656,11783,13,13
2021-09-24T23:59:59+02:00,1799,1706,13618,12632,16592,15165,18337,18074,21422,21363,22797,21741,14710,15886,10099,12329,3078,5365,1387,1284,12484,11581,15802,14210,17706,17261,20916,20731,22382,21253,14468,15580,9949,12134,3003,5226,176521,168547,22887,22433,35597,34656,11708,13,13
2021-09-23T23:59:59+02:00,1775,1686,13559,12571,16541,15106,18294,18034,21385,21331,22776,21711,14702,15876,10096,12322,3077,5358,1378,1277,12447,11552,15779,14183,17685,17247,20891,20718,22366,21241,14459,15571,9942,12131,3002,5222,176073,168346,22887,22433,35597,34656,11643,13,13
2021-09-22T23:59:59+02:00,1762,1671,13504,12525,16513,15073,18275,17998,21374,21310,22763,21701,14687,15867,10091,12318,3072,5354,1374,1272,12408,11528,15754,14163,17666,17219,20882,20696,22356,21230,14450,15559,9939,12126,3002,5222,175737,168106,22886,22433,35597,34656,11638,13,13
2021-09-21T23:59:59+02:00,1756,1667,13468,12503,16479,15045,18257,17968,21361,21291,22756,21692,14684,15859,10083,12315,3071,5349,1370,1265,12379,11505,15737,14138,17649,17195,20870,20685,22350,21220,14448,15554,9938,12120,3001,5221,175556,167981,22886,22431,35597,34656,11564,13,13
2021-09-20T23:59:59+02:00,1749,1661,13448,12477,16461,15021,18237,17953,21345,21281,22754,21685,14677,15852,10081,12307,3071,5347,1367,1261,12368,11493,15732,14123,17639,17185,20865,20678,22349,21215,14442,15545,9936,12118,3001,5219,175418,167921,22871,22426,35597,34656,11520,13,13
2021-09-19T23:59:59+02:00,1746,1655,13430,12461,16437,14998,18222,17949,21338,21273,22745,21675,14668,15847,10077,12302,3069,5342,1366,1261,12362,11490,15716,14106,17627,17183,20860,20672,22342,21211,14434,15543,9934,12114,3000,5218,175333,167912,22871,22425,35596,34656,11433,13,13
2021-09-18T23:59:59+02:00,1746,1652,13420,12456,16431,14992,18217,17943,21337,21271,22743,21674,14668,15847,10077,12302,3069,5341,1289,1186,12224,11318,15640,13994,17570,17112,20815,20634,22318,21183,14423,15528,9924,12102,3000,5216,175291,166955,22871,22425,35596,34656,11427,13,13
2021-09-17T23:59:59+02:00,1703,1605,13311,12357,16371,14909,18158,17879,21294,21222,22714,21648,14657,15831,10069,12290,3067,5335,1282,1181,12176,11270,15601,13962,17516,17061,20801,20610,22302,21165,14419,15516,9919,12096,2999,5215,174681,166867,22768,22182,35596,34656,11373,13,13
2021-09-16T23:59:59+02:00,1669,1561,13221,12261,16315,14827,18098,17818,21250,21167,22684,21612,14642,15812,10053,12278,3064,5331,1273,1176,12148,11246,15586,13945,17495,17037,20798,20592,22293,21154,14417,15512,9915,12094,2999,5214,173965,166711,22768,22182,35596,34656,11332,13,13
2021-09-15T23:59:59+02:00,1648,1543,13170,12223,16280,14796,18073,17783,21228,21141,22674,21599,14634,15799,10043,12271,3060,5321,1271,1168,12122,11229,15558,13922,17480,17009,20783,20577,22282,21142,14409,15507,9911,12093,2999,5210,173662,166563,22768,22182,35596,34656,11258,13,13
2021-09-14T23:59:59+02:00,1637,1531,13124,12186,16256,14772,18049,17756,21219,21119,22659,21590,14628,15788,10033,12262,3059,5320,1259,1161,12091,11192,15538,13899,17456,16982,20769,20561,22273,21127,14398,15501,9904,12093,2999,5209,173411,166349,22767,22182,35596,34656,11212,13,13
2021-09-13T23:59:59+02:00,1622,1514,13062,12137,16219,14734,18016,17721,21199,21094,22638,21573,14620,15783,10028,12254,3057,5319,1250,1155,12053,11161,15514,13874,17441,16969,20757,20547,22253,21121,14395,15493,9901,12086,2997,5207,173087,166184,22767,22182,35595,34656,11139,13,13
2021-09-12T23:59:59+02:00,1622,1512,13061,12134,16216,14734,18015,17718,21197,21093,22637,21571,14620,15782,10025,12250,3057,5315,1250,1155,12050,11157,15512,13874,17440,16968,20757,20547,22253,21120,14394,15493,9901,12085,2997,5207,173059,166173,22767,22182,35595,34656,11136,13,13
2021-09-11T23:59:59+02:00,1622,1512,13061,12134,16216,14734,18014,17718,21197,21093,22637,21570,14620,15782,10025,12250,3057,5315,1250,1155,12049,11157,15512,13874,17439,16968,20757,20547,22253,21120,14394,15493,9901,12085,2997,5207,173058,166172,22767,22182,35595,34656,11135,13,13
2021-09-10T23:59:59+02:00,1587,1479,13011,12092,16173,14686,17981,17680,21164,21057,22609,21552,14612,15768,10021,12245,3056,5312,1249,1154,12043,11147,15501,13862,17429,16963,20746,20536,22247,21115,14389,15485,9899,12081,2997,5204,172662,166138,22767,22181,35595,34656,11059,13,13
2021-09-09T23:59:59+02:00,1543,1425,12902,12004,16098,14589,17928,17615,21115,21010,22573,21522,14589,15740,10009,12235,3054,5309,1233,1132,12003,11110,15472,13831,17408,16934,20729,20518,22225,21100,14383,15474,9894,12075,2994,5204,171920,165893,22765,22180,35595,34655,10978,13,13
2021-09-08T23:59:59+02:00,1524,1412,12863,11958,16075,14558,17901,17582,21094,20991,22559,21509,14584,15730,10005,12228,3054,5306,1217,1125,11965,11066,15448,13803,17382,16907,20708,20498,22206,21079,14370,15466,9885,12068,2992,5202,171699,165667,22765,22179,35595,34655,10873,12,13
2021-09-07T23:59:59+02:00,1492,1384,12783,11888,15999,14512,17856,17531,21062,20970,22537,21482,14571,15722,10005,12222,3052,5301,1208,1115,11916,11031,15400,13780,17352,16885,20684,20478,22193,21064,14357,15460,9885,12063,2991,5202,171256,165467,22761,22173,35595,34655,10756,12,13
2021-09-06T23:59:59+02:00,1478,1362,12756,11859,15978,14485,17848,17517,21048,20958,22528,21474,14565,15712,10005,12217,3051,5298,1207,1112,11907,11017,15397,13769,17348,16881,20682,20476,22187,21061,14354,15458,9885,12059,2991,5202,171027,165396,22760,22173,35595,34655,10756,12,13
2021-09-05T23:59:59+02:00,1478,1361,12756,11856,15977,14483,17844,17515,21048,20957,22526,21473,14565,15710,10002,12216,3051,5298,1207,1112,11905,11017,15396,13767,17346,16879,20680,20476,22186,21061,14354,15458,9885,12059,2991,5201,171008,165387,22760,22173,35595,34655,10752,12,13
2021-09-04T23:59:59+02:00,1478,1361,12756,11856,15977,14483,17844,17515,21048,20956,22526,21473,14565,15709,10002,12216,3051,5298,1207,1112,11905,11017,15396,13767,17346,16879,20680,20475,22186,21061,14354,15457,9885,12059,2991,5201,171008,165387,22760,22173,35595,34655,10750,12,13
2021-09-03T23:59:59+02:00,1455,1333,12693,11792,15943,14436,17806,17480,21016,20928,22503,21448,14550,15695,9996,12207,3048,5296,1160,1047,11801,10924,15346,13706,17317,16836,20651,20451,22164,21042,14341,15449,9880,12051,2990,5200,170635,164886,22760,22173,35595,34650,10634,12,13
2021-09-02T23:59:59+02:00,1445,1324,12642,11766,15895,14396,17780,17447,20987,20905,22483,21436,14542,15672,9987,12201,3046,5294,1150,1046,11770,10902,15317,13679,17294,16811,20631,20435,22153,21033,14338,15434,9876,12047,2989,5198,170403,164778,22760,22173,35595,34650,10489,12,13
2021-09-01T23:59:59+02:00,1438,1320,12611,11745,15880,14371,17773,17434,20984,20902,22478,21433,14540,15665,9985,12197,3045,5292,1145,1043,11759,10883,15308,13667,17285,16804,20626,20429,22149,21026,14336,15434,9875,12045,2989,5198,170254,164681,22759,22173,35595,34650,10484,12,13
2021-08-31T23:59:59+02:00,1425,1305,12557,11709,15851,14323,17746,17409,20959,20887,22456,21423,14533,15661,9984,12192,3044,5292,1141,1037,11711,10849,15277,13627,17258,16768,20603,20409,22124,21011,14331,15433,9870,12042,2988,5197,170076,164517,22759,22172,35595,34650,10324,12,13
2021-08-30T23:59:59+02:00,1418,1303,12544,11682,15834,14307,17731,17397,20937,20868,22446,21412,14526,15656,9980,12187,3044,5290,1129,1026,11675,10810,15247,13599,17246,16744,20580,20394,22116,21001,14325,15430,9866,12037,2988,5196,170001,164369,22759,22172,35595,34650,10205,12,13
2021-08-29T23:59:59+02:00,1418,1303,12542,11682,15831,14307,17730,17397,20936,20868,22446,21412,14526,15656,9980,12187,3044,5290,1128,1026,11674,10808,15243,13598,17246,16744,20578,20394,22116,21001,14325,15430,9866,12037,2988,5196,169996,164360,22759,22172,35595,34650,10203,12,13
2021-08-28T23:59:59+02:00,1418,1303,12542,11682,15831,14307,17730,17397,20936,20868,22446,21412,14526,15656,9980,12187,3044,5290,1128,1026,11673,10808,15243,13598,17245,16744,20578,20394,22116,21001,14325,15430,9866,12037,2988,5196,169996,164358,22759,22172,35595,34650,10203,12,13
2021-08-27T23:59:59+02:00,1417,1297,12517,11663,15807,14285,17711,17374,20916,20859,22429,21398,14520,15650,9976,12181,3043,5288,1125,1023,11657,10797,15221,13582,17230,16728,20561,20386,22100,20988,14319,15425,9860,12030,2987,5194,169927,164331,22759,22172,35595,34649,10048,12,13
2021-08-26T23:59:59+02:00,1413,1293,12479,11637,15770,14257,17684,17360,20889,20839,22414,21385,14511,15645,9972,12175,3042,5286,1113,1010,11594,10731,15161,13529,17188,16699,20529,20359,22083,20966,14305,15412,9852,12026,2984,5192,169842,164047,22759,22171,35595,34649,9853,12,13
2021-08-25T23:59:59+02:00,1407,1290,12462,11620,15750,14242,17671,17344,20881,20829,22408,21374,14509,15638,9971,12172,3041,5286,1096,996,11532,10669,15109,13488,17167,16668,20518,20342,22068,20955,14300,15405,9849,12024,2982,5189,169713,163698,22759,22171,35595,34649,9826,12,13
2021-08-24T23:59:59+02:00,1399,1281,12434,11598,15722,14207,17654,17327,20865,20815,22391,21361,14503,15626,9966,12163,3037,5284,1089,990,11499,10646,15075,13449,17141,16652,20497,20319,22043,20945,14292,15393,9843,12016,2981,5187,169610,163557,22759,22171,35595,34649,9667,12,13
2021-08-23T23:59:59+02:00,1397,1277,12405,11581,15691,14181,17621,17309,20835,20805,22375,21347,14486,15613,9963,12159,3036,5283,1075,984,11432,10589,15014,13396,17095,16623,20461,20295,22021,20927,14272,15382,9838,12009,2980,5185,169570,163307,22758,22170,35595,34649,9439,12,13
2021-08-22T23:59:59+02:00,1396,1277,12404,11578,15688,14180,17621,17309,20834,20803,22374,21347,14484,15613,9963,12159,3036,5283,1074,984,11432,10585,15011,13394,17094,16621,20460,20295,22020,20927,14271,15382,9838,12009,2980,5185,169558,163295,22758,22169,35595,34649,9436,12,13
2021-08-21T23:59:59+02:00,1317,1202,12245,11385,15610,14055,17558,17222,20792,20761,22342,21303,14474,15597,9955,12146,3035,5279,1044,958,11335,10494,14947,13340,17057,16578,20429,20270,21997,20897,14259,15370,9831,11998,2978,5181,168490,162706,22758,22162,35595,34649,9433,12,13
2021-08-20T23:59:59+02:00,1311,1202,12222,11358,15594,14040,17535,17203,20785,20751,22333,21296,14471,15589,9955,12143,3035,5279,1036,953,11228,10419,14856,13265,16956,16470,20368,20215,21962,20864,14247,15351,9822,11993,2977,5181,168486,162622,22590,21464,35595,34635,9429,12,13
2021-08-19T23:59:59+02:00,1307,1198,12155,11307,15498,13990,17457,17148,20733,20712,22296,21253,14453,15574,9946,12130,3034,5275,1024,940,11124,10321,14747,13190,16855,16393,20308,20167,21922,20812,14224,15336,9813,11980,2975,5174,168369,162285,22590,21464,35595,34634,8909,12,13
2021-08-18T23:59:59+02:00,1300,1196,12134,11293,15487,13978,17450,17138,20723,20701,22294,21245,14451,15569,9944,12129,3034,5275,1012,934,11082,10281,14716,13165,16824,16365,20293,20155,21911,20808,14217,15329,9812,11979,2975,5174,168250,162018,22590,21464,35595,34634,8903,12,13
2021-08-17T23:59:59+02:00,1291,1190,12101,11268,15458,13952,17429,17113,20704,20690,22285,21230,14443,15564,9936,12126,3033,5274,998,922,10986,10213,14661,13107,16780,16322,20262,20131,21889,20785,14210,15321,9805,11968,2972,5174,168094,161593,22590,21462,35595,34633,8805,12,13
2021-08-16T23:59:59+02:00,1288,1186,12077,11243,15438,13930,17413,17097,20680,20666,22266,21221,14433,15553,9934,12123,3031,5273,978,904,10917,10140,14600,13043,16741,16284,20224,20096,21865,20765,14193,15308,9800,11954,2967,5171,168032,161211,22590,21461,35595,34633,8632,12,13
2021-08-15T23:59:59+02:00,1287,1186,12074,11242,15436,13928,17412,17096,20679,20665,22264,21220,14433,15553,9934,12123,3031,5272,977,904,10915,10130,14588,13037,16737,16282,20221,20095,21865,20765,14193,15308,9800,11954,2967,5171,168016,161172,22590,21460,35595,34633,8631,12,13
2021-08-14T23:59:59+02:00,1287,1186,12074,11241,15436,13928,17412,17096,20679,20665,22264,21220,14433,15553,9934,12123,3031,5272,964,900,10880,10095,14561,13014,16721,16265,20215,20086,21860,20761,14193,15308,9800,11954,2966,5171,168016,160977,22590,21460,35594,34633,8631,12,13
2021-08-13T23:59:59+02:00,1219,1112,11981,11136,15398,13884,17380,17050,20650,20639,22238,21196,14425,15542,9927,12116,3030,5270,942,890,10808,10034,14517,12955,16680,16228,20198,20064,21842,20746,14187,15295,9796,11946,2965,5170,167465,160617,22590,21459,35594,34633,8541,12,13
2021-08-12T23:59:59+02:00,1216,1107,11959,11126,15371,13864,17357,17021,20627,20623,22215,21172,14414,15530,9919,12108,3030,5267,928,877,10735,9964,14460,12890,16629,16183,20169,20041,21810,20716,14174,15280,9786,11934,2963,5166,167382,160244,22590,21458,35594,34633,8357,12,13
2021-08-11T23:59:59+02:00,1204,1100,11937,11102,15357,13854,17341,17008,20618,20613,22209,21162,14406,15525,9910,12103,3029,5265,884,852,10625,9858,14379,12801,16593,16138,20135,20012,21786,20704,14161,15265,9774,11921,2961,5162,167199,159554,22590,21455,35594,34632,8357,12,13
2021-08-10T23:59:59+02:00,1204,1088,11913,11085,15333,13838,17320,16994,20601,20599,22192,21150,14395,15520,9908,12099,3029,5263,872,841,10570,9805,14332,12765,16555,16115,20110,19989,21762,20682,14148,15253,9771,11918,2961,5158,167114,159277,22590,21455,35594,34632,8230,12,13
2021-08-09T23:59:59+02:00,1200,1081,11881,11055,15313,13819,17304,16974,20589,20589,22174,21140,14384,15516,9904,12093,3029,5261,863,827,10518,9746,14289,12730,16521,16084,20092,19973,21744,20674,14135,15245,9763,11911,2961,5153,166994,159005,22590,21455,35594,34631,8125,12,13
2021-08-08T23:59:59+02:00,1196,1080,11877,11050,15310,13818,17300,16971,20586,20585,22172,21139,14384,15514,9903,12092,3029,5261,863,827,10514,9745,14285,12724,16517,16081,20091,19972,21742,20673,14133,15245,9763,11911,2961,5153,166955,158979,22590,21452,35594,34631,8125,12,13
2021-08-07T23:59:59+02:00,1196,1080,11875,11048,15308,13813,17299,16969,20585,20583,22171,21139,14384,15513,9903,12091,3029,5261,863,827,10513,9744,14284,12723,16517,16079,20090,19971,21742,20670,14132,15245,9763,11911,2961,5153,166935,158967,22590,21452,35594,34631,8125,12,13
2021-08-06T23:59:59+02:00,1194,1078,11857,11038,15279,13800,17274,16954,20565,20565,22160,21129,14381,15509,9901,12087,3029,5261,863,827,10494,9733,14250,12710,16492,16063,20070,19956,21731,20661,14128,15241,9761,11907,2961,5153,166921,158955,22590,21451,35594,34630,7952,12,13
2021-08-05T23:59:59+02:00,1185,1069,11816,11006,15245,13777,17246,16920,20535,20545,22129,21110,14368,15490,9896,12079,3025,5260,863,827,10467,9720,14220,12690,16472,16043,20038,19941,21706,20646,14117,15230,9756,11902,2958,5152,166778,158924,22590,21448,35594,34629,7734,12,13
2021-08-04T23:59:59+02:00,1172,1060,11787,10974,15232,13760,17231,16907,20524,20533,22118,21097,14361,15485,9892,12077,3024,5259,862,827,10457,9704,14206,12680,16457,16036,20028,19933,21700,20644,14115,15229,9755,11902,2957,5151,166573,158848,22588,21419,35593,34629,7734,12,13
2021-08-03T23:59:59+02:00,1166,1055,11744,10940,15194,13735,17207,16875,20502,20513,22097,21075,14349,15467,9888,12074,3023,5258,861,822,10419,9684,14173,12663,16438,16016,20010,19921,21682,20631,14108,15211,9751,11900,2957,5151,166440,158805,22588,21417,35593,34627,7536,12,13
2021-08-02T23:59:59+02:00,1163,1053,11725,10923,15173,13713,17191,16856,20484,20503,22088,21064,14338,15456,9882,12072,3023,5256,861,821,10400,9669,14153,12640,16422,15997,19990,19912,21674,20619,14099,15199,9745,11898,2957,5149,166390,158763,22588,21416,35593,34626,7387,12,13
2021-08-01T23:59:59+02:00,1163,1053,11724,10919,15173,13713,17190,16855,20484,20502,22086,21064,14338,15455,9882,12072,3023,5255,861,821,10399,9668,14147,12639,16419,15997,19990,19911,21673,20618,14099,15199,9745,11898,2957,5149,166379,158751,22587,21414,35593,34625,7387,12,13
2021-07-31T23:59:59+02:00,1163,1053,11724,10919,15173,13713,17190,16855,20484,20502,22086,21064,14338,15455,9882,12072,3023,5255,861,821,10399,9667,14143,12636,16419,15997,19990,19909,21673,20618,14099,15199,9745,11898,2957,5149,166379,158742,22587,21413,35593,34625,7387,12,13
2021-07-30T23:59:59+02:00,1163,1053,11690,10905,15139,13690,17155,16827,20457,20483,22048,21045,14321,15447,9876,12064,3022,5254,861,819,10366,9655,14109,12612,16384,15969,19963,19890,21635,20598,14081,15191,9739,11890,2956,5148,166375,158738,22587,21413,35593,34623,7079,12,13
2021-07-29T23:59:59+02:00,1151,1045,11658,10875,15116,13668,17145,16814,20449,20472,22039,21039,14318,15446,9873,12062,3019,5253,860,817,10361,9646,14089,12604,16372,15960,19960,19888,21630,20597,14079,15188,9739,11890,2956,5148,166184,158665,22587,21411,35593,34622,7073,12,13
2021-07-28T23:59:59+02:00,1136,1039,11623,10830,15087,13638,17126,16795,20441,20459,22028,21031,14314,15444,9870,12060,3018,5252,859,816,10349,9636,14068,12588,16360,15950,19952,19884,21627,20595,14078,15186,9739,11889,2956,5148,165957,158587,22586,21410,35593,34620,7050,12,13
2021-07-27T23:59:59+02:00,1133,1038,11599,10815,15064,13620,17107,16785,20428,20440,22010,21011,14305,15431,9863,12056,3017,5250,858,816,10323,9626,14042,12564,16342,15940,19938,19865,21610,20574,14070,15174,9732,11885,2955,5147,165930,158560,22586,21410,35593,34620,6858,12,13
2021-07-26T23:59:59+02:00,1127,1026,11544,10754,15019,13582,17079,16763,20393,20409,21981,20995,14288,15422,9856,12048,3017,5249,858,814,10285,9600,14008,12534,16316,15924,19900,19830,21559,20545,14052,15164,9724,11876,2955,5146,165758,158497,22585,21409,35593,34560,6611,12,13
2021-07-25T23:59:59+02:00,1126,1025,11542,10750,15015,13581,17078,16762,20392,20409,21981,20995,14287,15422,9856,12048,3017,5249,858,814,10282,9587,14002,12527,16311,15922,19898,19830,21559,20545,14052,15164,9724,11876,2955,5145,165744,158462,22582,21405,35593,34560,6611,12,13
2021-07-24T23:59:59+02:00,1126,1025,11539,10748,15013,13579,17078,16761,20390,20407,21981,20994,14287,15422,9856,12048,3017,5249,858,814,10163,9478,13834,12385,15888,15556,19748,19707,21541,20519,14038,15149,9717,11868,2955,5144,165737,158440,22576,19740,35593,34560,6609,12,13
2021-07-23T23:59:59+02:00,1102,1012,11425,10674,14930,13519,17025,16706,20348,20354,21942,20957,14271,15402,9845,12040,3015,5248,785,744,8422,8115,12431,11279,15396,15117,19456,19382,21326,20328,13960,15065,9659,11818,2950,5140,165317,150797,22576,19739,35593,34503,6321,12,13
2021-07-22T23:59:59+02:00,1080,1005,11357,10606,14872,13471,16987,16680,20328,20323,21925,20932,14246,15387,9828,12030,3013,5245,706,670,7895,7642,11808,10779,14676,14514,19261,19210,21167,20152,13881,14979,9627,11769,2941,5128,164961,146389,22576,19737,35593,34490,6176,12,13
2021-07-21T23:59:59+02:00,1067,996,11312,10556,14833,13438,16956,16651,20310,20305,21907,20921,14235,15382,9826,12022,3011,5243,706,670,7890,7634,11795,10769,14669,14512,19254,19209,21112,20115,13878,14977,9627,11768,2940,5126,164622,146351,22576,19728,35593,34388,6171,12,13
2021-07-20T23:59:59+02:00,1054,981,11261,10516,14802,13411,16923,16634,20285,20285,21881,20903,14224,15369,9824,12016,3010,5242,706,670,7879,7628,11781,10761,14662,14505,19244,19205,21104,20111,13877,14975,9627,11768,2940,5126,164314,146319,22576,19728,35593,34380,6129,12,13
2021-07-19T23:59:59+02:00,1041,965,11211,10466,14773,13377,16901,16615,20265,20265,21868,20895,14218,15365,9820,12007,3008,5238,706,670,7874,7625,11775,10757,14658,14504,19241,19205,21090,20095,13875,14973,9626,11766,2940,5126,163994,146292,22576,19726,35593,34349,6126,12,13
2021-07-18T23:59:59+02:00,1041,965,11210,10466,14773,13375,16899,16613,20265,20263,21868,20895,14217,15365,9820,12007,3008,5238,706,670,7871,7621,11766,10750,14654,14501,19239,19204,21079,20090,13875,14973,9626,11766,2940,5126,163984,146263,22576,19725,35593,34330,6126,12,13
2021-07-17T23:59:59+02:00,1039,965,11164,10439,14714,13331,16861,16584,20229,20249,21842,20872,14206,15352,9817,12004,3008,5237,706,670,7795,7562,11622,10619,14461,14334,18811,18884,20880,19915,13847,14932,9611,11743,2937,5120,163955,146255,22569,18063,35592,34330,5788,12,13
2021-07-16T23:59:59+02:00,1018,948,10971,10301,14611,13232,16760,16506,20152,20184,21790,20824,14179,15327,9802,11997,3004,5232,691,649,7524,7363,10698,9987,13994,14023,18585,18688,20018,19256,13681,14718,9502,11611,2921,5096,163630,142821,22031,18053,35592,32543,5575,12,13
2021-07-15T23:59:59+02:00,994,932,10914,10238,14573,13200,16735,16485,20137,20167,21780,20815,14174,15323,9797,11993,3004,5228,686,642,7098,6994,8466,8248,13531,13630,18524,18629,19876,19119,13548,14576,9449,11549,2920,5086,163290,136438,22030,18048,35592,32505,5567,12,13
2021-07-14T23:59:59+02:00,968,914,10837,10152,14507,13139,16696,16440,20100,20130,21754,20793,14162,15311,9784,11978,3000,5226,643,602,6553,6540,7377,7381,12958,13181,18426,18535,19769,19030,13518,14539,9432,11532,2918,5083,162797,132056,22030,18044,35592,32442,5462,12,13
2021-07-13T23:59:59+02:00,949,893,10756,10080,14462,13095,16669,16409,20077,20109,21743,20780,14155,15300,9781,11971,2998,5224,643,602,6303,6263,6918,6993,12644,12913,18409,18513,19724,18993,13403,14430,9429,11528,2918,5080,162363,132011,22027,15786,35592,32437,5459,12,13
2021-07-12T23:59:59+02:00,929,881,10702,10030,14415,13050,16627,16379,20062,20097,21736,20774,14153,15294,9777,11967,2998,5221,634,596,6164,6169,6760,6873,12349,12667,17712,17946,19626,18913,13369,14404,9412,11506,2918,5076,162065,129467,22026,15782,35592,32433,5399,12,13
2021-07-11T23:59:59+02:00,929,881,10701,10029,14413,13049,16626,16379,20061,20097,21736,20774,14152,15294,9777,11967,2998,5221,634,596,6160,6165,6757,6870,12348,12667,17712,17946,19625,18912,13368,14404,9412,11505,2917,5074,162061,129456,22026,15782,35592,32426,5395,12,13
2021-07-10T23:59:59+02:00,926,876,10694,10016,14406,13042,16619,16379,20059,20090,21730,20769,14152,15293,9777,11967,2998,5221,634,595,6153,6157,6747,6865,12345,12663,17711,17941,19620,18909,13367,14404,9412,11505,2917,5074,161995,129406,22025,15782,35592,32426,5392,12,13
2021-07-09T23:59:59+02:00,912,860,10644,9973,14372,13014,16583,16349,20024,20068,21702,20747,14133,15278,9762,11959,2997,5218,24,17,5343,5423,6614,6765,12185,12559,17479,17836,19414,18777,13303,14331,9385,11486,2914,5071,161811,126500,22024,15782,35592,31473,5158,12,13
2021-07-08T23:59:59+02:00,910,860,10584,9929,14286,12959,16518,16299,19973,20021,21674,20723,14118,15261,9756,11946,2996,5212,16,11,5213,5314,6398,6589,11745,12217,16970,17463,19154,18590,13240,14247,9359,11450,2908,5059,161789,124574,22023,15779,35592,30966,4611,12,13
2021-07-07T23:59:59+02:00,909,860,10581,9922,14282,12954,16516,16297,19973,20018,21673,20722,14118,15261,9756,11946,2996,5212,13,10,5072,5132,5922,6179,10540,11232,16916,17398,19099,18545,13222,14224,9350,11447,2904,5049,161771,120898,22020,15777,35592,30963,4603,12,13
2021-07-06T23:59:59+02:00,909,860,10578,9921,14276,12951,16514,16297,19973,20018,21673,20721,14118,15259,9756,11946,2996,5212,13,10,5053,5125,5915,6172,10540,11232,16914,17398,19096,18545,13222,14221,9350,11447,2904,5049,161762,120873,22015,15774,35592,30947,4599,12,13
2021-07-05T23:59:59+02:00,909,860,10572,9916,14258,12948,16504,16295,19972,20018,21671,20721,14118,15259,9756,11946,2996,5212,13,10,5044,5122,5895,6169,10530,11229,16911,17398,19094,18544,13222,14221,9350,11447,2903,5049,161752,120865,22015,15771,35592,30940,4562,12,13
2021-07-04T23:59:59+02:00,909,860,10562,9906,14257,12943,16503,16295,19971,20017,21670,20720,14118,15259,9756,11945,2995,5211,13,10,5011,5082,5809,6091,10403,11115,16904,17395,19093,18539,13217,14219,9348,11442,2900,5047,161743,120386,22014,15770,35592,30931,4538,12,13
2021-07-03T23:59:59+02:00,828,791,8646,8379,12787,11786,16030,15837,19686,19717,21501,20556,14044,15183,9702,11899,2989,5207,7,8,4902,4956,5536,5835,10165,10899,16758,17256,18902,18388,13191,14185,9338,11432,2898,5045,153426,118828,22014,15770,35592,30564,4526,12,13
2021-07-02T23:59:59+02:00,828,789,8645,8373,12781,11782,16027,15836,19684,19717,21501,20556,14043,15182,9702,11898,2988,5206,6,7,4050,4104,4895,5185,9182,9902,16387,16779,18419,17848,12841,13864,9278,11356,2896,5036,153408,114301,22012,15770,35591,27434,4517,12,13
2021-07-01T23:59:59+02:00,808,770,8437,8206,12699,11704,15993,15804,19672,19703,21490,20539,14039,15178,9697,11890,2985,5200,1,1,2237,2429,4461,4810,8685,9469,15755,16237,17866,17407,12783,13798,9248,11301,2881,5006,152712,106715,22012,15767,35591,27392,4489,12,12
2021-06-30T23:59:59+02:00,753,720,8190,8023,12521,11553,15879,15708,19607,19636,21451,20492,14020,15152,9684,11877,2984,5195,0,1,2181,2393,4370,4693,8578,9370,15557,16098,17130,16905,12130,13152,9189,11232,2874,5000,151359,106650,22010,15766,35590,23949,4476,12,12
2021-06-29T23:59:59+02:00,753,720,8182,8016,12517,11545,15875,15708,19605,19636,21451,20492,14020,15152,9684,11877,2984,5195,0,1,2158,2380,4346,4652,8555,9323,15521,16039,17054,16819,11775,12814,9161,11198,2871,4992,151343,106631,22007,15763,35589,22790,4463,12,12
2021-06-28T23:59:59+02:00,753,720,8178,8012,12508,11538,15870,15707,19605,19636,21451,20492,14019,15151,9684,11877,2984,5195,0,1,2150,2354,4299,4537,8480,9161,15400,15759,16887,16548,11467,12510,9138,11171,2870,4988,151322,106619,22006,15763,35589,20873,4453,12,12
2021-06-27T23:59:59+02:00,753,720,8175,8006,12503,11534,15867,15706,19602,19636,21451,20492,14019,15151,9684,11876,2984,5195,0,1,2140,2350,4289,4534,8298,9006,15379,15743,16885,16543,11461,12509,9137,11169,2870,4988,151311,106220,22004,15761,35588,20868,4441,12,12
2021-06-26T23:59:59+02:00,745,716,7964,7796,12027,11126,14748,14712,19351,19436,21347,20373,13976,15100,9671,11847,2981,5192,0,1,2100,2308,4233,4479,8199,8896,15117,15484,16823,16496,11443,12490,9125,11164,2870,4986,148828,105153,20242,15740,35587,20868,4441,12,12
2021-06-25T23:59:59+02:00,726,698,7937,7772,12013,11115,14748,14705,19344,19431,21343,20372,13976,15100,9670,11845,2981,5192,0,0,1970,2131,3943,4173,6674,7460,12452,13284,16746,16407,11415,12461,9114,11141,2864,4972,148688,96260,20242,15659,35587,20836,4441,12,11
2021-06-24T23:59:59+02:00,714,681,7454,7357,10929,10207,14214,14269,19273,19369,21295,20329,13954,15071,9657,11832,2980,5189,0,0,1905,2063,3582,3832,5904,6786,12204,13072,16500,16199,11311,12334,9024,11014,2853,4938,144511,95022,20237,13271,35586,20787,4430,12,11
2021-06-23T23:59:59+02:00,714,681,7452,7352,10923,10203,14213,14268,19273,19368,21295,20328,13954,15071,9657,11832,2980,5189,0,0,1761,1900,3097,3432,4554,5612,11902,12806,16378,16080,11265,12294,9011,10987,2852,4931,144495,90392,20234,13267,35585,20763,4429,12,11
2021-06-22T23:59:59+02:00,714,681,7403,7323,10851,10154,14187,14242,19256,19353,21284,20321,13948,15061,9654,11829,2980,5189,0,0,1711,1869,3016,3377,4514,5578,11873,12767,16310,16029,11057,12103,8759,10686,2842,4900,144480,90372,20234,13261,35583,19624,4123,12,11
2021-06-21T23:59:59+02:00,712,681,7272,7255,10721,10054,13906,13989,18501,18734,21194,20244,13913,15029,9635,11804,2980,5186,0,0,1667,1843,2973,3340,4484,5547,11826,12733,16293,16012,11048,12091,8752,10678,2841,4899,142083,90243,20231,13258,35583,19612,3903,12,11
2021-06-20T23:59:59+02:00,712,681,7272,7249,10715,10051,13905,13989,18501,18734,21194,20244,13913,15029,9635,11804,2980,5186,0,0,1639,1814,2925,3323,4419,5508,11764,12700,16231,15952,11029,12075,8749,10669,2837,4896,142068,89762,20230,13252,35583,19602,3903,12,11
2021-06-19T23:59:59+02:00,712,680,7238,7212,10609,9961,13724,13831,18084,18397,21008,20070,13895,15002,9623,11784,2977,5180,0,0,1608,1780,2885,3276,4339,5437,11427,12410,16193,15914,11020,12064,8747,10664,2835,4894,142025,88754,18466,13224,35583,19601,3903,12,11
2021-06-18T23:59:59+02:00,15,13,6430,6478,10601,9960,13723,13829,18082,18394,21008,20070,13895,15001,9623,11783,2976,5178,0,0,1479,1669,2646,3119,3708,4804,10282,11265,15980,15757,10978,12024,8724,10643,2821,4865,139107,84090,18465,13222,35583,19547,3894,12,11
2021-06-17T23:59:59+02:00,13,12,6359,6410,10483,9854,13398,13526,17695,18071,20896,19972,13877,14963,9611,11769,2968,5172,0,0,1398,1551,2490,2969,3351,4465,8667,9902,15466,15326,10802,11844,8668,10565,2804,4837,137214,78604,18464,13215,35582,19496,3779,12,11
2021-06-16T23:59:59+02:00,13,12,6352,6404,10471,9850,13395,13524,17692,18070,20895,19971,13877,14963,9610,11768,2968,5172,0,0,1345,1506,2387,2892,3166,4286,7576,8961,14966,14939,10720,11733,8632,10518,2793,4821,137179,74774,18461,13211,35582,19470,3775,12,11
2021-06-15T23:59:59+02:00,13,12,6320,6386,10429,9820,13365,13508,17672,18050,20881,19957,13868,14955,9607,11762,2965,5169,0,0,1264,1448,2260,2788,3048,4200,6651,8223,14764,14772,10695,11704,8619,10496,2784,4814,137163,74761,18460,10784,35581,19450,3524,12,11
2021-06-14T23:59:59+02:00,13,12,6302,6367,10394,9794,13344,13488,17655,18032,20862,19946,13857,14946,9604,11760,2965,5164,0,0,1238,1432,2224,2761,3026,4179,6635,8203,14743,14762,10682,11695,8616,10495,2783,4809,137145,74751,18459,10784,35581,19429,3308,12,11
2021-06-13T23:59:59+02:00,13,12,6301,6366,10391,9792,13344,13484,17655,18032,20862,19946,13856,14946,9604,11760,2965,5164,0,0,1234,1427,2220,2752,3016,4169,6618,8186,14642,14697,10669,11672,8610,10483,2780,4809,137135,74459,18459,10784,35581,19424,3306,12,11
2021-06-12T23:59:59+02:00,10,10,5521,5607,10346,9753,13310,13459,17627,18011,20835,19915,13774,14874,9604,11757,2964,5164,0,0,1226,1409,2207,2735,2996,4143,6544,8102,14470,14559,10439,11387,8129,9945,2778,4808,135183,73953,18459,10784,35581,17823,3306,12,11
2021-06-11T23:59:59+02:00,9,10,5517,5600,10336,9746,13295,13447,17620,18006,20830,19913,13774,14873,9604,11755,2964,5164,0,0,1151,1326,2088,2576,2825,3889,5035,6763,12747,13177,10299,11241,8042,9839,2771,4792,135108,66650,18459,10783,35581,17814,3303,12,11
2021-06-10T23:59:59+02:00,3,4,4528,4660,10168,9619,13180,13362,17364,17771,20590,19730,13764,14862,9598,11745,2961,5161,0,0,1096,1265,1973,2469,2661,3712,4428,6123,11576,12186,9998,10916,7957,9754,2759,4767,131797,61812,18455,10782,35581,17809,3226,11,11
2021-06-09T23:59:59+02:00,3,4,3944,4076,9963,9471,13089,13290,17050,17504,20362,19546,13749,14849,9593,11739,2960,5156,0,0,1023,1221,1873,2399,2566,3599,4100,5819,11151,11860,9868,10758,7911,9688,2748,4758,129449,61730,18440,8933,35581,17801,2867,11,11
2021-06-08T23:59:59+02:00,3,4,3932,4070,9950,9459,13077,13283,17043,17495,20354,19544,13747,14846,9592,11736,2959,5154,0,0,977,1213,1850,2382,2537,3585,4074,5799,11139,11857,9864,10752,7910,9686,2747,4756,129432,61608,18437,8925,35580,17796,2788,11,11
2021-06-07T23:59:59+02:00,3,4,3918,4061,9917,9447,13067,13264,17020,17482,20337,19533,13743,14842,9589,11732,2957,5152,0,0,966,1205,1815,2369,2527,3566,4050,5785,11121,11843,9861,10746,7907,9683,2745,4754,129416,61597,18435,8922,35578,17785,2628,11,11
2021-06-06T23:59:59+02:00,3,4,3914,4057,9911,9442,13065,13264,17017,17481,20336,19531,13741,14841,9589,11732,2957,5152,0,0,963,1202,1803,2367,2521,3557,4036,5777,10993,11699,9850,10739,7906,9683,2745,4754,129400,61271,18434,8921,35576,17776,2616,11,11
2021-06-05T23:59:59+02:00,2,1,3622,3758,7413,7434,12824,13079,16988,17451,20292,19490,13625,14697,9514,11641,2953,5140,0,0,888,1131,1641,2267,2355,3476,3809,5635,10090,10857,9462,10283,7793,9527,2737,4734,123418,57992,18434,8921,35576,17276,2485,11,11
2021-06-04T23:59:59+02:00,2,1,3556,3702,7261,7319,12353,12682,16849,17338,20057,19253,13505,14552,9456,11562,2939,5123,0,0,863,1066,1611,2162,2316,3309,3733,5377,9449,10177,8617,9262,7517,9122,2733,4723,121013,56515,18434,8919,35575,14114,2478,10,11
2021-06-03T23:59:59+02:00,2,1,3148,3317,7233,7303,12225,12564,16817,17296,19969,19185,13493,14535,9454,11559,2938,5122,0,0,836,997,1565,2038,2235,3109,3544,4995,8872,9562,7856,8390,7043,8506,2730,4715,119782,54886,18430,8917,35571,10811,2368,10,11
2021-06-02T23:59:59+02:00,0,1,2766,3002,6073,6364,11919,12327,16756,17245,19845,19078,13430,14479,9432,11538,2936,5114,0,0,821,962,1499,2014,2121,3071,3372,4892,7505,8477,7776,8311,7027,8478,2726,4710,116038,51770,18429,8917,35571,10807,2257,10,11
2021-06-01T23:59:59+02:00,0,1,2482,2702,5590,5930,11592,12043,16732,17222,19794,19041,13306,14356,9425,11534,2935,5111,0,0,804,955,1483,2003,2100,3058,3346,4873,7205,8153,7737,8277,7017,8463,2725,4710,116014,51084,16081,8897,35571,10797,2120,10,11
2021-05-31T23:59:59+02:00,0,1,2467,2698,5570,5922,11564,12021,16696,17210,19753,19019,13303,14352,9421,11532,2935,5109,0,0,788,947,1464,1993,2069,3038,3310,4859,7164,8131,7733,8272,7013,8461,2725,4708,116001,51069,16077,8891,35570,10789,1915,10,11
2021-05-30T23:59:59+02:00,0,1,2464,2696,5567,5918,11563,12020,16693,17209,19751,19018,13303,14352,9421,11532,2935,5109,0,0,787,943,1458,1989,2066,3036,3308,4857,7163,8131,7733,8272,7013,8460,2725,4708,115985,51060,16077,8891,35567,10774,1913,10,11
2021-05-29T23:59:59+02:00,0,1,2450,2682,5402,5764,11496,11963,16685,17203,19744,19017,13302,14350,9419,11532,2935,5109,0,0,751,893,1345,1894,1787,2784,2900,4435,6878,7859,7549,8048,6836,8232,2722,4702,115487,50411,16077,8891,35567,8389,1913,10,11
2021-05-28T23:59:59+02:00,0,1,2318,2557,4982,5371,10802,11342,16619,17141,19718,18989,13291,14336,9400,11503,2933,5100,0,0,730,870,1285,1840,1698,2714,2766,4330,5290,6163,7383,7851,6794,8176,2719,4692,112841,46113,16077,8890,35567,8379,1908,10,11
2021-05-27T23:59:59+02:00,0,1,2298,2537,4931,5304,10135,10772,16579,17109,19703,18978,13281,14326,9398,11501,2933,5100,0,0,677,778,1179,1766,1487,2574,2393,4024,4407,5251,7146,7540,6702,8059,2702,4673,111450,42319,16074,8884,35565,8357,1787,10,11
2021-05-26T23:59:59+02:00,0,1,2260,2476,4758,5126,9699,10410,16527,17056,19635,18924,13267,14307,9387,11499,2929,5087,0,0,661,734,1129,1732,1398,2494,2184,3852,4278,5113,6982,7325,6622,7960,2690,4659,110039,40913,16069,8883,35565,8342,1665,10,10
2021-05-25T23:59:59+02:00,0,1,2257,2467,4728,5109,9673,10384,16502,17038,19621,18917,13262,14305,9384,11496,2929,5087,0,0,654,721,1084,1714,1344,2447,2114,3792,3736,4535,6680,6982,6588,7923,2689,4657,110032,40903,16067,6928,35564,8332,1487,10,10
2021-05-24T23:59:59+02:00,0,1,2249,2460,4716,5103,9664,10378,16475,17017,19594,18892,13251,14293,9381,11486,2928,5083,0,0,645,716,1072,1707,1334,2440,2089,3772,3710,4510,6668,6971,6585,7913,2688,4653,110021,40896,16064,6928,35564,8327,1312,10,10
2021-05-23T23:59:59+02:00,0,1,2233,2430,4627,5029,9530,10256,16471,17016,19593,18890,13249,14290,9378,11482,2926,5082,0,0,644,713,1070,1706,1333,2440,2089,3772,3710,4507,6667,6971,6585,7913,2688,4653,109535,40888,16063,6927,35563,8324,1312,10,10
2021-05-22T23:59:59+02:00,0,1,2213,2411,4618,5012,9450,10175,16448,17002,19541,18847,13221,14260,9375,11476,2926,5081,0,0,643,711,1069,1703,1331,2437,2086,3767,3694,4493,5833,6071,6513,7832,2680,4648,109109,38938,16063,6927,35563,8324,1312,10,10
2021-05-21T23:59:59+02:00,0,1,2179,2378,4508,4925,9250,9998,16420,16969,19526,18840,13211,14251,9373,11474,2921,5070,0,0,632,684,1032,1635,1281,2314,1999,3587,3348,4057,4069,3963,6469,7766,2675,4633,108363,34928,16063,6927,35559,6980,1299,10,10
2021-05-20T23:59:59+02:00,0,1,2150,2337,4424,4864,9028,9765,16370,16917,19473,18789,13182,14217,9355,11457,2920,5065,0,0,578,581,907,1322,1108,1908,1777,3050,2789,3373,3229,3007,6422,7715,2671,4628,107506,33090,16059,6926,35550,3850,1189,10,10
2021-05-19T23:59:59+02:00,0,1,1990,2169,3924,4443,7648,8571,16098,16671,19350,18665,13134,14170,9345,11431,2918,5062,0,0,563,546,871,1265,1077,1858,1751,2996,2739,3329,3221,2995,6418,7712,2671,4627,102892,33063,16055,6924,35548,3557,1085,10,10
2021-05-18T23:59:59+02:00,0,1,1944,2118,3617,4153,6983,7971,15948,16555,19266,18582,13099,14135,9288,11357,2912,5048,0,0,556,543,864,1262,1068,1848,1721,2980,2730,3310,3216,2990,6414,7708,2671,4627,102868,33056,13581,6918,35543,3549,975,10,10
2021-05-17T23:59:59+02:00,0,1,1936,2110,3598,4139,6937,7947,15920,16537,19245,18563,13089,14113,9286,11356,2912,5048,0,0,548,536,844,1246,1025,1824,1693,2962,2707,3289,3204,2971,6414,7707,2671,4627,102860,33050,13578,6917,35541,3543,748,10,10
2021-05-16T23:59:59+02:00,0,1,1931,2107,3591,4133,6750,7783,15897,16518,19240,18558,13083,14112,9285,11355,2912,5048,0,0,548,536,843,1243,1024,1823,1693,2961,2705,3289,3204,2971,6414,7707,2671,4627,102436,33047,13574,6917,35537,3538,747,10,10
2021-05-15T23:59:59+02:00,0,1,1903,2071,3551,4095,6663,7679,15627,16250,19184,18516,13063,14093,9276,11350,2912,5046,0,0,548,536,843,1242,1024,1823,1691,2960,2705,3289,3203,2971,6413,7707,2671,4627,101412,33043,13574,6917,35537,3536,747,10,10
2021-05-14T23:59:59+02:00,0,1,1795,1927,3303,3847,5074,6198,12968,14047,19119,18430,13038,14063,9269,11337,2909,5040,0,0,548,535,839,1242,1024,1823,1690,2959,2699,3287,3198,2965,6410,7704,2671,4626,92511,33024,13574,6915,35535,3536,735,10,10
2021-05-13T23:59:59+02:00,0,1,1769,1879,3264,3798,4962,6096,12761,13862,18959,18302,12962,13968,9236,11286,2909,5039,0,0,542,532,831,1233,1014,1810,1671,2940,2592,3194,2535,2157,4953,5904,2662,4608,91294,30006,13483,4895,35533,3534,733,10,10
2021-05-12T23:59:59+02:00,0,1,1769,1879,3262,3797,4962,6096,12761,13862,18958,18302,12961,13967,9236,11286,2909,5039,0,0,542,532,831,1233,1013,1810,1671,2939,2589,3192,2534,2156,4953,5902,2662,4608,91289,30000,13483,4890,35532,3534,733,10,10
2021-05-11T23:59:59+02:00,0,1,1725,1836,3171,3718,4870,6029,11825,13127,18763,18143,12946,13946,9229,11272,2903,5035,0,0,541,530,828,1228,1012,1808,1669,2938,2579,3187,2533,2154,4951,5901,2661,4608,91275,29987,11006,4878,35523,3528,725,10,10
2021-05-10T23:59:59+02:00,0,1,1708,1833,3164,3713,4863,6025,11824,13126,18762,18143,12946,13946,9229,11272,2903,5035,0,0,540,528,828,1228,1011,1808,1668,2938,2579,3187,2532,2153,4951,5901,2661,4608,91261,29986,10999,4877,35498,3523,725,10,10
2021-05-09T23:59:59+02:00,0,1,1672,1787,3110,3697,4793,5990,11757,13105,18699,18083,12925,13927,9226,11262,2901,5033,0,0,537,525,817,1227,1003,1802,1655,2935,2575,3186,2531,2150,4950,5900,2661,4607,90787,29979,10995,4875,35491,3512,685,10,10
2021-05-08T23:59:59+02:00,0,1,1639,1752,3073,3649,4716,5918,11419,12803,18666,18049,12918,13919,9225,11260,2899,5033,0,0,526,524,810,1226,992,1802,1647,2934,2559,3174,2530,2150,4950,5899,2660,4606,89759,29973,10995,4875,35491,3446,685,9,10
2021-05-07T23:59:59+02:00,0,1,1498,1629,2822,3478,4043,5254,10208,11609,18464,17898,12879,13884,9205,11243,2891,5026,0,0,437,374,687,999,846,1485,1501,2518,2390,2816,2521,2140,4946,5895,2657,4603,84984,29966,10994,4875,35479,1398,566,9,10
2021-05-06T23:59:59+02:00,0,1,1435,1460,2688,3346,3715,4942,8492,10126,17946,17474,12711,13716,9158,11171,2888,5018,0,0,323,317,581,899,710,1395,1254,2304,2176,2620,2469,2107,4944,5888,2657,4602,79435,29942,10993,4874,35462,32,388,9,10
2021-05-05T23:59:59+02:00,0,1,1379,1384,2600,3274,3538,4767,7337,9108,17438,17076,12624,13603,9126,11126,2879,5003,0,0,323,317,578,898,709,1393,1207,2251,2164,2612,2465,2105,4943,5884,2657,4598,75552,29929,10987,4873,35453,30,262,9,10
2021-05-04T23:59:59+02:00,0,1,1366,1382,2593,3266,3535,4766,7335,9107,17437,17075,12624,13603,9126,11126,2879,5003,0,0,323,316,577,897,707,1393,1207,2251,2164,2612,2463,2104,4943,5884,2657,4597,75540,29923,10975,4873,35439,28,261,9,10
2021-05-03T23:59:59+02:00,0,1,1364,1376,2584,3259,3532,4760,7257,9047,17423,17067,12620,13601,9126,11126,2878,5002,0,0,320,310,573,892,704,1388,1129,2191,2150,2604,2459,2102,4943,5884,2656,4596,75530,29921,10975,4873,35438,26,71,9,10
2021-05-02T23:59:59+02:00,0,1,1356,1372,2581,3253,3519,4751,7237,9027,17317,16999,12607,13576,9120,11115,2875,5002,0,0,318,309,572,891,703,1387,1129,2190,2147,2604,2459,2102,4942,5882,2656,4596,75220,29912,10974,4872,35437,25,68,9,10
2021-05-01T23:59:59+02:00,0,1,1352,1366,2572,3243,3509,4733,7179,8966,17174,16881,12582,13552,9108,11109,2875,5002,0,0,318,309,572,891,703,1387,1129,2190,2147,2604,2459,2102,4940,5881,2655,4594,74717,29906,10973,4872,35437,25,68,9,10
2021-04-30T23:59:59+02:00,0,1,1282,1288,2451,3076,3341,4460,5620,7561,15416,15445,12439,13392,9012,10992,2860,4969,0,0,318,309,571,890,702,1387,1126,2188,2144,2601,2458,2092,4926,5872,2647,4576,67174,29889,10973,4871,35437,25,12,9,10
2021-04-29T23:59:59+02:00,0,1,1228,1248,2349,2965,3205,4289,5009,6910,14235,14419,12127,13063,8921,10910,2846,4941,0,0,315,307,571,889,702,1386,1125,2188,2142,2599,2456,2088,4925,5868,2646,4574,62240,29867,10972,4868,35434,25,11,9,10
2021-04-28T23:59:59+02:00,0,1,1166,1231,2287,2925,3139,4208,4698,6620,13819,14103,12008,12918,8880,10851,2838,4935,0,0,314,307,568,886,698,1386,1123,2185,2140,2592,2453,2085,4922,5863,2643,4571,62117,29861,9064,4839,35433,24,4,9,8
2021-04-27T23:59:59+02:00,0,1,1147,1228,2281,2923,3134,4206,4696,6620,13818,14102,12007,12917,8880,10851,2838,4935,0,0,314,307,568,886,697,1384,1123,2185,2139,2592,2453,2083,4922,5863,2643,4571,62084,29859,9056,4835,35431,24,4,9,8
2021-04-26T23:59:59+02:00,0,1,1147,1225,2279,2922,3130,4206,4682,6606,13777,14069,12003,12914,8880,10850,2838,4934,0,0,314,307,568,885,696,1384,1123,2185,2137,2591,2453,2083,4921,5862,2643,4571,62070,29855,9052,4833,35329,24,3,9,8
2021-04-25T23:59:59+02:00,0,1,1146,1225,2272,2922,3127,4199,4669,6598,13639,13915,11993,12908,8879,10849,2838,4934,0,0,314,307,567,885,695,1383,1121,2183,2137,2591,2453,2083,4921,5862,2643,4571,61742,29851,9049,4830,35311,24,3,9,8
2021-04-24T23:59:59+02:00,0,1,1083,1180,2136,2835,2986,4142,4458,6480,12768,13110,11716,12578,8813,10746,2831,4921,0,0,314,307,567,885,694,1382,1121,2183,2137,2591,2452,2083,4917,5861,2643,4571,58415,29844,9048,4830,35309,23,3,9,8
2021-04-23T23:59:59+02:00,0,1,985,1160,1921,2807,2826,4108,4344,6367,11423,12050,11661,12515,8790,10699,2829,4918,0,0,313,307,567,885,693,1382,1120,2183,2135,2591,2451,2083,4916,5855,2643,4569,56928,29838,9047,4827,33418,18,2,9,8
2021-04-22T23:59:59+02:00,0,1,975,1151,1895,2793,2761,4082,4169,6248,10804,11538,11572,12427,8759,10652,2826,4913,0,0,312,306,567,885,693,1381,1117,2183,2134,2591,2451,2081,4914,5853,2643,4569,55233,29830,9046,4822,33276,18,2,9,8
2021-04-21T23:59:59+02:00,0,1,960,1136,1819,2768,2642,4047,4023,6173,9305,10375,11495,12359,8747,10628,2822,4910,0,0,311,306,566,885,692,1381,1115,2183,2134,2590,2447,2076,4911,5852,2642,4567,52054,29810,9045,4820,33100,18,2,9,8
2021-04-20T23:59:59+02:00,0,1,960,1135,1817,2766,2638,4042,4019,6172,9007,10052,11468,12334,8743,10618,2821,4909,0,0,311,306,566,885,692,1381,1115,2182,2133,2589,2447,2075,4909,5850,2641,4567,51351,29804,9041,4817,33099,18,2,9,8
2021-04-19T23:59:59+02:00,0,1,958,1132,1817,2763,2637,4041,4016,6169,9006,10051,11468,12334,8743,10617,2820,4909,0,0,311,306,564,884,692,1381,1114,2182,2131,2589,2447,2075,4909,5850,2641,4567,51341,29799,9036,4817,33094,17,2,9,8
2021-04-18T23:59:59+02:00,0,1,958,1131,1814,2763,2635,4039,4015,6169,9006,10051,11468,12334,8743,10615,2820,4908,0,0,311,306,564,883,690,1381,1114,2181,2131,2589,2447,2075,4909,5849,2641,4567,51332,29795,9035,4816,33092,17,2,9,8
2021-04-17T23:59:59+02:00,0,1,958,1130,1811,2757,2559,3948,3957,6087,8989,10033,11345,12182,8740,10613,2820,4907,0,0,306,300,560,876,682,1371,1096,2168,2084,2563,2401,2022,4859,5780,2635,4560,50699,29421,9035,4816,33092,16,2,9,8
2021-04-16T23:59:59+02:00,0,1,929,1096,1701,2674,2358,3814,3707,5912,7260,8220,11145,11936,8685,10550,2817,4893,0,0,299,296,545,857,649,1335,1014,2112,1858,2402,2251,1909,4672,5511,2573,4438,46346,29406,8960,3294,32381,11,2,9,8
2021-04-15T23:59:59+02:00,0,1,860,1046,1572,2586,2077,3661,3174,5583,6248,7255,10888,11597,8584,10427,2798,4870,0,0,298,296,544,856,647,1334,1013,2109,1623,2261,2099,1777,4485,5298,2519,4334,42537,29359,8957,2117,31722,7,2,9,8
2021-04-14T23:59:59+02:00,0,1,845,1017,1526,2549,1988,3580,3003,5447,6154,7142,10725,11389,8502,10327,2786,4856,0,0,278,287,510,829,576,1274,805,1966,1405,2137,2032,1702,4355,5134,2505,4306,41155,27967,8952,2117,31719,7,2,9,8
2021-04-13T23:59:59+02:00,0,1,840,1012,1514,2546,1963,3559,2972,5412,5630,6564,10425,11050,8471,10293,2785,4855,0,0,278,285,510,828,576,1274,805,1966,1404,2136,2029,1701,4355,5133,2505,4303,41141,27963,7026,2108,31714,7,2,9,8
2021-04-12T23:59:59+02:00,0,1,840,1010,1513,2543,1963,3559,2971,5411,5629,6564,10424,11049,8470,10293,2785,4855,0,0,278,284,510,828,574,1274,803,1965,1403,2136,2029,1701,4355,5132,2505,4303,41134,27957,7023,2106,31712,7,2,9,8
2021-04-11T23:59:59+02:00,0,1,840,1010,1510,2543,1961,3557,2970,5411,5628,6564,10422,11046,8470,10293,2785,4855,0,0,278,283,509,827,572,1274,802,1965,1401,2136,2029,1701,4355,5132,2505,4303,41127,27951,7021,2105,31708,7,1,9,8
2021-04-10T23:59:59+02:00,0,1,838,1007,1507,2539,1944,3545,2901,5346,5502,6467,10191,10827,8417,10243,2781,4854,0,0,278,282,509,826,571,1274,801,1965,1401,2136,2025,1697,4350,5123,2504,4300,40553,27921,7021,2105,31326,7,1,9,8
2021-04-09T23:59:59+02:00,0,1,800,974,1410,2484,1839,3487,2772,5292,5362,6402,7807,7998,8350,10149,2771,4836,0,0,278,282,507,825,569,1272,798,1965,1399,2132,2005,1675,4328,5104,2501,4295,35069,27814,7019,2105,30636,7,1,9,8
2021-04-08T23:59:59+02:00,0,1,799,971,1406,2481,1837,3484,2760,5283,5351,6388,7013,7080,8307,10098,2768,4833,0,0,275,281,507,824,569,1271,797,1965,1397,2131,2003,1675,4327,5101,2501,4295,33203,27799,7019,2104,30628,7,1,9,8
2021-04-07T23:59:59+02:00,0,1,749,951,1332,2411,1751,3415,2569,5176,4607,5904,6345,6438,8248,10037,2761,4827,0,0,275,281,507,824,569,1268,797,1965,1397,2131,2003,1675,4326,5101,2501,4294,33197,27797,7017,2103,27298,6,1,9,7
2021-04-06T23:59:59+02:00,0,1,717,944,1313,2375,1727,3374,2539,5130,4533,5826,5982,6082,8227,10013,2756,4821,0,0,275,280,507,823,569,1268,796,1965,1397,2131,2002,1674,4326,5101,2501,4294,33190,27794,7017,2102,26143,6,1,9,6
2021-04-05T23:59:59+02:00,0,1,714,916,1272,2252,1655,3209,2418,4860,4373,5554,5673,5773,8210,9987,2754,4817,0,0,275,280,507,822,569,1268,796,1965,1397,2131,2002,1674,4326,5101,2501,4294,33185,27793,7016,2102,24227,6,1,9,6
2021-04-04T23:59:59+02:00,0,1,695,891,1179,2038,1522,2945,2203,4425,4022,5055,5427,5548,8177,9933,2753,4809,0,0,275,280,506,821,567,1267,795,1964,1323,2094,1639,1400,4166,4920,2456,4228,33181,26587,7016,2102,21416,5,1,9,6
2021-04-03T23:59:59+02:00,0,1,695,891,1178,2037,1521,2945,2202,4425,4022,5055,5427,5547,8177,9933,2753,4809,0,0,275,280,506,821,567,1267,795,1964,1323,2094,1639,1400,4166,4920,2456,4228,33177,26587,7016,2102,21415,5,1,9,6
2021-04-02T23:59:59+02:00,0,1,695,890,1178,2037,1520,2945,2202,4425,4021,5054,5426,5546,8176,9931,2752,4807,0,0,275,280,506,821,566,1267,795,1964,1322,2094,1639,1400,4166,4920,2456,4228,33175,26586,7016,2102,21406,5,0,9,6
2021-04-01T23:59:59+02:00,0,1,690,888,1174,2031,1512,2936,2188,4407,3930,4968,4932,4943,7469,9034,2750,4802,0,0,275,278,505,818,566,1266,792,1963,1284,2066,1489,1303,4066,4819,2445,4215,30261,26044,6989,2096,21396,5,0,9,5
2021-03-31T23:59:59+02:00,0,1,690,887,1172,2030,1508,2931,2184,4406,3912,4957,4756,4723,6699,8100,2737,4781,0,0,274,277,504,817,562,1262,787,1957,1180,1989,1091,1037,3654,4354,2336,4040,30140,24078,4959,2034,21366,4,0,9,5
2021-03-30T23:59:59+02:00,0,1,690,887,1170,2027,1495,2922,2175,4397,3867,4930,4556,4542,6449,7803,2728,4765,0,0,274,276,504,814,561,1262,787,1956,1180,1989,1091,1037,3654,4354,2335,4039,30135,24071,4954,2034,20306,3,0,9,5
2021-03-29T23:59:59+02:00,0,1,690,885,1169,2027,1493,2922,2175,4397,3862,4928,4552,4540,6446,7794,2726,4746,0,0,274,275,504,814,561,1262,786,1955,1180,1989,1091,1036,3654,4354,2335,4038,30124,24066,4949,2034,20271,3,0,9,5
2021-03-28T23:59:59+02:00,0,1,689,885,1169,2023,1490,2920,2174,4394,3861,4928,4551,4540,6443,7790,2726,4744,0,0,273,275,503,814,561,1262,785,1955,1180,1989,1091,1035,3654,4354,2335,4038,30121,24063,4944,2033,20254,3,0,9,5
2021-03-27T23:59:59+01:00,0,1,685,880,1165,2015,1482,2910,2155,4379,3819,4902,4501,4482,6397,7732,2719,4731,0,0,269,270,489,804,550,1250,737,1919,1019,1896,829,846,3514,4199,2174,3722,29770,23091,4944,1388,20232,3,0,9,5
2021-03-26T23:59:59+01:00,0,1,685,880,1164,2013,1477,2909,2152,4378,3814,4899,4490,4460,6390,7717,2710,4717,0,0,268,270,489,802,548,1250,735,1919,1012,1888,691,751,2531,3037,2002,3508,29725,20305,4942,1388,20182,3,0,7,5
2021-03-25T23:59:59+01:00,0,1,684,879,1163,2012,1476,2906,2147,4372,3810,4895,4481,4449,6377,7688,2685,4663,0,0,268,270,489,802,547,1247,733,1918,1010,1886,669,744,1349,1591,1719,3143,29717,16990,4937,1388,20027,3,0,7,4
2021-03-24T23:59:59+01:00,0,1,660,869,1125,1981,1405,2845,1940,4227,3587,4768,4420,4389,6242,7522,2671,4631,0,0,268,270,489,801,544,1247,731,1918,1009,1886,669,744,1349,1591,1718,3141,28342,16981,4935,1387,19999,3,0,7,4
2021-03-23T23:59:59+01:00,0,1,660,867,1123,1980,1405,2845,1940,4227,3585,4765,4420,4388,6241,7522,2671,4630,0,0,268,270,489,801,543,1246,731,1918,1009,1886,669,743,1349,1591,1718,3141,28336,16979,4932,1387,19995,3,0,7,3
2021-03-22T23:59:59+01:00,0,1,660,865,1121,1976,1402,2845,1939,4227,3584,4765,4420,4387,6241,7521,2671,4630,0,0,268,270,489,801,543,1245,730,1918,1009,1885,669,742,1349,1591,1718,3141,28332,16976,4932,1387,19984,2,0,7,3
2021-03-21T23:59:59+01:00,0,1,660,865,1119,1974,1402,2843,1938,4226,3583,4764,4420,4387,6240,7521,2671,4630,0,0,268,270,489,801,543,1245,730,1917,1009,1885,669,741,1349,1591,1718,3141,28328,16974,4931,1387,19978,2,0,7,3
2021-03-20T23:59:59+01:00,0,1,658,864,1117,1972,1397,2840,1921,4219,3552,4745,4201,4111,5723,6912,2661,4594,0,0,263,268,484,796,526,1234,709,1901,973,1857,603,663,1118,1334,1363,2595,28245,15296,4829,1386,18407,2,0,7,3
2021-03-19T23:59:59+01:00,0,1,650,858,1103,1951,1363,2804,1841,4164,3330,4583,4052,4001,5547,6669,2608,4504,0,0,263,268,484,796,526,1234,709,1899,972,1857,603,663,1118,1333,1362,2594,28242,15291,3382,1385,18399,2,0,6,3
2021-03-18T23:59:59+01:00,0,1,649,857,1102,1950,1362,2802,1841,4160,3101,4439,3898,3871,5367,6467,2555,4402,0,0,263,267,483,796,526,1232,709,1898,971,1856,601,660,879,1075,1250,2426,28233,14504,2189,1384,18396,1,0,6,3
2021-03-17T23:59:59+01:00,0,1,649,857,1101,1950,1361,2801,1841,4160,3101,4439,3898,3869,5366,6467,2555,4402,0,0,263,266,483,796,526,1232,709,1898,970,1856,599,659,879,1074,1250,2426,28231,14501,2189,1383,18392,1,0,6,1
2021-03-16T23:59:59+01:00,0,1,649,857,1101,1946,1359,2801,1837,4160,3101,4437,3897,3868,5366,6466,2555,4401,0,0,261,262,469,791,517,1220,693,1884,954,1846,597,657,877,1073,1249,2425,28222,14390,2185,1383,18389,1,0,6,1
2021-03-15T23:59:59+01:00,0,1,648,856,1099,1945,1356,2801,1833,4159,3100,4437,3897,3867,5365,6465,2555,4401,0,0,261,262,469,791,517,1219,692,1884,953,1843,597,657,877,1073,1249,2425,28215,14384,2183,1383,18381,1,0,6,1
2021-03-14T23:59:59+01:00,0,1,647,853,1095,1941,1353,2798,1831,4157,3095,4436,3897,3867,5365,6465,2555,4401,0,0,261,262,469,791,517,1219,692,1884,953,1840,597,657,876,1073,1249,2425,28210,14380,2182,1383,18359,1,0,6,1
2021-03-13T23:59:59+01:00,0,1,645,848,1087,1935,1343,2791,1825,4149,2980,4358,3421,3463,5156,6230,2509,4337,0,0,261,262,469,791,517,1219,691,1884,951,1839,573,641,572,775,816,1844,26937,12720,2182,1383,17953,1,0,6,1
2021-03-12T23:59:59+01:00,0,1,618,762,1063,1822,1322,2602,1793,3883,2936,4190,2276,2019,4794,5682,2506,4328,0,0,261,262,469,791,517,1219,690,1884,950,1839,573,640,571,775,816,1843,26925,12716,2182,1383,13484,0,0,6,1
2021-03-11T23:59:59+01:00,0,1,609,717,1056,1718,1313,2444,1781,3671,2889,4051,1711,1487,4307,5141,2496,4318,0,0,258,261,469,791,517,1219,690,1883,950,1835,573,640,570,774,732,1697,26371,12712,2169,1146,11164,0,0,6,1
2021-03-10T23:59:59+01:00,0,1,603,707,1043,1693,1303,2423,1768,3645,2781,3968,1318,1219,3896,4669,2401,4160,0,0,258,261,468,789,516,1219,690,1882,948,1835,573,640,568,773,732,1697,24379,12705,2168,1143,11045,0,0,6,1
2021-03-09T23:59:59+01:00,0,1,602,704,1035,1676,1292,2408,1765,3634,2774,3963,1313,1218,3895,4668,2400,4159,0,0,258,261,468,789,516,1219,690,1882,948,1835,573,640,568,771,732,1697,24375,12704,2167,1143,10960,0,0,5,0
2021-03-08T23:59:59+01:00,0,1,597,675,1024,1649,1276,2375,1757,3601,2753,3948,1312,1215,3895,4668,2400,4158,0,0,258,261,468,789,515,1219,689,1880,948,1835,573,639,566,771,732,1697,24369,12699,2166,1141,10764,0,0,5,0
2021-03-07T23:59:59+01:00,0,1,597,672,1019,1645,1276,2372,1756,3598,2753,3946,1312,1215,3895,4668,2400,4158,0,0,258,261,468,789,513,1218,689,1880,948,1835,573,639,566,771,731,1697,24367,12695,2166,1141,10745,0,0,5,0
2021-03-06T23:59:59+01:00,0,1,562,624,898,1544,1032,2183,1334,3217,2333,3609,1031,997,3594,4290,2380,4140,0,0,258,261,468,789,511,1218,689,1880,948,1834,573,638,564,767,642,1515,23366,12691,2163,864,8235,0,0,5,0
2021-03-05T23:59:59+01:00,0,1,560,624,893,1540,1032,2181,1331,3214,2326,3604,887,900,2594,3089,2206,3908,0,0,257,261,463,777,508,1213,681,1863,934,1819,568,634,504,707,329,997,20508,12489,2152,26,8225,0,0,5,0
2021-03-04T23:59:59+01:00,0,1,543,581,857,1408,993,2029,1280,3011,2283,3503,873,891,1411,1649,1914,3541,0,0,257,261,461,777,508,1213,681,1863,934,1819,567,633,504,706,329,997,17198,12484,2151,26,7414,0,0,5,0
2021-03-03T23:59:59+01:00,0,1,537,549,834,1343,971,1967,1264,2968,2273,3459,873,890,1411,1649,1913,3541,0,0,257,261,460,776,508,1212,680,1862,934,1819,567,633,504,706,329,997,17194,12479,2151,26,7093,0,0,5,0
2021-03-02T23:59:59+01:00,0,1,536,547,832,1341,969,1966,1263,2967,2273,3459,873,889,1411,1649,1913,3541,0,0,257,261,459,775,507,1212,679,1862,933,1818,566,633,504,706,329,997,17192,12474,2151,24,7083,0,0,4,0
2021-03-01T23:59:59+01:00,0,1,536,545,830,1340,969,1964,1263,2967,2272,3458,873,888,1411,1648,1913,3541,0,0,257,261,459,774,506,1211,677,1860,933,1818,566,633,504,706,329,997,17188,12467,2150,24,7077,0,0,4,0
2021-02-28T23:59:59+01:00,0,1,535,543,829,1339,968,1964,1263,2966,2270,3457,873,886,1411,1648,1913,3541,0,0,257,261,459,774,506,1211,677,1859,933,1817,566,633,504,706,329,997,17185,12466,2150,23,7068,0,0,4,0
2021-02-27T23:59:59+01:00,0,1,530,541,818,1330,947,1952,1224,2939,2195,3408,755,769,1142,1358,1401,2663,0,0,256,261,458,774,505,1211,675,1858,932,1815,565,630,503,704,327,993,15467,12445,1436,22,7066,0,0,4,0
2021-02-26T23:59:59+01:00,0,1,521,520,789,1263,918,1839,1185,2781,1874,2986,714,741,1142,1358,1400,2662,0,0,256,261,458,774,505,1211,675,1858,932,1815,565,630,503,704,327,992,15461,12444,1436,22,5793,0,0,4,0
2021-02-25T23:59:59+01:00,0,1,487,480,727,1146,811,1646,1031,2479,1375,2434,662,696,893,1091,1289,2489,0,0,255,260,457,774,504,1209,674,1853,932,1812,565,629,502,704,327,992,14648,12437,1436,12,3650,0,0,3,0
2021-02-24T23:59:59+01:00,0,1,486,479,727,1144,810,1646,1031,2478,1375,2433,662,696,893,1091,1289,2489,0,0,255,259,457,773,503,1206,671,1852,932,1812,564,629,502,704,327,992,14647,12437,1435,1,3645,0,0,3,0
2021-02-23T23:59:59+01:00,0,1,484,475,711,1135,801,1635,1014,2463,1359,2422,660,694,891,1090,1288,2488,0,0,255,258,457,772,503,1206,671,1851,932,1810,564,629,502,704,327,992,14536,12432,1434,1,3638,0,0,3,0
2021-02-22T23:59:59+01:00,0,1,484,475,709,1135,799,1635,1014,2463,1358,2421,660,692,891,1089,1288,2488,0,0,255,258,457,772,503,1206,671,1850,932,1809,564,629,502,704,327,992,14533,12430,1434,1,3632,0,0,3,0
2021-02-21T23:59:59+01:00,0,1,484,475,708,1135,798,1635,1013,2463,1358,2420,659,692,890,1089,1288,2488,0,0,255,258,456,772,503,1205,671,1850,932,1808,564,629,502,704,327,992,14531,12428,1434,0,3628,0,0,3,0
2021-02-20T23:59:59+01:00,0,1,469,473,696,1129,778,1630,1000,2461,1331,2399,632,673,581,786,846,1897,0,0,254,258,451,770,498,1199,666,1839,926,1805,561,626,497,703,323,987,12843,12363,1433,0,3503,0,0,3,0
2021-02-19T23:59:59+01:00,0,1,376,388,592,1003,660,1476,860,2290,1092,2161,585,649,580,786,846,1897,0,0,251,258,447,768,496,1189,663,1823,919,1785,557,620,491,696,320,977,12841,12260,1433,0,1965,0,0,3,0
2021-02-18T23:59:59+01:00,0,1,265,264,477,802,521,1231,699,1894,957,1850,582,643,579,786,846,1896,0,0,250,255,445,765,494,1185,662,1808,915,1773,550,615,484,689,314,966,12838,12170,1433,0,19,0,0,3,0
2021-02-17T23:59:59+01:00,0,1,265,264,475,802,521,1229,698,1894,956,1850,580,642,579,785,846,1896,0,0,248,255,444,762,492,1183,659,1800,911,1766,545,610,474,667,303,946,12836,12065,1433,0,13,0,0,1,0
2021-02-16T23:59:59+01:00,0,1,265,264,473,801,520,1229,698,1894,956,1850,580,642,579,784,846,1896,0,0,238,251,438,746,480,1151,652,1722,886,1686,526,581,440,621,283,875,12835,11576,1433,0,9,0,0,1,0
2021-02-15T23:59:59+01:00,0,1,265,264,472,801,520,1229,696,1894,956,1849,580,642,579,784,846,1896,0,0,234,247,434,738,474,1124,636,1669,859,1632,505,547,422,577,267,810,12834,11175,1433,0,6,0,0,1,0
2021-02-14T23:59:59+01:00,0,1,265,264,472,801,519,1229,696,1894,956,1849,580,642,579,784,846,1896,0,0,234,247,434,736,473,1124,636,1663,857,1623,494,542,418,574,258,801,12833,11114,1433,0,6,0,0,1,0
2021-02-13T23:59:59+01:00,0,1,264,264,472,800,519,1229,695,1892,956,1849,580,642,579,784,846,1896,0,0,232,245,433,732,466,1112,627,1643,837,1590,474,514,401,548,245,763,12831,10862,1433,0,3,0,0,1,0
2021-02-12T23:59:59+01:00,0,1,264,264,472,799,519,1229,695,1891,951,1846,580,640,529,738,832,1892,0,0,216,237,412,698,445,1024,592,1481,751,1350,390,391,326,433,186,575,12705,9507,1433,0,3,0,0,1,0
2021-02-11T23:59:59+01:00,0,1,261,264,469,799,519,1229,695,1889,951,1843,579,639,526,735,744,1743,0,0,195,224,400,665,424,977,558,1385,705,1240,356,342,285,365,156,484,12692,8761,1191,0,2,0,0,1,0
2021-02-10T23:59:59+01:00,0,1,260,264,469,798,519,1229,694,1889,950,1843,578,639,526,734,743,1741,0,0,192,220,398,656,420,963,555,1366,693,1204,339,319,262,324,133,418,12684,8462,1191,0,1,0,0,1,0
2021-02-09T23:59:59+01:00,0,1,260,264,469,798,519,1228,693,1889,950,1841,578,639,526,734,743,1741,0,0,184,207,385,620,401,898,513,1272,640,1074,264,225,183,211,89,254,12680,7420,1191,0,1,0,0,1,0
2021-02-08T23:59:59+01:00,0,1,260,264,467,798,519,1227,692,1889,950,1839,578,639,526,733,743,1741,0,0,184,201,380,606,388,871,488,1222,613,1004,233,183,147,159,71,194,12675,6944,1190,0,1,0,0,0,0
2021-02-07T23:59:59+01:00,0,1,259,264,467,798,519,1227,692,1889,950,1836,578,639,526,733,743,1740,0,0,183,201,378,602,384,866,482,1208,607,988,227,176,137,141,64,177,12671,6821,1190,0,0,0,0,0,0
2021-02-06T23:59:59+01:00,0,1,259,264,467,798,519,1227,692,1889,950,1836,578,639,524,728,653,1561,0,0,183,201,378,602,384,866,482,1208,607,988,227,176,137,141,64,177,12671,6821,914,0,0,0,0,0,0
2021-02-05T23:59:59+01:00,0,1,259,264,465,797,518,1225,689,1887,947,1833,573,635,516,713,336,1029,0,0,177,192,361,571,371,825,464,1168,588,955,208,160,117,129,59,174,12657,6519,30,0,0,0,0,0,0
2021-02-04T23:59:59+01:00,0,1,259,263,464,792,515,1224,688,1882,942,1832,572,635,515,712,336,1029,0,0,162,159,291,433,306,668,384,942,513,816,196,155,108,123,52,162,12631,5470,30,0,0,0,0,0,0
2021-02-03T23:59:59+01:00,0,1,258,263,464,790,515,1223,687,1880,942,1832,572,635,515,712,336,1029,0,0,158,151,246,352,258,581,324,841,461,728,188,150,103,121,51,161,12624,4874,30,0,0,0,0,0,0
2021-02-02T23:59:59+01:00,0,1,258,262,464,787,514,1223,687,1878,942,1830,572,635,515,712,336,1029,0,0,151,137,188,289,200,493,248,727,379,644,178,146,100,120,50,160,12616,4210,29,0,0,0,0,0,0
2021-02-01T23:59:59+01:00,0,1,258,262,462,786,512,1222,686,1874,939,1825,572,635,514,712,336,1029,0,0,145,131,150,252,167,435,203,649,322,569,173,135,91,109,44,153,12596,3728,29,0,0,0,0,0,0
2021-01-31T23:59:59+01:00,0,1,258,262,462,786,512,1221,686,1872,939,1825,572,635,514,712,336,1029,0,0,145,131,150,251,167,434,202,649,322,569,173,135,91,109,44,153,12593,3725,29,0,0,0,0,0,0
2021-01-30T23:59:59+01:00,0,1,258,262,462,786,512,1221,686,1872,935,1825,571,635,512,712,333,1029,0,0,133,120,135,234,156,405,191,608,303,522,150,124,79,80,35,113,12583,3388,29,0,0,0,0,0,0
2021-01-29T23:59:59+01:00,0,1,255,261,458,783,510,1211,683,1855,928,1805,567,629,506,706,328,1019,0,0,89,66,94,154,115,248,148,440,214,379,112,83,60,69,30,102,12477,2403,28,0,0,0,0,0,0
2021-01-28T23:59:59+01:00,0,0,255,261,457,783,508,1210,683,1852,928,1801,567,628,505,706,328,1019,0,0,10,7,13,23,24,48,24,94,50,108,37,33,33,50,24,94,12473,672,18,0,0,0,0,0,0
2021-01-27T23:59:59+01:00,0,0,253,260,457,780,508,1207,679,1850,926,1800,566,628,505,706,328,1019,0,0,10,7,13,23,23,48,24,92,49,108,37,33,33,50,24,94,12466,668,6,0,0,0,0,0,0
2021-01-26T23:59:59+01:00,0,0,253,260,456,778,508,1206,678,1846,926,1799,566,628,505,706,328,1019,0,0,10,7,13,23,23,48,24,92,49,108,37,33,33,50,24,94,12458,668,4,0,0,0,0,0,0
2021-01-25T23:59:59+01:00,0,0,253,260,454,778,508,1205,677,1842,925,1797,566,628,505,704,327,1019,0,0,6,1,5,13,11,23,15,39,23,48,18,16,11,16,7,22,12446,274,2,0,0,0,0,0,0
2021-01-24T23:59:59+01:00,0,0,253,259,454,778,506,1204,677,1841,925,1796,566,628,505,704,327,1019,0,0,6,1,5,13,11,23,15,39,23,48,18,16,11,16,7,22,12441,274,1,0,0,0,0,0,0
2021-01-23T23:59:59+01:00,0,0,253,259,454,778,506,1203,677,1841,925,1796,566,628,505,704,327,1019,0,0,6,1,5,13,11,23,15,39,23,48,18,16,11,16,7,22,12440,274,1,0,0,0,0,0,0
2021-01-22T23:59:59+01:00,0,0,251,257,453,777,505,1202,677,1840,925,1796,566,628,505,704,309,974,0,0,6,1,5,13,11,23,15,39,23,48,18,16,11,16,7,22,12368,274,1,0,0,0,0,0,0
2021-01-21T23:59:59+01:00,0,0,249,252,451,767,502,1194,674,1817,916,1778,557,619,486,679,294,936,0,0,6,1,5,13,11,22,15,39,23,48,18,16,11,16,7,22,12170,273,1,0,0,0,0,0,0
2021-01-20T23:59:59+01:00,0,0,248,250,446,762,499,1190,671,1809,912,1772,551,614,478,660,286,917,0,0,6,1,5,13,11,22,15,39,23,48,18,16,11,16,7,22,12064,273,1,0,0,0,0,0,0
2021-01-19T23:59:59+01:00,0,0,243,250,443,754,493,1174,668,1776,901,1730,538,597,465,641,273,877,0,0,6,1,5,13,11,22,15,39,23,48,18,16,11,16,7,22,11822,273,1,0,0,0,0,0,0
2021-01-18T23:59:59+01:00,0,0,239,246,438,741,486,1152,650,1739,874,1683,519,564,448,602,257,818,0,0,6,1,5,12,11,21,15,39,23,47,18,16,11,16,7,22,11455,270,1,0,0,0,0,0,0
2021-01-17T23:59:59+01:00,0,0,239,245,436,739,483,1150,647,1731,868,1672,504,555,434,582,243,794,0,0,6,1,4,12,11,21,15,39,23,47,18,15,11,16,7,22,11322,268,0,0,0,0,0,0,0
2021-01-16T23:59:59+01:00,0,0,231,237,431,719,470,1115,622,1644,822,1523,461,470,401,527,221,734,0,0,0,0,0,0,0,0,0,0,0,0,0,0,0,0,0,0,10628,0,0,0,0,0,0,0,0
2021-01-15T23:59:59+01:00,0,0,224,231,423,699,455,1062,602,1544,783,1409,412,412,349,456,200,621,0,0,0,0,0,0,0,0,0,0,0,0,0,0,0,0,0,0,9882,0,0,0,0,0,0,0,0
2021-01-14T23:59:59+01:00,0,0,203,218,403,655,432,1000,561,1426,715,1255,356,337,298,362,155,488,0,0,0,0,0,0,0,0,0,0,0,0,0,0,0,0,0,0,8864,0,0,0,0,0,0,0,0
2021-01-13T23:59:59+01:00,0,0,201,216,402,646,427,981,556,1405,701,1220,337,313,272,321,131,422,0,0,0,0,0,0,0,0,0,0,0,0,0,0,0,0,0,0,8551,0,0,0,0,0,0,0,0
2021-01-12T23:59:59+01:00,0,0,185,204,385,605,396,887,494,1250,622,1030,238,194,162,164,77,207,0,0,0,0,0,0,0,0,0,0,0,0,0,0,0,0,0,0,7100,0,0,0,0,0,0,0,0
2021-01-11T23:59:59+01:00,0,0,181,198,381,593,376,859,474,1203,602,975,218,164,129,117,55,150,0,0,0,0,0,0,0,0,0,0,0,0,0,0,0,0,0,0,6675,0,0,0,0,0,0,0,0
2021-01-10T23:59:59+01:00,0,0,180,194,369,578,372,846,465,1183,588,956,214,164,125,117,53,148,0,0,0,0,0,0,0,0,0,0,0,0,0,0,0,0,0,0,6552,0,0,0,0,0,0,0,0
2021-01-09T23:59:59+01:00,0,0,161,161,324,498,331,729,405,1002,497,806,151,109,77,74,37,109,0,0,0,0,0,0,0,0,0,0,0,0,0,0,0,0,0,0,5471,0,0,0,0,0,0,0,0
2021-01-08T23:59:59+01:00,0,0,95,74,229,347,244,437,292,670,340,511,82,68,53,59,28,97,0,0,0,0,0,0,0,0,0,0,0,0,0,0,0,0,0,0,3626,0,0,0,0,0,0,0,0
2021-01-07T23:59:59+01:00,0,0,12,10,54,96,72,126,93,194,122,181,44,36,36,51,25,97,0,0,0,0,0,0,0,0,0,0,0,0,0,0,0,0,0,0,1249,0,0,0,0,0,0,0,0
2021-01-06T23:59:59+01:00,0,0,8,4,9,23,17,49,24,90,53,109,38,33,35,51,25,97,0,0,0,0,0,0,0,0,0,0,0,0,0,0,0,0,0,0,665,0,0,0,0,0,0,0,0
2021-01-05T23:59:59+01:00,0,0,8,4,9,23,17,48,23,90,51,109,38,33,34,51,25,97,0,0,0,0,0,0,0,0,0,0,0,0,0,0,0,0,0,0,660,0,0,0,0,0,0,0,0
2021-01-04T23:59:59+01:00,0,0,6,1,5,13,11,25,15,41,23,50,19,16,12,16,7,23,0,0,0,0,0,0,0,0,0,0,0,0,0,0,0,0,0,0,283,0,0,0,0,0,0,0,0
2021-01-03T23:59:59+01:00,0,0,6,1,5,13,11,25,15,41,23,50,19,16,12,16,7,23,0,0,0,0,0,0,0,0,0,0,0,0,0,0,0,0,0,0,283,0,0,0,0,0,0,0,0
2021-01-02T23:59:59+01:00,0,0,6,1,5,13,11,25,15,41,23,50,19,16,12,16,7,23,0,0,0,0,0,0,0,0,0,0,0,0,0,0,0,0,0,0,283,0,0,0,0,0,0,0,0
2021-01-01T23:59:59+01:00,0,0,6,1,5,13,11,24,15,41,23,50,19,16,12,16,7,23,0,0,0,0,0,0,0,0,0,0,0,0,0,0,0,0,0,0,282,0,0,0,0,0,0,0,0
2020-12-31T23:59:59+01:00,0,0,6,1,5,13,11,24,15,41,23,50,19,16,12,16,7,23,0,0,0,0,0,0,0,0,0,0,0,0,0,0,0,0,0,0,282,0,0,0,0,0,0,0,0
2020-12-30T23:59:59+01:00,0,0,6,1,5,13,11,24,15,41,23,50,19,16,12,16,7,23,0,0,0,0,0,0,0,0,0,0,0,0,0,0,0,0,0,0,282,0,0,0,0,0,0,0,0
2020-12-29T23:59:59+01:00,0,0,6,1,5,13,11,23,15,41,23,50,19,16,12,16,7,23,0,0,0,0,0,0,0,0,0,0,0,0,0,0,0,0,0,0,281,0,0,0,0,0,0,0,0
2020-12-28T23:59:59+01:00,0,0,6,1,5,13,11,23,15,41,23,49,19,16,12,16,7,23,0,0,0,0,0,0,0,0,0,0,0,0,0,0,0,0,0,0,280,0,0,0,0,0,0,0,0
2020-12-27T23:59:59+01:00,0,0,6,1,4,12,11,23,15,41,23,49,19,15,12,16,7,23,0,0,0,0,0,0,0,0,0,0,0,0,0,0,0,0,0,0,277,0,0,0,0,0,0,0,0
