Datum,<15_1_m,<15_1_w,15-24_1_m,15-24_1_w,25-34_1_m,25-34_1_w,35-44_1_m,35-44_1_w,45-54_1_m,45-54_1_w,55-64_1_m,55-64_1_w,65-74_1_m,65-74_1_w,75-84_1_m,75-84_1_w,>84_1_m,>84_1_w,<15_2_m,<15_2_w,15-24_2_m,15-24_2_w,25-34_2_m,25-34_2_w,35-44_2_m,35-44_2_w,45-54_2_m,45-54_2_w,55-64_2_m,55-64_2_w,65-74_2_m,65-74_2_w,75-84_2_m,75-84_2_w,>84_2_m,>84_2_w,bp_1,bp_2,mo_1,mo_2,az_1,az_2,ja,unb_1,unb_2
2021-11-30T23:59:59+01:00,3774,3580,16839,15216,19231,17539,20276,19907,22911,22746,23809,22602,15119,16374,10316,12616,3154,5496,2104,2024,14484,13389,17372,15652,18814,18421,21789,21550,22987,21799,14735,15901,10095,12336,3058,5331,199867,181800,23337,22660,35599,34660,12702,17,19
2021-11-29T23:59:59+01:00,3766,3574,16833,15212,19224,17532,20272,19905,22908,22737,23807,22598,15114,16372,10313,12614,3154,5496,2104,2019,14463,13375,17350,15634,18802,18412,21775,21538,22979,21796,14733,15898,10091,12333,3058,5330,199795,181650,23336,22660,35599,34660,12701,17,19
2021-11-28T23:59:59+01:00,3744,3554,16807,15188,19203,17507,20254,19888,22897,22723,23785,22587,15103,16363,10309,12609,3154,5493,2095,2008,14432,13351,17329,15614,18784,18396,21764,21533,22974,21790,14730,15893,10090,12331,3058,5330,199533,181462,23335,22660,35599,34660,12701,17,19
2021-11-27T23:59:59+01:00,3744,3553,16806,15187,19203,17506,20254,19888,22897,22723,23785,22587,15103,16363,10309,12609,3154,5493,2095,2008,14432,13351,17329,15614,18784,18396,21764,21533,22974,21790,14730,15893,10090,12331,3058,5330,199529,181462,23335,22660,35599,34660,12701,17,19
2021-11-26T23:59:59+01:00,3219,3112,16771,15158,19181,17466,20235,19864,22883,22709,23775,22572,15097,16355,10305,12600,3154,5488,2081,1998,14383,13307,17293,15597,18759,18373,21738,21518,22963,21784,14727,15889,10090,12328,3057,5330,198317,181180,23331,22659,35599,34660,12697,17,19
2021-11-25T23:59:59+01:00,2824,2792,16739,15118,19149,17413,20203,19827,22865,22690,23756,22552,15086,16344,10295,12584,3150,5486,2065,1984,14328,13272,17240,15561,18732,18342,21713,21500,22959,21773,14722,15884,10090,12323,3056,5327,197250,180845,23327,22650,35599,34660,12697,17,19
2021-11-24T23:59:59+01:00,2799,2754,16696,15081,19101,17363,20168,19785,22836,22656,23732,22522,15074,16315,10283,12571,3146,5481,2058,1974,14296,13235,17195,15525,18717,18323,21694,21484,22947,21759,14717,15881,10088,12322,3056,5326,196740,180571,23327,22650,35599,34660,12697,17,19
2021-11-23T23:59:59+01:00,2759,2721,16662,15056,19083,17325,20147,19761,22819,22634,23718,22511,15065,16303,10277,12562,3144,5480,2050,1965,14275,13213,17171,15511,18707,18312,21682,21479,22941,21756,14713,15876,10087,12321,3055,5326,196406,180414,23325,22650,35599,34660,12697,17,19
2021-11-22T23:59:59+01:00,2738,2699,16634,15033,19059,17298,20118,19738,22800,22614,23703,22497,15058,16293,10275,12554,3141,5477,2048,1960,14265,13208,17162,15498,18692,18302,21670,21471,22936,21754,14711,15876,10087,12320,3055,5326,196125,180331,23324,22650,35599,34660,12681,17,19
2021-11-21T23:59:59+01:00,2727,2681,16612,15019,19033,17273,20097,19716,22786,22599,23686,22485,15053,16283,10270,12548,3140,5474,2046,1958,14262,13202,17157,15488,18687,18295,21666,21469,22934,21748,14707,15874,10087,12316,3054,5326,195887,180275,23321,22649,35599,34658,12675,17,19
2021-11-20T23:59:59+01:00,2703,2651,16570,14994,19001,17246,20073,19690,22767,22583,23673,22470,15040,16273,10266,12542,3138,5472,2045,1955,14253,13199,17152,15483,18685,18294,21663,21464,22931,21747,14707,15874,10086,12316,3053,5326,195561,180238,23319,22645,35599,34658,12673,17,19
2021-11-19T23:59:59+01:00,2646,2588,16450,14916,18922,17159,19997,19610,22722,22529,23645,22434,15019,16248,10256,12536,3136,5467,2033,1940,14197,13165,17091,15444,18658,18277,21642,21443,22923,21736,14706,15868,10084,12314,3052,5325,194718,179907,23293,22644,35599,34658,12670,17,19
2021-11-18T23:59:59+01:00,2572,2511,16348,14800,18832,17042,19920,19524,22666,22472,23604,22388,15001,16209,10248,12525,3135,5459,2021,1923,14156,13115,17027,15413,18606,18248,21605,21415,22898,21723,14704,15861,10082,12311,3050,5322,193734,179501,23259,22638,35599,34658,12664,17,19
2021-11-17T23:59:59+01:00,2529,2469,16248,14710,18753,16950,19847,19457,22616,22420,23561,22354,14977,16183,10238,12510,3132,5451,2006,1908,14119,13096,17010,15392,18591,18233,21591,21406,22884,21715,14699,15855,10077,12307,3049,5321,192887,179281,23256,22638,35599,34658,12663,17,19
2021-11-16T23:59:59+01:00,2506,2437,16186,14651,18700,16885,19812,19414,22584,22385,23533,22334,14968,16169,10234,12501,3129,5448,2000,1902,14106,13088,16999,15378,18581,18221,21585,21401,22877,21712,14694,15854,10077,12305,3049,5319,192363,179171,23251,22637,35599,34658,12663,17,19
2021-11-15T23:59:59+01:00,2484,2394,16098,14592,18623,16807,19754,19359,22542,22346,23510,22317,14959,16155,10226,12490,3127,5446,1997,1896,14094,13078,16983,15371,18576,18213,21572,21390,22868,21709,14689,15852,10076,12302,3049,5315,191724,179058,23248,22637,35599,34658,12658,17,19
2021-11-14T23:59:59+01:00,2457,2362,15983,14504,18523,16732,19698,19309,22493,22309,23463,22278,14949,16143,10220,12485,3124,5444,1996,1892,14085,13071,16979,15367,18567,18204,21567,21389,22863,21703,14688,15851,10075,12302,3049,5315,190996,179000,23230,22635,35599,34658,12651,17,19
2021-11-13T23:59:59+01:00,2457,2361,15981,14503,18519,16729,19698,19307,22493,22309,23463,22274,14949,16143,10219,12485,3123,5444,1996,1892,14085,13070,16979,15367,18567,18202,21567,21389,22863,21703,14688,15851,10075,12302,3049,5315,190980,178999,23229,22635,35599,34658,12649,17,19
2021-11-12T23:59:59+01:00,2408,2303,15746,14343,18364,16608,19593,19196,22414,22225,23410,22233,14936,16128,10212,12477,3121,5440,1961,1865,14013,13012,16920,15320,18531,18171,21541,21369,22845,21690,14682,15845,10073,12299,3049,5314,189723,178564,23192,22615,35598,34658,12644,17,19
2021-11-11T23:59:59+01:00,2319,2217,15425,14102,18125,16407,19433,19028,22299,22097,23354,22169,14901,16099,10200,12459,3118,5435,1949,1848,13954,12974,16873,15291,18506,18150,21518,21339,22826,21674,14676,15839,10067,12295,3048,5313,187874,178227,23078,22599,35598,34658,12637,17,19
2021-11-10T23:59:59+01:00,2284,2193,15161,13895,17919,16230,19290,18895,22179,22002,23270,22107,14880,16070,10190,12444,3115,5430,1931,1829,13880,12923,16816,15245,18467,18119,21496,21322,22814,21659,14668,15829,10064,12290,3047,5310,186285,177807,23042,22597,35598,34658,12628,17,19
2021-11-09T23:59:59+01:00,2256,2166,15127,13861,17904,16202,19266,18868,22158,21987,23255,22098,14874,16066,10187,12440,3112,5426,1924,1824,13864,12907,16806,15230,18456,18108,21487,21311,22806,21655,14662,15825,10063,12287,3046,5309,186013,177694,23039,22597,35598,34658,12602,17,19
2021-11-08T23:59:59+01:00,2254,2154,15108,13841,17885,16182,19252,18855,22148,21970,23245,22089,14871,16065,10187,12437,3111,5425,1921,1818,13851,12881,16797,15220,18451,18100,21481,21304,22801,21647,14661,15825,10063,12286,3045,5307,185839,177586,23039,22594,35598,34658,12602,17,19
2021-11-07T23:59:59+01:00,2244,2148,15095,13826,17875,16177,19248,18846,22138,21965,23238,22082,14870,16062,10184,12434,3109,5424,1920,1816,13848,12876,16796,15218,18451,18092,21480,21300,22801,21645,14661,15825,10062,12286,3045,5307,185725,177556,23039,22594,35598,34658,12602,17,19
2021-11-06T23:59:59+01:00,2243,2147,15091,13826,17873,16174,19246,18846,22136,21965,23237,22081,14869,16062,10184,12434,3109,5424,1920,1816,13847,12874,16794,15217,18449,18091,21480,21298,22801,21645,14661,15825,10062,12286,3045,5307,185707,177545,23039,22594,35598,34658,12602,17,19
2021-11-05T23:59:59+01:00,2202,2097,14938,13714,17749,16056,19148,18775,22059,21905,23201,22050,14857,16043,10180,12431,3107,5422,1893,1790,13767,12819,16753,15192,18423,18063,21467,21284,22787,21636,14659,15818,10059,12284,3044,5305,184725,177185,23020,22591,35598,34658,12590,17,19
2021-11-04T23:59:59+01:00,2149,2052,14750,13584,17575,15935,19023,18675,21973,21834,23162,22022,14849,16034,10172,12424,3106,5419,1875,1763,13711,12763,16713,15151,18387,18020,21439,21265,22766,21620,14652,15808,10056,12282,3041,5302,183598,176791,22972,22577,35598,34658,12569,17,19
2021-11-03T23:59:59+01:00,2133,2029,14703,13543,17526,15899,19000,18651,21950,21807,23151,22009,14843,16033,10171,12423,3106,5419,1853,1742,13634,12715,16645,15102,18352,17984,21405,21239,22737,21600,14645,15797,10049,12275,3040,5299,183283,176313,22966,22575,35598,34658,12548,17,19
2021-11-02T23:59:59+01:00,2114,2019,14681,13522,17503,15875,18986,18636,21929,21795,23146,22005,14838,16030,10170,12423,3106,5417,1831,1730,13606,12682,16622,15083,18330,17961,21390,21226,22730,21583,14642,15794,10047,12270,3040,5299,183088,176070,22962,22573,35598,34658,12546,17,19
2021-11-01T23:59:59+01:00,2114,2015,14668,13515,17491,15866,18979,18632,21920,21786,23143,22002,14838,16030,10169,12421,3106,5417,1825,1726,13591,12667,16611,15077,18323,17955,21381,21222,22729,21579,14641,15793,10046,12268,3040,5299,183028,176002,22962,22571,35598,34658,12523,17,19
2021-10-31T23:59:59+01:00,2114,2015,14668,13515,17491,15866,18979,18632,21920,21786,23143,22002,14838,16029,10169,12421,3106,5417,1825,1726,13591,12667,16611,15077,18323,17955,21381,21222,22729,21579,14641,15793,10046,12268,3040,5299,183027,176002,22962,22571,35598,34658,12523,17,19
2021-10-30T23:59:59+02:00,2114,2015,14667,13515,17491,15866,18979,18632,21918,21786,23143,22002,14837,16028,10169,12420,3106,5417,1823,1725,13591,12667,16610,15077,18323,17954,21380,21221,22729,21579,14641,15792,10046,12268,3039,5299,183021,175993,22962,22571,35598,34658,12523,17,19
2021-10-29T23:59:59+02:00,2104,2002,14580,13458,17395,15816,18898,18598,21871,21757,23120,21985,14835,16024,10169,12419,3105,5417,1817,1723,13573,12655,16600,15066,18310,17947,21372,21213,22726,21571,14640,15791,10044,12267,3039,5299,182477,175888,22959,22570,35598,34658,12518,17,19
2021-10-28T23:59:59+02:00,2089,1975,14469,13373,17266,15740,18820,18542,21804,21703,23084,21963,14828,16018,10165,12418,3105,5411,1804,1711,13536,12625,16562,15035,18278,17917,21352,21192,22707,21560,14631,15782,10042,12261,3039,5298,181789,175660,22959,22569,35598,34658,12426,17,19
2021-10-27T23:59:59+02:00,2077,1971,14444,13357,17241,15717,18795,18526,21786,21693,23072,21958,14827,16011,10158,12410,3103,5411,1796,1706,13495,12588,16532,15018,18254,17897,21330,21179,22694,21553,14628,15773,10038,12256,3039,5296,181634,175459,22957,22569,35598,34658,12367,17,19
2021-10-26T23:59:59+02:00,2071,1966,14439,13350,17239,15709,18783,18520,21781,21691,23068,21956,14823,16011,10158,12410,3103,5410,1788,1700,13477,12565,16526,15007,18249,17890,21323,21173,22691,21551,14625,15771,10033,12253,3038,5296,181568,175344,22955,22569,35598,34658,12366,17,19
2021-10-25T23:59:59+02:00,2071,1966,14434,13347,17235,15708,18782,18517,21778,21690,23067,21956,14823,16011,10158,12409,3102,5410,1787,1700,13474,12564,16523,15006,18248,17888,21320,21172,22690,21551,14625,15771,10033,12252,3037,5296,181562,175343,22955,22569,35598,34658,12348,17,19
2021-10-24T23:59:59+02:00,2071,1964,14431,13346,17232,15708,18781,18516,21778,21690,23067,21955,14821,16011,10158,12409,3102,5409,1786,1700,13474,12564,16522,15006,18247,17888,21319,21172,22688,21549,14623,15768,10032,12249,3035,5287,181549,175316,22954,22569,35598,34658,12347,17,19
2021-10-23T23:59:59+02:00,2071,1964,14430,13346,17231,15707,18781,18516,21777,21690,23067,21955,14821,16011,10158,12409,3102,5408,1786,1700,13474,12564,16522,15006,18247,17888,21319,21172,22688,21549,14623,15768,10032,12249,3035,5287,181544,175316,22954,22569,35598,34658,12347,17,19
2021-10-22T23:59:59+02:00,2051,1937,14370,13303,17174,15657,18738,18484,21745,21664,23048,21944,14815,16004,10157,12409,3102,5407,1772,1686,13442,12537,16501,14987,18232,17869,21308,21155,22682,21541,14622,15764,10029,12248,3034,5286,181112,175109,22952,22563,35598,34658,12346,17,19
2021-10-21T23:59:59+02:00,2042,1921,14303,13264,17112,15613,18698,18452,21722,21637,23023,21928,14811,16002,10154,12404,3100,5404,1762,1672,13397,12515,16469,14957,18210,17843,21299,21144,22670,21524,14617,15758,10027,12240,3033,5285,180733,174874,22950,22563,35598,34658,12308,17,19
2021-10-20T23:59:59+02:00,2027,1910,14281,13252,17099,15594,18687,18437,21713,21629,23015,21925,14808,15997,10153,12398,3098,5402,1747,1648,13333,12463,16435,14921,18184,17802,21286,21124,22651,21508,14611,15747,10021,12235,3031,5280,180573,174484,22950,22563,35598,34658,12303,17,19
2021-10-19T23:59:59+02:00,2013,1900,14265,13238,17088,15580,18682,18431,21707,21624,23006,21919,14803,15989,10150,12396,3098,5401,1736,1646,13311,12435,16420,14898,18174,17789,21273,21112,22642,21498,14610,15738,10015,12232,3029,5279,180461,174317,22950,22563,35598,34658,12280,17,19
2021-10-18T23:59:59+02:00,1999,1887,14246,13214,17072,15570,18677,18425,21700,21615,23001,21916,14799,15986,10150,12395,3098,5400,1727,1635,13288,12402,16403,14870,18159,17780,21264,21104,22636,21497,14604,15738,10010,12226,3027,5278,180345,174168,22949,22546,35598,34658,12257,17,19
2021-10-17T23:59:59+02:00,1998,1885,14246,13212,17072,15570,18677,18423,21698,21610,23001,21913,14799,15983,10150,12394,3097,5400,1726,1632,13287,12397,16397,14866,18157,17774,21261,21099,22634,21494,14603,15737,10009,12224,3025,5275,180323,174117,22949,22546,35598,34658,12257,17,19
2021-10-16T23:59:59+02:00,1998,1885,14246,13212,17072,15570,18677,18423,21698,21610,23001,21913,14799,15983,10150,12394,3097,5400,1726,1632,13287,12397,16397,14865,18157,17774,21261,21099,22634,21494,14602,15737,10009,12224,3025,5275,180323,174115,22949,22546,35598,34658,12257,17,19
2021-10-15T23:59:59+02:00,1991,1872,14204,13178,17040,15541,18657,18405,21682,21598,22992,21906,14798,15979,10149,12390,3097,5398,1682,1604,13221,12331,16349,14813,18122,17745,21233,21067,22613,21476,14591,15724,10005,12217,3024,5270,180100,173643,22929,22518,35598,34658,12249,17,19
2021-10-14T23:59:59+02:00,1979,1859,14150,13140,16992,15498,18628,18377,21659,21585,22978,21892,14788,15969,10147,12387,3093,5393,1623,1553,13105,12202,16292,14732,18059,17672,21193,21017,22580,21436,14575,15708,9998,12205,3022,5265,179761,172865,22909,22451,35598,34658,12245,17,18
2021-10-13T23:59:59+02:00,1969,1848,14119,13104,16970,15463,18604,18357,21648,21575,22966,21886,14783,15962,10145,12384,3093,5389,1602,1535,13060,12148,16250,14674,18021,17629,21174,20996,22560,21420,14565,15696,9993,12199,3018,5259,179543,172458,22909,22451,35598,34658,12214,17,18
2021-10-12T23:59:59+02:00,1962,1839,14096,13093,16952,15451,18598,18345,21641,21568,22961,21878,14780,15960,10145,12382,3093,5388,1594,1520,13033,12120,16228,14652,18008,17614,21165,20987,22550,21414,14557,15691,9991,12198,3017,5257,179439,172284,22909,22451,35598,34658,12185,17,18
2021-10-11T23:59:59+02:00,1949,1834,14076,13068,16944,15447,18591,18334,21635,21562,22955,21873,14778,15958,10144,12379,3093,5387,1590,1509,13004,12098,16210,14630,17990,17589,21154,20971,22546,21403,14552,15687,9987,12195,3017,5256,179319,172081,22909,22451,35598,34658,12180,17,18
2021-10-10T23:59:59+02:00,1945,1833,14069,13061,16933,15444,18584,18328,21633,21559,22952,21869,14777,15957,10144,12379,3093,5387,1586,1503,12992,12083,16193,14624,17982,17582,21152,20967,22540,21395,14549,15682,9986,12192,3016,5255,179288,172002,22909,22450,35598,34658,12151,17,18
2021-10-09T23:59:59+02:00,1945,1833,14068,13060,16932,15444,18584,18328,21633,21558,22952,21869,14777,15957,10144,12379,3093,5387,1586,1503,12992,12083,16193,14624,17982,17582,21152,20967,22540,21395,14549,15682,9986,12192,3016,5255,179284,172002,22909,22450,35598,34658,12151,17,18
2021-10-08T23:59:59+02:00,1932,1820,14015,13033,16903,15430,18565,18307,21613,21541,22938,21855,14772,15955,10139,12377,3093,5386,1563,1480,12945,12043,16166,14592,17948,17552,21127,20931,22521,21384,14545,15675,9984,12186,3016,5252,179015,171634,22909,22449,35598,34658,12151,17,18
2021-10-07T23:59:59+02:00,1910,1802,13966,12985,16863,15402,18532,18276,21586,21519,22919,21844,14767,15947,10133,12370,3092,5383,1530,1435,12878,11959,16113,14525,17902,17506,21092,20890,22502,21363,14532,15659,9975,12176,3015,5246,178650,171035,22909,22449,35598,34658,12138,17,18
2021-10-06T23:59:59+02:00,1902,1794,13924,12944,16858,15396,18529,18269,21583,21514,22912,21837,14764,15943,10131,12367,3091,5383,1513,1426,12843,11928,16108,14501,17894,17489,21080,20884,22497,21360,14531,15651,9973,12173,3015,5244,178502,170851,22906,22449,35598,34658,12134,17,18
2021-10-05T23:59:59+02:00,1888,1780,13890,12912,16827,15367,18501,18255,21563,21496,22905,21825,14752,15933,10127,12361,3091,5382,1496,1408,12782,11868,16060,14453,17855,17453,21055,20857,22477,21335,14518,15638,9972,12167,3013,5242,178295,170470,22904,22446,35598,34658,12057,17,18
2021-10-04T23:59:59+02:00,1875,1767,13867,12883,16812,15356,18490,18239,21554,21489,22897,21816,14748,15930,10124,12360,3091,5381,1490,1392,12737,11837,16032,14422,17841,17433,21043,20838,22473,21322,14513,15629,9971,12163,3011,5239,178150,170238,22904,22446,35598,34658,12026,17,18
2021-10-03T23:59:59+02:00,1874,1767,13865,12882,16811,15353,18490,18238,21552,21488,22896,21816,14748,15930,10124,12360,3091,5380,1490,1392,12736,11834,16027,14419,17840,17430,21042,20835,22473,21320,14513,15629,9969,12163,3011,5238,178139,170218,22904,22446,35598,34657,12023,17,17
2021-10-02T23:59:59+02:00,1873,1767,13864,12882,16811,15353,18490,18238,21552,21486,22895,21816,14748,15929,10124,12360,3090,5380,1490,1392,12735,11834,16027,14419,17840,17430,21042,20835,22473,21320,14513,15628,9969,12162,3011,5238,178132,170215,22904,22446,35598,34657,12023,17,17
2021-10-01T23:59:59+02:00,1865,1755,13827,12851,16772,15330,18466,18212,21531,21464,22879,21812,14744,15928,10121,12358,3089,5379,1478,1384,12702,11810,15995,14392,17817,17410,21019,20820,22458,21311,14509,15627,9967,12161,3010,5238,177913,170020,22903,22446,35598,34657,11968,17,17
2021-09-30T23:59:59+02:00,1847,1737,13756,12808,16710,15282,18431,18171,21503,21442,22855,21791,14730,15920,10119,12351,3087,5377,1458,1351,12622,11748,15934,14326,17790,17360,20980,20793,22426,21296,14490,15612,9962,12154,3009,5236,177559,169571,22903,22446,35598,34657,11856,17,17
2021-09-29T23:59:59+02:00,1836,1725,13703,12770,16670,15247,18402,18141,21480,21424,22840,21771,14724,15912,10115,12345,3085,5376,1445,1336,12579,11712,15898,14285,17766,17335,20965,20776,22419,21289,14489,15606,9960,12148,3008,5233,177266,169331,22903,22446,35598,34657,11798,17,17
2021-09-28T23:59:59+02:00,1827,1721,13691,12742,16664,15235,18390,18131,21472,21415,22835,21769,14722,15906,10111,12342,3082,5372,1416,1313,12542,11675,15877,14264,17750,17315,20950,20761,22413,21280,14486,15603,9960,12144,3006,5231,177128,169071,22903,22446,35598,34657,11795,17,17
2021-09-27T23:59:59+02:00,1820,1715,13674,12711,16651,15215,18379,18117,21459,21406,22831,21761,14720,15901,10108,12339,3080,5371,1404,1303,12529,11643,15853,14250,17739,17303,20946,20755,22407,21274,14481,15595,9959,12142,3005,5228,176966,168906,22901,22446,35598,34657,11790,17,17
2021-09-26T23:59:59+02:00,1811,1712,13658,12696,16640,15206,18370,18112,21453,21392,22821,21757,14719,15897,10105,12332,3077,5366,1403,1298,12517,11633,15846,14246,17734,17302,20944,20751,22405,21272,14480,15594,9957,12140,3004,5228,176835,168848,22901,22445,35598,34657,11787,17,17
2021-09-25T23:59:59+02:00,1811,1712,13658,12696,16640,15206,18370,18112,21453,21392,22821,21757,14719,15897,10105,12332,3077,5366,1403,1298,12517,11632,15846,14246,17734,17302,20944,20751,22405,21272,14480,15594,9957,12140,3004,5228,176835,168847,22901,22445,35598,34657,11787,17,17
2021-09-24T23:59:59+02:00,1799,1706,13621,12640,16605,15169,18345,18091,21431,21369,22803,21747,14715,15892,10103,12329,3077,5365,1387,1284,12486,11589,15816,14213,17713,17275,20924,20737,22389,21260,14472,15585,9951,12134,3003,5226,176594,168613,22900,22445,35598,34657,11712,17,17
2021-09-23T23:59:59+02:00,1775,1686,13562,12579,16554,15110,18302,18051,21394,21337,22782,21717,14707,15882,10100,12322,3076,5358,1378,1277,12449,11559,15793,14186,17692,17261,20899,20724,22373,21248,14463,15576,9944,12131,3002,5222,176146,168411,22900,22445,35598,34657,11647,17,17
2021-09-22T23:59:59+02:00,1762,1671,13507,12533,16526,15077,18283,18015,21383,21316,22769,21707,14692,15873,10095,12318,3071,5354,1374,1272,12410,11535,15768,14166,17673,17233,20890,20702,22363,21237,14454,15564,9941,12126,3002,5222,175810,168171,22899,22445,35598,34657,11642,17,17
2021-09-21T23:59:59+02:00,1756,1667,13471,12511,16492,15049,18265,17985,21370,21297,22762,21698,14689,15864,10086,12315,3070,5349,1370,1265,12381,11512,15751,14141,17656,17209,20878,20691,22357,21227,14452,15559,9940,12120,3001,5221,175627,168046,22899,22443,35598,34657,11568,17,17
2021-09-20T23:59:59+02:00,1749,1661,13451,12485,16474,15025,18245,17970,21354,21287,22760,21691,14682,15857,10084,12307,3070,5347,1367,1261,12370,11500,15746,14126,17646,17199,20873,20684,22356,21222,14446,15550,9938,12118,3001,5219,175489,167986,22884,22438,35598,34657,11524,17,17
2021-09-19T23:59:59+02:00,1746,1655,13433,12469,16450,15002,18230,17966,21347,21279,22751,21681,14673,15852,10080,12302,3068,5342,1366,1261,12364,11497,15730,14109,17634,17197,20868,20678,22349,21218,14438,15548,9936,12114,3000,5218,175404,167977,22884,22437,35597,34657,11437,17,17
2021-09-18T23:59:59+02:00,1746,1652,13423,12464,16444,14996,18225,17960,21346,21277,22749,21680,14673,15852,10080,12302,3068,5341,1289,1186,12226,11325,15654,13997,17577,17126,20823,20640,22325,21190,14427,15533,9926,12102,3000,5216,175362,167020,22884,22437,35597,34657,11431,17,17
2021-09-17T23:59:59+02:00,1703,1605,13314,12365,16384,14913,18166,17896,21303,21228,22720,21654,14662,15836,10072,12290,3066,5335,1282,1181,12178,11277,15615,13965,17523,17075,20809,20616,22309,21172,14423,15521,9921,12096,2999,5215,174752,166932,22781,22194,35597,34657,11377,17,17
2021-09-16T23:59:59+02:00,1669,1561,13224,12269,16328,14831,18106,17835,21259,21173,22690,21618,14647,15817,10056,12278,3063,5331,1273,1176,12150,11253,15600,13948,17502,17051,20806,20598,22300,21161,14421,15517,9917,12094,2999,5214,174036,166776,22781,22194,35597,34657,11336,17,17
2021-09-15T23:59:59+02:00,1648,1543,13173,12231,16293,14800,18081,17800,21237,21147,22680,21605,14639,15804,10046,12271,3059,5321,1271,1168,12124,11236,15572,13925,17487,17023,20791,20583,22289,21149,14413,15512,9913,12093,2999,5210,173733,166628,22781,22194,35597,34657,11262,17,17
2021-09-14T23:59:59+02:00,1637,1531,13127,12194,16269,14776,18057,17773,21228,21125,22665,21596,14633,15793,10036,12263,3058,5320,1259,1161,12093,11199,15552,13902,17463,16996,20777,20567,22280,21134,14402,15506,9906,12093,2999,5209,173483,166414,22780,22194,35597,34657,11216,17,17
2021-09-13T23:59:59+02:00,1622,1514,13064,12145,16232,14738,18024,17738,21207,21100,22644,21579,14625,15788,10031,12255,3057,5319,1250,1155,12055,11168,15528,13877,17448,16983,20765,20553,22260,21128,14399,15498,9903,12087,2997,5207,173158,166250,22780,22194,35596,34657,11143,17,17
2021-09-12T23:59:59+02:00,1622,1512,13063,12142,16229,14738,18023,17734,21205,21099,22643,21577,14625,15787,10028,12251,3057,5315,1250,1155,12052,11164,15526,13877,17447,16982,20765,20553,22260,21127,14398,15498,9903,12086,2997,5207,173130,166239,22780,22194,35596,34657,11140,16,17
2021-09-11T23:59:59+02:00,1622,1512,13063,12142,16229,14738,18022,17734,21205,21099,22643,21576,14625,15787,10028,12251,3057,5315,1250,1155,12051,11164,15526,13877,17446,16982,20765,20553,22260,21127,14398,15498,9903,12086,2997,5207,173129,166238,22780,22194,35596,34657,11139,16,17
2021-09-10T23:59:59+02:00,1587,1479,13013,12100,16186,14690,17989,17696,21172,21063,22615,21558,14617,15773,10024,12246,3056,5312,1249,1154,12045,11154,15515,13865,17436,16977,20754,20542,22254,21122,14393,15490,9901,12082,2997,5204,172733,166204,22780,22193,35596,34657,11063,16,17
2021-09-09T23:59:59+02:00,1543,1425,12904,12012,16111,14593,17935,17631,21123,21016,22579,21528,14594,15745,10012,12236,3054,5309,1233,1132,12005,11116,15486,13834,17415,16948,20737,20524,22232,21107,14387,15479,9896,12076,2994,5204,171990,165958,22778,22192,35596,34656,10982,16,17
2021-09-08T23:59:59+02:00,1524,1412,12865,11966,16088,14562,17908,17598,21102,20997,22565,21515,14589,15735,10008,12229,3054,5306,1217,1125,11967,11072,15462,13806,17389,16921,20716,20504,22213,21086,14374,15471,9887,12069,2992,5202,171769,165732,22778,22191,35596,34656,10877,15,17
2021-09-07T23:59:59+02:00,1492,1384,12785,11896,16012,14516,17863,17547,21070,20976,22543,21488,14576,15727,10008,12223,3052,5301,1208,1115,11918,11037,15414,13783,17359,16899,20692,20484,22200,21071,14361,15465,9887,12064,2991,5202,171326,165532,22774,22185,35596,34656,10760,15,17
2021-09-06T23:59:59+02:00,1478,1362,12758,11867,15991,14489,17855,17533,21056,20964,22534,21480,14570,15717,10008,12218,3051,5298,1207,1112,11909,11023,15411,13772,17355,16895,20690,20482,22194,21068,14358,15463,9887,12060,2991,5202,171097,165461,22773,22185,35596,34656,10760,15,17
2021-09-05T23:59:59+02:00,1478,1361,12758,11864,15989,14487,17851,17531,21056,20963,22532,21479,14570,15715,10005,12217,3051,5298,1207,1112,11907,11023,15410,13770,17353,16893,20688,20482,22193,21068,14358,15463,9887,12060,2991,5201,171077,165452,22773,22185,35596,34656,10756,15,17
2021-09-04T23:59:59+02:00,1478,1361,12758,11864,15989,14487,17851,17531,21056,20962,22532,21479,14570,15714,10005,12217,3051,5298,1207,1112,11907,11023,15410,13770,17353,16893,20688,20481,22193,21068,14358,15462,9887,12060,2991,5201,171077,165452,22773,22185,35596,34656,10754,15,17
2021-09-03T23:59:59+02:00,1455,1333,12695,11800,15955,14440,17813,17496,21024,20934,22509,21454,14555,15700,9999,12208,3048,5296,1160,1047,11803,10930,15360,13709,17324,16850,20659,20457,22171,21049,14345,15454,9882,12052,2990,5200,170704,164951,22773,22185,35596,34651,10638,15,17
2021-09-02T23:59:59+02:00,1445,1324,12644,11773,15907,14400,17787,17463,20995,20911,22489,21442,14547,15677,9990,12202,3046,5294,1150,1046,11772,10908,15331,13682,17301,16825,20639,20441,22160,21040,14342,15439,9878,12048,2989,5198,170471,164843,22773,22185,35596,34651,10493,15,17
2021-09-01T23:59:59+02:00,1438,1320,12613,11751,15892,14375,17780,17450,20992,20908,22484,21439,14545,15670,9988,12198,3045,5292,1145,1043,11761,10889,15322,13670,17292,16818,20634,20435,22156,21033,14340,15439,9877,12046,2989,5198,170321,164746,22772,22185,35596,34651,10488,15,17
2021-08-31T23:59:59+02:00,1425,1305,12559,11715,15863,14327,17753,17425,20967,20893,22462,21429,14538,15666,9987,12193,3044,5292,1141,1037,11713,10855,15291,13630,17265,16782,20611,20415,22131,21018,14335,15438,9872,12043,2988,5197,170143,164582,22772,22184,35596,34651,10328,15,17
2021-08-30T23:59:59+02:00,1418,1303,12546,11688,15846,14311,17738,17413,20945,20874,22452,21418,14531,15661,9983,12188,3044,5290,1129,1026,11677,10816,15261,13602,17253,16758,20588,20400,22123,21008,14329,15435,9868,12038,2988,5196,170068,164434,22772,22184,35596,34651,10209,15,17
2021-08-29T23:59:59+02:00,1418,1303,12544,11688,15843,14311,17737,17413,20944,20874,22452,21418,14531,15661,9983,12188,3044,5290,1128,1026,11676,10814,15257,13601,17253,16758,20586,20400,22123,21008,14329,15435,9868,12038,2988,5196,170063,164425,22772,22184,35596,34651,10207,15,17
2021-08-28T23:59:59+02:00,1418,1303,12544,11688,15843,14311,17737,17413,20944,20874,22452,21418,14531,15661,9983,12188,3044,5290,1128,1026,11675,10814,15257,13601,17252,16758,20586,20400,22123,21008,14329,15435,9868,12038,2988,5196,170063,164423,22772,22184,35596,34651,10207,15,17
2021-08-27T23:59:59+02:00,1417,1297,12519,11669,15819,14289,17718,17390,20924,20865,22435,21404,14525,15655,9979,12182,3043,5288,1125,1023,11659,10803,15235,13585,17237,16742,20569,20392,22107,20995,14323,15430,9862,12031,2987,5194,169994,164396,22772,22184,35596,34650,10052,15,17
2021-08-26T23:59:59+02:00,1413,1293,12481,11643,15782,14261,17691,17376,20897,20845,22420,21391,14516,15650,9975,12176,3042,5286,1113,1010,11596,10737,15175,13532,17195,16713,20537,20365,22090,20973,14309,15417,9854,12027,2984,5192,169909,164112,22772,22183,35596,34650,9857,15,17
2021-08-25T23:59:59+02:00,1407,1290,12464,11626,15762,14246,17678,17360,20889,20835,22414,21380,14514,15643,9974,12173,3041,5286,1096,996,11534,10675,15123,13491,17174,16682,20526,20348,22075,20962,14304,15410,9851,12025,2982,5189,169780,163763,22772,22183,35596,34650,9830,15,17
2021-08-24T23:59:59+02:00,1399,1281,12436,11604,15734,14211,17661,17343,20873,20821,22397,21367,14508,15631,9969,12164,3037,5284,1089,990,11501,10652,15089,13452,17148,16666,20505,20325,22050,20952,14296,15398,9845,12017,2981,5187,169677,163622,22772,22183,35596,34650,9671,15,17
2021-08-23T23:59:59+02:00,1397,1277,12407,11587,15703,14185,17628,17325,20843,20811,22381,21353,14491,15618,9966,12160,3036,5283,1075,984,11434,10595,15028,13399,17102,16637,20469,20301,22028,20934,14276,15387,9840,12010,2980,5185,169637,163372,22771,22182,35596,34650,9443,15,17
2021-08-22T23:59:59+02:00,1396,1277,12406,11584,15700,14184,17628,17325,20842,20809,22380,21353,14489,15618,9966,12160,3036,5283,1074,984,11434,10591,15025,13397,17101,16635,20468,20301,22027,20934,14275,15387,9840,12010,2980,5185,169625,163360,22771,22181,35596,34650,9440,15,17
2021-08-21T23:59:59+02:00,1317,1202,12247,11391,15622,14059,17565,17238,20800,20767,22348,21309,14479,15602,9958,12147,3035,5279,1044,958,11337,10500,14961,13343,17064,16592,20437,20276,22004,20904,14263,15375,9833,11999,2978,5181,168557,162771,22771,22174,35596,34650,9437,15,17
2021-08-20T23:59:59+02:00,1311,1202,12224,11364,15606,14044,17542,17219,20793,20757,22339,21302,14476,15594,9958,12144,3035,5279,1036,953,11230,10425,14870,13268,16963,16484,20376,20221,21969,20871,14251,15356,9824,11994,2977,5181,168553,162687,22603,21476,35596,34636,9433,15,17
2021-08-19T23:59:59+02:00,1307,1198,12157,11313,15510,13994,17464,17164,20741,20718,22302,21259,14458,15579,9949,12131,3034,5275,1024,940,11126,10327,14760,13193,16862,16407,20316,20173,21929,20819,14228,15341,9815,11981,2975,5174,168436,162349,22603,21476,35596,34635,8913,15,17
2021-08-18T23:59:59+02:00,1300,1196,12136,11299,15499,13982,17457,17154,20731,20707,22300,21251,14456,15574,9947,12130,3034,5275,1012,934,11084,10287,14729,13168,16831,16379,20301,20160,21918,20815,14221,15334,9814,11980,2975,5174,168317,162081,22603,21476,35596,34635,8907,15,17
2021-08-17T23:59:59+02:00,1291,1190,12103,11274,15470,13956,17436,17129,20712,20696,22291,21236,14448,15569,9939,12127,3033,5274,998,922,10988,10219,14674,13110,16787,16336,20270,20136,21896,20792,14214,15326,9807,11970,2972,5174,168161,161657,22603,21474,35596,34634,8809,15,17
2021-08-16T23:59:59+02:00,1288,1186,12079,11249,15450,13934,17420,17113,20688,20672,22272,21227,14438,15558,9937,12124,3031,5273,978,904,10919,10146,14613,13046,16748,16298,20232,20101,21872,20772,14197,15313,9802,11956,2967,5171,168099,161275,22603,21473,35596,34634,8636,15,17
2021-08-15T23:59:59+02:00,1287,1186,12076,11248,15448,13932,17419,17112,20687,20671,22270,21226,14438,15558,9937,12124,3031,5272,977,904,10917,10136,14601,13040,16744,16296,20229,20100,21872,20772,14197,15313,9802,11956,2967,5171,168083,161236,22603,21472,35596,34634,8635,15,17
2021-08-14T23:59:59+02:00,1287,1186,12076,11247,15448,13932,17419,17112,20687,20671,22270,21226,14438,15558,9937,12124,3031,5272,964,900,10882,10101,14574,13017,16728,16279,20223,20091,21867,20768,14197,15313,9802,11956,2966,5171,168083,161041,22603,21472,35595,34634,8635,15,17
2021-08-13T23:59:59+02:00,1219,1112,11983,11142,15410,13888,17387,17066,20658,20645,22244,21202,14430,15547,9930,12117,3030,5270,942,890,10810,10040,14530,12958,16687,16242,20206,20069,21849,20753,14191,15300,9798,11948,2965,5170,167532,160681,22603,21471,35595,34634,8545,15,17
2021-08-12T23:59:59+02:00,1216,1107,11961,11132,15383,13868,17364,17037,20635,20629,22221,21178,14419,15535,9922,12109,3030,5267,928,877,10737,9970,14473,12893,16636,16197,20177,20046,21817,20723,14178,15285,9788,11936,2963,5166,167449,160308,22603,21470,35595,34634,8361,15,17
2021-08-11T23:59:59+02:00,1204,1100,11939,11108,15369,13858,17348,17024,20626,20619,22215,21168,14411,15530,9913,12104,3029,5265,884,852,10627,9864,14392,12804,16600,16152,20143,20018,21793,20711,14165,15270,9776,11923,2961,5162,167266,159619,22603,21467,35595,34633,8361,15,17
2021-08-10T23:59:59+02:00,1204,1088,11915,11091,15345,13842,17327,17010,20609,20605,22198,21156,14400,15525,9911,12100,3029,5263,872,841,10572,9811,14345,12768,16562,16129,20118,19995,21769,20689,14151,15258,9773,11920,2961,5158,167181,159341,22603,21467,35595,34633,8234,15,17
2021-08-09T23:59:59+02:00,1200,1081,11883,11061,15325,13823,17311,16990,20597,20595,22180,21146,14389,15521,9907,12094,3029,5261,863,827,10520,9752,14302,12733,16528,16098,20100,19979,21751,20681,14138,15250,9765,11913,2961,5153,167061,159069,22603,21467,35595,34632,8129,15,17
2021-08-08T23:59:59+02:00,1196,1080,11879,11056,15322,13822,17307,16987,20594,20591,22178,21145,14389,15519,9906,12093,3029,5261,863,827,10516,9751,14298,12727,16524,16095,20099,19978,21749,20680,14136,15250,9765,11913,2961,5153,167022,159043,22603,21464,35595,34632,8129,15,17
2021-08-07T23:59:59+02:00,1196,1080,11877,11054,15320,13817,17306,16985,20593,20589,22177,21145,14389,15518,9906,12092,3029,5261,863,827,10515,9750,14297,12726,16524,16093,20098,19977,21749,20677,14135,15250,9765,11913,2961,5153,167002,159031,22603,21464,35595,34632,8129,15,17
2021-08-06T23:59:59+02:00,1194,1078,11859,11044,15291,13804,17281,16970,20573,20571,22166,21135,14386,15514,9904,12088,3029,5261,863,827,10496,9739,14263,12713,16499,16077,20078,19962,21738,20668,14131,15246,9763,11909,2961,5153,166988,159019,22603,21463,35595,34631,7956,15,17
2021-08-05T23:59:59+02:00,1185,1069,11818,11012,15257,13781,17253,16936,20543,20551,22135,21116,14373,15495,9899,12080,3025,5260,863,827,10469,9726,14233,12693,16479,16057,20046,19947,21713,20653,14120,15235,9758,11904,2958,5152,166845,158988,22603,21460,35595,34630,7738,15,17
2021-08-04T23:59:59+02:00,1172,1060,11789,10980,15244,13764,17238,16923,20532,20539,22124,21103,14366,15490,9895,12078,3024,5259,862,827,10459,9710,14219,12683,16464,16050,20036,19939,21707,20651,14117,15234,9757,11904,2957,5151,166640,158911,22601,21431,35594,34630,7738,15,17
2021-08-03T23:59:59+02:00,1166,1055,11746,10946,15206,13739,17214,16891,20510,20519,22103,21081,14354,15472,9891,12075,3023,5258,861,822,10421,9690,14186,12666,16445,16030,20018,19927,21689,20638,14110,15216,9753,11902,2957,5151,166507,158868,22601,21429,35594,34628,7540,15,17
2021-08-02T23:59:59+02:00,1163,1053,11727,10929,15185,13717,17198,16872,20492,20509,22094,21070,14343,15461,9885,12073,3023,5256,861,821,10402,9675,14166,12643,16429,16011,19998,19918,21681,20626,14101,15204,9747,11900,2957,5149,166457,158826,22601,21428,35594,34627,7391,15,17
2021-08-01T23:59:59+02:00,1163,1053,11726,10925,15185,13717,17197,16871,20492,20508,22092,21070,14343,15460,9885,12073,3023,5255,861,821,10401,9674,14160,12642,16426,16011,19998,19917,21680,20625,14101,15204,9747,11900,2957,5149,166446,158814,22600,21426,35594,34626,7391,15,17
2021-07-31T23:59:59+02:00,1163,1053,11726,10925,15185,13717,17197,16871,20492,20508,22092,21070,14343,15460,9885,12073,3023,5255,861,821,10401,9673,14156,12639,16426,16011,19997,19915,21680,20625,14101,15204,9747,11900,2957,5149,166446,158804,22600,21425,35594,34626,7391,15,17
2021-07-30T23:59:59+02:00,1163,1053,11692,10911,15151,13694,17162,16843,20465,20489,22054,21051,14326,15452,9879,12065,3022,5254,861,819,10368,9661,14122,12615,16391,15983,19970,19896,21642,20605,14083,15196,9741,11892,2956,5148,166442,158800,22600,21425,35594,34624,7083,15,17
2021-07-29T23:59:59+02:00,1151,1045,11660,10881,15128,13672,17152,16830,20457,20478,22045,21045,14323,15451,9876,12063,3019,5253,860,817,10363,9652,14102,12607,16379,15974,19967,19894,21637,20604,14081,15193,9741,11892,2956,5148,166251,158727,22600,21423,35594,34623,7077,15,17
2021-07-28T23:59:59+02:00,1136,1039,11625,10836,15099,13642,17133,16811,20449,20465,22034,21037,14319,15449,9873,12061,3018,5252,859,816,10351,9642,14080,12591,16367,15964,19959,19890,21634,20602,14080,15191,9741,11891,2956,5148,166024,158648,22599,21422,35594,34621,7054,15,17
2021-07-27T23:59:59+02:00,1133,1038,11601,10821,15076,13624,17114,16801,20436,20446,22016,21017,14310,15436,9866,12057,3017,5250,858,816,10325,9632,14054,12567,16349,15953,19945,19871,21617,20581,14072,15179,9734,11887,2955,5147,165997,158620,22599,21422,35594,34621,6862,15,17
2021-07-26T23:59:59+02:00,1127,1026,11546,10760,15031,13586,17086,16779,20401,20415,21987,21001,14293,15427,9859,12049,3017,5249,858,814,10287,9606,14020,12537,16323,15937,19907,19836,21566,20552,14054,15169,9726,11878,2955,5146,165825,158557,22598,21421,35594,34561,6615,15,17
2021-07-25T23:59:59+02:00,1126,1025,11544,10756,15027,13585,17085,16778,20400,20415,21987,21001,14292,15427,9859,12049,3017,5249,858,814,10284,9593,14014,12530,16318,15935,19905,19836,21566,20552,14054,15169,9726,11878,2955,5145,165811,158522,22595,21417,35594,34561,6615,15,17
2021-07-24T23:59:59+02:00,1126,1025,11541,10754,15025,13583,17085,16777,20398,20413,21987,21000,14292,15427,9859,12049,3017,5249,858,814,10165,9484,13846,12388,15895,15569,19755,19713,21548,20526,14040,15154,9719,11870,2955,5144,165804,158500,22589,19752,35594,34561,6613,15,17
2021-07-23T23:59:59+02:00,1102,1012,11427,10680,14941,13523,17032,16722,20356,20360,21948,20963,14276,15407,9848,12041,3015,5248,785,744,8424,8119,12442,11282,15403,15130,19463,19388,21333,20335,13962,15070,9661,11820,2950,5140,165384,150855,22589,19751,35594,34504,6324,15,17
2021-07-22T23:59:59+02:00,1080,1005,11359,10612,14883,13475,16994,16696,20336,20329,21931,20938,14251,15392,9831,12031,3013,5245,706,670,7897,7646,11819,10782,14682,14527,19268,19216,21174,20159,13883,14984,9629,11771,2941,5128,165028,146446,22589,19749,35594,34491,6179,15,17
2021-07-21T23:59:59+02:00,1067,996,11314,10562,14844,13442,16963,16667,20318,20310,21913,20927,14240,15387,9829,12023,3011,5243,706,670,7892,7638,11805,10772,14675,14525,19261,19215,21119,20122,13880,14982,9629,11770,2940,5126,164688,146407,22589,19740,35594,34389,6174,15,17
2021-07-20T23:59:59+02:00,1054,981,11263,10522,14813,13415,16930,16650,20293,20290,21887,20909,14229,15374,9827,12017,3010,5242,706,670,7881,7632,11791,10764,14668,14518,19251,19211,21111,20118,13879,14980,9629,11770,2940,5126,164380,146375,22589,19740,35594,34381,6132,15,17
2021-07-19T23:59:59+02:00,1041,965,11213,10472,14784,13381,16908,16631,20273,20270,21874,20901,14223,15370,9823,12008,3008,5238,706,670,7876,7629,11785,10760,14664,14517,19248,19211,21097,20102,13877,14978,9628,11768,2940,5126,164060,146348,22589,19738,35594,34350,6129,15,17
2021-07-18T23:59:59+02:00,1041,965,11212,10472,14784,13379,16906,16629,20273,20268,21874,20901,14222,15370,9823,12008,3008,5238,706,670,7873,7625,11776,10753,14660,14514,19246,19210,21086,20097,13877,14978,9628,11768,2940,5126,164050,146319,22589,19737,35594,34331,6129,15,17
2021-07-17T23:59:59+02:00,1039,965,11166,10445,14725,13335,16868,16600,20237,20254,21848,20878,14211,15357,9820,12005,3008,5237,706,670,7797,7566,11632,10622,14467,14347,18818,18890,20887,19922,13849,14937,9613,11745,2937,5120,164021,146311,22582,18075,35593,34331,5791,15,17
2021-07-16T23:59:59+02:00,1018,948,10973,10306,14621,13236,16767,16522,20160,20189,21796,20830,14184,15332,9805,11998,3004,5232,691,649,7526,7366,10707,9990,14000,14036,18592,18694,20025,19263,13683,14723,9504,11613,2921,5096,163696,142877,22044,18065,35593,32544,5576,15,17
2021-07-15T23:59:59+02:00,994,932,10916,10243,14583,13204,16742,16501,20145,20172,21786,20821,14179,15328,9800,11994,3004,5228,686,642,7100,6997,8474,8251,13537,13643,18531,18635,19883,19126,13550,14581,9451,11551,2920,5086,163356,136493,22043,18060,35593,32506,5568,15,17
2021-07-14T23:59:59+02:00,968,914,10839,10157,14517,13143,16703,16456,20108,20136,21760,20799,14165,15315,9787,11979,3000,5226,643,602,6555,6543,7385,7384,12964,13194,18433,18541,19776,19037,13520,14544,9434,11534,2918,5083,162861,132111,22043,18056,35593,32443,5463,15,17
2021-07-13T23:59:59+02:00,949,893,10758,10085,14471,13099,16676,16425,20085,20115,21749,20786,14158,15304,9784,11972,2998,5224,643,602,6305,6266,6925,6996,12650,12926,18416,18519,19731,19000,13405,14435,9431,11530,2918,5080,162426,132066,22040,15797,35593,32438,5460,15,17
2021-07-12T23:59:59+02:00,929,881,10704,10035,14424,13054,16634,16395,20070,20103,21742,20780,14156,15298,9780,11968,2998,5221,634,596,6166,6172,6767,6876,12355,12680,17719,17952,19633,18920,13371,14408,9413,11508,2918,5076,162128,129520,22039,15793,35593,32434,5400,15,17
2021-07-11T23:59:59+02:00,929,881,10703,10034,14422,13053,16633,16395,20069,20103,21742,20780,14155,15298,9780,11968,2998,5221,634,596,6162,6168,6764,6873,12354,12680,17719,17952,19632,18919,13370,14408,9413,11507,2917,5074,162124,129509,22039,15793,35593,32427,5396,15,17
2021-07-10T23:59:59+02:00,926,876,10696,10021,14415,13046,16626,16395,20067,20096,21736,20775,14155,15297,9780,11968,2998,5221,634,595,6155,6160,6754,6868,12351,12676,17718,17947,19627,18916,13369,14408,9413,11507,2917,5074,162058,129459,22038,15793,35593,32427,5393,15,17
2021-07-09T23:59:59+02:00,912,860,10646,9978,14381,13018,16590,16365,20032,20074,21708,20753,14136,15282,9765,11960,2997,5218,24,17,5345,5426,6621,6768,12191,12572,17486,17842,19420,18784,13305,14335,9386,11488,2914,5071,161874,126553,22037,15793,35593,31474,5158,15,17
2021-07-08T23:59:59+02:00,910,860,10586,9934,14295,12963,16525,16315,19981,20027,21680,20729,14121,15265,9759,11947,2996,5212,16,11,5215,5317,6405,6592,11750,12230,16977,17469,19160,18597,13242,14251,9360,11452,2908,5059,161852,124627,22036,15790,35593,30967,4611,15,16
2021-07-07T23:59:59+02:00,909,860,10583,9927,14291,12958,16523,16313,19981,20024,21679,20728,14121,15265,9759,11947,2996,5212,13,10,5074,5134,5929,6182,10545,11245,16923,17404,19105,18552,13224,14228,9351,11449,2904,5049,161834,120950,22033,15788,35593,30964,4603,15,16
2021-07-06T23:59:59+02:00,909,860,10580,9926,14285,12955,16521,16313,19981,20024,21679,20727,14121,15263,9759,11947,2996,5212,13,10,5055,5127,5922,6175,10545,11245,16921,17404,19102,18552,13224,14225,9351,11449,2904,5049,161825,120925,22028,15785,35593,30948,4599,15,16
2021-07-05T23:59:59+02:00,909,860,10574,9921,14267,12952,16511,16311,19980,20024,21677,20727,14121,15263,9759,11947,2996,5212,13,10,5046,5124,5902,6172,10535,11242,16918,17404,19100,18551,13224,14225,9351,11449,2903,5049,161815,120917,22028,15782,35593,30941,4562,15,16
2021-07-04T23:59:59+02:00,909,860,10564,9911,14266,12947,16510,16310,19979,20023,21676,20726,14121,15263,9759,11946,2995,5211,13,10,5013,5084,5816,6094,10408,11128,16911,17401,19099,18546,13219,14223,9349,11444,2900,5047,161805,120438,22027,15781,35593,30932,4538,15,16
2021-07-03T23:59:59+02:00,828,791,8648,8382,12796,11790,16037,15852,19693,19723,21507,20562,14047,15187,9705,11900,2989,5207,7,8,4904,4958,5543,5838,10170,10912,16765,17262,18908,18395,13193,14189,9339,11434,2898,5045,153485,118880,22027,15781,35593,30565,4526,15,16
2021-07-02T23:59:59+02:00,828,789,8647,8376,12790,11786,16034,15851,19691,19723,21507,20562,14046,15186,9705,11899,2988,5206,6,7,4052,4106,4902,5188,9187,9915,16394,16785,18425,17855,12843,13868,9279,11358,2896,5036,153467,114353,22025,15781,35592,27435,4517,15,16
2021-07-01T23:59:59+02:00,808,770,8439,8209,12708,11708,16000,15819,19679,19709,21496,20545,14042,15182,9700,11891,2985,5200,1,1,2239,2431,4468,4813,8690,9482,15762,16243,17872,17414,12785,13802,9249,11303,2881,5006,152771,106767,22025,15778,35592,27393,4489,15,15
2021-06-30T23:59:59+02:00,753,720,8192,8026,12530,11557,15885,15723,19614,19642,21457,20498,14023,15156,9687,11878,2984,5195,0,1,2183,2395,4377,4696,8583,9383,15564,16104,17136,16912,12132,13156,9190,11234,2874,5000,151417,106702,22023,15777,35591,23950,4476,15,15
2021-06-29T23:59:59+02:00,753,720,8184,8019,12526,11549,15881,15723,19612,19642,21457,20498,14023,15156,9687,11878,2984,5195,0,1,2160,2382,4353,4655,8560,9336,15528,16045,17060,16826,11777,12818,9162,11200,2871,4992,151401,106683,22020,15774,35590,22791,4463,15,15
2021-06-28T23:59:59+02:00,753,720,8180,8015,12517,11542,15876,15722,19612,19642,21457,20498,14022,15155,9687,11878,2984,5195,0,1,2152,2356,4306,4540,8485,9174,15407,15765,16893,16555,11469,12514,9139,11173,2870,4988,151380,106671,22019,15774,35590,20874,4453,15,15
2021-06-27T23:59:59+02:00,753,720,8177,8009,12512,11538,15873,15721,19609,19642,21457,20498,14022,15155,9687,11877,2984,5195,0,1,2142,2352,4296,4537,8303,9019,15386,15749,16889,16550,11463,12513,9138,11171,2870,4988,151369,106271,22017,15771,35589,20869,4441,15,15
2021-06-26T23:59:59+02:00,745,716,7966,7799,12036,11130,14754,14727,19358,19442,21353,20379,13979,15104,9674,11848,2981,5192,0,1,2102,2310,4240,4482,8204,8909,15124,15490,16827,16503,11445,12494,9126,11166,2870,4986,148886,105204,20255,15750,35588,20869,4441,15,15
2021-06-25T23:59:59+02:00,726,698,7939,7775,12022,11119,14754,14720,19351,19437,21349,20378,13979,15104,9673,11846,2981,5192,0,0,1972,2133,3949,4176,6679,7474,12459,13290,16750,16414,11417,12465,9115,11143,2864,4972,148746,96311,20255,15669,35588,20837,4441,15,14
2021-06-24T23:59:59+02:00,714,681,7456,7360,10938,10211,14220,14284,19280,19375,21301,20335,13957,15075,9660,11833,2980,5189,0,0,1907,2065,3588,3835,5909,6800,12211,13078,16504,16205,11313,12338,9025,11016,2853,4938,144569,95072,20250,13281,35587,20788,4430,15,14
2021-06-23T23:59:59+02:00,714,681,7454,7355,10932,10207,14219,14283,19280,19374,21301,20334,13957,15075,9660,11833,2980,5189,0,0,1763,1902,3103,3435,4558,5626,11909,12812,16382,16086,11267,12298,9012,10989,2852,4931,144553,90441,20247,13277,35586,20764,4429,15,14
2021-06-22T23:59:59+02:00,714,681,7405,7326,10860,10159,14193,14257,19263,19359,21290,20327,13950,15065,9657,11830,2980,5189,0,0,1713,1871,3022,3381,4518,5592,11880,12773,16314,16035,11059,12107,8760,10688,2842,4900,144537,90421,20247,13271,35584,19625,4124,15,14
2021-06-21T23:59:59+02:00,712,681,7274,7258,10730,10059,13912,14004,18508,18740,21200,20250,13915,15033,9638,11805,2980,5186,0,0,1669,1845,2979,3344,4488,5561,11832,12739,16297,16018,11050,12095,8753,10680,2841,4899,142140,90291,20244,13268,35584,19613,3904,15,14
2021-06-20T23:59:59+02:00,712,681,7274,7252,10724,10056,13911,14004,18508,18740,21200,20250,13915,15033,9638,11805,2980,5186,0,0,1641,1816,2930,3327,4423,5522,11770,12706,16235,15958,11031,12079,8750,10671,2837,4896,142125,89809,20243,13262,35584,19603,3904,15,14
2021-06-19T23:59:59+02:00,712,680,7240,7215,10618,9966,13730,13846,18091,18403,21014,20076,13897,15006,9626,11785,2977,5180,0,0,1610,1782,2890,3280,4343,5451,11433,12416,16197,15920,11022,12068,8748,10666,2835,4894,142082,88801,18479,13234,35584,19602,3904,15,14
2021-06-18T23:59:59+02:00,15,13,6432,6481,10610,9965,13729,13844,18089,18400,21014,20076,13897,15005,9626,11784,2976,5178,0,0,1481,1671,2651,3123,3712,4818,10288,11271,15984,15763,10980,12028,8725,10645,2821,4865,139164,84137,18478,13232,35584,19548,3895,15,14
2021-06-17T23:59:59+02:00,13,12,6361,6413,10492,9859,13404,13541,17702,18077,20902,19978,13878,14967,9614,11770,2968,5172,0,0,1400,1553,2495,2973,3355,4479,8673,9908,15470,15332,10804,11848,8669,10567,2804,4837,137270,78651,18477,13225,35583,19497,3780,15,14
2021-06-16T23:59:59+02:00,13,12,6354,6407,10480,9855,13400,13539,17699,18076,20901,19977,13878,14967,9613,11769,2968,5172,0,0,1347,1508,2392,2896,3170,4300,7582,8967,14970,14945,10722,11737,8633,10520,2793,4821,137235,74821,18474,13221,35583,19471,3776,14,14
2021-06-15T23:59:59+02:00,13,12,6322,6389,10438,9825,13370,13523,17679,18056,20887,19963,13869,14959,9610,11763,2965,5169,0,0,1266,1450,2265,2792,3052,4214,6657,8229,14768,14778,10697,11708,8620,10498,2784,4814,137219,74808,18473,10794,35582,19451,3525,14,14
2021-06-14T23:59:59+02:00,13,12,6304,6370,10403,9799,13349,13503,17662,18038,20868,19952,13858,14950,9607,11761,2965,5164,0,0,1240,1434,2229,2765,3030,4193,6641,8209,14747,14768,10684,11699,8617,10497,2783,4809,137201,74798,18472,10794,35582,19430,3309,14,14
2021-06-13T23:59:59+02:00,13,12,6303,6369,10400,9797,13349,13499,17662,18038,20868,19952,13857,14950,9607,11761,2965,5164,0,0,1236,1429,2225,2756,3020,4183,6624,8192,14646,14703,10671,11676,8611,10485,2780,4809,137191,74506,18472,10794,35582,19425,3307,14,14
2021-06-12T23:59:59+02:00,10,10,5523,5610,10355,9758,13315,13474,17634,18017,20841,19921,13775,14878,9607,11758,2964,5164,0,0,1228,1411,2212,2739,3000,4157,6550,8108,14474,14565,10441,11391,8130,9947,2778,4808,135239,74000,18472,10794,35582,17824,3307,14,14
2021-06-11T23:59:59+02:00,9,10,5519,5603,10345,9751,13300,13462,17627,18012,20836,19919,13775,14877,9607,11756,2964,5164,0,0,1153,1328,2093,2580,2829,3903,5041,6768,12751,13183,10301,11245,8043,9841,2771,4792,135164,66696,18472,10793,35582,17815,3304,14,14
2021-06-10T23:59:59+02:00,3,4,4530,4663,10177,9624,13185,13377,17371,17777,20596,19736,13765,14866,9601,11746,2961,5161,0,0,1098,1267,1978,2473,2665,3726,4434,6128,11580,12192,10000,10920,7958,9757,2759,4767,131853,61859,18468,10792,35582,17810,3227,13,14
2021-06-09T23:59:59+02:00,3,4,3946,4079,9972,9476,13094,13305,17057,17510,20368,19552,13750,14853,9596,11740,2960,5156,0,0,1025,1223,1878,2403,2570,3613,4106,5824,11155,11866,9870,10761,7911,9691,2748,4758,129505,61775,18453,8943,35582,17802,2868,13,14
2021-06-08T23:59:59+02:00,3,4,3934,4073,9959,9464,13082,13298,17050,17501,20360,19550,13748,14850,9595,11737,2959,5154,0,0,978,1215,1855,2386,2541,3599,4080,5804,11143,11863,9866,10755,7910,9689,2747,4756,129488,61652,18450,8935,35581,17797,2789,13,14
2021-06-07T23:59:59+02:00,3,4,3920,4064,9926,9452,13072,13279,17027,17488,20343,19539,13744,14846,9592,11733,2957,5152,0,0,967,1207,1820,2373,2531,3580,4056,5790,11124,11849,9863,10749,7907,9686,2745,4754,129472,61640,18448,8932,35579,17786,2629,13,14
2021-06-06T23:59:59+02:00,3,4,3916,4060,9920,9447,13070,13279,17024,17487,20342,19537,13742,14845,9592,11733,2957,5152,0,0,963,1204,1808,2371,2525,3571,4042,5782,10996,11705,9852,10742,7906,9686,2745,4754,129456,61313,18447,8931,35577,17777,2617,13,14
2021-06-05T23:59:59+02:00,2,1,3624,3761,7421,7439,12829,13094,16995,17457,20298,19496,13626,14701,9517,11642,2953,5140,0,0,888,1133,1646,2271,2359,3490,3815,5640,10093,10863,9464,10286,7793,9530,2737,4734,123473,58034,18447,8931,35577,17277,2486,13,14
2021-06-04T23:59:59+02:00,2,1,3558,3705,7269,7324,12358,12697,16856,17344,20063,19259,13506,14556,9459,11563,2939,5123,0,0,863,1068,1616,2166,2320,3323,3739,5382,9452,10183,8619,9265,7517,9125,2733,4723,121068,56557,18447,8929,35576,14115,2479,12,14
2021-06-03T23:59:59+02:00,2,1,3150,3320,7241,7308,12230,12579,16824,17301,19974,19191,13494,14539,9457,11560,2938,5122,0,0,836,999,1570,2042,2239,3122,3550,4999,8875,9568,7858,8393,7043,8509,2730,4715,119837,54927,18442,8927,35572,10812,2368,12,14
2021-06-02T23:59:59+02:00,0,1,2768,3005,6081,6369,11924,12342,16763,17250,19850,19084,13431,14483,9435,11539,2936,5114,0,0,821,964,1504,2018,2125,3084,3378,4896,7508,8483,7778,8314,7027,8481,2726,4710,116093,51811,18441,8927,35572,10808,2257,12,14
2021-06-01T23:59:59+02:00,0,1,2484,2705,5597,5935,11597,12058,16739,17227,19799,19047,13307,14360,9428,11535,2935,5111,0,0,804,957,1488,2007,2104,3071,3352,4877,7208,8159,7739,8280,7017,8466,2725,4710,116069,51125,16092,8907,35572,10798,2120,12,14
2021-05-31T23:59:59+02:00,0,1,2469,2700,5577,5927,11569,12036,16703,17215,19758,19025,13304,14356,9424,11533,2935,5109,0,0,788,949,1469,1997,2073,3051,3316,4863,7167,8137,7735,8275,7013,8464,2725,4708,116055,51110,16088,8901,35571,10790,1915,12,14
2021-05-30T23:59:59+02:00,0,1,2466,2698,5574,5923,11568,12035,16700,17214,19756,19024,13304,14356,9424,11533,2935,5109,0,0,787,945,1463,1993,2070,3049,3314,4861,7166,8137,7735,8275,7013,8463,2725,4708,116039,51101,16088,8901,35568,10775,1913,12,14
2021-05-29T23:59:59+02:00,0,1,2452,2684,5409,5769,11501,11978,16692,17208,19749,19023,13303,14354,9422,11533,2935,5109,0,0,751,895,1350,1898,1791,2797,2906,4439,6881,7865,7551,8051,6836,8235,2722,4702,115541,50452,16088,8901,35568,8390,1913,12,14
2021-05-28T23:59:59+02:00,0,1,2320,2559,4989,5376,10807,11357,16626,17146,19723,18995,13292,14339,9402,11504,2933,5100,0,0,730,872,1290,1844,1702,2727,2772,4334,5293,6169,7385,7854,6794,8179,2719,4692,112893,46154,16088,8900,35568,8380,1908,12,14
2021-05-27T23:59:59+02:00,0,1,2300,2539,4938,5309,10140,10787,16586,17114,19708,18984,13282,14329,9400,11502,2933,5100,0,0,677,779,1184,1770,1491,2586,2399,4028,4410,5257,7148,7543,6702,8062,2702,4673,111502,42359,16085,8894,35566,8357,1787,12,14
2021-05-26T23:59:59+02:00,0,1,2262,2478,4765,5131,9704,10425,16534,17061,19640,18930,13268,14310,9389,11500,2929,5087,0,0,661,735,1134,1736,1402,2506,2190,3856,4280,5119,6984,7328,6622,7963,2690,4659,110091,40952,16080,8893,35566,8342,1665,12,13
2021-05-25T23:59:59+02:00,0,1,2259,2469,4735,5114,9678,10399,16509,17043,19626,18923,13263,14308,9386,11497,2929,5087,0,0,654,722,1089,1718,1348,2459,2120,3796,3738,4541,6682,6985,6588,7926,2689,4657,110084,40942,16078,6938,35565,8332,1487,12,13
2021-05-24T23:59:59+02:00,0,1,2251,2462,4723,5108,9669,10393,16482,17022,19599,18898,13252,14296,9383,11487,2928,5083,0,0,645,717,1077,1711,1338,2452,2095,3776,3712,4516,6669,6974,6585,7916,2688,4653,110073,40935,16075,6938,35565,8327,1312,12,12
2021-05-23T23:59:59+02:00,0,1,2235,2432,4634,5034,9535,10271,16478,17021,19598,18896,13250,14293,9380,11483,2926,5082,0,0,644,714,1075,1710,1337,2452,2095,3776,3712,4513,6668,6974,6585,7916,2688,4653,109587,40927,16074,6937,35564,8324,1312,12,12
2021-05-22T23:59:59+02:00,0,1,2215,2413,4625,5017,9455,10190,16455,17007,19546,18853,13222,14263,9377,11477,2926,5081,0,0,643,712,1074,1707,1335,2449,2092,3771,3696,4499,5834,6074,6513,7835,2680,4648,109161,38977,16074,6937,35564,8324,1312,12,12
2021-05-21T23:59:59+02:00,0,1,2181,2380,4515,4930,9255,10013,16427,16974,19531,18846,13212,14254,9375,11475,2921,5070,0,0,632,685,1037,1639,1285,2326,2005,3591,3350,4063,4070,3966,6469,7769,2675,4633,108415,34967,16074,6937,35560,6980,1299,12,12
2021-05-20T23:59:59+02:00,0,1,2152,2339,4431,4869,9033,9780,16377,16922,19478,18795,13183,14220,9357,11458,2920,5065,0,0,578,582,912,1326,1112,1920,1782,3054,2791,3379,3230,3010,6422,7718,2671,4628,107558,33128,16070,6936,35551,3850,1189,12,12
2021-05-19T23:59:59+02:00,0,1,1992,2171,3931,4448,7652,8586,16104,16676,19355,18671,13135,14173,9347,11432,2918,5062,0,0,563,547,876,1269,1081,1870,1756,3000,2741,3334,3222,2998,6418,7715,2671,4627,102942,33100,16066,6934,35549,3557,1085,12,12
2021-05-18T23:59:59+02:00,0,1,1946,2120,3624,4158,6987,7986,15954,16560,19271,18588,13100,14138,9290,11358,2912,5048,0,0,556,544,869,1266,1072,1860,1726,2984,2732,3315,3217,2993,6414,7711,2671,4627,102918,33093,13592,6928,35544,3549,975,12,12
2021-05-17T23:59:59+02:00,0,1,1938,2112,3605,4144,6941,7962,15926,16542,19250,18569,13090,14116,9288,11357,2912,5048,0,0,548,537,849,1250,1029,1836,1698,2966,2709,3294,3205,2974,6414,7710,2671,4627,102910,33087,13589,6927,35542,3543,748,12,12
2021-05-16T23:59:59+02:00,0,1,1933,2109,3597,4138,6754,7798,15903,16523,19244,18564,13084,14115,9287,11356,2912,5048,0,0,548,537,848,1247,1028,1835,1698,2965,2707,3294,3205,2974,6414,7710,2671,4627,102484,33084,13585,6927,35538,3538,747,12,12
2021-05-15T23:59:59+02:00,0,1,1905,2073,3557,4100,6667,7694,15633,16255,19188,18522,13064,14096,9278,11351,2912,5046,0,0,548,537,848,1246,1028,1835,1696,2964,2707,3294,3204,2974,6413,7710,2671,4627,101460,33080,13585,6927,35538,3536,747,12,12
2021-05-14T23:59:59+02:00,0,1,1797,1929,3309,3852,5078,6213,12974,14052,19123,18436,13039,14066,9271,11338,2909,5040,0,0,548,536,844,1246,1028,1835,1695,2963,2701,3292,3199,2968,6410,7707,2671,4626,92559,33061,13585,6925,35536,3536,735,12,12
2021-05-13T23:59:59+02:00,0,1,1771,1881,3270,3803,4966,6111,12767,13867,18963,18307,12963,13971,9238,11287,2909,5039,0,0,542,533,836,1237,1018,1822,1676,2944,2594,3199,2536,2160,4953,5907,2662,4608,91341,30043,13494,4905,35534,3534,733,12,12
2021-05-12T23:59:59+02:00,0,1,1771,1881,3268,3802,4966,6111,12767,13867,18962,18307,12962,13970,9238,11287,2909,5039,0,0,542,533,836,1237,1017,1822,1676,2943,2591,3197,2535,2159,4953,5905,2662,4608,91336,30037,13494,4900,35533,3534,733,12,12
2021-05-11T23:59:59+02:00,0,1,1727,1838,3177,3723,4874,6044,11831,13132,18767,18148,12948,13949,9231,11273,2903,5035,0,0,541,531,832,1232,1016,1819,1674,2942,2581,3192,2533,2157,4951,5904,2661,4608,91323,30021,11017,4888,35524,3528,725,12,12
2021-05-10T23:59:59+02:00,0,1,1710,1835,3170,3718,4867,6040,11830,13131,18766,18148,12948,13949,9231,11273,2903,5035,0,0,540,529,832,1232,1015,1819,1673,2942,2581,3192,2532,2156,4951,5904,2661,4608,91309,30020,11010,4887,35499,3523,725,12,12
2021-05-09T23:59:59+02:00,0,1,1674,1789,3116,3702,4797,6005,11763,13110,18703,18088,12927,13930,9228,11263,2901,5033,0,0,537,526,820,1230,1007,1812,1660,2939,2577,3191,2531,2153,4950,5903,2661,4607,90835,30010,11006,4885,35492,3512,685,12,12
2021-05-08T23:59:59+02:00,0,1,1641,1754,3079,3654,4720,5933,11425,12808,18670,18054,12920,13922,9227,11261,2899,5033,0,0,526,525,813,1229,996,1812,1652,2938,2561,3179,2530,2153,4950,5902,2660,4606,89807,30004,11006,4885,35492,3446,685,11,12
2021-05-07T23:59:59+02:00,0,1,1500,1631,2828,3483,4047,5269,10214,11614,18468,17903,12881,13887,9207,11244,2891,5026,0,0,437,375,690,1002,850,1495,1506,2522,2391,2821,2521,2143,4946,5898,2657,4603,85032,29996,11005,4885,35480,1398,566,11,12
2021-05-06T23:59:59+02:00,0,1,1437,1462,2694,3351,3719,4957,8498,10131,17950,17479,12713,13719,9160,11172,2888,5018,0,0,323,318,583,902,714,1405,1259,2308,2177,2625,2469,2110,4944,5891,2657,4602,79483,29971,11004,4884,35463,32,388,11,12
2021-05-05T23:59:59+02:00,0,1,1381,1386,2606,3279,3542,4782,7343,9113,17442,17081,12626,13606,9128,11127,2879,5003,0,0,323,318,580,901,713,1403,1212,2255,2165,2617,2465,2108,4943,5887,2657,4598,75600,29958,10998,4883,35454,30,262,11,12
2021-05-04T23:59:59+02:00,0,1,1368,1384,2599,3271,3539,4781,7341,9112,17441,17080,12626,13606,9128,11127,2879,5003,0,0,323,316,579,900,711,1403,1212,2255,2165,2617,2463,2106,4943,5887,2657,4597,75588,29950,10986,4883,35440,28,261,11,12
2021-05-03T23:59:59+02:00,0,1,1366,1378,2590,3264,3536,4775,7263,9052,17427,17072,12622,13604,9128,11127,2878,5002,0,0,320,310,575,895,708,1398,1134,2195,2151,2609,2459,2104,4943,5887,2656,4596,75578,29948,10986,4883,35439,26,71,11,12
2021-05-02T23:59:59+02:00,0,1,1358,1374,2587,3258,3523,4766,7243,9032,17321,17004,12609,13579,9122,11116,2875,5002,0,0,318,309,574,894,707,1397,1134,2194,2148,2609,2459,2104,4942,5885,2656,4596,75268,29939,10985,4882,35438,25,68,11,12
2021-05-01T23:59:59+02:00,0,1,1354,1368,2578,3248,3513,4748,7185,8971,17178,16886,12584,13555,9110,11110,2875,5002,0,0,318,309,574,894,707,1397,1134,2194,2148,2609,2459,2104,4940,5884,2655,4594,74765,29933,10984,4882,35438,25,68,11,12
2021-04-30T23:59:59+02:00,0,1,1284,1289,2457,3081,3345,4475,5626,7565,15420,15450,12441,13395,9014,10993,2860,4969,0,0,318,309,573,893,706,1397,1131,2192,2145,2606,2458,2094,4926,5875,2647,4576,67220,29916,10984,4881,35438,25,12,11,12
2021-04-29T23:59:59+02:00,0,1,1229,1249,2355,2970,3209,4304,5015,6914,14239,14424,12129,13066,8923,10911,2846,4941,0,0,315,307,573,892,706,1396,1130,2192,2143,2604,2456,2090,4925,5871,2646,4574,62285,29894,10983,4878,35435,25,11,11,12
2021-04-28T23:59:59+02:00,0,1,1167,1232,2293,2930,3143,4223,4704,6624,13823,14108,12010,12920,8881,10852,2838,4935,0,0,314,307,570,889,702,1395,1128,2189,2141,2597,2453,2087,4922,5866,2643,4571,62160,29888,9075,4848,35434,24,4,11,10
2021-04-27T23:59:59+02:00,0,1,1147,1229,2287,2928,3138,4221,4702,6624,13822,14107,12009,12919,8881,10852,2838,4935,0,0,314,307,570,889,701,1393,1128,2189,2140,2597,2453,2085,4922,5866,2643,4571,62126,29886,9067,4844,35432,24,4,11,10
2021-04-26T23:59:59+02:00,0,1,1147,1226,2285,2927,3134,4221,4688,6610,13780,14074,12005,12916,8881,10851,2838,4934,0,0,314,307,570,888,700,1393,1128,2189,2138,2596,2453,2085,4921,5865,2643,4571,62111,29882,9063,4842,35330,24,3,11,10
2021-04-25T23:59:59+02:00,0,1,1146,1226,2278,2927,3131,4214,4675,6602,13642,13920,11995,12910,8880,10850,2838,4934,0,0,314,307,569,888,699,1392,1126,2187,2138,2596,2453,2085,4921,5865,2643,4571,61783,29878,9060,4839,35312,24,3,11,10
2021-04-24T23:59:59+02:00,0,1,1083,1181,2142,2840,2990,4157,4464,6484,12771,13115,11718,12580,8814,10747,2831,4921,0,0,314,307,569,888,698,1391,1126,2187,2138,2596,2452,2085,4917,5864,2643,4571,58456,29871,9059,4839,35310,23,3,11,10
2021-04-23T23:59:59+02:00,0,1,985,1161,1927,2812,2830,4123,4350,6371,11426,12055,11663,12517,8791,10700,2829,4918,0,0,313,307,569,888,697,1391,1125,2187,2136,2596,2451,2085,4916,5858,2643,4569,56969,29865,9058,4836,33419,18,2,11,10
2021-04-22T23:59:59+02:00,0,1,975,1152,1901,2798,2765,4096,4174,6252,10807,11543,11574,12429,8760,10653,2826,4913,0,0,312,306,569,888,697,1390,1122,2187,2135,2596,2451,2083,4914,5856,2643,4569,55272,29857,9057,4831,33277,18,2,11,10
2021-04-21T23:59:59+02:00,0,1,960,1137,1825,2773,2646,4061,4028,6177,9309,10380,11497,12361,8748,10629,2822,4910,0,0,311,306,568,888,696,1389,1120,2187,2135,2595,2447,2078,4911,5855,2642,4567,52094,29836,9056,4829,33101,18,2,11,10
2021-04-20T23:59:59+02:00,0,1,960,1136,1823,2771,2642,4056,4024,6176,9011,10057,11470,12336,8744,10619,2821,4909,0,0,311,306,568,888,696,1388,1120,2186,2134,2594,2447,2077,4909,5853,2641,4567,51391,29829,9052,4826,33100,18,2,11,10
2021-04-19T23:59:59+02:00,0,1,958,1133,1823,2768,2641,4055,4021,6173,9009,10056,11470,12336,8744,10618,2820,4909,0,0,311,306,566,887,696,1388,1119,2186,2132,2594,2447,2077,4909,5853,2641,4567,51380,29824,9047,4826,33095,17,2,11,10
2021-04-18T23:59:59+02:00,0,1,958,1132,1819,2768,2639,4053,4020,6173,9009,10056,11470,12336,8744,10616,2820,4908,0,0,311,306,566,886,694,1388,1119,2185,2132,2594,2447,2077,4909,5852,2641,4567,51370,29820,9046,4825,33093,17,2,11,10
2021-04-17T23:59:59+02:00,0,1,958,1131,1816,2762,2563,3962,3962,6091,8992,10038,11347,12184,8741,10614,2820,4907,0,0,306,300,562,879,686,1378,1101,2172,2085,2568,2401,2024,4859,5783,2635,4560,50737,29446,9046,4825,33093,16,2,11,10
2021-04-16T23:59:59+02:00,0,1,929,1097,1706,2679,2362,3828,3712,5916,7262,8225,11147,11938,8686,10551,2817,4893,0,0,299,296,547,860,653,1342,1019,2116,1859,2407,2251,1911,4672,5514,2573,4438,46383,29431,8971,3303,32382,11,2,11,10
2021-04-15T23:59:59+02:00,0,1,860,1047,1577,2591,2081,3675,3179,5587,6250,7259,10889,11599,8585,10428,2798,4870,0,0,298,296,546,858,651,1341,1018,2113,1624,2266,2099,1779,4485,5301,2519,4334,42573,29383,8968,2126,31723,7,2,10,10
2021-04-14T23:59:59+02:00,0,1,845,1018,1531,2554,1992,3592,3008,5451,6156,7145,10726,11391,8503,10328,2786,4856,0,0,278,287,512,831,580,1281,810,1970,1406,2142,2032,1704,4355,5137,2505,4306,41189,27991,8963,2126,31719,7,2,10,10
2021-04-13T23:59:59+02:00,0,1,840,1012,1518,2551,1967,3571,2977,5416,5632,6567,10425,11051,8472,10294,2785,4855,0,0,278,285,512,830,580,1281,810,1970,1405,2141,2029,1703,4355,5136,2505,4303,41172,27987,7037,2117,31713,7,2,10,10
2021-04-12T23:59:59+02:00,0,1,840,1010,1517,2548,1967,3571,2976,5415,5631,6567,10424,11050,8471,10294,2785,4855,0,0,278,284,512,830,578,1281,808,1969,1404,2141,2029,1703,4355,5135,2505,4303,41165,27981,7034,2115,31711,7,2,10,10
2021-04-11T23:59:59+02:00,0,1,840,1010,1514,2547,1965,3568,2975,5415,5630,6567,10422,11047,8471,10294,2785,4855,0,0,278,283,511,829,576,1281,807,1969,1402,2141,2029,1703,4355,5135,2505,4303,41156,27975,7032,2114,31707,7,1,10,10
2021-04-10T23:59:59+02:00,0,1,838,1007,1511,2543,1948,3556,2906,5350,5504,6470,10191,10828,8418,10244,2781,4854,0,0,278,282,511,828,575,1281,806,1969,1402,2141,2025,1699,4350,5126,2504,4300,40582,27945,7032,2114,31325,7,1,10,10
2021-04-09T23:59:59+02:00,0,1,800,974,1414,2488,1843,3498,2777,5296,5364,6405,7807,7999,8351,10150,2771,4836,0,0,278,282,509,827,573,1279,803,1969,1400,2137,2005,1677,4328,5107,2501,4295,35098,27838,7030,2114,30635,7,1,10,10
2021-04-08T23:59:59+02:00,0,1,799,971,1409,2485,1841,3495,2765,5287,5353,6391,7013,7082,8308,10099,2768,4833,0,0,275,281,509,826,573,1278,802,1969,1398,2136,2003,1677,4327,5104,2501,4295,33232,27823,7030,2113,30627,7,1,10,10
2021-04-07T23:59:59+02:00,0,1,749,951,1335,2415,1755,3426,2574,5180,4609,5907,6345,6440,8249,10038,2761,4827,0,0,275,281,509,826,573,1275,802,1969,1398,2136,2003,1677,4326,5104,2501,4294,33226,27821,7028,2112,27297,6,1,10,9
2021-04-06T23:59:59+02:00,0,1,717,944,1316,2379,1731,3385,2544,5134,4535,5829,5982,6084,8228,10014,2756,4821,0,0,275,280,509,825,573,1275,801,1969,1398,2136,2002,1676,4326,5104,2501,4294,33219,27818,7028,2111,26142,6,1,10,8
2021-04-05T23:59:59+02:00,0,1,714,916,1275,2256,1659,3220,2423,4864,4375,5557,5673,5775,8211,9988,2754,4817,0,0,275,280,509,824,573,1275,801,1969,1398,2136,2002,1676,4326,5104,2501,4294,33214,27817,7027,2111,24226,6,1,10,8
2021-04-04T23:59:59+02:00,0,1,695,891,1182,2041,1526,2956,2208,4429,4024,5058,5427,5550,8178,9934,2753,4809,0,0,275,280,508,823,571,1274,800,1968,1324,2099,1639,1402,4166,4923,2456,4228,33210,26611,7027,2111,21414,5,1,10,8
2021-04-03T23:59:59+02:00,0,1,695,891,1181,2040,1525,2956,2207,4429,4024,5058,5427,5549,8178,9934,2753,4809,0,0,275,280,508,823,571,1274,800,1968,1324,2099,1639,1402,4166,4923,2456,4228,33206,26611,7027,2111,21413,5,1,10,8
2021-04-02T23:59:59+02:00,0,1,695,890,1181,2040,1524,2956,2207,4429,4023,5057,5426,5548,8177,9932,2752,4807,0,0,275,280,508,823,570,1274,800,1968,1323,2099,1639,1402,4166,4923,2456,4228,33204,26610,7027,2111,21404,5,0,10,8
2021-04-01T23:59:59+02:00,0,1,690,888,1177,2034,1516,2947,2193,4411,3932,4971,4932,4944,7470,9035,2750,4802,0,0,275,278,507,820,570,1273,797,1967,1285,2071,1489,1305,4066,4822,2445,4215,30290,26068,6999,2105,21394,5,0,10,7
2021-03-31T23:59:59+02:00,0,1,690,887,1175,2033,1512,2941,2189,4410,3914,4960,4756,4724,6700,8101,2737,4781,0,0,274,277,506,819,566,1269,792,1961,1181,1994,1091,1039,3654,4357,2336,4040,30169,24102,4968,2043,21364,4,0,10,7
2021-03-30T23:59:59+02:00,0,1,690,887,1172,2030,1499,2932,2180,4401,3869,4933,4556,4543,6450,7804,2728,4765,0,0,274,276,506,816,565,1269,792,1960,1181,1994,1091,1039,3654,4357,2335,4039,30163,24095,4963,2043,20304,3,0,10,7
2021-03-29T23:59:59+02:00,0,1,690,885,1171,2030,1497,2932,2180,4401,3864,4931,4552,4541,6447,7795,2726,4746,0,0,274,275,506,816,565,1269,791,1959,1181,1994,1091,1038,3654,4357,2335,4038,30152,24090,4958,2043,20269,3,0,10,7
2021-03-28T23:59:59+02:00,0,1,689,885,1171,2026,1494,2930,2179,4398,3863,4931,4551,4541,6444,7791,2726,4744,0,0,273,275,505,816,565,1269,790,1959,1181,1994,1091,1037,3654,4357,2335,4038,30149,24087,4953,2042,20252,3,0,10,7
2021-03-27T23:59:59+01:00,0,1,685,880,1167,2018,1486,2920,2160,4383,3821,4905,4501,4483,6398,7733,2719,4731,0,0,269,270,491,806,554,1257,742,1923,1020,1901,829,848,3514,4202,2174,3722,29798,23115,4953,1397,20230,3,0,10,7
2021-03-26T23:59:59+01:00,0,1,685,880,1166,2016,1481,2919,2157,4382,3816,4902,4490,4461,6391,7718,2710,4717,0,0,268,270,491,804,552,1257,740,1923,1013,1893,691,753,2531,3039,2002,3508,29753,20328,4951,1397,20180,3,0,8,7
2021-03-25T23:59:59+01:00,0,1,684,879,1165,2015,1480,2916,2152,4376,3812,4898,4481,4450,6378,7689,2686,4663,0,0,268,270,491,804,551,1253,737,1922,1011,1891,669,746,1349,1593,1719,3143,29745,17011,4946,1397,20026,3,0,8,6
2021-03-24T23:59:59+01:00,0,1,660,869,1127,1983,1409,2853,1945,4231,3589,4771,4420,4390,6243,7523,2672,4631,0,0,268,270,491,803,548,1253,735,1922,1010,1891,669,746,1349,1593,1718,3141,28367,17002,4944,1396,19998,3,0,8,6
2021-03-23T23:59:59+01:00,0,1,660,867,1125,1982,1409,2853,1945,4231,3587,4768,4420,4389,6242,7523,2672,4630,0,0,268,270,491,803,547,1252,735,1922,1010,1891,669,745,1349,1593,1718,3141,28361,17000,4941,1396,19994,3,0,8,5
2021-03-22T23:59:59+01:00,0,1,660,865,1123,1978,1406,2853,1944,4231,3586,4768,4420,4388,6242,7522,2672,4630,0,0,268,270,491,803,547,1251,734,1922,1010,1890,669,744,1349,1593,1718,3141,28357,16997,4941,1396,19983,2,0,8,5
2021-03-21T23:59:59+01:00,0,1,660,865,1121,1976,1406,2851,1943,4230,3585,4767,4420,4388,6241,7522,2672,4630,0,0,268,270,491,803,547,1251,734,1921,1010,1890,669,743,1349,1593,1718,3141,28353,16995,4940,1396,19977,2,0,8,5
2021-03-20T23:59:59+01:00,0,1,658,864,1119,1974,1401,2848,1926,4223,3554,4748,4201,4112,5724,6913,2662,4594,0,0,263,268,486,798,530,1241,713,1905,974,1862,603,665,1118,1336,1363,2595,28270,15318,4838,1395,18406,2,0,8,5
2021-03-19T23:59:59+01:00,0,1,650,858,1105,1953,1367,2812,1846,4168,3332,4586,4052,4002,5548,6670,2609,4504,0,0,263,268,486,798,530,1241,713,1903,973,1862,603,665,1118,1335,1362,2594,28267,15313,3391,1394,18398,2,0,7,5
2021-03-18T23:59:59+01:00,0,1,649,857,1104,1952,1366,2810,1846,4164,3103,4442,3898,3872,5368,6468,2556,4402,0,0,263,267,485,798,530,1239,713,1902,972,1861,601,662,879,1077,1250,2426,28258,14526,2198,1393,18395,1,0,7,5
2021-03-17T23:59:59+01:00,0,1,649,857,1103,1952,1365,2809,1846,4164,3103,4442,3898,3870,5367,6468,2556,4402,0,0,263,266,485,798,530,1239,713,1902,971,1861,599,661,879,1076,1250,2426,28256,14523,2198,1392,18391,1,0,7,3
2021-03-16T23:59:59+01:00,0,1,649,857,1103,1948,1363,2809,1842,4164,3103,4440,3897,3869,5367,6467,2556,4401,0,0,261,262,471,793,521,1227,697,1888,955,1851,597,659,877,1075,1249,2425,28247,14412,2194,1392,18388,1,0,7,3
2021-03-15T23:59:59+01:00,0,1,648,856,1101,1947,1360,2809,1838,4163,3102,4440,3897,3868,5366,6466,2556,4401,0,0,261,262,471,793,521,1225,696,1888,954,1848,597,659,877,1075,1249,2425,28240,14405,2192,1392,18380,1,0,7,3
2021-03-14T23:59:59+01:00,0,1,647,853,1097,1943,1357,2806,1836,4161,3097,4439,3897,3868,5366,6466,2556,4401,0,0,261,262,471,793,521,1225,696,1888,954,1845,597,659,876,1075,1249,2425,28235,14401,2191,1392,18358,1,0,7,3
2021-03-13T23:59:59+01:00,0,1,645,848,1089,1937,1347,2799,1830,4153,2982,4361,3421,3464,5157,6231,2510,4337,0,0,261,262,471,793,521,1225,695,1888,952,1844,573,643,572,776,816,1844,26962,12740,2191,1392,17952,1,0,7,3
2021-03-12T23:59:59+01:00,0,1,618,762,1065,1824,1326,2610,1798,3887,2938,4193,2276,2020,4795,5683,2507,4328,0,0,261,262,470,793,521,1225,694,1888,951,1844,573,642,571,776,816,1843,26950,12735,2191,1392,13483,0,0,7,3
2021-03-11T23:59:59+01:00,0,1,609,717,1058,1720,1317,2452,1786,3675,2891,4054,1711,1488,4308,5142,2497,4318,0,0,258,261,470,793,521,1225,693,1887,951,1840,573,641,570,775,732,1697,26396,12731,2178,1154,11163,0,0,7,2
2021-03-10T23:59:59+01:00,0,1,603,707,1045,1695,1307,2431,1773,3649,2783,3971,1318,1220,3897,4670,2402,4160,0,0,258,261,469,791,520,1225,693,1886,949,1840,573,640,568,774,732,1697,24404,12724,2177,1151,11044,0,0,7,1
2021-03-09T23:59:59+01:00,0,1,602,704,1037,1678,1296,2416,1770,3638,2776,3966,1313,1219,3896,4669,2401,4159,0,0,258,261,469,791,520,1225,693,1886,949,1840,573,640,568,772,732,1697,24400,12723,2176,1151,10959,0,0,6,0
2021-03-08T23:59:59+01:00,0,1,597,675,1026,1651,1280,2383,1762,3605,2755,3951,1312,1216,3896,4669,2401,4158,0,0,258,261,469,791,519,1225,692,1884,949,1840,573,639,566,772,732,1697,24394,12718,2175,1149,10763,0,0,6,0
2021-03-07T23:59:59+01:00,0,1,597,672,1021,1647,1280,2380,1761,3602,2755,3949,1312,1216,3896,4669,2401,4158,0,0,258,261,469,791,517,1224,692,1884,949,1840,573,639,566,772,731,1697,24392,12714,2175,1149,10744,0,0,6,0
2021-03-06T23:59:59+01:00,0,1,562,624,900,1546,1036,2191,1339,3221,2335,3612,1031,998,3595,4291,2381,4140,0,0,258,261,469,791,515,1224,692,1884,949,1839,573,638,564,768,642,1515,23391,12710,2172,872,8234,0,0,6,0
2021-03-05T23:59:59+01:00,0,1,560,624,895,1542,1036,2189,1336,3218,2328,3607,887,901,2594,3090,2207,3908,0,0,257,261,464,779,512,1219,684,1867,935,1824,568,634,504,708,329,997,20532,12508,2161,34,8224,0,0,6,0
2021-03-04T23:59:59+01:00,0,1,543,581,859,1410,997,2036,1285,3015,2285,3506,873,892,1411,1650,1915,3541,0,0,257,261,462,779,512,1219,684,1867,935,1824,567,633,504,707,329,997,17221,12503,2160,34,7413,0,0,6,0
2021-03-03T23:59:59+01:00,0,1,537,549,836,1345,975,1974,1269,2972,2275,3462,873,891,1411,1650,1914,3541,0,0,257,261,461,778,512,1218,683,1866,934,1824,567,633,504,707,329,997,17217,12497,2160,34,7092,0,0,6,0
2021-03-02T23:59:59+01:00,0,1,536,547,834,1343,973,1973,1268,2971,2275,3462,873,890,1411,1650,1914,3541,0,0,257,261,460,777,511,1217,682,1866,933,1823,566,633,504,707,329,997,17215,12491,2160,32,7082,0,0,5,0
2021-03-01T23:59:59+01:00,0,1,536,545,832,1342,973,1971,1268,2971,2274,3461,873,889,1411,1649,1914,3541,0,0,257,261,460,776,509,1216,680,1864,933,1823,566,633,504,707,329,997,17211,12483,2159,32,7076,0,0,5,0
2021-02-28T23:59:59+01:00,0,1,535,543,831,1341,972,1971,1268,2970,2272,3460,873,887,1411,1649,1914,3541,0,0,257,261,460,776,509,1216,679,1863,933,1822,566,633,504,707,329,997,17208,12481,2159,31,7067,0,0,5,0
2021-02-27T23:59:59+01:00,0,1,530,541,820,1332,951,1960,1229,2943,2197,3411,755,770,1142,1359,1402,2663,0,0,256,261,459,776,508,1216,677,1861,932,1820,565,630,503,705,327,993,15491,12460,1445,29,7065,0,0,5,0
2021-02-26T23:59:59+01:00,0,1,521,520,791,1265,922,1847,1190,2785,1876,2989,714,742,1142,1359,1401,2662,0,0,256,261,459,776,508,1216,677,1861,932,1820,565,630,503,705,327,992,15485,12459,1445,29,5792,0,0,5,0
2021-02-25T23:59:59+01:00,0,1,487,480,729,1148,815,1654,1035,2483,1377,2438,662,697,893,1092,1290,2489,0,0,255,260,458,776,506,1214,676,1854,931,1816,565,629,502,705,327,992,14671,12451,1445,15,3650,0,0,4,0
2021-02-24T23:59:59+01:00,0,1,486,479,729,1146,814,1654,1035,2482,1377,2437,662,697,893,1092,1290,2489,0,0,255,259,458,775,505,1210,673,1853,931,1814,564,629,502,705,327,992,14670,12451,1444,1,3645,0,0,4,0
2021-02-23T23:59:59+01:00,0,1,484,475,713,1137,805,1643,1018,2467,1361,2426,660,695,891,1091,1289,2488,0,0,255,258,458,774,505,1210,673,1852,931,1812,564,629,502,705,327,992,14559,12446,1443,1,3638,0,0,4,0
2021-02-22T23:59:59+01:00,0,1,484,475,711,1137,803,1643,1018,2467,1360,2425,660,693,891,1090,1289,2488,0,0,255,258,458,774,505,1210,673,1851,931,1811,564,629,502,705,327,992,14556,12444,1443,1,3632,0,0,4,0
2021-02-21T23:59:59+01:00,0,1,484,475,710,1137,802,1643,1017,2467,1360,2424,659,693,890,1090,1289,2488,0,0,255,258,457,774,505,1209,673,1851,931,1810,564,629,502,705,327,992,14554,12442,1443,0,3628,0,0,4,0
2021-02-20T23:59:59+01:00,0,1,469,473,698,1131,782,1638,1004,2465,1333,2403,632,674,581,787,847,1897,0,0,254,258,452,772,500,1203,668,1840,925,1807,561,626,497,704,323,987,12866,12377,1442,0,3503,0,0,4,0
2021-02-19T23:59:59+01:00,0,1,376,388,593,1005,664,1484,864,2294,1094,2165,585,650,580,787,847,1897,0,0,251,258,448,770,498,1193,665,1824,918,1787,557,620,491,697,320,977,12863,12274,1442,0,1965,0,0,4,0
2021-02-18T23:59:59+01:00,0,1,265,264,478,804,525,1239,703,1898,959,1854,582,644,579,787,847,1896,0,0,250,255,446,767,496,1189,664,1809,914,1775,550,615,484,690,314,966,12860,12184,1442,0,19,0,0,4,0
2021-02-17T23:59:59+01:00,0,1,265,264,476,804,525,1237,702,1898,958,1854,580,643,579,786,847,1896,0,0,248,255,445,763,494,1187,661,1801,910,1768,545,610,474,668,303,946,12858,12078,1442,0,13,0,0,2,0
2021-02-16T23:59:59+01:00,0,1,265,264,474,803,524,1237,702,1898,958,1854,580,643,579,785,847,1896,0,0,238,251,439,747,482,1155,654,1723,885,1688,526,581,440,622,283,875,12857,11589,1442,0,9,0,0,2,0
2021-02-15T23:59:59+01:00,0,1,265,264,473,803,524,1237,700,1898,958,1853,580,643,579,785,847,1896,0,0,234,247,435,739,475,1127,637,1670,858,1634,505,547,422,578,267,810,12856,11185,1442,0,6,0,0,2,0
2021-02-14T23:59:59+01:00,0,1,265,264,473,803,523,1237,700,1898,958,1853,580,643,579,785,847,1896,0,0,234,247,435,737,474,1127,637,1664,856,1625,494,542,418,575,258,801,12855,11124,1442,0,6,0,0,2,0
2021-02-13T23:59:59+01:00,0,1,264,264,473,802,523,1237,699,1896,958,1853,580,643,579,785,847,1896,0,0,232,245,434,733,467,1115,628,1644,836,1592,474,514,401,549,245,763,12853,10872,1442,0,3,0,0,2,0
2021-02-12T23:59:59+01:00,0,1,264,264,473,801,523,1237,699,1895,953,1850,580,641,529,739,833,1892,0,0,216,237,413,699,446,1027,593,1482,750,1352,390,391,326,434,186,575,12727,9517,1442,0,3,0,0,2,0
2021-02-11T23:59:59+01:00,0,1,261,264,470,801,523,1237,698,1893,953,1847,579,640,526,736,745,1743,0,0,195,224,401,666,425,980,559,1386,704,1241,356,342,285,366,156,484,12714,8770,1199,0,2,0,0,2,0
2021-02-10T23:59:59+01:00,0,1,260,264,470,800,523,1237,697,1893,952,1847,578,639,526,735,744,1741,0,0,192,220,399,657,421,964,555,1367,692,1205,339,319,262,325,133,418,12706,8468,1199,0,1,0,0,1,0
2021-02-09T23:59:59+01:00,0,1,260,264,470,800,523,1236,696,1893,952,1845,578,639,526,735,744,1741,0,0,184,207,386,621,402,898,513,1273,639,1075,264,225,183,212,89,254,12702,7425,1199,0,1,0,0,1,0
2021-02-08T23:59:59+01:00,0,1,260,264,468,800,523,1234,695,1893,952,1844,578,639,526,734,744,1741,0,0,184,201,381,607,389,871,488,1223,612,1004,233,183,147,160,71,194,12697,6948,1198,0,1,0,0,0,0
2021-02-07T23:59:59+01:00,0,1,259,264,468,800,523,1234,695,1893,952,1841,578,639,526,734,744,1740,0,0,183,201,378,603,385,866,482,1208,606,988,227,176,137,142,64,177,12693,6823,1198,0,0,0,0,0,0
2021-02-06T23:59:59+01:00,0,1,259,264,468,800,523,1234,695,1893,952,1841,578,639,524,729,654,1561,0,0,183,201,378,603,385,866,482,1208,606,988,227,176,137,141,64,177,12693,6822,922,0,0,0,0,0,0
2021-02-05T23:59:59+01:00,0,1,259,264,466,799,522,1232,692,1891,949,1838,573,635,516,714,337,1029,0,0,177,192,361,572,372,825,464,1168,588,955,208,160,117,129,59,174,12679,6521,38,0,0,0,0,0,0
2021-02-04T23:59:59+01:00,0,1,259,263,465,794,519,1231,691,1886,944,1837,572,635,515,713,337,1029,0,0,162,159,291,434,306,668,384,942,513,816,196,155,108,123,52,162,12653,5471,38,0,0,0,0,0,0
2021-02-03T23:59:59+01:00,0,1,258,263,465,792,519,1230,690,1884,944,1837,572,635,515,713,337,1029,0,0,158,151,246,353,258,581,324,841,461,728,188,150,103,121,51,161,12646,4875,38,0,0,0,0,0,0
2021-02-02T23:59:59+01:00,0,1,258,262,465,789,518,1230,690,1882,944,1835,572,635,515,713,337,1029,0,0,151,137,188,290,200,493,248,727,379,644,178,146,100,120,50,160,12638,4211,37,0,0,0,0,0,0
2021-02-01T23:59:59+01:00,0,1,258,262,463,788,516,1228,689,1878,941,1830,572,635,514,713,337,1029,0,0,145,131,150,253,167,435,203,649,322,569,173,135,91,109,44,153,12617,3729,37,0,0,0,0,0,0
2021-01-31T23:59:59+01:00,0,1,258,262,463,788,516,1227,689,1876,941,1830,572,635,514,713,337,1029,0,0,145,131,150,252,167,434,202,649,322,569,173,135,91,109,44,153,12614,3726,37,0,0,0,0,0,0
2021-01-30T23:59:59+01:00,0,1,258,262,463,788,516,1227,689,1876,937,1830,571,635,512,713,334,1029,0,0,133,120,135,235,156,405,191,608,303,522,150,124,79,80,35,113,12604,3389,37,0,0,0,0,0,0
2021-01-29T23:59:59+01:00,0,1,255,261,459,785,514,1217,686,1859,930,1810,567,629,506,707,329,1019,0,0,89,66,94,155,115,248,148,440,214,379,112,83,60,69,30,102,12498,2404,36,0,0,0,0,0,0
2021-01-28T23:59:59+01:00,0,0,255,261,458,785,511,1216,686,1854,929,1806,567,628,505,707,329,1019,0,0,10,7,13,24,24,48,24,94,50,108,37,33,33,50,24,94,12494,673,22,0,0,0,0,0,0
2021-01-27T23:59:59+01:00,0,0,253,260,458,782,511,1212,682,1851,927,1803,566,628,505,707,329,1019,0,0,10,7,13,24,23,48,24,92,49,108,37,33,33,50,24,94,12487,669,6,0,0,0,0,0,0
2021-01-26T23:59:59+01:00,0,0,253,260,457,780,511,1211,681,1847,927,1802,566,628,505,707,329,1019,0,0,10,7,13,24,23,48,24,92,49,108,37,33,33,50,24,94,12479,669,4,0,0,0,0,0,0
2021-01-25T23:59:59+01:00,0,0,253,260,455,780,510,1209,679,1843,926,1800,566,628,505,705,328,1019,0,0,6,1,5,14,11,23,15,39,23,48,18,16,11,16,7,22,12464,275,2,0,0,0,0,0,0
2021-01-24T23:59:59+01:00,0,0,253,259,455,780,508,1208,679,1842,926,1799,566,628,505,705,328,1019,0,0,6,1,5,14,11,23,15,39,23,48,18,16,11,16,7,22,12459,275,1,0,0,0,0,0,0
2021-01-23T23:59:59+01:00,0,0,253,259,455,780,508,1207,679,1842,926,1799,566,628,505,705,328,1019,0,0,6,1,5,14,11,23,15,39,23,48,18,16,11,16,7,22,12458,275,1,0,0,0,0,0,0
2021-01-22T23:59:59+01:00,0,0,251,257,454,779,507,1206,679,1841,926,1799,566,628,505,705,310,974,0,0,6,1,5,14,11,23,15,39,23,48,18,16,11,16,7,22,12386,275,1,0,0,0,0,0,0
2021-01-21T23:59:59+01:00,0,0,249,252,452,769,504,1198,676,1818,917,1780,557,619,486,680,295,936,0,0,6,1,5,14,11,22,15,39,23,48,18,16,11,16,7,22,12187,274,1,0,0,0,0,0,0
2021-01-20T23:59:59+01:00,0,0,248,250,447,764,500,1192,672,1810,912,1774,551,614,478,661,287,917,0,0,6,1,5,14,11,22,15,39,23,48,18,16,11,16,7,22,12076,274,1,0,0,0,0,0,0
2021-01-19T23:59:59+01:00,0,0,243,250,444,756,494,1174,669,1777,901,1732,538,597,465,642,274,877,0,0,6,1,5,14,11,22,15,39,23,48,18,16,11,16,7,22,11832,274,1,0,0,0,0,0,0
2021-01-18T23:59:59+01:00,0,0,239,246,439,743,487,1152,651,1740,874,1684,519,564,448,603,258,818,0,0,6,1,5,13,11,21,15,39,23,47,18,16,11,16,7,22,11464,271,1,0,0,0,0,0,0
2021-01-17T23:59:59+01:00,0,0,239,245,437,741,484,1150,647,1731,868,1673,504,555,434,583,244,794,0,0,6,1,4,12,11,21,15,39,23,47,18,15,11,16,7,22,11329,268,0,0,0,0,0,0,0
2021-01-16T23:59:59+01:00,0,0,231,237,432,721,471,1115,622,1644,822,1524,461,470,401,528,222,734,0,0,0,0,0,0,0,0,0,0,0,0,0,0,0,0,0,0,10635,0,0,0,0,0,0,0,0
2021-01-15T23:59:59+01:00,0,0,224,231,424,701,456,1062,602,1544,783,1409,412,412,349,457,201,621,0,0,0,0,0,0,0,0,0,0,0,0,0,0,0,0,0,0,9888,0,0,0,0,0,0,0,0
2021-01-14T23:59:59+01:00,0,0,203,218,404,657,432,1000,561,1426,715,1255,356,337,298,362,155,488,0,0,0,0,0,0,0,0,0,0,0,0,0,0,0,0,0,0,8867,0,0,0,0,0,0,0,0
2021-01-13T23:59:59+01:00,0,0,201,216,403,648,427,981,556,1405,701,1220,337,313,272,321,131,422,0,0,0,0,0,0,0,0,0,0,0,0,0,0,0,0,0,0,8554,0,0,0,0,0,0,0,0
2021-01-12T23:59:59+01:00,0,0,185,204,386,607,396,887,494,1250,622,1030,238,194,162,164,77,207,0,0,0,0,0,0,0,0,0,0,0,0,0,0,0,0,0,0,7103,0,0,0,0,0,0,0,0
2021-01-11T23:59:59+01:00,0,0,181,198,382,595,376,859,474,1203,602,975,218,164,129,117,55,150,0,0,0,0,0,0,0,0,0,0,0,0,0,0,0,0,0,0,6678,0,0,0,0,0,0,0,0
2021-01-10T23:59:59+01:00,0,0,180,194,369,579,372,846,465,1183,588,956,214,164,125,117,53,148,0,0,0,0,0,0,0,0,0,0,0,0,0,0,0,0,0,0,6553,0,0,0,0,0,0,0,0
2021-01-09T23:59:59+01:00,0,0,161,161,324,499,331,729,405,1002,497,806,151,109,77,74,37,109,0,0,0,0,0,0,0,0,0,0,0,0,0,0,0,0,0,0,5472,0,0,0,0,0,0,0,0
2021-01-08T23:59:59+01:00,0,0,95,74,229,348,244,437,292,670,340,511,82,68,53,59,28,97,0,0,0,0,0,0,0,0,0,0,0,0,0,0,0,0,0,0,3627,0,0,0,0,0,0,0,0
2021-01-07T23:59:59+01:00,0,0,12,10,54,97,72,126,93,194,122,181,44,36,36,51,25,97,0,0,0,0,0,0,0,0,0,0,0,0,0,0,0,0,0,0,1250,0,0,0,0,0,0,0,0
2021-01-06T23:59:59+01:00,0,0,8,4,9,24,17,49,24,90,53,109,38,33,35,51,25,97,0,0,0,0,0,0,0,0,0,0,0,0,0,0,0,0,0,0,666,0,0,0,0,0,0,0,0
2021-01-05T23:59:59+01:00,0,0,8,4,9,24,17,48,23,90,51,109,38,33,34,51,25,97,0,0,0,0,0,0,0,0,0,0,0,0,0,0,0,0,0,0,661,0,0,0,0,0,0,0,0
2021-01-04T23:59:59+01:00,0,0,6,1,5,14,11,25,15,41,23,50,19,16,12,16,7,23,0,0,0,0,0,0,0,0,0,0,0,0,0,0,0,0,0,0,284,0,0,0,0,0,0,0,0
2021-01-03T23:59:59+01:00,0,0,6,1,5,14,11,25,15,41,23,50,19,16,12,16,7,23,0,0,0,0,0,0,0,0,0,0,0,0,0,0,0,0,0,0,284,0,0,0,0,0,0,0,0
2021-01-02T23:59:59+01:00,0,0,6,1,5,14,11,25,15,41,23,50,19,16,12,16,7,23,0,0,0,0,0,0,0,0,0,0,0,0,0,0,0,0,0,0,284,0,0,0,0,0,0,0,0
2021-01-01T23:59:59+01:00,0,0,6,1,5,14,11,24,15,41,23,50,19,16,12,16,7,23,0,0,0,0,0,0,0,0,0,0,0,0,0,0,0,0,0,0,283,0,0,0,0,0,0,0,0
2020-12-31T23:59:59+01:00,0,0,6,1,5,14,11,24,15,41,23,50,19,16,12,16,7,23,0,0,0,0,0,0,0,0,0,0,0,0,0,0,0,0,0,0,283,0,0,0,0,0,0,0,0
2020-12-30T23:59:59+01:00,0,0,6,1,5,14,11,24,15,41,23,50,19,16,12,16,7,23,0,0,0,0,0,0,0,0,0,0,0,0,0,0,0,0,0,0,283,0,0,0,0,0,0,0,0
2020-12-29T23:59:59+01:00,0,0,6,1,5,14,11,23,15,41,23,50,19,16,12,16,7,23,0,0,0,0,0,0,0,0,0,0,0,0,0,0,0,0,0,0,282,0,0,0,0,0,0,0,0
2020-12-28T23:59:59+01:00,0,0,6,1,5,13,11,23,15,41,23,49,19,16,12,16,7,23,0,0,0,0,0,0,0,0,0,0,0,0,0,0,0,0,0,0,280,0,0,0,0,0,0,0,0
2020-12-27T23:59:59+01:00,0,0,6,1,4,12,11,23,15,41,23,49,19,15,12,16,7,23,0,0,0,0,0,0,0,0,0,0,0,0,0,0,0,0,0,0,277,0,0,0,0,0,0,0,0
