Datum,<15_m,<15_w,15-24_1_m,15-24_1_w,25-34_1_m,25-34_1_w,35-44_1_m,35-44_1_w,45-54_1_m,45-54_1_w,55-64_1_m,55-64_1_w,65-74_1_m,65-74_1_w,75-84_1_m,75-84_1_w,>84_1_m,>84_1_w,<24_2_m,<24_2_w,25-34_2_m,25-34_2_w,35-44_2_m,35-44_2_w,45-54_2_m,45-54_2_w,55-64_2_m,55-64_2_w,65-74_2_m,65-74_2_w,75-84_2_m,75-84_2_w,>84_2_m,>84_2_w,bp_1,bp_2,mo_1,mo_2,az_1,az_2,ja,unb_1,unb_2
2021-10-20T23:59:59+02:00,2004,1887,14298,13257,17035,15537,18588,18365,21666,21571,22949,21879,14769,15969,10147,12395,3097,5400,13371,12478,16372,14863,18094,17736,21241,21065,22597,21459,14575,15722,10021,12238,3032,5280,180062,174080,22876,22501,35614,34670,12274,2,2
2021-10-19T23:59:59+02:00,1990,1877,14283,13244,17025,15523,18583,18359,21661,21566,22942,21873,14764,15960,10144,12391,3097,5397,13352,12452,16359,14842,18083,17724,21228,21054,22589,21449,14574,15713,10016,12235,3030,5279,179948,173922,22876,22501,35614,34670,12254,2,2
2021-10-18T23:59:59+02:00,1986,1871,14269,13223,17012,15514,18578,18353,21656,21557,22937,21870,14760,15956,10144,12390,3097,5396,13330,12419,16342,14814,18069,17715,21220,21046,22583,21447,14567,15713,10012,12230,3029,5278,179860,173775,22875,22484,35614,34670,12233,2,2
2021-10-17T23:59:59+02:00,1985,1869,14269,13221,17012,15514,18578,18351,21654,21552,22937,21867,14760,15953,10144,12389,3096,5396,13329,12414,16336,14810,18067,17709,21218,21041,22581,21444,14566,15712,10011,12228,3027,5275,179838,173725,22875,22484,35614,34670,12233,2,2
2021-10-16T23:59:59+02:00,1985,1869,14269,13221,17012,15514,18578,18351,21654,21552,22937,21867,14760,15953,10144,12389,3096,5396,13329,12414,16336,14809,18067,17709,21218,21041,22581,21444,14566,15712,10011,12228,3027,5275,179838,173724,22875,22484,35614,34670,12233,2,2
2021-10-15T23:59:59+02:00,1978,1856,14229,13188,16981,15485,18559,18334,21640,21540,22928,21860,14759,15949,10143,12385,3096,5394,13263,12351,16290,14759,18033,17681,21189,21009,22560,21426,14555,15699,10007,12222,3026,5270,179621,173263,22857,22457,35614,34670,12225,2,2
2021-10-14T23:59:59+02:00,1966,1843,14175,13151,16934,15442,18531,18307,21617,21528,22914,21846,14749,15939,10141,12382,3092,5389,13149,12225,16233,14683,17973,17610,21148,20959,22527,21387,14539,15683,10000,12210,3024,5265,179286,172497,22838,22392,35614,34670,12221,2,2
2021-10-13T23:59:59+02:00,1956,1832,14145,13116,16913,15407,18509,18287,21606,21517,22902,21839,14744,15932,10139,12378,3092,5383,13104,12172,16193,14626,17937,17568,21129,20939,22507,21373,14530,15673,9996,12204,3020,5259,179068,172105,22838,22392,35614,34670,12190,2,2
2021-10-12T23:59:59+02:00,1950,1824,14122,13105,16895,15396,18504,18275,21599,21510,22898,21831,14741,15930,10139,12377,3092,5382,13077,12146,16172,14605,17925,17553,21120,20930,22498,21367,14522,15669,9994,12203,3019,5257,178967,171935,22838,22392,35614,34670,12164,2,2
2021-10-11T23:59:59+02:00,1937,1819,14102,13080,16886,15392,18497,18263,21593,21504,22893,21827,14739,15928,10138,12374,3092,5381,13048,12124,16154,14583,17907,17529,21109,20915,22493,21356,14517,15665,9989,12200,3019,5254,178847,171730,22838,22392,35614,34670,12159,2,2
2021-10-10T23:59:59+02:00,1933,1818,14095,13073,16876,15389,18491,18257,21591,21500,22891,21823,14738,15927,10138,12374,3092,5381,13036,12109,16137,14577,17900,17522,21107,20911,22488,21348,14515,15660,9988,12197,3018,5253,178816,171651,22838,22391,35613,34670,12133,2,2
2021-10-09T23:59:59+02:00,1933,1818,14094,13072,16875,15389,18491,18257,21591,21499,22891,21823,14738,15927,10138,12374,3092,5381,13036,12109,16137,14577,17900,17522,21107,20911,22488,21348,14515,15660,9988,12197,3018,5253,178812,171651,22838,22391,35613,34670,12133,2,2
2021-10-08T23:59:59+02:00,1920,1805,14043,13044,16844,15375,18472,18237,21571,21482,22877,21809,14734,15925,10133,12372,3092,5380,12988,12071,16111,14545,17868,17494,21082,20877,22470,21337,14510,15653,9986,12191,3018,5250,178544,171292,22838,22389,35613,34670,12133,2,2
2021-10-07T23:59:59+02:00,1899,1787,13996,13004,16806,15347,18442,18209,21544,21461,22860,21798,14729,15917,10126,12364,3091,5377,12923,11989,16061,14479,17825,17449,21047,20836,22451,21316,14497,15637,9977,12181,3017,5244,178199,170708,22838,22389,35613,34670,12120,2,2
2021-10-06T23:59:59+02:00,1891,1779,13954,12963,16801,15342,18439,18202,21541,21456,22854,21792,14726,15913,10124,12361,3090,5377,12888,11961,16056,14456,17817,17432,21035,20830,22446,21313,14496,15628,9975,12178,3017,5242,178054,170528,22835,22389,35613,34670,12116,2,2
2021-10-05T23:59:59+02:00,1878,1766,13922,12932,16769,15313,18412,18189,21521,21439,22847,21780,14714,15903,10120,12356,3089,5376,12827,11901,16006,14409,17778,17397,21011,20804,22426,21288,14483,15615,9974,12172,3015,5240,177854,170150,22833,22386,35613,34670,12039,2,2
2021-10-04T23:59:59+02:00,1865,1754,13901,12904,16753,15302,18401,18174,21512,21432,22839,21771,14710,15900,10117,12355,3089,5375,12783,11871,15977,14379,17765,17376,20999,20785,22422,21275,14478,15606,9973,12168,3013,5237,177712,169919,22833,22386,35613,34670,12009,2,2
2021-10-03T23:59:59+02:00,1864,1754,13899,12903,16752,15299,18401,18173,21510,21431,22838,21771,14710,15900,10117,12355,3089,5375,12782,11868,15972,14376,17764,17374,20998,20782,22422,21273,14478,15606,9971,12168,3013,5237,177701,169899,22833,22386,35613,34669,12007,2,2
2021-10-02T23:59:59+02:00,1864,1754,13898,12903,16752,15299,18401,18173,21510,21429,22837,21771,14710,15899,10117,12355,3088,5375,12782,11868,15972,14376,17764,17374,20998,20782,22422,21273,14478,15605,9971,12167,3013,5237,177695,169897,22833,22386,35613,34669,12007,2,2
2021-10-01T23:59:59+02:00,1856,1741,13864,12873,16714,15277,18378,18149,21488,21409,22822,21768,14706,15897,10113,12353,3087,5374,12749,11844,15941,14349,17742,17354,20976,20767,22407,21266,14474,15604,9969,12165,3012,5237,177484,169706,22832,22386,35613,34669,11953,2,2
2021-09-30T23:59:59+02:00,1838,1725,13795,12831,16652,15231,18344,18110,21461,21389,22799,21747,14691,15888,10110,12345,3085,5372,12670,11782,15880,14285,17715,17306,20937,20739,22375,21251,14454,15589,9964,12158,3011,5235,177140,169260,22832,22386,35613,34669,11841,2,2
2021-09-29T23:59:59+02:00,1828,1713,13743,12794,16613,15197,18315,18080,21437,21371,22785,21728,14685,15881,10106,12339,3083,5371,12627,11747,15845,14246,17691,17281,20921,20722,22368,21244,14453,15583,9962,12152,3010,5232,176855,169024,22832,22386,35613,34669,11782,2,2
2021-09-28T23:59:59+02:00,1819,1709,13731,12767,16608,15185,18303,18070,21429,21362,22780,21725,14683,15875,10102,12336,3081,5367,12591,11710,15825,14225,17676,17263,20906,20708,22362,21236,14451,15580,9962,12148,3009,5230,176718,168771,22832,22386,35613,34669,11781,2,2
2021-09-27T23:59:59+02:00,1811,1703,13714,12737,16595,15165,18292,18056,21415,21353,22776,21719,14681,15870,10099,12333,3079,5366,12579,11674,15801,14211,17665,17251,20902,20702,22356,21230,14446,15572,9961,12146,3008,5227,176555,168603,22832,22386,35613,34669,11776,2,2
2021-09-26T23:59:59+02:00,1802,1700,13698,12722,16585,15156,18284,18051,21409,21339,22766,21715,14680,15866,10096,12326,3076,5361,12567,11665,15794,14206,17661,17250,20900,20698,22354,21228,14445,15571,9959,12144,3007,5227,176425,168545,22832,22385,35613,34669,11774,2,2
2021-09-25T23:59:59+02:00,1802,1700,13698,12722,16585,15156,18284,18051,21409,21339,22766,21715,14680,15866,10096,12326,3076,5361,12567,11664,15794,14206,17661,17250,20900,20698,22354,21228,14445,15571,9959,12144,3007,5227,176425,168544,22832,22385,35613,34669,11774,2,2
2021-09-24T23:59:59+02:00,1791,1695,13661,12667,16550,15119,18259,18030,21387,21316,22748,21705,14676,15861,10094,12323,3076,5360,12537,11622,15765,14174,17640,17223,20880,20684,22338,21216,14437,15562,9953,12138,3006,5225,176187,168314,22831,22385,35613,34669,11699,2,2
2021-09-23T23:59:59+02:00,1767,1676,13603,12605,16499,15063,18218,17990,21349,21284,22727,21675,14668,15851,10091,12317,3075,5354,12500,11594,15742,14148,17620,17209,20857,20671,22323,21204,14428,15553,9946,12135,3005,5221,175746,168119,22831,22385,35613,34669,11634,2,2
2021-09-22T23:59:59+02:00,1754,1662,13548,12559,16471,15030,18200,17955,21339,21263,22715,21666,14656,15843,10087,12313,3071,5351,12462,11569,15717,14129,17601,17181,20848,20649,22313,21194,14419,15541,9943,12130,3005,5221,175424,167882,22830,22385,35613,34669,11628,2,2
2021-09-21T23:59:59+02:00,1748,1658,13511,12536,16438,15002,18182,17925,21326,21244,22708,21657,14653,15836,10080,12311,3070,5348,12433,11547,15700,14103,17585,17157,20836,20638,22307,21184,14417,15536,9942,12125,3004,5220,175248,167760,22830,22383,35613,34669,11553,2,2
2021-09-20T23:59:59+02:00,1741,1652,13491,12509,16421,14978,18162,17910,21312,21236,22706,21650,14647,15829,10077,12303,3070,5346,12422,11537,15695,14088,17576,17147,20831,20632,22307,21179,14412,15527,9940,12123,3004,5218,175114,167705,22815,22378,35612,34669,11510,2,2
2021-09-19T23:59:59+02:00,1738,1646,13473,12493,16396,14955,18147,17906,21305,21229,22697,21640,14638,15824,10074,12298,3068,5341,12416,11533,15679,14071,17564,17145,20826,20627,22300,21175,14404,15525,9938,12119,3003,5217,175029,167695,22815,22377,35611,34669,11424,2,2
2021-09-18T23:59:59+02:00,1738,1643,13463,12488,16391,14949,18142,17901,21304,21227,22695,21639,14638,15824,10074,12298,3068,5340,12276,11360,15603,13959,17507,17075,20781,20589,22276,21147,14393,15510,9928,12107,3003,5215,174989,166736,22815,22377,35611,34669,11418,2,2
2021-09-17T23:59:59+02:00,1695,1596,13353,12389,16332,14866,18084,17838,21261,21180,22666,21613,14627,15808,10066,12286,3066,5334,12228,11312,15564,13927,17453,17024,20767,20566,22260,21129,14389,15499,9923,12101,3002,5214,174382,166649,22712,22134,35611,34669,11365,2,2
2021-09-16T23:59:59+02:00,1661,1552,13264,12293,16278,14785,18025,17776,21218,21125,22636,21577,14612,15789,10050,12274,3063,5330,12200,11288,15549,13910,17432,17000,20762,20548,22252,21118,14387,15495,9919,12099,3002,5213,173672,166492,22711,22134,35611,34669,11324,2,2
2021-09-15T23:59:59+02:00,1640,1534,13214,12255,16243,14754,18003,17742,21196,21099,22626,21564,14604,15776,10040,12267,3059,5320,12173,11271,15521,13887,17418,16972,20747,20533,22241,21107,14379,15490,9915,12098,3002,5209,173375,166346,22711,22134,35611,34669,11249,2,2
2021-09-14T23:59:59+02:00,1628,1522,13168,12218,16219,14730,17979,17717,21187,21077,22611,21554,14598,15765,10030,12258,3058,5319,12143,11234,15501,13864,17395,16945,20733,20516,22232,21091,14368,15484,9908,12097,3002,5208,173125,166133,22710,22134,35611,34669,11202,2,2
2021-09-13T23:59:59+02:00,1613,1505,13106,12170,16182,14693,17946,17682,21168,21052,22591,21537,14590,15760,10025,12250,3056,5318,12106,11203,15477,13840,17380,16932,20721,20502,22212,21085,14365,15476,9905,12090,3000,5206,172805,165971,22710,22134,35610,34669,11129,2,2
2021-09-12T23:59:59+02:00,1613,1503,13105,12169,16179,14693,17945,17679,21166,21051,22590,21535,14590,15758,10022,12246,3056,5314,12103,11199,15475,13840,17379,16931,20721,20502,22212,21084,14364,15476,9905,12089,3000,5206,172778,165960,22710,22134,35610,34669,11126,2,2
2021-09-11T23:59:59+02:00,1613,1503,13105,12169,16179,14693,17944,17679,21166,21051,22590,21535,14590,15758,10022,12246,3056,5314,12103,11199,15475,13840,17378,16931,20721,20502,22212,21084,14364,15476,9905,12089,3000,5206,172778,165960,22710,22134,35610,34669,11125,2,2
2021-09-10T23:59:59+02:00,1581,1476,13057,12128,16138,14646,17912,17641,21133,21015,22563,21518,14582,15745,10018,12241,3055,5311,12097,11189,15464,13828,17369,16926,20710,20491,22206,21079,14359,15468,9903,12085,3000,5203,172401,165927,22710,22133,35610,34669,11049,2,2
2021-09-09T23:59:59+02:00,1540,1425,12950,12043,16065,14551,17862,17578,21086,20968,22527,21489,14559,15719,10007,12232,3053,5308,12056,11152,15435,13798,17348,16897,20693,20473,22184,21064,14353,15458,9898,12079,2997,5203,171686,165685,22709,22131,35610,34668,10967,2,2
2021-09-08T23:59:59+02:00,1521,1412,12910,11997,16042,14520,17835,17545,21065,20949,22513,21478,14554,15709,10003,12225,3053,5305,12018,11108,15411,13771,17323,16870,20672,20453,22165,21044,14341,15450,9889,12072,2995,5201,171465,165463,22709,22130,35610,34668,10862,2,2
2021-09-07T23:59:59+02:00,1489,1384,12830,11926,15965,14474,17790,17495,21034,20928,22491,21451,14542,15701,10003,12219,3051,5300,11969,11073,15363,13747,17294,16848,20649,20433,22152,21029,14328,15445,9889,12067,2994,5201,171024,165266,22705,22124,35610,34668,10744,2,2
2021-09-06T23:59:59+02:00,1475,1362,12803,11898,15944,14447,17782,17481,21020,20916,22482,21443,14535,15691,10003,12214,3050,5297,11961,11058,15360,13736,17290,16844,20647,20431,22146,21026,14325,15443,9889,12063,2994,5201,170795,165195,22704,22124,35610,34668,10744,2,2
2021-09-05T23:59:59+02:00,1475,1361,12803,11895,15943,14445,17778,17479,21020,20915,22480,21442,14535,15689,10000,12213,3050,5297,11959,11058,15359,13734,17288,16842,20645,20431,22145,21026,14325,15443,9889,12063,2994,5200,170776,165186,22704,22124,35610,34668,10740,2,2
2021-09-04T23:59:59+02:00,1475,1361,12803,11895,15943,14445,17778,17479,21020,20914,22480,21442,14535,15688,10000,12213,3050,5297,11959,11058,15359,13734,17288,16842,20645,20430,22145,21026,14325,15442,9889,12063,2994,5200,170776,165186,22704,22124,35610,34668,10738,2,2
2021-09-03T23:59:59+02:00,1452,1333,12740,11830,15909,14397,17740,17444,20988,20886,22457,21417,14520,15674,9994,12204,3047,5295,11857,10965,15310,13671,17259,16799,20616,20406,22123,21007,14312,15433,9884,12055,2993,5199,170402,164686,22704,22124,35610,34663,10621,2,2
2021-09-02T23:59:59+02:00,1442,1324,12689,11804,15862,14356,17714,17412,20959,20863,22437,21405,14512,15651,9985,12198,3045,5293,11826,10943,15282,13644,17236,16775,20596,20390,22112,20998,14309,15418,9880,12051,2992,5197,170169,164578,22704,22124,35610,34663,10478,2,2
2021-09-01T23:59:59+02:00,1435,1320,12659,11783,15848,14331,17707,17399,20956,20860,22432,21402,14510,15644,9983,12194,3044,5291,11815,10924,15274,13632,17226,16768,20592,20384,22108,20991,14307,15418,9879,12049,2992,5197,170021,164482,22704,22124,35610,34663,10473,2,2
2021-08-31T23:59:59+02:00,1422,1305,12605,11747,15819,14284,17683,17374,20931,20845,22410,21392,14503,15640,9982,12189,3043,5291,11767,10890,15244,13593,17199,16731,20569,20365,22083,20976,14302,15417,9874,12046,2991,5196,169847,164320,22704,22123,35610,34663,10313,2,2
2021-08-30T23:59:59+02:00,1415,1303,12592,11722,15801,14268,17669,17363,20909,20827,22401,21381,14496,15635,9978,12184,3043,5289,11731,10851,15213,13565,17187,16708,20546,20350,22075,20967,14296,15414,9870,12041,2991,5195,169778,164174,22704,22123,35610,34663,10193,2,2
2021-08-29T23:59:59+02:00,1415,1303,12590,11722,15798,14268,17668,17363,20909,20827,22401,21381,14496,15635,9978,12184,3043,5289,11730,10849,15209,13564,17187,16708,20544,20350,22075,20967,14296,15414,9870,12041,2991,5195,169774,164165,22704,22123,35610,34663,10191,2,2
2021-08-28T23:59:59+02:00,1415,1303,12590,11722,15798,14268,17668,17363,20909,20827,22401,21381,14496,15635,9978,12184,3043,5289,11729,10849,15209,13564,17186,16708,20544,20350,22075,20967,14296,15414,9870,12041,2991,5195,169774,164163,22704,22123,35610,34663,10191,2,2
2021-08-27T23:59:59+02:00,1414,1297,12565,11703,15774,14246,17648,17340,20889,20818,22385,21367,14490,15629,9974,12178,3042,5287,11713,10838,15187,13548,17171,16692,20527,20342,22060,20954,14290,15409,9864,12034,2990,5193,169704,164136,22704,22123,35610,34662,10037,2,2
2021-08-26T23:59:59+02:00,1410,1293,12529,11677,15740,14217,17621,17326,20862,20799,22371,21354,14481,15624,9970,12172,3041,5285,11652,10772,15129,13494,17130,16663,20495,20316,22043,20932,14276,15396,9856,12030,2987,5191,169622,163855,22704,22122,35610,34661,9845,2,2
2021-08-25T23:59:59+02:00,1405,1290,12513,11660,15721,14203,17608,17310,20854,20789,22366,21344,14479,15617,9969,12169,3040,5285,11590,10710,15077,13452,17109,16632,20484,20299,22028,20921,14271,15389,9853,12028,2985,5188,169498,163504,22704,22122,35610,34661,9819,2,2
2021-08-24T23:59:59+02:00,1397,1281,12485,11638,15694,14168,17591,17293,20838,20775,22349,21331,14473,15605,9964,12160,3036,5283,11557,10687,15043,13412,17083,16616,20463,20276,22003,20911,14263,15377,9847,12020,2984,5186,169396,163363,22704,22122,35610,34661,9659,2,2
2021-08-23T23:59:59+02:00,1395,1277,12457,11621,15663,14142,17558,17275,20808,20765,22333,21318,14457,15592,9961,12156,3035,5282,11490,10630,14982,13359,17037,16587,20427,20252,21981,20893,14243,15366,9842,12013,2983,5184,169359,163113,22703,22121,35610,34661,9431,2,2
2021-08-22T23:59:59+02:00,1394,1277,12456,11619,15661,14141,17558,17275,20807,20763,22332,21318,14456,15592,9961,12156,3035,5282,11490,10626,14980,13357,17036,16585,20426,20252,21981,20893,14242,15366,9842,12013,2983,5184,169349,163102,22703,22120,35610,34661,9429,2,2
2021-08-21T23:59:59+02:00,1315,1202,12296,11426,15582,14016,17495,17189,20765,20721,22299,21274,14446,15576,9953,12143,3034,5278,11392,10536,14916,13304,16999,16542,20395,20227,21959,20863,14230,15354,9835,12002,2981,5180,168279,162515,22703,22113,35610,34661,9426,2,2
2021-08-20T23:59:59+02:00,1309,1202,12273,11399,15566,14001,17473,17170,20758,20711,22290,21267,14443,15568,9953,12140,3034,5278,11284,10459,14824,13230,16898,16436,20334,20172,21924,20830,14218,15335,9827,11997,2980,5180,168276,162431,22535,21415,35610,34647,9422,2,2
2021-08-19T23:59:59+02:00,1305,1198,12208,11348,15469,13951,17396,17116,20706,20672,22253,21223,14425,15553,9944,12127,3033,5274,11181,10362,14714,13156,16798,16360,20274,20124,21884,20777,14195,15320,9818,11984,2978,5173,168160,162096,22535,21415,35610,34646,8903,2,2
2021-08-18T23:59:59+02:00,1298,1196,12187,11334,15458,13941,17389,17106,20696,20661,22251,21215,14423,15548,9942,12126,3033,5274,11140,10322,14685,13132,16767,16332,20259,20112,21874,20773,14188,15313,9817,11983,2978,5173,168043,161834,22535,21415,35610,34646,8897,2,2
2021-08-17T23:59:59+02:00,1290,1190,12156,11309,15429,13915,17368,17081,20677,20649,22242,21200,14416,15544,9934,12123,3032,5273,11044,10254,14632,13074,16723,16289,20227,20088,21852,20750,14181,15305,9810,11972,2975,5173,167891,161410,22535,21413,35610,34645,8799,2,2
2021-08-16T23:59:59+02:00,1287,1186,12132,11285,15410,13893,17351,17065,20652,20625,22223,21191,14406,15533,9932,12120,3030,5272,10975,10182,14571,13010,16683,16251,20190,20054,21828,20730,14164,15292,9805,11958,2970,5170,167830,161031,22535,21412,35610,34645,8625,2,2
2021-08-15T23:59:59+02:00,1286,1186,12129,11284,15408,13891,17350,17064,20651,20624,22221,21190,14406,15533,9932,12120,3030,5271,10973,10173,14560,13005,16680,16249,20187,20053,21828,20730,14164,15292,9805,11958,2970,5170,167814,160996,22535,21411,35610,34645,8624,2,2
2021-08-14T23:59:59+02:00,1286,1186,12129,11284,15408,13891,17350,17064,20651,20624,22221,21190,14406,15533,9932,12120,3030,5271,10938,10138,14534,12981,16664,16232,20181,20044,21823,20726,14164,15292,9805,11958,2969,5170,167814,160801,22535,21411,35610,34645,8624,2,2
2021-08-13T23:59:59+02:00,1218,1112,12035,11179,15370,13847,17318,17018,20622,20598,22195,21166,14398,15522,9925,12113,3029,5269,10866,10077,14491,12922,16623,16195,20164,20022,21805,20711,14158,15279,9801,11950,2968,5169,167262,160442,22535,21410,35610,34645,8534,2,2
2021-08-12T23:59:59+02:00,1215,1107,12013,11169,15342,13827,17294,16989,20599,20582,22172,21142,14387,15510,9917,12105,3029,5266,10791,10007,14434,12860,16571,16150,20135,20000,21773,20681,14146,15264,9791,11938,2966,5165,167179,160072,22534,21409,35610,34645,8349,2,2
2021-08-11T23:59:59+02:00,1203,1100,11991,11145,15328,13817,17278,16976,20590,20572,22166,21132,14379,15505,9908,12100,3028,5264,10682,9902,14353,12771,16535,16106,20101,19971,21749,20669,14133,15249,9779,11926,2964,5161,166996,159386,22534,21406,35610,34644,8349,2,2
2021-08-10T23:59:59+02:00,1203,1088,11967,11128,15304,13803,17258,16962,20573,20558,22149,21120,14368,15500,9906,12096,3028,5262,10628,9850,14305,12736,16498,16083,20075,19948,21725,20647,14120,15237,9776,11923,2964,5157,166912,159109,22534,21406,35610,34644,8224,2,2
2021-08-09T23:59:59+02:00,1199,1081,11936,11097,15284,13784,17242,16942,20561,20548,22131,21110,14357,15496,9902,12090,3028,5260,10576,9791,14262,12701,16464,16052,20058,19932,21707,20639,14107,15229,9768,11916,2964,5152,166792,158837,22534,21406,35610,34644,8119,2,2
2021-08-08T23:59:59+02:00,1196,1080,11932,11091,15281,13783,17238,16940,20558,20544,22129,21109,14357,15494,9901,12089,3028,5260,10572,9790,14259,12696,16460,16049,20057,19931,21705,20639,14105,15229,9767,11915,2964,5152,166754,158811,22534,21404,35610,34644,8119,2,2
2021-08-07T23:59:59+02:00,1196,1080,11930,11089,15279,13778,17237,16938,20557,20542,22128,21109,14357,15493,9901,12088,3028,5260,10571,9789,14258,12695,16460,16047,20056,19930,21705,20636,14104,15229,9767,11915,2964,5152,166734,158799,22534,21404,35610,34644,8119,2,2
2021-08-06T23:59:59+02:00,1194,1078,11912,11079,15250,13765,17212,16923,20537,20524,22117,21100,14354,15489,9899,12084,3028,5260,10553,9778,14224,12683,16435,16031,20036,19915,21694,20627,14101,15225,9765,11911,2964,5152,166721,158789,22534,21403,35610,34643,7947,2,2
2021-08-05T23:59:59+02:00,1185,1069,11870,11047,15216,13741,17186,16889,20507,20504,22086,21081,14341,15471,9894,12076,3024,5259,10526,9765,14194,12663,16417,16011,20006,19900,21669,20612,14090,15214,9760,11906,2961,5151,166578,158760,22534,21401,35610,34642,7730,2,2
2021-08-04T23:59:59+02:00,1172,1060,11841,11015,15203,13724,17172,16876,20496,20492,22075,21068,14334,15466,9890,12074,3023,5258,10516,9748,14180,12654,16402,16004,19995,19892,21663,20610,14088,15213,9759,11906,2960,5150,166374,158684,22532,21371,35609,34642,7730,2,2
2021-08-03T23:59:59+02:00,1166,1055,11798,10981,15166,13699,17147,16844,20475,20472,22055,21046,14321,15448,9886,12071,3022,5257,10478,9728,14148,12637,16382,15984,19978,19880,21646,20597,14080,15195,9755,11904,2960,5150,166241,158641,22532,21369,35609,34640,7533,2,2
2021-08-02T23:59:59+02:00,1163,1053,11779,10964,15146,13677,17131,16825,20457,20462,22047,21036,14310,15437,9880,12069,3022,5255,10458,9713,14129,12614,16366,15965,19958,19872,21639,20586,14071,15183,9749,11902,2960,5148,166191,158599,22532,21368,35609,34639,7387,2,2
2021-08-01T23:59:59+02:00,1163,1053,11778,10960,15146,13677,17130,16824,20457,20461,22045,21036,14310,15436,9880,12069,3022,5254,10456,9712,14123,12613,16363,15965,19958,19871,21638,20585,14071,15183,9749,11902,2960,5148,166180,158586,22531,21366,35609,34638,7387,2,2
2021-07-31T23:59:59+02:00,1163,1053,11778,10960,15146,13677,17130,16824,20457,20461,22045,21036,14310,15436,9880,12069,3022,5254,10456,9711,14119,12610,16363,15965,19958,19869,21638,20585,14071,15183,9749,11902,2960,5148,166180,158577,22531,21365,35609,34638,7387,2,2
2021-07-30T23:59:59+02:00,1163,1053,11745,10946,15112,13654,17095,16796,20430,20442,22008,21017,14293,15428,9874,12061,3021,5253,10423,9699,14085,12586,16328,15937,19931,19850,21601,20565,14053,15175,9743,11894,2959,5147,166177,158573,22531,21365,35609,34636,7080,2,2
2021-07-29T23:59:59+02:00,1151,1045,11713,10917,15088,13631,17085,16783,20422,20431,21999,21011,14290,15427,9871,12059,3018,5252,10418,9690,14065,12578,16317,15929,19928,19848,21596,20564,14051,15172,9743,11894,2959,5147,165985,158501,22531,21363,35609,34636,7074,2,2
2021-07-28T23:59:59+02:00,1136,1039,11678,10872,15060,13601,17066,16764,20414,20418,21990,21004,14286,15425,9868,12057,3017,5251,10407,9680,14046,12562,16306,15919,19920,19844,21593,20562,14050,15170,9743,11893,2959,5147,165762,158427,22530,21362,35609,34634,7051,2,2
2021-07-27T23:59:59+02:00,1133,1038,11655,10857,15036,13582,17047,16755,20401,20399,21972,20985,14278,15411,9861,12053,3016,5249,10382,9670,14019,12537,16288,15910,19906,19825,21576,20541,14042,15158,9736,11889,2958,5146,165736,158400,22530,21362,35609,34634,6859,2,2
2021-07-26T23:59:59+02:00,1127,1026,11600,10796,14992,13545,17020,16733,20366,20368,21943,20969,14261,15402,9854,12045,3016,5248,10343,9644,13985,12507,16263,15893,19868,19790,21526,20512,14025,15148,9728,11880,2958,5145,165566,158337,22529,21361,35609,34574,6613,2,2
2021-07-25T23:59:59+02:00,1126,1025,11598,10792,14988,13544,17019,16732,20365,20368,21943,20969,14260,15402,9854,12045,3016,5248,10340,9632,13979,12500,16259,15891,19866,19790,21526,20512,14025,15148,9728,11880,2958,5144,165552,158303,22526,21358,35609,34574,6613,2,2
2021-07-24T23:59:59+02:00,1126,1025,11595,10790,14986,13543,17019,16731,20363,20366,21943,20968,14260,15402,9854,12045,3016,5248,10220,9522,13810,12358,15837,15526,19717,19667,21508,20486,14011,15133,9721,11872,2958,5143,165545,158281,22521,19693,35609,34574,6611,2,2
2021-07-23T23:59:59+02:00,1102,1012,11481,10718,14904,13484,16966,16676,20321,20313,21905,20930,14244,15382,9844,12037,3014,5247,8472,8148,12412,11248,15346,15088,19424,19343,21293,20294,13933,15049,9664,11822,2953,5139,165128,150620,22521,19693,35609,34517,6325,2,2
2021-07-22T23:59:59+02:00,1080,1005,11414,10650,14848,13436,16928,16650,20301,20282,21888,20905,14219,15367,9827,12027,3012,5244,7946,7674,11794,10749,14629,14485,19229,19170,21135,20118,13854,14963,9632,11773,2944,5127,164774,146221,22521,19691,35609,34504,6180,2,2
2021-07-21T23:59:59+02:00,1067,996,11369,10600,14810,13403,16897,16621,20283,20265,21870,20894,14208,15362,9825,12019,3010,5242,7942,7666,11782,10739,14623,14483,19222,19169,21080,20081,13851,14961,9632,11772,2943,5125,164437,146184,22521,19684,35609,34402,6175,2,2
2021-07-20T23:59:59+02:00,1054,981,11318,10561,14780,13375,16865,16603,20258,20245,21846,20876,14197,15349,9823,12013,3009,5241,7931,7660,11768,10731,14617,14476,19212,19165,21073,20077,13850,14959,9632,11772,2943,5125,164130,146152,22521,19684,35609,34394,6135,2,2
2021-07-19T23:59:59+02:00,1041,965,11268,10511,14751,13341,16843,16584,20239,20225,21833,20868,14191,15345,9819,12004,3007,5237,7926,7657,11762,10727,14612,14475,19209,19165,21059,20061,13848,14958,9631,11770,2943,5125,163811,146125,22521,19682,35609,34363,6132,2,2
2021-07-18T23:59:59+02:00,1041,965,11267,10511,14751,13339,16841,16582,20239,20224,21833,20868,14190,15345,9819,12004,3007,5237,7923,7653,11753,10720,14608,14472,19208,19164,21048,20056,13848,14958,9631,11770,2943,5125,163802,146097,22521,19681,35609,34344,6132,2,2
2021-07-17T23:59:59+02:00,1039,965,11221,10483,14692,13295,16803,16553,20203,20210,21807,20845,14179,15332,9816,12001,3007,5236,7848,7594,11610,10590,14414,14305,18781,18844,20849,19882,13820,14917,9616,11747,2940,5119,163773,146089,22513,18023,35608,34344,5794,2,2
2021-07-16T23:59:59+02:00,1018,948,11025,10344,14588,13198,16702,16476,20126,20145,21755,20797,14152,15307,9801,11994,3003,5231,7574,7394,10682,9960,13949,13994,18554,18648,19987,19223,13654,14704,9507,11615,2924,5095,163449,142655,21975,18013,35608,32556,5578,2,2
2021-07-15T23:59:59+02:00,994,932,10968,10281,14551,13167,16676,16455,20111,20128,21745,20788,14148,15303,9796,11990,3003,5227,7144,7024,8455,8224,13489,13601,18493,18592,19846,19086,13521,14562,9454,11552,2923,5085,163111,136280,21974,18009,35608,32518,5570,2,2
2021-07-14T23:59:59+02:00,968,914,10892,10195,14485,13105,16637,16411,20074,20092,21719,20766,14136,15291,9783,11975,2999,5225,6598,6575,7366,7362,12917,13151,18395,18498,19738,18997,13491,14525,9437,11535,2921,5082,162619,131906,21974,18005,35608,32454,5466,2,2
2021-07-13T23:59:59+02:00,949,893,10811,10123,14439,13061,16610,16380,20050,20070,21708,20753,14129,15280,9780,11968,2997,5223,6347,6297,6904,6975,12603,12883,18378,18476,19693,18960,13378,14416,9434,11531,2921,5079,162183,131861,21971,15745,35608,32450,5462,2,2
2021-07-12T23:59:59+02:00,929,881,10758,10073,14392,13016,16568,16350,20035,20058,21701,20747,14127,15275,9776,11964,2997,5220,6208,6202,6745,6854,12307,12639,17682,17909,19595,18880,13344,14391,9417,11509,2921,5075,161886,129317,21971,15741,35608,32446,5402,2,2
2021-07-11T23:59:59+02:00,929,881,10757,10071,14390,13015,16567,16350,20034,20058,21701,20747,14127,15275,9776,11964,2997,5220,6204,6198,6742,6851,12306,12639,17682,17909,19594,18879,13344,14391,9417,11508,2920,5073,161883,129308,21971,15741,35608,32439,5397,2,2
2021-07-10T23:59:59+02:00,926,876,10750,10058,14383,13008,16560,16350,20032,20051,21695,20742,14127,15274,9776,11964,2997,5220,6197,6190,6732,6846,12303,12635,17681,17904,19589,18876,13343,14391,9417,11508,2920,5073,161816,129258,21971,15741,35608,32439,5394,2,2
2021-07-09T23:59:59+02:00,912,860,10700,10015,14349,12980,16524,16320,19997,20028,21667,20720,14108,15259,9761,11956,2996,5217,5388,5457,6600,6746,12143,12530,17449,17798,19383,18743,13280,14318,9390,11489,2917,5070,161632,126353,21970,15741,35608,31487,5159,2,2
2021-07-08T23:59:59+02:00,910,860,10641,9972,14262,12926,16460,16270,19946,19981,21639,20696,14095,15242,9755,11943,2995,5211,5257,5347,6385,6570,11704,12188,16939,17426,19123,18556,13217,14234,9364,11453,2911,5058,161615,124427,21969,15738,35608,30980,4612,2,2
2021-07-07T23:59:59+02:00,909,860,10638,9965,14258,12922,16458,16268,19946,19978,21639,20696,14095,15242,9755,11943,2995,5211,5116,5164,5911,6158,10499,11205,16885,17360,19069,18511,13200,14212,9355,11450,2907,5048,161600,120754,21966,15736,35608,30977,4604,2,2
2021-07-06T23:59:59+02:00,909,860,10636,9964,14254,12919,16456,16268,19946,19978,21639,20695,14095,15241,9755,11943,2995,5211,5097,5158,5904,6150,10499,11205,16883,17360,19067,18511,13200,14210,9355,11450,2907,5048,161595,120732,21962,15733,35608,30961,4599,2,2
2021-07-05T23:59:59+02:00,909,860,10630,9959,14236,12917,16446,16266,19945,19978,21637,20695,14095,15241,9755,11943,2995,5211,5088,5155,5885,6148,10489,11202,16880,17360,19065,18510,13200,14210,9355,11450,2906,5048,161585,120725,21962,15730,35608,30954,4563,2,2
2021-07-04T23:59:59+02:00,909,860,10620,9950,14235,12913,16445,16266,19944,19977,21636,20694,14095,15241,9755,11942,2994,5210,5055,5114,5799,6070,10362,11088,16873,17357,19064,18505,13195,14208,9353,11445,2903,5046,161578,120245,21961,15729,35608,30945,4539,2,2
2021-07-03T23:59:59+02:00,828,791,8695,8410,12769,11753,15974,15808,19658,19677,21467,20529,14021,15165,9701,11896,2988,5206,4946,4985,5526,5814,10124,10872,16729,17215,18874,18354,13170,14174,9343,11435,2901,5044,153241,118687,21961,15729,35608,30577,4526,2,2
2021-07-02T23:59:59+02:00,828,789,8693,8404,12762,11749,15971,15807,19656,19677,21467,20529,14020,15164,9701,11895,2987,5205,4089,4133,4885,5164,9144,9879,16358,16739,18391,17815,12821,13852,9283,11359,2899,5035,153221,114164,21959,15729,35607,27447,4517,2,2
2021-07-01T23:59:59+02:00,808,770,8486,8238,12680,11672,15937,15775,19644,19663,21456,20512,14016,15160,9696,11887,2984,5199,2267,2441,4452,4789,8649,9446,15730,16197,17839,17377,12763,13786,9253,11303,2884,5005,152528,106561,21959,15727,35607,27405,4489,2,1
2021-06-30T23:59:59+02:00,753,720,8240,8053,12506,11520,15822,15680,19578,19596,21417,20465,13997,15134,9683,11874,2983,5194,2209,2405,4361,4672,8543,9347,15532,16058,17103,16875,12110,13140,9194,11234,2877,4999,151177,106498,21957,15726,35606,23960,4475,2,1
2021-06-29T23:59:59+02:00,753,720,8232,8046,12502,11512,15818,15680,19576,19596,21417,20465,13997,15134,9683,11874,2983,5194,2186,2393,4338,4631,8519,9301,15496,15999,17027,16790,11756,12802,9166,11200,2874,4991,151161,106482,21954,15723,35605,22802,4462,2,1
2021-06-28T23:59:59+02:00,753,720,8228,8042,12493,11505,15813,15679,19576,19596,21417,20465,13996,15134,9683,11874,2983,5194,2178,2367,4290,4516,8444,9139,15375,15720,16860,16519,11448,12498,9143,11173,2873,4987,151141,106470,21953,15723,35605,20885,4452,2,1
2021-06-27T23:59:59+02:00,753,720,8225,8036,12489,11501,15810,15678,19573,19596,21417,20465,13996,15134,9683,11873,2983,5194,2168,2363,4281,4514,8262,8983,15354,15704,16858,16514,11443,12497,9142,11171,2873,4987,151129,106070,21951,15722,35605,20881,4441,2,1
2021-06-26T23:59:59+02:00,745,716,8013,7826,12012,11095,14694,14686,19323,19396,21314,20345,13953,15083,9670,11844,2980,5191,2128,2321,4225,4459,8164,8874,15093,15445,16796,16467,11426,12478,9130,11166,2873,4985,148647,105007,20194,15701,35604,20881,4441,2,1
2021-06-25T23:59:59+02:00,726,698,7986,7802,11997,11084,14694,14679,19316,19391,21310,20344,13953,15083,9669,11842,2980,5191,1997,2143,3935,4153,6639,7439,12431,13249,16720,16379,11398,12449,9119,11142,2867,4970,148506,96121,20194,15620,35604,20847,4441,2,1
2021-06-24T23:59:59+02:00,714,681,7501,7390,10914,10180,14162,14243,19245,19330,21262,20301,13931,15054,9656,11829,2979,5188,1929,2075,3574,3813,5873,6766,12183,13038,16474,16171,11294,12322,9029,11015,2856,4936,144336,94883,20191,13236,35603,20798,4430,2,1
2021-06-23T23:59:59+02:00,714,681,7499,7385,10908,10176,14161,14242,19245,19329,21262,20300,13931,15054,9656,11829,2979,5188,1785,1910,3089,3414,4522,5595,11880,12771,16353,16054,11248,12282,9016,10988,2855,4929,144320,90252,20188,13235,35602,20774,4429,2,1
2021-06-22T23:59:59+02:00,714,681,7450,7356,10835,10127,14136,14216,19228,19314,21251,20293,13925,15044,9653,11826,2979,5188,1735,1879,3007,3360,4483,5562,11851,12732,16285,16003,11040,12091,8764,10687,2845,4898,144306,90233,20188,13229,35600,19637,4122,2,1
2021-06-21T23:59:59+02:00,712,681,7319,7288,10705,10028,13854,13965,18475,18696,21161,20216,13890,15012,9634,11801,2979,5185,1690,1854,2964,3323,4453,5532,11804,12698,16268,15986,11031,12080,8757,10679,2844,4897,141914,90107,20185,13226,35600,19624,3902,2,1
2021-06-20T23:59:59+02:00,712,681,7319,7283,10700,10025,13853,13965,18475,18696,21161,20216,13890,15012,9634,11801,2979,5185,1662,1825,2916,3307,4388,5493,11742,12665,16206,15926,11012,12064,8754,10670,2840,4894,141901,89626,20184,13221,35600,19614,3902,2,1
2021-06-19T23:59:59+02:00,712,680,7285,7246,10594,9936,13671,13807,18059,18359,20975,20043,13872,14985,9622,11781,2976,5179,1631,1790,2877,3259,4308,5422,11406,12375,16168,15888,11003,12053,8752,10665,2838,4892,141858,88619,18422,13192,35600,19613,3902,2,1
2021-06-18T23:59:59+02:00,15,13,6478,6513,10586,9935,13670,13805,18057,18356,20975,20043,13872,14984,9622,11780,2975,5177,1500,1679,2638,3102,3677,4791,10262,11229,15956,15732,10961,12013,8729,10644,2824,4863,138942,83957,18421,13190,35600,19559,3893,2,1
2021-06-17T23:59:59+02:00,13,12,6407,6445,10468,9830,13345,13502,17669,18034,20863,19945,13853,14946,9610,11766,2967,5171,1419,1561,2483,2953,3321,4453,8652,9867,15441,15299,10785,11833,8673,10566,2807,4835,137049,78476,18420,13185,35599,19508,3778,2,1
2021-06-16T23:59:59+02:00,13,12,6400,6438,10457,9826,13343,13500,17666,18033,20862,19944,13853,14946,9609,11765,2967,5171,1366,1515,2380,2875,3137,4274,7561,8926,14941,14912,10703,11722,8637,10519,2796,4819,137015,74645,18417,13181,35599,19482,3774,2,1
2021-06-15T23:59:59+02:00,13,12,6368,6419,10416,9795,13313,13484,17646,18013,20849,19930,13844,14938,9606,11759,2964,5168,1284,1457,2252,2772,3020,4188,6637,8191,14740,14745,10679,11693,8624,10497,2787,4812,137000,74634,18416,10758,35597,19462,3523,2,1
2021-06-14T23:59:59+02:00,13,12,6349,6400,10381,9769,13292,13464,17629,17995,20830,19919,13833,14929,9603,11757,2964,5164,1258,1441,2216,2745,2998,4167,6621,8171,14719,14735,10667,11684,8621,10496,2786,4808,136981,74625,18415,10758,35597,19441,3308,2,1
2021-06-13T23:59:59+02:00,13,12,6348,6400,10378,9767,13292,13460,17629,17995,20830,19919,13832,14929,9603,11757,2964,5164,1254,1435,2212,2736,2988,4157,6604,8154,14619,14670,10654,11661,8615,10484,2783,4808,136972,74333,18415,10758,35597,19436,3306,2,1
2021-06-12T23:59:59+02:00,10,10,5565,5641,10333,9728,13258,13435,17601,17973,20804,19888,13750,14856,9603,11754,2963,5164,1246,1417,2199,2719,2968,4131,6530,8070,14447,14533,10425,11376,8133,9946,2781,4807,135016,73828,18415,10758,35597,17835,3306,2,1
2021-06-11T23:59:59+02:00,9,10,5561,5634,10323,9721,13243,13423,17594,17968,20800,19886,13750,14855,9603,11752,2963,5164,1171,1333,2080,2560,2797,3876,5021,6736,12727,13152,10285,11229,8047,9841,2774,4791,134942,66533,18415,10757,35597,17826,3303,2,1
2021-06-10T23:59:59+02:00,3,4,4567,4690,10155,9594,13129,13338,17339,17733,20559,19704,13740,14844,9597,11742,2960,5161,1115,1272,1965,2454,2634,3699,4413,6097,11561,12162,9984,10904,7962,9756,2762,4766,131624,61701,18411,10757,35597,17821,3226,1,1
2021-06-09T23:59:59+02:00,3,4,3982,4097,9951,9446,13040,13266,17028,17466,20333,19522,13725,14831,9592,11736,2959,5156,1042,1228,1865,2384,2540,3586,4086,5793,11138,11837,9856,10746,7916,9690,2751,4757,129274,61622,18398,8911,35597,17814,2867,1,1
2021-06-08T23:59:59+02:00,3,4,3970,4090,9938,9435,13028,13259,17021,17457,20325,19520,13723,14828,9591,11733,2958,5154,996,1219,1842,2369,2513,3572,4060,5773,11127,11834,9853,10741,7915,9688,2750,4755,129257,61505,18395,8904,35596,17809,2788,1,1
2021-06-07T23:59:59+02:00,3,4,3956,4081,9905,9423,13018,13240,16998,17445,20309,19509,13719,14824,9588,11729,2956,5152,985,1211,1807,2356,2503,3553,4036,5759,11109,11820,9850,10735,7912,9685,2748,4753,129243,61494,18393,8901,35594,17798,2628,1,1
2021-06-06T23:59:59+02:00,3,4,3952,4077,9899,9418,13016,13240,16995,17444,20308,19507,13717,14823,9588,11729,2956,5152,982,1208,1795,2354,2497,3544,4022,5752,10981,11676,9839,10728,7911,9685,2748,4753,129227,61169,18392,8900,35592,17789,2616,1,1
2021-06-05T23:59:59+02:00,2,1,3657,3778,7399,7414,12777,13054,16966,17415,20264,19466,13601,14679,9513,11637,2952,5140,905,1136,1633,2253,2331,3463,3795,5611,10079,10835,9453,10272,7798,9529,2740,4733,123245,57889,18392,8900,35592,17291,2485,1,1
2021-06-04T23:59:59+02:00,2,1,3591,3722,7247,7299,12308,12657,16827,17303,20029,19230,13482,14534,9455,11558,2938,5123,879,1071,1603,2148,2292,3296,3719,5353,9438,10155,8606,9250,7522,9125,2736,4722,120843,56412,18392,8898,35592,14126,2478,1,1
2021-06-03T23:59:59+02:00,2,1,3181,3334,7220,7284,12181,12539,16795,17261,19941,19164,13470,14517,9453,11555,2937,5122,851,1002,1557,2024,2211,3096,3530,4972,8861,9537,7844,8378,7048,8509,2733,4714,119611,54781,18389,8896,35588,10821,2368,1,1
2021-06-02T23:59:59+02:00,0,1,2795,3018,6065,6346,11875,12303,16735,17210,19819,19058,13408,14462,9431,11534,2935,5114,836,967,1491,2000,2097,3058,3359,4870,7495,8454,7764,8299,7032,8481,2730,4709,115874,51670,18388,8896,35588,10817,2258,1,1
2021-06-01T23:59:59+02:00,0,1,2510,2716,5579,5914,11550,12019,16711,17187,19768,19021,13285,14339,9424,11530,2934,5111,819,960,1475,1990,2076,3045,3333,4851,7196,8130,7725,8265,7022,8466,2729,4709,115852,50985,16036,8876,35588,10807,2122,1,1
2021-05-31T23:59:59+02:00,0,1,2495,2712,5559,5906,11522,11997,16675,17175,19727,18999,13282,14335,9420,11528,2934,5109,803,953,1456,1980,2045,3025,3297,4837,7155,8108,7721,8260,7018,8464,2729,4707,115839,50971,16032,8870,35587,10799,1917,1,1
2021-05-30T23:59:59+02:00,0,1,2492,2710,5556,5902,11521,11996,16672,17174,19725,18998,13282,14335,9420,11528,2934,5109,802,949,1450,1977,2042,3023,3295,4835,7154,8108,7721,8260,7018,8463,2729,4707,115823,50963,16032,8870,35584,10784,1915,1,1
2021-05-29T23:59:59+02:00,0,1,2478,2696,5391,5748,11454,11938,16664,17168,19718,18997,13281,14333,9418,11528,2934,5109,765,899,1337,1882,1763,2769,2889,4411,6869,7836,7537,8035,6842,8235,2726,4701,115324,50315,16032,8870,35584,8395,1915,1,1
2021-05-28T23:59:59+02:00,0,1,2345,2569,4971,5355,10764,11319,16598,17106,19692,18968,13272,14319,9399,11499,2932,5100,744,876,1277,1827,1674,2698,2756,4306,5284,6140,7372,7839,6800,8179,2723,4691,112682,46020,16032,8870,35584,8385,1910,1,1
2021-05-27T23:59:59+02:00,0,1,2325,2548,4921,5288,10096,10749,16557,17074,19677,18957,13262,14309,9397,11497,2932,5100,691,784,1171,1753,1463,2557,2382,4000,4402,5228,7135,7530,6708,8062,2706,4672,111291,42229,16029,8864,35582,8363,1787,1,1
2021-05-26T23:59:59+02:00,0,1,2287,2486,4749,5109,9661,10387,16505,17020,19609,18903,13248,14290,9386,11495,2928,5087,675,740,1121,1720,1374,2477,2173,3828,4273,5091,6972,7316,6628,7963,2694,4658,109877,40826,16026,8863,35582,8348,1665,1,1
2021-05-25T23:59:59+02:00,0,1,2284,2478,4719,5092,9635,10361,16480,17002,19595,18896,13243,14288,9383,11492,2928,5087,668,727,1076,1702,1321,2432,2103,3768,3732,4512,6670,6973,6594,7926,2693,4656,109871,40818,16024,6908,35581,8339,1487,1,1
2021-05-24T23:59:59+02:00,0,1,2275,2471,4707,5086,9626,10355,16453,16981,19569,18871,13233,14277,9380,11482,2927,5083,658,722,1064,1695,1311,2425,2078,3748,3706,4487,6658,6962,6591,7916,2692,4652,109863,40810,16021,6908,35581,8335,1311,1,1
2021-05-23T23:59:59+02:00,0,1,2259,2440,4618,5012,9492,10233,16450,16980,19569,18870,13231,14275,9377,11478,2925,5082,657,719,1062,1694,1310,2425,2078,3748,3706,4485,6657,6962,6591,7916,2692,4652,109379,40803,16021,6907,35580,8332,1311,1,1
2021-05-22T23:59:59+02:00,0,1,2239,2421,4609,4995,9412,10152,16427,16966,19517,18827,13203,14245,9374,11472,2925,5081,656,717,1061,1691,1308,2422,2075,3743,3690,4471,5824,6063,6519,7835,2684,4647,108953,38855,16021,6907,35580,8332,1311,1,1
2021-05-21T23:59:59+02:00,0,1,2205,2388,4500,4908,9213,9975,16399,16933,19502,18820,13193,14236,9372,11470,2920,5070,645,690,1024,1624,1258,2299,1988,3563,3344,4036,4059,3953,6475,7769,2679,4632,108208,34842,16021,6907,35577,6990,1298,1,1
2021-05-20T23:59:59+02:00,0,1,2176,2347,4416,4847,8990,9745,16349,16881,19449,18768,13163,14202,9354,11453,2919,5065,589,584,900,1311,1086,1892,1767,3027,2785,3354,3221,2995,6428,7718,2675,4627,107350,33005,16017,6906,35568,3858,1189,1,1
2021-05-19T23:59:59+02:00,0,1,2016,2177,3917,4427,7608,8554,16076,16634,19326,18644,13115,14155,9344,11427,2917,5062,574,548,864,1255,1057,1842,1741,2973,2735,3310,3213,2983,6424,7715,2675,4626,102734,32981,16014,6904,35566,3564,1085,1,1
2021-05-18T23:59:59+02:00,0,1,1968,2125,3610,4138,6946,7954,15927,16518,19242,18561,13081,14121,9288,11353,2911,5048,567,544,857,1253,1048,1833,1711,2957,2726,3291,3208,2978,6420,7711,2675,4626,102713,32975,13542,6899,35562,3556,974,1,1
2021-05-17T23:59:59+02:00,0,1,1960,2117,3590,4124,6901,7930,15899,16500,19221,18542,13071,14099,9286,11352,2911,5048,559,537,837,1237,1005,1809,1683,2939,2703,3270,3196,2959,6420,7710,2675,4626,102705,32969,13539,6898,35560,3550,747,1,1
2021-05-16T23:59:59+02:00,0,1,1955,2114,3583,4119,6714,7765,15876,16481,19217,18537,13065,14098,9285,11351,2911,5048,559,537,836,1234,1004,1808,1683,2938,2701,3270,3196,2959,6420,7710,2675,4626,102280,32966,13537,6898,35556,3545,746,1,1
2021-05-15T23:59:59+02:00,0,1,1927,2078,3543,4081,6628,7662,15606,16213,19161,18495,13046,14079,9276,11346,2911,5046,559,537,836,1233,1004,1808,1681,2937,2701,3270,3195,2959,6419,7710,2675,4626,101259,32962,13537,6898,35556,3543,746,1,1
2021-05-14T23:59:59+02:00,0,1,1818,1933,3295,3832,5039,6182,12950,14014,19096,18409,13021,14049,9269,11333,2908,5040,559,536,832,1233,1004,1808,1680,2936,2695,3268,3190,2953,6416,7708,2675,4625,92363,32944,13537,6896,35554,3543,734,1,1
2021-05-13T23:59:59+02:00,0,1,1792,1885,3256,3782,4927,6080,12744,13830,18936,18281,12945,13954,9236,11282,2908,5039,553,533,825,1224,994,1795,1661,2917,2588,3175,2528,2145,4960,5906,2665,4606,91147,29927,13446,4873,35552,3542,732,1,1
2021-05-12T23:59:59+02:00,0,1,1792,1885,3254,3781,4927,6080,12744,13830,18935,18281,12944,13953,9236,11282,2908,5039,553,533,825,1224,993,1795,1661,2916,2585,3173,2528,2144,4960,5904,2665,4606,91142,29922,13446,4868,35551,3542,732,1,1
2021-05-11T23:59:59+02:00,0,1,1747,1840,3162,3704,4836,6013,11809,13098,18741,18122,12929,13932,9229,11268,2902,5035,552,531,822,1219,992,1794,1660,2915,2575,3168,2527,2142,4958,5903,2664,4606,91127,29911,10973,4856,35543,3536,724,1,1
2021-05-10T23:59:59+02:00,0,1,1730,1837,3155,3701,4830,6009,11808,13097,18740,18122,12929,13932,9229,11268,2902,5035,551,529,822,1219,991,1794,1659,2915,2575,3168,2526,2141,4958,5903,2664,4606,91114,29910,10968,4855,35518,3531,724,1,1
2021-05-09T23:59:59+02:00,0,1,1694,1790,3101,3686,4760,5974,11741,13076,18677,18062,12909,13913,9226,11258,2900,5033,549,526,813,1218,983,1788,1646,2912,2571,3167,2526,2139,4957,5902,2664,4605,90641,29906,10964,4854,35511,3521,684,1,1
2021-05-08T23:59:59+02:00,0,1,1661,1756,3065,3637,4683,5903,11404,12774,18644,18028,12902,13906,9225,11256,2898,5033,537,525,806,1218,972,1788,1638,2912,2555,3156,2525,2139,4957,5901,2663,4604,89616,29902,10964,4854,35511,3455,684,1,1
2021-05-07T23:59:59+02:00,0,1,1518,1634,2814,3466,4010,5241,10194,11581,18443,17877,12863,13872,9205,11239,2890,5026,445,375,683,990,826,1471,1493,2497,2386,2798,2516,2129,4953,5897,2660,4601,84845,29896,10963,4854,35499,1403,566,1,1
2021-05-06T23:59:59+02:00,0,1,1455,1465,2681,3334,3683,4930,8482,10099,17925,17452,12695,13704,9158,11167,2887,5018,327,318,578,889,690,1381,1245,2283,2171,2602,2464,2097,4951,5890,2660,4600,79302,29873,10962,4853,35483,31,388,1,1
2021-05-05T23:59:59+02:00,0,1,1399,1390,2594,3262,3507,4755,7327,9081,17417,17054,12608,13591,9126,11122,2878,5003,327,318,576,888,689,1379,1198,2230,2159,2595,2460,2095,4950,5886,2660,4596,75422,29861,10956,4852,35474,30,262,1,1
2021-05-04T23:59:59+02:00,0,1,1386,1388,2587,3254,3505,4755,7325,9080,17416,17053,12608,13591,9126,11122,2878,5003,327,317,575,887,687,1379,1198,2230,2159,2595,2459,2094,4950,5886,2660,4595,75412,29856,10944,4852,35460,28,261,1,1
2021-05-03T23:59:59+02:00,0,1,1384,1382,2578,3248,3502,4749,7247,9021,17402,17045,12604,13589,9126,11122,2877,5002,324,311,571,882,684,1374,1120,2171,2145,2587,2455,2092,4950,5886,2659,4594,75403,29854,10944,4852,35459,26,72,1,1
2021-05-02T23:59:59+02:00,0,1,1376,1378,2575,3242,3489,4740,7227,9001,17297,16977,12591,13564,9120,11111,2874,5002,322,310,571,881,684,1374,1120,2170,2143,2587,2455,2092,4949,5884,2659,4594,75094,29848,10943,4851,35458,26,69,1,1
2021-05-01T23:59:59+02:00,0,1,1372,1372,2566,3232,3480,4722,7168,8940,17154,16860,12566,13540,9108,11105,2874,5002,322,310,571,881,684,1374,1120,2170,2143,2587,2455,2092,4947,5884,2658,4592,74591,29843,10943,4851,35458,26,69,1,1
2021-04-30T23:59:59+02:00,0,1,1302,1293,2445,3065,3312,4448,5609,7539,15399,15425,12423,13379,9013,10989,2859,4969,322,310,570,880,683,1374,1117,2168,2140,2584,2454,2082,4933,5875,2650,4574,67055,29826,10943,4850,35458,26,13,1,1
2021-04-29T23:59:59+02:00,0,1,1247,1254,2343,2955,3176,4278,4998,6889,14223,14400,12111,13050,8922,10907,2845,4941,319,308,570,879,683,1373,1116,2168,2138,2582,2452,2078,4932,5871,2649,4572,62128,29804,10943,4847,35456,26,12,1,1
2021-04-28T23:59:59+02:00,0,1,1185,1237,2281,2915,3110,4197,4688,6599,13808,14084,11995,12905,8881,10848,2837,4935,318,308,567,877,680,1373,1114,2165,2136,2575,2449,2075,4929,5866,2646,4569,62007,29798,9038,4818,35455,25,5,1,1
2021-04-27T23:59:59+02:00,0,1,1166,1234,2275,2914,3106,4195,4686,6599,13807,14083,11994,12904,8881,10848,2837,4935,318,308,567,877,679,1371,1114,2165,2135,2575,2449,2073,4929,5866,2646,4569,61975,29796,9031,4814,35453,25,5,1,1
2021-04-26T23:59:59+02:00,0,1,1166,1231,2273,2913,3102,4195,4672,6585,13767,14050,11990,12901,8881,10847,2837,4934,318,308,567,876,678,1371,1114,2165,2133,2574,2449,2073,4928,5865,2646,4569,61962,29792,9027,4812,35351,25,4,1,1
2021-04-25T23:59:59+02:00,0,1,1165,1231,2266,2913,3099,4188,4659,6578,13629,13896,11980,12895,8880,10846,2837,4934,318,308,566,876,677,1370,1112,2163,2133,2574,2449,2073,4928,5865,2646,4569,61635,29788,9024,4809,35333,25,4,1,1
2021-04-24T23:59:59+02:00,0,1,1100,1185,2130,2825,2959,4131,4448,6461,12759,13091,11704,12565,8814,10742,2830,4921,318,308,566,876,676,1369,1112,2163,2133,2574,2448,2073,4924,5864,2646,4569,58305,29781,9023,4809,35333,24,4,1,1
2021-04-23T23:59:59+02:00,0,1,1002,1165,1915,2797,2799,4097,4334,6348,11414,12031,11648,12502,8791,10695,2828,4918,317,308,566,876,675,1369,1111,2163,2131,2574,2447,2073,4923,5858,2646,4567,56818,29775,9023,4806,33440,19,3,1,1
2021-04-22T23:59:59+02:00,0,1,992,1156,1888,2783,2734,4071,4158,6229,10795,11516,11559,12414,8760,10648,2825,4913,316,307,566,876,675,1368,1109,2163,2130,2574,2447,2071,4921,5856,2646,4567,55118,29768,9022,4801,33298,19,3,1,1
2021-04-21T23:59:59+02:00,0,1,978,1141,1812,2758,2615,4036,4012,6155,9298,10355,11483,12345,8748,10624,2822,4910,315,307,565,876,674,1368,1108,2163,2130,2573,2443,2067,4918,5855,2645,4565,51946,29750,9021,4799,33122,19,3,1,1
2021-04-20T23:59:59+02:00,0,1,978,1140,1810,2756,2611,4032,4008,6154,9001,10032,11456,12320,8744,10614,2821,4909,315,307,565,876,674,1368,1108,2162,2129,2572,2443,2066,4916,5853,2644,4565,51244,29744,9018,4796,33121,19,3,1,1
2021-04-19T23:59:59+02:00,0,1,976,1138,1810,2753,2610,4031,4005,6152,9000,10031,11456,12320,8744,10613,2820,4909,315,307,563,875,674,1368,1106,2162,2128,2572,2443,2066,4916,5853,2644,4565,51235,29740,9013,4795,33117,18,3,1,1
2021-04-18T23:59:59+02:00,0,1,976,1137,1808,2753,2609,4029,4004,6152,9000,10031,11456,12320,8744,10611,2820,4908,315,307,563,875,673,1368,1106,2161,2128,2572,2443,2066,4916,5853,2644,4565,51227,29739,9012,4794,33116,18,3,1,1
2021-04-17T23:59:59+02:00,0,1,976,1136,1805,2747,2533,3937,3947,6070,8983,10013,11333,12168,8741,10609,2820,4907,310,301,559,868,665,1358,1088,2148,2081,2546,2397,2013,4866,5784,2638,4558,50594,29365,9012,4794,33116,17,3,1,1
2021-04-16T23:59:59+02:00,0,1,947,1102,1696,2663,2332,3802,3697,5894,7257,8199,11135,11923,8686,10546,2817,4893,303,296,544,849,632,1322,1006,2092,1856,2385,2247,1900,4679,5515,2576,4436,46243,29350,8937,3272,32406,12,3,1,1
2021-04-15T23:59:59+02:00,0,1,878,1052,1567,2575,2052,3649,3163,5565,6246,7233,10878,11586,8585,10423,2798,4870,303,296,543,848,630,1321,1005,2089,1621,2244,2095,1768,4491,5302,2522,4332,42436,29304,8934,2094,31747,8,3,1,1
2021-04-14T23:59:59+02:00,0,1,863,1023,1521,2538,1964,3568,2993,5429,6152,7122,10715,11378,8503,10323,2786,4856,283,287,509,821,559,1261,797,1946,1401,2120,2027,1693,4361,5138,2508,4304,41058,27909,8929,2094,31744,8,3,1,1
2021-04-13T23:59:59+02:00,0,1,858,1018,1509,2535,1941,3548,2962,5394,5628,6543,10415,11038,8472,10289,2785,4855,283,285,509,820,559,1261,797,1946,1400,2119,2024,1692,4361,5137,2508,4301,41045,27905,7003,2085,31739,8,3,1,1
2021-04-12T23:59:59+02:00,0,1,858,1016,1508,2532,1941,3548,2961,5393,5627,6543,10414,11037,8471,10289,2785,4855,283,284,509,820,557,1261,795,1945,1399,2119,2024,1692,4361,5136,2508,4301,41038,27899,7000,2083,31737,8,3,1,1
2021-04-11T23:59:59+02:00,0,1,858,1016,1506,2532,1939,3547,2960,5393,5627,6543,10413,11034,8471,10289,2785,4855,283,283,508,819,555,1261,794,1945,1397,2119,2024,1692,4361,5136,2508,4301,41034,27893,6999,2082,31733,8,2,1,1
2021-04-10T23:59:59+02:00,0,1,856,1013,1503,2528,1922,3535,2892,5327,5500,6446,10183,10816,8418,10239,2781,4854,283,282,508,818,554,1261,793,1945,1397,2119,2020,1688,4356,5127,2507,4298,40463,27863,6999,2082,31349,8,2,1,1
2021-04-09T23:59:59+02:00,0,1,818,980,1406,2473,1818,3477,2763,5273,5360,6381,7799,7987,8351,10145,2771,4836,282,282,506,817,552,1259,790,1945,1395,2115,2000,1666,4334,5108,2504,4293,34980,27755,6997,2082,30659,8,2,1,1
2021-04-08T23:59:59+02:00,0,1,817,977,1402,2470,1816,3474,2751,5264,5349,6367,7005,7069,8308,10094,2768,4833,280,281,506,816,552,1258,789,1945,1392,2114,1998,1666,4333,5105,2504,4293,33114,27740,6997,2081,30651,8,2,1,1
2021-04-07T23:59:59+02:00,0,1,765,957,1328,2400,1730,3405,2559,5157,4605,5883,6337,6427,8249,10033,2761,4827,280,281,506,816,552,1255,789,1945,1392,2114,1998,1666,4332,5104,2504,4292,33108,27737,6995,2080,27318,7,2,1,0
2021-04-06T23:59:59+02:00,0,1,733,950,1309,2365,1705,3364,2529,5111,4531,5807,5976,6070,8228,10009,2756,4821,280,280,506,815,552,1255,788,1945,1392,2114,1998,1665,4332,5104,2504,4292,33103,27734,6995,2079,26164,7,2,1,0
2021-04-05T23:59:59+02:00,0,1,730,922,1268,2242,1633,3199,2410,4841,4371,5536,5667,5762,8211,9983,2754,4817,280,280,506,814,552,1255,788,1945,1392,2114,1998,1665,4332,5104,2504,4292,33100,27733,6995,2079,24249,7,2,1,0
2021-04-04T23:59:59+02:00,0,1,710,897,1176,2027,1500,2935,2195,4407,4020,5036,5422,5538,8178,9929,2753,4809,280,280,505,813,550,1254,787,1944,1319,2077,1635,1392,4171,4924,2460,4226,33096,26530,6995,2079,21439,6,2,1,0
2021-04-03T23:59:59+02:00,0,1,710,897,1175,2026,1499,2935,2194,4407,4020,5036,5422,5537,8178,9929,2753,4809,280,280,505,813,550,1254,787,1944,1319,2077,1635,1392,4171,4924,2460,4226,33092,26530,6995,2079,21438,6,2,1,0
2021-04-02T23:59:59+02:00,0,1,710,896,1175,2026,1498,2935,2194,4407,4019,5035,5421,5536,8177,9927,2752,4807,280,280,505,813,549,1254,787,1944,1318,2077,1635,1392,4171,4924,2460,4226,33090,26529,6995,2079,21429,6,1,1,0
2021-04-01T23:59:59+02:00,0,1,705,894,1171,2020,1490,2926,2180,4389,3928,4950,4927,4935,7471,9031,2750,4802,280,278,504,810,549,1253,784,1942,1280,2049,1485,1296,4070,4823,2449,4213,30181,25985,6968,2073,21419,6,1,1,0
2021-03-31T23:59:59+02:00,0,1,705,893,1169,2019,1486,2921,2176,4388,3910,4939,4752,4715,6701,8097,2737,4781,279,277,503,809,545,1250,779,1936,1175,1972,1087,1030,3656,4358,2340,4038,30061,24017,4938,2011,21389,5,1,1,0
2021-03-30T23:59:59+02:00,0,1,705,893,1167,2016,1474,2912,2167,4379,3865,4912,4553,4534,6451,7799,2728,4765,279,276,503,807,545,1250,779,1935,1175,1972,1087,1030,3656,4358,2339,4037,30056,24012,4933,2011,20330,4,1,1,0
2021-03-29T23:59:59+02:00,0,1,704,891,1166,2016,1472,2912,2167,4379,3861,4910,4550,4532,6448,7790,2726,4746,279,275,503,807,545,1250,778,1934,1175,1972,1087,1029,3656,4358,2339,4036,30047,24007,4928,2011,20294,4,1,1,0
2021-03-28T23:59:59+02:00,0,1,703,891,1166,2012,1470,2910,2166,4376,3860,4910,4549,4532,6445,7786,2726,4744,278,275,501,807,545,1250,777,1934,1175,1972,1087,1028,3656,4358,2339,4036,30045,24003,4923,2010,20277,4,1,1,0
2021-03-27T23:59:59+01:00,0,1,699,886,1162,2004,1462,2900,2147,4361,3818,4884,4499,4474,6399,7728,2719,4731,274,270,487,797,534,1238,729,1899,1014,1880,825,839,3515,4203,2177,3720,29694,23031,4923,1365,20255,4,1,1,0
2021-03-26T23:59:59+01:00,0,1,699,886,1161,2003,1458,2899,2144,4360,3813,4881,4488,4452,6392,7713,2710,4717,273,270,487,795,532,1238,727,1899,1007,1872,688,745,2532,3040,2005,3506,29649,20246,4921,1365,20205,4,1,1,0
2021-03-25T23:59:59+01:00,0,1,698,885,1160,2002,1457,2896,2140,4354,3809,4877,4479,4441,6379,7684,2685,4663,273,270,487,795,531,1235,726,1898,1005,1871,667,738,1350,1591,1721,3142,29642,16930,4916,1365,20050,4,1,1,0
2021-03-24T23:59:59+01:00,0,1,674,875,1122,1971,1386,2835,1934,4209,3585,4751,4418,4382,6244,7517,2671,4631,273,270,487,794,528,1235,724,1898,1004,1871,667,738,1350,1590,1721,3140,28267,16921,4914,1364,20023,4,1,1,0
2021-03-23T23:59:59+01:00,0,1,674,873,1120,1970,1386,2835,1934,4209,3583,4748,4418,4381,6243,7517,2671,4630,273,270,487,794,528,1234,724,1898,1004,1871,667,738,1350,1590,1721,3140,28261,16920,4911,1364,20019,4,1,1,0
2021-03-22T23:59:59+01:00,0,1,674,871,1118,1966,1383,2835,1932,4209,3582,4748,4418,4380,6243,7516,2671,4630,273,270,487,794,528,1233,723,1898,1004,1870,667,737,1350,1590,1721,3140,28257,16917,4910,1364,20008,3,1,1,0
2021-03-21T23:59:59+01:00,0,1,673,871,1116,1965,1383,2833,1931,4208,3581,4747,4418,4380,6242,7516,2671,4630,272,270,487,794,528,1233,723,1898,1004,1870,667,736,1350,1590,1721,3140,28254,16916,4909,1364,20002,3,0,1,0
2021-03-20T23:59:59+01:00,0,1,671,870,1114,1963,1378,2830,1914,4201,3550,4728,4199,4104,5723,6906,2661,4594,267,268,482,788,511,1223,702,1882,968,1842,601,658,1119,1332,1366,2593,28171,15236,4807,1363,18428,3,0,1,0
2021-03-19T23:59:59+01:00,0,1,663,863,1100,1942,1344,2794,1834,4146,3328,4566,4050,3994,5547,6662,2608,4504,267,268,482,788,511,1223,702,1881,967,1842,601,658,1119,1331,1365,2592,28168,15231,3358,1363,18420,3,0,0,0
2021-03-18T23:59:59+01:00,0,1,662,862,1099,1941,1343,2792,1834,4142,3099,4422,3896,3864,5367,6459,2555,4402,267,267,481,788,511,1221,702,1880,966,1841,599,655,880,1073,1253,2424,28159,14444,2164,1362,18417,2,0,0,0
2021-03-17T23:59:59+01:00,0,1,662,862,1098,1941,1342,2791,1834,4142,3099,4422,3896,3862,5366,6459,2555,4402,267,266,481,788,511,1221,702,1880,965,1841,598,655,880,1072,1253,2424,28157,14441,2164,1361,18413,2,0,0,0
2021-03-16T23:59:59+01:00,0,1,661,862,1098,1937,1340,2791,1831,4142,3099,4420,3895,3861,5366,6459,2555,4401,265,262,467,783,502,1209,686,1866,949,1831,596,654,878,1071,1252,2423,28149,14331,2160,1361,18410,2,0,0,0
2021-03-15T23:59:59+01:00,0,1,661,861,1096,1936,1337,2791,1827,4141,3098,4420,3895,3860,5365,6459,2555,4401,265,262,467,783,502,1209,685,1866,948,1830,596,654,878,1071,1252,2423,28144,14328,2158,1361,18402,2,0,0,0
2021-03-14T23:59:59+01:00,0,1,660,858,1092,1932,1334,2788,1825,4139,3093,4419,3895,3860,5365,6459,2555,4401,265,262,467,783,502,1209,685,1866,948,1829,596,654,877,1071,1252,2423,28139,14326,2157,1361,18380,2,0,0,0
2021-03-13T23:59:59+01:00,0,1,658,853,1084,1926,1324,2781,1819,4131,2978,4341,3420,3456,5156,6224,2510,4337,265,262,467,783,502,1209,684,1866,946,1828,572,638,573,773,819,1842,26867,12666,2157,1361,17975,2,0,0,0
2021-03-12T23:59:59+01:00,0,1,630,767,1060,1813,1303,2592,1787,3865,2934,4173,2273,2009,4794,5676,2507,4328,265,262,467,783,502,1209,683,1866,945,1828,572,637,572,773,819,1841,26855,12662,2157,1361,13500,1,0,0,0
2021-03-11T23:59:59+01:00,0,1,621,722,1053,1710,1294,2434,1775,3653,2886,4034,1707,1477,4306,5135,2497,4318,262,261,467,783,502,1209,683,1865,945,1824,572,637,570,772,735,1695,26300,12658,2144,1124,11179,0,0,0,0
2021-03-10T23:59:59+01:00,0,1,615,711,1040,1685,1284,2413,1762,3627,2777,3951,1315,1209,3894,4663,2402,4160,262,261,466,781,501,1209,683,1865,943,1824,572,637,568,771,735,1695,24307,12652,2143,1121,11059,0,0,0,0
2021-03-09T23:59:59+01:00,0,1,614,707,1032,1668,1273,2398,1759,3616,2770,3946,1311,1208,3893,4662,2401,4159,262,261,466,781,501,1209,683,1865,943,1824,572,637,568,771,735,1695,24303,12652,2142,1121,10973,0,0,0,0
2021-03-08T23:59:59+01:00,0,1,609,678,1021,1641,1257,2365,1751,3583,2749,3931,1310,1206,3893,4662,2401,4158,262,261,466,781,500,1209,683,1865,943,1824,572,636,566,771,735,1695,24298,12648,2141,1121,10777,0,0,0,0
2021-03-07T23:59:59+01:00,0,1,609,675,1015,1637,1257,2362,1750,3580,2749,3929,1310,1206,3893,4662,2401,4158,262,261,466,781,499,1209,683,1865,943,1824,572,636,566,771,734,1695,24295,12646,2141,1121,10758,0,0,0,0
2021-03-06T23:59:59+01:00,0,1,573,627,894,1536,1013,2172,1329,3197,2329,3593,1028,987,3592,4284,2381,4140,262,261,466,781,497,1209,683,1865,943,1823,572,635,564,767,645,1513,23294,12642,2138,844,8244,0,0,0,0
2021-03-05T23:59:59+01:00,0,1,571,627,889,1532,1013,2170,1326,3194,2322,3588,884,891,2595,3085,2207,3907,261,261,461,770,494,1204,675,1848,929,1808,567,631,504,707,330,996,20441,12441,2127,5,8234,0,0,0,0
2021-03-04T23:59:59+01:00,0,1,553,584,853,1400,974,2017,1276,2991,2279,3488,869,882,1412,1644,1915,3540,261,261,459,770,494,1204,675,1848,929,1808,566,630,504,706,330,996,17131,12436,2126,5,7421,0,0,0,0
2021-03-03T23:59:59+01:00,0,1,547,552,830,1335,953,1955,1260,2947,2269,3444,869,881,1412,1644,1915,3540,261,261,459,769,494,1204,675,1847,929,1808,566,630,504,706,330,996,17129,12434,2126,5,7099,0,0,0,0
2021-03-02T23:59:59+01:00,0,1,546,550,828,1334,952,1955,1259,2946,2269,3444,869,881,1412,1644,1915,3540,261,261,458,769,494,1204,675,1847,929,1807,565,630,504,706,330,996,17128,12431,2126,5,7091,0,0,0,0
2021-03-01T23:59:59+01:00,0,1,546,548,827,1333,952,1954,1259,2946,2268,3443,869,880,1412,1643,1915,3540,261,261,458,769,494,1204,674,1846,929,1807,565,630,504,706,330,996,17125,12429,2125,5,7086,0,0,0,0
2021-02-28T23:59:59+01:00,0,1,545,546,826,1332,951,1954,1259,2945,2266,3442,869,878,1412,1643,1915,3540,261,261,458,769,494,1204,674,1845,929,1807,565,630,504,706,330,996,17122,12428,2125,5,7077,0,0,0,0
2021-02-27T23:59:59+01:00,0,1,540,544,815,1322,930,1943,1220,2918,2191,3393,751,761,1143,1353,1403,2662,260,261,457,769,493,1204,672,1844,928,1805,564,627,503,704,328,992,15404,12407,1411,4,7075,0,0,0,0
2021-02-26T23:59:59+01:00,0,1,531,523,786,1256,901,1830,1181,2760,1870,2972,710,733,1143,1353,1402,2661,260,261,457,769,493,1204,672,1844,928,1805,564,627,503,704,328,991,15399,12406,1411,4,5803,0,0,0,0
2021-02-25T23:59:59+01:00,0,1,496,481,724,1139,795,1636,1027,2458,1371,2421,659,688,894,1086,1291,2489,259,260,456,769,493,1203,671,1842,928,1804,564,627,503,704,328,991,14588,12401,1411,1,3657,0,0,0,0
2021-02-24T23:59:59+01:00,0,1,495,480,724,1137,794,1636,1027,2457,1371,2420,659,688,894,1086,1291,2489,259,260,456,769,493,1202,671,1842,928,1804,564,627,503,704,328,991,14587,12401,1410,0,3652,0,0,0,0
2021-02-23T23:59:59+01:00,0,1,493,476,708,1128,785,1625,1010,2443,1355,2409,657,687,892,1085,1290,2488,259,259,456,768,493,1202,671,1841,928,1803,564,627,503,704,328,991,14477,12397,1410,0,3645,0,0,0,0
2021-02-22T23:59:59+01:00,0,1,493,476,706,1128,783,1625,1010,2443,1354,2408,657,685,892,1084,1290,2488,259,259,456,768,493,1202,671,1841,928,1802,564,627,503,704,328,991,14474,12396,1410,0,3639,0,0,0,0
2021-02-21T23:59:59+01:00,0,1,493,476,705,1128,782,1625,1009,2443,1354,2407,656,685,891,1084,1290,2488,259,259,455,768,493,1202,671,1841,928,1802,564,627,503,704,328,991,14472,12395,1410,0,3635,0,0,0,0
2021-02-20T23:59:59+01:00,0,1,477,474,693,1122,762,1620,996,2441,1327,2387,629,666,582,780,848,1896,258,258,450,766,488,1196,666,1830,922,1799,561,624,498,703,324,986,12782,12329,1409,0,3510,0,0,0,0
2021-02-19T23:59:59+01:00,0,1,382,389,589,996,644,1466,856,2270,1088,2148,582,642,581,780,848,1896,255,258,446,764,486,1187,663,1814,915,1779,557,618,492,696,321,976,12780,12227,1409,0,1969,0,0,0,0
2021-02-18T23:59:59+01:00,0,1,266,265,474,793,505,1221,694,1874,953,1837,579,636,580,780,848,1895,254,256,444,761,484,1183,662,1799,911,1768,550,613,485,689,315,965,12777,12139,1409,0,15,0,0,0,0
2021-02-17T23:59:59+01:00,0,1,266,265,473,793,505,1219,693,1874,952,1837,578,636,580,779,848,1895,252,256,443,758,482,1181,659,1791,907,1761,545,608,475,667,304,945,12775,12034,1409,0,10,0,0,0,0
2021-02-16T23:59:59+01:00,0,1,266,265,471,793,504,1219,693,1874,952,1837,578,636,580,779,848,1895,242,252,437,742,470,1149,652,1715,882,1681,526,579,441,621,284,874,12775,11547,1409,0,7,0,0,0,0
2021-02-15T23:59:59+01:00,0,1,266,265,470,793,504,1219,691,1874,952,1837,578,636,580,779,848,1895,238,248,434,734,464,1123,636,1663,856,1627,505,545,423,577,268,809,12775,11150,1409,0,4,0,0,0,0
2021-02-14T23:59:59+01:00,0,1,266,265,470,793,503,1219,691,1874,952,1837,578,636,580,779,848,1895,238,248,434,733,464,1123,636,1657,854,1618,494,540,419,574,259,800,12774,11091,1409,0,4,0,0,0,0
2021-02-13T23:59:59+01:00,0,1,265,265,470,793,503,1219,690,1873,952,1837,578,636,580,779,848,1895,236,246,433,729,457,1111,627,1637,834,1585,474,512,402,548,246,762,12773,10839,1409,0,2,0,0,0,0
2021-02-12T23:59:59+01:00,0,1,265,265,470,792,503,1219,690,1872,947,1834,578,634,530,733,834,1891,220,238,412,695,436,1023,592,1475,748,1345,390,389,326,433,186,574,12647,9482,1409,0,2,0,0,0,0
2021-02-11T23:59:59+01:00,0,1,262,265,467,792,503,1219,690,1870,947,1831,577,633,527,730,746,1742,198,226,400,663,416,976,558,1380,702,1235,356,340,285,365,156,483,12634,8739,1167,0,1,0,0,0,0
2021-02-10T23:59:59+01:00,0,1,262,265,467,791,503,1219,689,1870,946,1831,576,633,527,729,745,1740,195,222,399,656,412,962,555,1361,690,1200,339,317,262,324,133,417,12627,8444,1167,0,0,0,0,0,0
2021-02-09T23:59:59+01:00,0,1,262,265,467,791,503,1219,688,1870,946,1829,576,633,527,729,745,1740,186,209,387,620,394,897,512,1267,637,1070,264,224,183,210,89,254,12624,7403,1167,0,0,0,0,0,0
2021-02-08T23:59:59+01:00,0,1,262,265,465,791,503,1219,687,1870,946,1828,576,633,527,729,745,1740,186,203,383,606,383,871,487,1217,610,1000,233,182,147,157,71,194,12621,6930,1166,0,0,0,0,0,0
2021-02-07T23:59:59+01:00,0,1,262,265,465,791,503,1219,687,1870,946,1827,576,633,527,729,745,1739,185,203,381,602,381,866,482,1206,606,985,227,175,137,139,64,177,12619,6816,1166,0,0,0,0,0,0
2021-02-06T23:59:59+01:00,0,1,262,265,465,791,503,1219,687,1870,946,1827,576,633,525,724,655,1561,185,203,381,602,381,866,482,1206,606,985,227,175,137,139,64,177,12619,6816,891,0,0,0,0,0,0
2021-02-05T23:59:59+01:00,0,1,262,265,463,790,502,1217,684,1868,943,1824,571,629,517,709,338,1030,179,194,364,571,368,825,464,1166,587,952,208,160,117,127,59,174,12605,6515,8,0,0,0,0,0,0
2021-02-04T23:59:59+01:00,0,1,262,264,462,785,499,1216,683,1863,938,1823,570,629,516,708,338,1030,164,161,294,434,303,668,384,942,512,813,196,155,108,121,52,162,12579,5469,8,0,0,0,0,0,0
2021-02-03T23:59:59+01:00,0,1,261,264,462,783,499,1215,682,1861,938,1823,570,629,516,708,338,1030,160,153,249,352,254,581,324,841,460,726,188,150,103,119,51,161,12572,4872,8,0,0,0,0,0,0
2021-02-02T23:59:59+01:00,0,1,261,263,462,780,499,1215,682,1859,938,1821,570,629,516,708,338,1030,153,139,190,289,196,493,248,727,378,642,178,146,100,118,50,160,12564,4207,8,0,0,0,0,0,0
2021-02-01T23:59:59+01:00,0,1,261,263,460,779,497,1214,681,1855,935,1816,570,629,515,708,338,1030,147,133,152,252,167,435,203,649,321,567,173,135,91,107,44,153,12544,3729,8,0,0,0,0,0,0
2021-01-31T23:59:59+01:00,0,1,261,263,460,779,497,1214,681,1855,935,1816,570,629,515,708,338,1030,147,133,152,251,167,434,202,649,321,567,173,135,91,107,44,153,12544,3726,8,0,0,0,0,0,0
2021-01-30T23:59:59+01:00,0,1,261,263,460,779,497,1214,681,1855,931,1816,569,629,513,708,335,1030,134,122,135,234,156,405,191,608,302,519,150,124,79,78,35,113,12534,3385,8,0,0,0,0,0,0
2021-01-29T23:59:59+01:00,0,1,258,262,456,776,495,1204,678,1838,924,1796,565,623,507,702,330,1020,89,68,93,154,115,248,148,440,213,377,112,83,60,67,30,102,12428,2399,7,0,0,0,0,0,0
2021-01-28T23:59:59+01:00,0,0,258,262,455,776,494,1204,678,1837,924,1794,565,623,507,702,330,1020,10,7,13,23,24,48,24,94,49,106,37,33,34,49,24,94,12425,669,4,0,0,0,0,0,0
2021-01-27T23:59:59+01:00,0,0,256,262,455,775,494,1203,678,1836,922,1794,565,623,507,702,330,1020,10,7,13,23,23,48,24,92,48,106,37,33,34,49,24,94,12421,665,1,0,0,0,0,0,0
2021-01-26T23:59:59+01:00,0,0,256,262,454,774,494,1202,678,1836,922,1793,565,623,507,702,330,1020,10,7,13,23,23,48,24,92,48,106,37,33,34,49,24,94,12417,665,1,0,0,0,0,0,0
2021-01-25T23:59:59+01:00,0,0,256,262,452,774,494,1201,678,1834,922,1792,565,623,507,700,329,1020,6,1,5,13,11,23,15,39,23,46,18,16,11,16,7,22,12409,272,0,0,0,0,0,0,0
2021-01-24T23:59:59+01:00,0,0,256,261,452,774,493,1201,678,1833,922,1791,565,623,507,700,329,1020,6,1,5,13,11,23,15,39,23,46,18,16,11,16,7,22,12405,272,0,0,0,0,0,0,0
2021-01-23T23:59:59+01:00,0,0,256,261,452,774,493,1200,678,1833,922,1791,565,623,507,700,329,1020,6,1,5,13,11,23,15,39,23,46,18,16,11,16,7,22,12404,272,0,0,0,0,0,0,0
2021-01-22T23:59:59+01:00,0,0,254,259,451,774,492,1199,678,1832,922,1791,565,623,507,700,310,975,6,1,5,13,11,23,15,39,23,46,18,16,11,16,7,22,12332,272,0,0,0,0,0,0,0
2021-01-21T23:59:59+01:00,0,0,252,255,449,764,489,1191,675,1809,913,1774,556,614,488,675,295,937,6,1,5,13,11,22,15,39,23,46,18,16,11,16,7,22,12136,271,0,0,0,0,0,0,0
2021-01-20T23:59:59+01:00,0,0,251,253,445,759,487,1188,672,1801,909,1769,550,609,480,656,287,918,6,1,5,13,11,22,15,39,23,46,18,16,11,16,7,22,12034,271,0,0,0,0,0,0,0
2021-01-19T23:59:59+01:00,0,0,246,253,443,751,481,1173,669,1769,898,1727,537,592,467,637,274,878,6,1,5,13,11,22,15,39,23,46,18,16,11,16,7,22,11795,271,0,0,0,0,0,0,0
2021-01-18T23:59:59+01:00,0,0,242,249,440,739,475,1152,652,1732,872,1680,518,559,450,598,258,819,6,1,5,12,11,21,15,39,23,46,18,16,11,16,7,22,11435,269,0,0,0,0,0,0,0
2021-01-17T23:59:59+01:00,0,0,242,248,439,738,475,1151,649,1727,867,1669,504,551,436,578,243,794,6,1,4,12,11,21,15,39,23,46,18,15,11,16,7,22,11311,267,0,0,0,0,0,0,0
2021-01-16T23:59:59+01:00,0,0,234,240,434,718,462,1116,624,1640,821,1520,461,466,403,524,221,734,0,0,0,0,0,0,0,0,0,0,0,0,0,0,0,0,10618,0,0,0,0,0,0,0,0
2021-01-15T23:59:59+01:00,0,0,227,233,426,698,448,1064,604,1540,782,1406,412,408,350,454,200,621,0,0,0,0,0,0,0,0,0,0,0,0,0,0,0,0,9873,0,0,0,0,0,0,0,0
2021-01-14T23:59:59+01:00,0,0,205,220,406,654,426,1002,563,1423,714,1253,356,334,299,359,155,488,0,0,0,0,0,0,0,0,0,0,0,0,0,0,0,0,8857,0,0,0,0,0,0,0,0
2021-01-13T23:59:59+01:00,0,0,203,218,405,647,421,983,558,1402,700,1218,337,310,273,318,131,422,0,0,0,0,0,0,0,0,0,0,0,0,0,0,0,0,8546,0,0,0,0,0,0,0,0
2021-01-12T23:59:59+01:00,0,0,187,206,388,606,391,889,496,1248,621,1028,238,193,163,164,77,207,0,0,0,0,0,0,0,0,0,0,0,0,0,0,0,0,7102,0,0,0,0,0,0,0,0
2021-01-11T23:59:59+01:00,0,0,183,200,384,594,375,861,476,1201,601,973,218,163,130,117,55,150,0,0,0,0,0,0,0,0,0,0,0,0,0,0,0,0,6681,0,0,0,0,0,0,0,0
2021-01-10T23:59:59+01:00,0,0,182,196,372,580,371,848,467,1181,588,954,214,163,126,117,53,148,0,0,0,0,0,0,0,0,0,0,0,0,0,0,0,0,6560,0,0,0,0,0,0,0,0
2021-01-09T23:59:59+01:00,0,0,162,163,326,500,330,731,407,1000,497,804,151,109,78,73,37,109,0,0,0,0,0,0,0,0,0,0,0,0,0,0,0,0,5477,0,0,0,0,0,0,0,0
2021-01-08T23:59:59+01:00,0,0,95,76,229,349,243,438,293,668,340,509,82,68,54,58,28,97,0,0,0,0,0,0,0,0,0,0,0,0,0,0,0,0,3627,0,0,0,0,0,0,0,0
2021-01-07T23:59:59+01:00,0,0,12,10,54,97,72,127,93,193,122,178,44,36,37,50,25,97,0,0,0,0,0,0,0,0,0,0,0,0,0,0,0,0,1247,0,0,0,0,0,0,0,0
2021-01-06T23:59:59+01:00,0,0,8,4,9,23,17,49,24,90,53,107,38,33,36,50,25,97,0,0,0,0,0,0,0,0,0,0,0,0,0,0,0,0,663,0,0,0,0,0,0,0,0
2021-01-05T23:59:59+01:00,0,0,8,4,9,23,17,48,23,90,51,107,38,33,35,50,25,97,0,0,0,0,0,0,0,0,0,0,0,0,0,0,0,0,658,0,0,0,0,0,0,0,0
2021-01-04T23:59:59+01:00,0,0,6,1,5,13,11,25,15,41,23,48,19,16,12,16,7,23,0,0,0,0,0,0,0,0,0,0,0,0,0,0,0,0,281,0,0,0,0,0,0,0,0
2021-01-03T23:59:59+01:00,0,0,6,1,5,13,11,25,15,41,23,48,19,16,12,16,7,23,0,0,0,0,0,0,0,0,0,0,0,0,0,0,0,0,281,0,0,0,0,0,0,0,0
2021-01-02T23:59:59+01:00,0,0,6,1,5,13,11,25,15,41,23,48,19,16,12,16,7,23,0,0,0,0,0,0,0,0,0,0,0,0,0,0,0,0,281,0,0,0,0,0,0,0,0
2021-01-01T23:59:59+01:00,0,0,6,1,5,13,11,24,15,41,23,48,19,16,12,16,7,23,0,0,0,0,0,0,0,0,0,0,0,0,0,0,0,0,280,0,0,0,0,0,0,0,0
2020-12-31T23:59:59+01:00,0,0,6,1,5,13,11,24,15,41,23,48,19,16,12,16,7,23,0,0,0,0,0,0,0,0,0,0,0,0,0,0,0,0,280,0,0,0,0,0,0,0,0
2020-12-30T23:59:59+01:00,0,0,6,1,5,13,11,24,15,41,23,48,19,16,12,16,7,23,0,0,0,0,0,0,0,0,0,0,0,0,0,0,0,0,280,0,0,0,0,0,0,0,0
2020-12-29T23:59:59+01:00,0,0,6,1,5,13,11,23,15,41,23,48,19,16,12,16,7,23,0,0,0,0,0,0,0,0,0,0,0,0,0,0,0,0,279,0,0,0,0,0,0,0,0
2020-12-28T23:59:59+01:00,0,0,6,1,5,13,11,23,15,41,23,48,19,16,12,16,7,23,0,0,0,0,0,0,0,0,0,0,0,0,0,0,0,0,279,0,0,0,0,0,0,0,0
2020-12-27T23:59:59+01:00,0,0,6,1,4,12,11,23,15,41,23,48,19,15,12,16,7,23,0,0,0,0,0,0,0,0,0,0,0,0,0,0,0,0,276,0,0,0,0,0,0,0,0
