Datum,<15_m,<15_w,15-24_1_m,15-24_1_w,25-34_1_m,25-34_1_w,35-44_1_m,35-44_1_w,45-54_1_m,45-54_1_w,55-64_1_m,55-64_1_w,65-74_1_m,65-74_1_w,75-84_1_m,75-84_1_w,>84_1_m,>84_1_w,<24_2_m,<24_2_w,25-34_2_m,25-34_2_w,35-44_2_m,35-44_2_w,45-54_2_m,45-54_2_w,55-64_2_m,55-64_2_w,65-74_2_m,65-74_2_w,75-84_2_m,75-84_2_w,>84_2_m,>84_2_w,bp_1,bp_2,mo_1,mo_2,az_1,az_2,ja,unb_1,unb_2
2021-07-26T23:59:59+02:00,1121,1026,11654,10887,14844,13440,16895,16673,20251,20318,21869,20925,14190,15348,9789,12004,2906,5106,10396,9722,13855,12423,16146,15846,19755,19731,21447,20465,13970,15092,9661,11826,2864,5034,164812,157618,22369,21228,35519,34513,6543,3,3
2021-07-25T23:59:59+02:00,1120,1026,11652,10884,14839,13439,16894,16672,20250,20318,21869,20925,14190,15348,9789,12004,2906,5106,10395,9714,13852,12420,16146,15846,19755,19731,21447,20465,13970,15092,9661,11826,2864,5034,164799,157603,22367,21228,35519,34513,6543,3,3
2021-07-24T23:59:59+02:00,1120,1026,11648,10882,14838,13438,16894,16671,20249,20318,21869,20924,14189,15348,9789,12004,2906,5106,10273,9601,13685,12278,15725,15482,19609,19610,21429,20439,13956,15077,9654,11818,2864,5033,164794,157581,22361,19566,35519,34513,6542,3,3
2021-07-23T23:59:59+02:00,1096,1013,11536,10812,14759,13383,16841,16617,20209,20266,21831,20887,14174,15328,9779,11996,2904,5105,8521,8224,12309,11176,15242,15053,19324,19290,21218,20248,13880,14994,9597,11769,2860,5029,164387,149969,22361,19566,35519,34458,6266,3,3
2021-07-22T23:59:59+02:00,1074,1006,11468,10742,14703,13335,16805,16592,20191,20237,21817,20863,14159,15315,9768,11989,2902,5103,7996,7749,11700,10676,14539,14454,19130,19123,21067,20073,13812,14911,9572,11724,2851,5018,164036,145603,22360,19566,35519,34449,6151,3,3
2021-07-21T23:59:59+02:00,1062,997,11423,10693,14668,13304,16776,16564,20175,20220,21801,20852,14147,15310,9766,11981,2900,5101,7993,7742,11688,10668,14534,14452,19124,19122,21013,20036,13809,14909,9572,11723,2850,5016,163711,145572,22360,19559,35519,34347,6147,3,3
2021-07-20T23:59:59+02:00,1049,982,11371,10652,14638,13277,16744,16546,20152,20199,21777,20835,14137,15298,9764,11975,2899,5100,7982,7736,11675,10662,14528,14445,19116,19118,21006,20033,13808,14907,9572,11723,2850,5016,163404,145544,22360,19559,35519,34339,6109,3,3
2021-07-19T23:59:59+02:00,1036,966,11322,10603,14611,13243,16724,16527,20133,20180,21764,20827,14131,15294,9760,11966,2897,5096,7977,7733,11669,10658,14524,14444,19114,19118,20992,20018,13806,14906,9571,11721,2850,5016,163091,145519,22360,19557,35519,34308,6107,3,3
2021-07-18T23:59:59+02:00,1036,966,11320,10603,14611,13241,16723,16527,20133,20179,21764,20827,14130,15294,9760,11966,2897,5096,7974,7731,11660,10653,14520,14441,19113,19118,20981,20013,13806,14906,9571,11721,2850,5016,163085,145495,22359,19556,35519,34290,6107,3,3
2021-07-17T23:59:59+02:00,1034,966,11275,10576,14555,13197,16687,16497,20098,20165,21739,20803,14119,15281,9757,11963,2897,5095,7899,7673,11518,10526,14328,14275,18691,18799,20784,19838,13778,14865,9556,11698,2846,5010,163059,145491,22350,17904,35519,34290,5773,3,3
2021-07-16T23:59:59+02:00,1014,950,11084,10436,14457,13099,16589,16422,20024,20100,21687,20755,14092,15256,9740,11956,2893,5090,7624,7471,10592,9894,13864,13966,18465,18607,19927,19182,13612,14655,9447,11566,2830,4986,162745,142065,21821,17894,35519,32511,5556,3,3
2021-07-15T23:59:59+02:00,990,934,11027,10375,14422,13068,16565,16402,20010,20083,21678,20746,14088,15252,9736,11952,2893,5086,7193,7104,8393,8180,13409,13576,18403,18550,19787,19047,13479,14513,9395,11504,2829,4976,162415,135748,21820,17891,35519,32475,5550,3,3
2021-07-14T23:59:59+02:00,965,916,10952,10290,14353,13009,16528,16358,19975,20049,21654,20725,14076,15240,9724,11938,2889,5085,6644,6656,7311,7325,12837,13127,18305,18456,19681,18959,13449,14476,9378,11488,2827,4973,161935,131388,21820,17887,35519,32411,5449,3,3
2021-07-13T23:59:59+02:00,947,895,10871,10217,14308,12966,16501,16329,19952,20028,21643,20712,14069,15230,9721,11931,2887,5083,6392,6368,6863,6944,12533,12859,18290,18436,19636,18923,13336,14367,9375,11484,2827,4970,161506,131357,21817,15637,35519,32407,5445,3,3
2021-07-12T23:59:59+02:00,927,883,10818,10168,14263,12921,16459,16300,19936,20015,21637,20706,14066,15225,9717,11927,2887,5081,6250,6272,6702,6824,12243,12618,17605,17874,19539,18844,13302,14342,9358,11462,2827,4967,161210,128833,21817,15633,35519,32404,5387,3,3
2021-07-11T23:59:59+02:00,927,883,10817,10166,14261,12920,16458,16300,19936,20015,21637,20706,14066,15225,9717,11927,2887,5081,6244,6268,6700,6821,12242,12618,17605,17874,19538,18844,13302,14342,9358,11461,2826,4965,161208,128823,21817,15633,35519,32398,5382,3,3
2021-07-10T23:59:59+02:00,924,878,10810,10154,14254,12915,16450,16300,19934,20009,21632,20701,14066,15224,9717,11927,2887,5081,6235,6260,6691,6816,12240,12615,17604,17870,19533,18841,13301,14342,9358,11461,2826,4965,161145,128775,21817,15633,35519,32398,5379,3,3
2021-07-09T23:59:59+02:00,910,862,10760,10110,14220,12887,16416,16271,19900,19986,21604,20679,14047,15209,9702,11919,2886,5078,5427,5524,6559,6716,12082,12511,17374,17765,19328,18707,13238,14269,9332,11442,2823,4962,160961,125869,21817,15633,35519,31449,5146,3,3
2021-07-08T23:59:59+02:00,908,862,10699,10065,14134,12833,16353,16220,19848,19940,21575,20655,14033,15192,9696,11906,2885,5072,5294,5409,6341,6541,11646,12167,16864,17396,19068,18522,13174,14185,9306,11406,2817,4950,160944,123942,21816,15630,35518,30943,4595,3,3
2021-07-07T23:59:59+02:00,907,862,10697,10059,14131,12830,16352,16220,19848,19938,21575,20655,14033,15192,9696,11906,2885,5072,5150,5226,5874,6129,10447,11183,16811,17330,19014,18477,13157,14163,9297,11403,2813,4940,160935,120275,21812,15629,35518,30940,4590,3,3
2021-07-06T23:59:59+02:00,907,862,10695,10058,14129,12828,16351,16220,19848,19938,21575,20654,14033,15191,9696,11906,2885,5072,5131,5220,5867,6124,10446,11181,16809,17330,19012,18477,13157,14161,9297,11403,2813,4940,160932,120253,21810,15626,35518,30924,4585,3,3
2021-07-05T23:59:59+02:00,907,862,10689,10054,14112,12825,16341,16218,19847,19938,21573,20654,14033,15191,9696,11906,2885,5072,5122,5219,5848,6121,10435,11179,16806,17330,19010,18476,13157,14161,9297,11403,2813,4940,160925,120249,21810,15624,35518,30917,4547,3,3
2021-07-04T23:59:59+02:00,907,862,10679,10044,14110,12821,16340,16218,19846,19938,21572,20653,14033,15191,9696,11905,2884,5071,5089,5176,5762,6044,10308,11065,16799,17327,19009,18473,13153,14159,9295,11398,2810,4938,160918,119772,21810,15623,35518,30909,4521,3,3
2021-07-03T23:59:59+02:00,826,793,8745,8490,12663,11670,15874,15764,19565,19639,21404,20488,13959,15115,9642,11859,2878,5067,4980,5044,5488,5789,10072,10851,16655,17187,18818,18321,13128,14125,9285,11388,2808,4936,152603,118218,21810,15623,35518,30539,4507,3,3
2021-07-02T23:59:59+02:00,826,791,8744,8485,12659,11667,15872,15763,19563,19639,21402,20488,13958,15115,9641,11858,2877,5066,4119,4176,4844,5141,9106,9861,16285,16710,18337,17783,12778,13804,9226,11313,2806,4928,152588,113694,21810,15623,35515,27412,4498,3,3
2021-07-01T23:59:59+02:00,806,771,8535,8316,12578,11588,15839,15734,19552,19625,21392,20470,13954,15112,9636,11850,2874,5060,2283,2455,4413,4767,8616,9435,15656,16168,17787,17346,12721,13738,9196,11257,2792,4898,151894,106065,21810,15621,35515,27372,4470,3,2
2021-06-30T23:59:59+02:00,751,721,8292,8129,12409,11441,15725,15638,19485,19557,21352,20423,13935,15086,9623,11837,2873,5055,2224,2416,4323,4648,8511,9335,15458,16030,17055,16846,12069,13095,9137,11188,2785,4892,150552,106004,21807,15620,35514,23931,4456,3,2
2021-06-29T23:59:59+02:00,751,721,8288,8120,12407,11437,15722,15638,19483,19557,21352,20423,13935,15086,9623,11837,2873,5055,2202,2404,4300,4610,8488,9290,15422,15971,16979,16761,11714,12757,9109,11154,2782,4884,150543,105991,21804,15618,35513,22772,4445,3,2
2021-06-28T23:59:59+02:00,751,721,8285,8116,12399,11432,15720,15638,19482,19557,21352,20423,13934,15086,9623,11837,2873,5055,2194,2375,4252,4492,8413,9130,15301,15693,16811,16489,11408,12456,9086,11127,2781,4880,150526,105981,21804,15618,35513,20850,4438,3,2
2021-06-27T23:59:59+02:00,751,721,8282,8111,12395,11429,15718,15638,19482,19557,21352,20423,13934,15086,9623,11836,2873,5055,2184,2371,4243,4490,8231,8977,15281,15677,16809,16484,11404,12455,9085,11125,2781,4880,150518,105584,21803,15617,35513,20846,4429,3,2
2021-06-26T23:59:59+02:00,743,717,8068,7896,11923,11022,14615,14651,19231,19360,21249,20301,13891,15035,9610,11807,2870,5052,2144,2328,4189,4435,8133,8867,15019,15419,16747,16437,11387,12436,9073,11120,2781,4878,148053,104522,20044,15595,35512,20846,4429,3,2
2021-06-25T23:59:59+02:00,724,699,8041,7873,11908,11012,14615,14645,19224,19355,21245,20300,13891,15035,9609,11805,2870,5052,2014,2150,3901,4130,6609,7433,12365,13230,16672,16349,11360,12406,9062,11096,2776,4863,147915,95659,20044,15513,35512,20813,4429,3,2
2021-06-24T23:59:59+02:00,712,682,7555,7462,10834,10119,14082,14210,19153,19296,21198,20257,13869,15007,9596,11792,2869,5049,1945,2082,3541,3791,5848,6765,12123,13023,16426,16142,11256,12279,8972,10969,2765,4829,143770,94427,20040,13144,35511,20765,4418,3,2
2021-06-23T23:59:59+02:00,712,682,7553,7457,10828,10118,14081,14209,19153,19295,21198,20256,13869,15007,9596,11792,2869,5049,1801,1913,3055,3389,4493,5590,11819,12754,16306,16024,11210,12240,8959,10942,2764,4822,143756,89781,20038,13144,35510,20737,4417,3,2
2021-06-22T23:59:59+02:00,712,682,7505,7428,10755,10068,14058,14183,19137,19280,21187,20248,13862,14998,9593,11789,2869,5049,1751,1882,2973,3335,4455,5557,11791,12715,16238,15973,11001,12049,8707,10641,2754,4791,143742,89762,20038,13140,35510,19599,4110,3,2
2021-06-21T23:59:59+02:00,710,682,7374,7359,10627,9972,13778,13935,18395,18666,21097,20171,13827,14966,9574,11764,2869,5046,1706,1857,2930,3297,4427,5527,11745,12680,16221,15957,10992,12039,8700,10633,2753,4790,141374,89638,20036,13139,35510,19586,3889,3,2
2021-06-20T23:59:59+02:00,710,682,7374,7355,10623,9968,13778,13935,18395,18666,21097,20171,13827,14966,9574,11764,2869,5046,1678,1828,2884,3282,4362,5488,11683,12647,16159,15898,10973,12023,8697,10624,2749,4786,141363,89160,20035,13135,35510,19575,3889,3,2
2021-06-19T23:59:59+02:00,710,681,7337,7318,10517,9877,13596,13778,17981,18330,20912,19998,13809,14939,9562,11744,2866,5040,1647,1793,2843,3233,4282,5414,11347,12357,16121,15860,10964,12011,8695,10619,2747,4784,141318,88146,18275,13106,35510,19574,3889,3,2
2021-06-18T23:59:59+02:00,15,12,6532,6585,10511,9876,13595,13776,17979,18328,20912,19998,13809,14938,9562,11743,2865,5038,1515,1681,2607,3077,3651,4782,10207,11214,15910,15704,10922,11971,8672,10597,2733,4756,138406,83492,18274,13104,35510,19520,3881,3,2
2021-06-17T23:59:59+02:00,13,11,6461,6516,10395,9772,13271,13471,17592,18009,20799,19901,13790,14900,9550,11729,2857,5032,1434,1563,2454,2928,3298,4445,8609,9852,15397,15271,10747,11791,8616,10519,2716,4728,136516,78030,18274,13100,35509,19469,3767,3,2
2021-06-16T23:59:59+02:00,13,11,6454,6512,10384,9769,13269,13469,17591,18008,20798,19901,13790,14900,9549,11728,2857,5032,1384,1515,2352,2854,3114,4266,7524,8911,14899,14883,10664,11680,8580,10471,2705,4712,136488,74206,18272,13098,35509,19445,3763,3,2
2021-06-15T23:59:59+02:00,13,11,6423,6494,10344,9741,13239,13454,17571,17986,20784,19888,13781,14892,9546,11722,2854,5029,1304,1457,2225,2752,2998,4181,6612,8179,14698,14716,10640,11651,8568,10449,2696,4705,136476,74196,18271,10695,35509,19425,3513,3,2
2021-06-14T23:59:59+02:00,13,11,6404,6477,10310,9716,13219,13434,17556,17968,20765,19878,13771,14883,9543,11720,2854,5025,1278,1442,2188,2725,2976,4160,6596,8159,14677,14706,10629,11642,8565,10448,2696,4701,136463,74186,18271,10695,35509,19404,3301,3,2
2021-06-13T23:59:59+02:00,13,11,6403,6477,10306,9714,13218,13432,17556,17968,20765,19878,13770,14883,9543,11720,2854,5025,1274,1436,2185,2716,2966,4150,6579,8142,14576,14641,10616,11619,8559,10436,2693,4701,136454,73894,18271,10695,35509,19399,3299,3,2
2021-06-12T23:59:59+02:00,10,9,5613,5705,10259,9678,13185,13408,17529,17947,20739,19847,13688,14811,9543,11717,2853,5025,1265,1417,2174,2699,2945,4123,6505,8060,14403,14504,10388,11335,8078,9898,2691,4700,134484,73391,18271,10695,35509,17799,3299,3,1
2021-06-11T23:59:59+02:00,9,9,5609,5698,10249,9671,13171,13396,17522,17943,20735,19845,13688,14810,9543,11715,2853,5025,1190,1333,2054,2539,2773,3868,5008,6729,12696,13124,10248,11187,7991,9792,2684,4684,134411,66118,18271,10694,35509,17790,3297,3,1
2021-06-10T23:59:59+02:00,3,3,4609,4743,10082,9543,13060,13314,17266,17708,20496,19664,13679,14799,9537,11705,2850,5022,1133,1272,1940,2433,2613,3691,4402,6092,11532,12136,9948,10863,7907,9707,2672,4659,131082,61300,18270,10694,35509,17785,3220,2,1
2021-06-09T23:59:59+02:00,3,3,4016,4134,9876,9395,12973,13241,16957,17443,20268,19482,13664,14786,9532,11699,2849,5017,1059,1228,1840,2364,2521,3578,4076,5785,11107,11811,9821,10704,7861,9641,2661,4650,128713,61226,18255,8841,35509,17780,2859,2,1
2021-06-08T23:59:59+02:00,3,3,4004,4127,9864,9386,12961,13234,16950,17434,20260,19480,13662,14783,9531,11696,2848,5015,1013,1220,1818,2349,2494,3564,4051,5765,11096,11808,9818,10699,7860,9639,2660,4647,128699,61109,18252,8836,35508,17775,2780,2,1
2021-06-07T23:59:59+02:00,3,3,3990,4119,9831,9373,12951,13216,16927,17423,20244,19469,13659,14779,9528,11692,2846,5013,1002,1213,1785,2338,2485,3545,4027,5752,11078,11794,9815,10694,7857,9636,2658,4645,128687,61100,18250,8833,35507,17770,2620,2,1
2021-06-06T23:59:59+02:00,3,3,3985,4115,9826,9369,12950,13216,16926,17422,20243,19469,13658,14778,9528,11692,2846,5013,999,1210,1774,2336,2479,3536,4015,5745,10952,11650,9804,10687,7856,9636,2658,4645,128675,60778,18250,8832,35506,17762,2609,2,1
2021-06-05T23:59:59+02:00,2,0,3691,3814,7335,7365,12712,13031,16897,17393,20199,19429,13542,14633,9453,11601,2842,5001,922,1138,1609,2235,2314,3457,3789,5605,10056,10809,9421,10232,7745,9481,2650,4625,122704,57503,18250,8832,35506,17274,2478,2,1
2021-06-04T23:59:59+02:00,2,0,3624,3759,7183,7249,12244,12636,16757,17281,19966,19194,13423,14487,9396,11522,2828,4984,894,1072,1578,2130,2275,3290,3713,5347,9416,10132,8576,9214,7469,9076,2646,4614,120306,56031,18250,8830,35506,14109,2471,2,1
2021-06-03T23:59:59+02:00,2,0,3211,3365,7156,7233,12118,12518,16725,17240,19880,19128,13411,14470,9394,11519,2827,4983,865,1005,1532,2006,2196,3090,3523,4965,8839,9512,7815,8342,6997,8460,2643,4606,119066,54400,18248,8829,35502,10804,2362,2,1
2021-06-02T23:59:59+02:00,0,0,2823,3048,6018,6315,11814,12285,16666,17189,19757,19023,13350,14416,9372,11498,2825,4975,849,971,1468,1983,2083,3052,3352,4863,7478,8430,7735,8263,6981,8432,2640,4601,115371,51297,18247,8829,35502,10802,2252,2,1
2021-06-01T23:59:59+02:00,0,0,2536,2736,5544,5890,11497,12002,16642,17166,19706,18986,13227,14293,9365,11494,2824,4972,832,964,1453,1974,2065,3039,3326,4843,7181,8105,7698,8229,6971,8418,2638,4601,115352,50619,15907,8809,35502,10791,2117,2,1
2021-05-31T23:59:59+02:00,0,0,2521,2733,5525,5881,11469,11981,16608,17155,19666,18964,13224,14289,9361,11492,2824,4970,816,957,1435,1964,2032,3019,3290,4829,7140,8084,7695,8224,6967,8416,2638,4599,115345,50608,15903,8803,35502,10782,1911,2,1
2021-05-30T23:59:59+02:00,0,0,2517,2731,5523,5877,11469,11980,16605,17154,19664,18963,13224,14289,9361,11492,2824,4970,815,953,1430,1961,2032,3017,3288,4827,7139,8084,7695,8224,6967,8416,2638,4599,115329,50602,15903,8803,35499,10769,1910,2,1
2021-05-29T23:59:59+02:00,0,0,2501,2717,5357,5723,11402,11921,16597,17148,19656,18962,13223,14287,9359,11492,2824,4970,778,904,1319,1866,1755,2764,2884,4404,6854,7812,7511,7999,6791,8188,2635,4593,114825,49956,15903,8803,35499,8387,1910,2,1
2021-05-28T23:59:59+02:00,0,0,2367,2587,4932,5333,10728,11309,16530,17086,19630,18934,13214,14273,9340,11463,2822,4961,757,881,1260,1812,1665,2692,2751,4299,5274,6120,7348,7803,6749,8132,2632,4583,112199,45669,15903,8803,35499,8379,1906,2,1
2021-05-27T23:59:59+02:00,0,0,2347,2566,4882,5267,10065,10739,16490,17054,19616,18922,13204,14263,9338,11461,2822,4961,703,786,1156,1740,1454,2550,2378,3992,4394,5210,7112,7496,6658,8015,2615,4564,110815,41883,15900,8798,35497,8358,1783,2,1
2021-05-26T23:59:59+02:00,0,0,2309,2504,4709,5087,9630,10372,16438,17000,19548,18868,13190,14244,9328,11459,2818,4948,688,744,1109,1708,1365,2470,2169,3821,4265,5072,6948,7283,6578,7916,2603,4550,109394,40484,15898,8797,35497,8346,1661,2,1
2021-05-25T23:59:59+02:00,0,0,2306,2497,4679,5070,9605,10346,16413,16982,19535,18862,13185,14242,9325,11456,2818,4948,681,730,1062,1690,1313,2425,2099,3761,3726,4495,6646,6940,6544,7879,2602,4548,109390,40476,15896,6843,35497,8337,1484,2,1
2021-05-24T23:59:59+02:00,0,0,2297,2490,4667,5065,9597,10341,16387,16962,19509,18838,13175,14231,9322,11446,2817,4944,672,725,1050,1683,1303,2418,2074,3741,3700,4470,6635,6929,6541,7869,2601,4544,109385,40469,15896,6843,35497,8334,1308,2,1
2021-05-23T23:59:59+02:00,0,0,2281,2458,4579,4992,9463,10219,16384,16961,19509,18837,13173,14229,9319,11442,2815,4943,671,722,1048,1683,1303,2418,2074,3741,3700,4469,6634,6929,6541,7869,2601,4544,108902,40464,15896,6842,35496,8332,1308,2,1
2021-05-22T23:59:59+02:00,0,0,2261,2439,4570,4975,9383,10137,16361,16947,19457,18793,13145,14198,9316,11436,2815,4942,670,720,1047,1680,1300,2415,2071,3736,3684,4456,5803,6031,6469,7788,2593,4539,108473,38519,15896,6842,35496,8332,1308,2,1
2021-05-21T23:59:59+02:00,0,0,2226,2406,4462,4889,9187,9962,16333,16914,19442,18786,13135,14189,9314,11434,2810,4931,658,693,1010,1614,1250,2292,1985,3556,3340,4021,4041,3926,6426,7722,2588,4524,107734,34516,15896,6842,35493,6992,1295,2,1
2021-05-20T23:59:59+02:00,0,0,2197,2366,4379,4828,8966,9733,16283,16861,19389,18734,13104,14154,9297,11417,2809,4927,603,586,885,1301,1078,1887,1762,3020,2780,3340,3205,2973,6381,7672,2584,4519,106879,32686,15893,6841,35484,3862,1186,2,1
2021-05-19T23:59:59+02:00,0,0,2036,2190,3881,4404,7583,8540,16009,16613,19267,18609,13056,14106,9287,11391,2807,4924,588,549,847,1247,1049,1836,1736,2967,2730,3296,3197,2960,6377,7669,2584,4518,102246,32662,15891,6839,35483,3567,1081,2,1
2021-05-18T23:59:59+02:00,0,0,1988,2137,3575,4116,6926,7944,15862,16498,19183,18526,13023,14073,9231,11317,2801,4910,582,545,841,1245,1041,1828,1706,2951,2721,3278,3192,2955,6373,7665,2584,4518,102226,32658,13432,6834,35479,3561,971,2,1
2021-05-17T23:59:59+02:00,0,0,1980,2129,3555,4102,6882,7920,15834,16480,19161,18507,13013,14050,9230,11316,2801,4910,574,538,822,1230,999,1804,1678,2933,2697,3257,3181,2934,6373,7664,2584,4518,102219,32653,13429,6834,35479,3557,741,2,1
2021-05-16T23:59:59+02:00,0,0,1975,2126,3548,4098,6696,7756,15812,16461,19157,18502,13008,14049,9229,11315,2801,4910,574,538,822,1229,998,1803,1678,2933,2695,3257,3181,2934,6373,7664,2584,4518,101798,32651,13428,6834,35475,3555,740,2,1
2021-05-15T23:59:59+02:00,0,0,1947,2090,3510,4060,6610,7652,15543,16193,19101,18460,12989,14030,9220,11310,2801,4908,574,538,822,1228,998,1803,1676,2932,2695,3257,3180,2934,6372,7664,2584,4518,100779,32647,13428,6834,35475,3553,740,2,1
2021-05-14T23:59:59+02:00,0,0,1838,1945,3264,3809,5018,6174,12894,14001,19037,18374,12965,14000,9214,11297,2798,4902,574,537,819,1228,998,1803,1675,2931,2689,3255,3175,2928,6369,7662,2584,4517,91899,32629,13428,6833,35473,3553,728,2,1
2021-05-13T23:59:59+02:00,0,0,1812,1897,3223,3758,4906,6073,12689,13817,18877,18247,12889,13905,9178,11244,2798,4901,568,534,812,1219,988,1791,1656,2912,2582,3162,2514,2122,4917,5861,2575,4498,90684,29616,13331,4816,35471,3552,726,2,1
2021-05-12T23:59:59+02:00,0,0,1812,1897,3222,3758,4906,6073,12689,13817,18876,18247,12889,13905,9178,11244,2798,4901,568,534,812,1219,988,1791,1656,2911,2579,3160,2514,2122,4917,5859,2575,4498,90683,29613,13331,4811,35470,3552,726,2,1
2021-05-11T23:59:59+02:00,0,0,1768,1852,3130,3683,4818,6007,11766,13088,18682,18088,12875,13884,9171,11230,2792,4897,567,532,809,1214,987,1790,1655,2911,2571,3156,2513,2121,4915,5858,2574,4498,90671,29607,10878,4799,35462,3546,718,2,1
2021-05-10T23:59:59+02:00,0,0,1752,1849,3124,3680,4812,6003,11765,13087,18681,18088,12875,13884,9171,11230,2792,4897,566,531,809,1214,987,1790,1654,2911,2571,3156,2512,2120,4915,5858,2574,4498,90658,29606,10875,4799,35437,3542,718,2,1
2021-05-09T23:59:59+02:00,0,0,1716,1802,3072,3665,4742,5968,11698,13066,18618,18029,12855,13865,9168,11221,2790,4895,564,528,801,1213,979,1784,1641,2908,2567,3155,2512,2118,4914,5857,2574,4497,90189,29602,10872,4798,35430,3534,677,2,1
2021-05-08T23:59:59+02:00,0,0,1683,1768,3036,3615,4665,5895,11361,12764,18585,17995,12848,13857,9167,11219,2788,4895,552,527,794,1213,968,1784,1633,2908,2551,3144,2511,2118,4914,5856,2573,4496,89160,29598,10872,4798,35430,3468,677,2,1
2021-05-07T23:59:59+02:00,0,0,1539,1645,2788,3443,3991,5231,10155,11574,18385,17844,12809,13822,9147,11202,2780,4888,455,378,671,983,822,1465,1488,2493,2382,2787,2502,2109,4910,5852,2570,4493,84395,29593,10871,4798,35418,1411,557,2,1
2021-05-06T23:59:59+02:00,0,0,1476,1476,2654,3312,3664,4922,8456,10092,17871,17419,12641,13654,9100,11130,2777,4880,333,319,567,881,686,1376,1241,2279,2168,2592,2450,2077,4908,5845,2570,4492,78871,29573,10870,4797,35401,33,380,2,1
2021-05-05T23:59:59+02:00,0,0,1422,1401,2567,3240,3489,4747,7307,9075,17364,17019,12553,13541,9068,11084,2768,4865,333,319,565,880,685,1374,1195,2227,2157,2585,2446,2075,4908,5841,2570,4488,74995,29564,10866,4796,35392,32,255,2,1
2021-05-04T23:59:59+02:00,0,0,1411,1399,2560,3234,3487,4747,7305,9074,17363,17019,12553,13541,9068,11084,2768,4865,333,318,565,879,683,1374,1195,2227,2157,2585,2445,2075,4908,5841,2570,4487,74988,29561,10855,4796,35379,30,254,2,1
2021-05-03T23:59:59+02:00,0,0,1409,1393,2552,3229,3484,4741,7226,9014,17349,17011,12549,13539,9068,11084,2767,4864,330,312,561,875,678,1369,1116,2167,2143,2577,2441,2073,4908,5841,2569,4486,74979,29559,10855,4796,35379,26,64,2,1
2021-05-02T23:59:59+02:00,0,0,1401,1389,2549,3223,3471,4732,7206,8994,17243,16943,12536,13514,9062,11073,2764,4864,328,311,561,875,678,1369,1116,2166,2141,2577,2441,2073,4907,5839,2569,4486,74669,29554,10854,4795,35378,26,61,2,1
2021-05-01T23:59:59+02:00,0,0,1397,1383,2540,3213,3462,4714,7147,8933,17099,16826,12511,13491,9050,11067,2764,4864,328,311,561,875,678,1369,1116,2166,2141,2577,2441,2073,4905,5839,2568,4484,74166,29549,10854,4795,35378,26,61,2,1
2021-04-30T23:59:59+02:00,0,0,1327,1303,2419,3043,3293,4440,5599,7535,15356,15394,12368,13331,8955,10950,2749,4831,328,311,560,874,677,1369,1113,2164,2138,2575,2440,2064,4892,5830,2560,4466,66651,29532,10854,4794,35378,26,8,2,1
2021-04-29T23:59:59+02:00,0,0,1273,1265,2316,2933,3160,4270,4991,6886,14182,14371,12059,13003,8864,10868,2735,4803,326,310,560,873,677,1368,1112,2164,2136,2573,2438,2060,4891,5827,2559,4464,61740,29512,10854,4791,35375,26,8,2,1
2021-04-28T23:59:59+02:00,0,0,1210,1248,2254,2896,3095,4189,4682,6594,13767,14055,11945,12856,8823,10809,2727,4797,325,310,557,871,674,1368,1110,2163,2135,2566,2435,2058,4888,5823,2556,4461,61623,29508,8946,4765,35375,25,1,2,1
2021-04-27T23:59:59+02:00,0,0,1190,1246,2249,2895,3091,4188,4680,6594,13766,14054,11944,12855,8823,10809,2727,4797,325,310,557,871,673,1366,1110,2163,2134,2566,2435,2056,4888,5823,2556,4461,61591,29506,8941,4761,35373,25,1,2,1
2021-04-26T23:59:59+02:00,0,0,1190,1244,2247,2894,3089,4188,4666,6580,13726,14023,11941,12852,8823,10808,2727,4796,325,310,557,871,673,1366,1110,2163,2132,2565,2435,2056,4888,5823,2556,4461,61583,29505,8937,4760,35271,24,1,2,1
2021-04-25T23:59:59+02:00,0,0,1189,1244,2241,2894,3086,4181,4654,6573,13588,13869,11931,12846,8822,10807,2727,4796,325,310,556,871,672,1365,1108,2161,2132,2565,2435,2056,4888,5823,2556,4461,61258,29501,8934,4757,35253,24,1,2,1
2021-04-24T23:59:59+02:00,0,0,1123,1198,2103,2805,2947,4125,4443,6458,12726,13066,11654,12517,8756,10703,2720,4783,325,310,556,871,671,1364,1108,2161,2132,2564,2434,2056,4884,5822,2556,4461,57938,29494,8933,4757,35253,22,1,2,1
2021-04-23T23:59:59+02:00,0,0,1024,1178,1888,2778,2787,4092,4329,6347,11387,12011,11599,12455,8732,10656,2718,4780,324,310,556,871,670,1364,1107,2161,2130,2564,2433,2056,4883,5816,2556,4460,56462,29488,8933,4755,33364,17,0,2,1
2021-04-22T23:59:59+02:00,0,0,1014,1169,1861,2765,2725,4067,4152,6228,10769,11494,11511,12369,8702,10609,2715,4775,323,309,556,871,670,1363,1105,2161,2129,2564,2433,2054,4881,5814,2556,4460,54767,29481,8932,4750,33224,17,0,2,1
2021-04-21T23:59:59+02:00,0,0,999,1155,1786,2741,2605,4032,4006,6154,9278,10334,11436,12302,8690,10585,2712,4772,322,309,555,871,669,1363,1104,2161,2128,2564,2429,2050,4878,5812,2555,4458,51605,29463,8931,4747,33049,17,0,2,1
2021-04-20T23:59:59+02:00,0,0,999,1154,1785,2740,2602,4029,4002,6153,8982,10011,11409,12278,8686,10576,2712,4771,322,309,555,871,669,1363,1104,2160,2127,2563,2429,2049,4876,5811,2555,4458,50911,29459,8928,4744,33048,17,0,2,1
2021-04-19T23:59:59+02:00,0,0,997,1152,1785,2737,2601,4028,4000,6151,8982,10010,11409,12278,8686,10575,2712,4771,321,309,555,870,669,1363,1102,2160,2126,2563,2429,2049,4876,5811,2555,4458,50903,29455,8923,4743,33046,17,0,2,1
2021-04-18T23:59:59+02:00,0,0,997,1151,1783,2737,2599,4026,4000,6151,8982,10010,11409,12278,8686,10574,2712,4770,321,309,555,870,668,1363,1102,2159,2126,2563,2429,2049,4876,5811,2555,4458,50896,29454,8922,4742,33045,17,0,2,1
2021-04-17T23:59:59+02:00,0,0,997,1150,1780,2731,2522,3936,3944,6069,8965,9992,11286,12126,8683,10572,2712,4769,316,303,551,863,660,1353,1084,2146,2079,2537,2384,1997,4827,5742,2549,4452,50265,29084,8922,4742,33045,16,0,2,1
2021-04-16T23:59:59+02:00,0,0,968,1116,1669,2648,2320,3799,3695,5895,7244,8180,11089,11882,8629,10509,2709,4756,309,298,536,844,628,1316,1002,2089,1855,2378,2235,1888,4640,5473,2490,4336,45922,29070,8847,3235,32337,11,0,2,1
2021-04-15T23:59:59+02:00,0,0,898,1064,1542,2560,2040,3647,3163,5566,6234,7215,10832,11547,8529,10386,2690,4733,309,298,535,843,626,1315,1001,2086,1619,2237,2082,1757,4454,5262,2436,4233,42122,29025,8844,2060,31678,7,0,2,1
2021-04-14T23:59:59+02:00,0,0,883,1035,1497,2524,1952,3566,2993,5431,6140,7104,10668,11340,8447,10286,2678,4719,289,288,501,816,555,1256,794,1943,1399,2113,2015,1682,4323,5098,2422,4205,40746,27631,8840,2060,31675,7,0,2,1
2021-04-13T23:59:59+02:00,0,0,878,1029,1485,2521,1929,3547,2961,5397,5619,6528,10368,11001,8416,10252,2677,4718,289,286,501,815,555,1256,794,1943,1399,2112,2012,1681,4323,5098,2422,4202,40739,27629,6914,2051,31671,7,0,2,1
2021-04-12T23:59:59+02:00,0,0,878,1028,1484,2519,1929,3547,2960,5396,5618,6528,10367,11001,8416,10252,2677,4718,289,285,501,815,553,1256,792,1942,1398,2112,2012,1681,4323,5097,2422,4202,40735,27623,6912,2049,31669,7,0,2,1
2021-04-11T23:59:59+02:00,0,0,878,1028,1483,2519,1928,3546,2959,5396,5618,6528,10366,11000,8416,10252,2677,4718,289,285,500,815,552,1256,791,1942,1396,2112,2012,1681,4323,5097,2422,4202,40732,27618,6911,2049,31667,7,0,2,1
2021-04-10T23:59:59+02:00,0,0,876,1025,1480,2515,1911,3534,2890,5330,5490,6430,10136,10783,8363,10202,2673,4717,289,284,500,814,552,1256,790,1942,1396,2112,2008,1677,4318,5088,2421,4199,40162,27589,6911,2049,31280,7,0,2,1
2021-04-09T23:59:59+02:00,0,0,838,992,1383,2459,1807,3475,2761,5276,5351,6365,7758,7957,8299,10108,2663,4699,288,284,497,813,550,1254,787,1942,1394,2108,1988,1655,4296,5070,2418,4194,34689,27481,6910,2049,30590,7,0,2,1
2021-04-08T23:59:59+02:00,0,0,837,990,1379,2456,1805,3472,2751,5267,5340,6352,6970,7042,8257,10058,2660,4695,287,283,497,812,550,1253,786,1942,1392,2107,1986,1655,4295,5067,2418,4194,32837,27468,6910,2048,30582,7,0,2,1
2021-04-07T23:59:59+02:00,0,0,785,967,1304,2384,1718,3404,2558,5160,4599,5869,6303,6401,8199,9997,2654,4689,287,283,497,812,550,1250,786,1942,1392,2107,1986,1655,4294,5067,2418,4194,32833,27467,6909,2047,27247,6,0,2,0
2021-04-06T23:59:59+02:00,0,0,752,960,1285,2349,1694,3363,2528,5114,4525,5793,5941,6044,8178,9973,2649,4683,287,282,497,811,550,1250,786,1942,1391,2107,1986,1654,4294,5067,2418,4194,32829,27465,6909,2045,26091,6,0,2,0
2021-04-05T23:59:59+02:00,0,0,748,929,1244,2225,1622,3198,2409,4844,4365,5521,5634,5739,8161,9947,2647,4679,287,282,497,810,550,1250,786,1942,1391,2107,1986,1654,4294,5067,2418,4194,32828,27464,6909,2045,24173,6,0,2,0
2021-04-04T23:59:59+02:00,0,0,727,904,1153,2009,1488,2932,2195,4410,4015,5022,5389,5515,8129,9893,2646,4671,287,282,496,809,548,1249,785,1941,1317,2070,1623,1380,4136,4886,2374,4129,32824,26262,6909,2045,21363,5,0,2,0
2021-04-03T23:59:59+02:00,0,0,727,904,1152,2008,1487,2932,2194,4410,4015,5022,5389,5514,8129,9893,2646,4671,287,282,496,809,548,1249,785,1941,1317,2070,1623,1380,4136,4886,2374,4129,32820,26262,6909,2045,21362,5,0,2,0
2021-04-02T23:59:59+02:00,0,0,727,903,1152,2008,1487,2932,2194,4410,4014,5022,5389,5513,8128,9892,2645,4669,287,282,496,809,548,1249,785,1941,1316,2070,1623,1380,4136,4886,2374,4129,32819,26261,6909,2045,21355,5,0,2,0
2021-04-01T23:59:59+02:00,0,0,722,901,1149,2002,1479,2924,2180,4392,3923,4937,4896,4913,7423,8998,2643,4664,287,280,495,806,548,1248,782,1939,1278,2042,1474,1285,4037,4785,2363,4116,29915,25721,6883,2039,21346,5,0,2,0
2021-03-31T23:59:59+02:00,0,0,722,900,1147,2001,1475,2919,2176,4391,3905,4926,4723,4696,6656,8064,2633,4642,286,279,495,806,544,1245,777,1932,1173,1965,1079,1020,3628,4322,2256,3942,29797,23769,4858,1976,21319,4,0,2,0
2021-03-30T23:59:59+02:00,0,0,722,900,1146,1998,1463,2910,2167,4382,3860,4899,4524,4515,6406,7767,2624,4626,286,278,495,804,544,1245,777,1931,1173,1965,1079,1020,3628,4322,2255,3942,29792,23765,4853,1976,20262,3,0,2,0
2021-03-29T23:59:59+02:00,0,0,720,898,1146,1998,1461,2910,2167,4382,3857,4897,4521,4513,6403,7758,2622,4608,286,277,495,804,544,1245,776,1930,1173,1965,1079,1019,3628,4322,2255,3942,29784,23761,4848,1976,20227,3,0,2,0
2021-03-28T23:59:59+02:00,0,0,720,898,1146,1995,1459,2908,2166,4379,3856,4897,4520,4513,6400,7754,2622,4607,285,277,493,804,544,1245,775,1930,1173,1965,1079,1018,3628,4322,2255,3942,29782,23757,4843,1975,20213,3,0,2,0
2021-03-27T23:59:59+01:00,0,0,716,893,1142,1987,1451,2898,2147,4363,3814,4871,4471,4456,6355,7695,2615,4593,281,272,479,794,533,1233,727,1894,1012,1873,818,828,3489,4170,2094,3630,29431,22791,4843,1333,20191,3,0,2,0
2021-03-26T23:59:59+01:00,0,0,716,893,1141,1986,1448,2897,2144,4363,3809,4868,4459,4434,6345,7668,2608,4579,280,272,479,792,531,1233,725,1894,1005,1865,681,733,2511,3015,1924,3417,29371,20021,4841,1333,20144,3,0,2,0
2021-03-25T23:59:59+01:00,0,0,715,892,1141,1986,1447,2894,2140,4357,3804,4864,4450,4423,6331,7636,2587,4525,280,272,479,792,530,1230,724,1893,1003,1864,660,726,1328,1566,1643,3054,29358,16708,4836,1333,19996,3,0,2,0
2021-03-24T23:59:59+01:00,0,0,692,881,1103,1956,1376,2834,1934,4209,3580,4738,4390,4363,6196,7468,2573,4493,280,272,479,792,527,1230,723,1893,1002,1864,660,726,1328,1565,1643,3052,27981,16701,4833,1332,19970,3,0,2,0
2021-03-23T23:59:59+01:00,0,0,692,879,1101,1955,1376,2834,1934,4209,3579,4735,4390,4363,6195,7468,2573,4492,280,272,479,792,527,1230,723,1893,1002,1864,660,726,1328,1565,1643,3052,27977,16701,4830,1332,19966,3,0,2,0
2021-03-22T23:59:59+01:00,0,0,692,877,1099,1951,1373,2834,1932,4209,3578,4735,4390,4362,6195,7467,2573,4492,280,272,479,792,527,1229,722,1893,1002,1863,660,726,1328,1565,1643,3052,27973,16698,4829,1332,19955,3,0,2,0
2021-03-21T23:59:59+01:00,0,0,692,877,1098,1948,1373,2832,1931,4208,3577,4734,4390,4362,6194,7467,2573,4492,280,272,479,792,527,1229,722,1893,1002,1863,660,725,1328,1565,1643,3052,27970,16697,4828,1332,19949,3,0,1,0
2021-03-20T23:59:59+01:00,0,0,690,875,1096,1946,1367,2829,1914,4201,3546,4715,4172,4087,5677,6860,2563,4459,275,270,474,786,510,1219,700,1876,964,1834,590,647,1096,1306,1293,2505,27889,15010,4730,1332,18377,3,0,1,0
2021-03-19T23:59:59+01:00,0,0,682,869,1081,1926,1333,2792,1834,4145,3326,4555,4024,3981,5501,6618,2514,4374,275,270,474,786,510,1219,700,1875,963,1834,590,647,1096,1305,1292,2504,27887,15005,3298,1332,18370,3,0,0,0
2021-03-18T23:59:59+01:00,0,0,682,868,1080,1925,1332,2790,1834,4142,3096,4412,3871,3852,5323,6415,2462,4272,275,269,473,786,510,1217,700,1874,962,1833,588,644,857,1049,1182,2337,27875,14223,2113,1331,18368,2,0,0,0
2021-03-17T23:59:59+01:00,0,0,682,868,1079,1925,1332,2789,1834,4142,3096,4412,3871,3850,5322,6415,2462,4272,275,269,473,786,510,1217,700,1874,961,1833,587,644,857,1049,1182,2337,27873,14221,2113,1331,18365,2,0,0,0
2021-03-16T23:59:59+01:00,0,0,681,868,1079,1921,1331,2789,1832,4142,3096,4410,3870,3849,5322,6415,2461,4271,273,265,459,781,501,1205,684,1860,945,1823,585,643,855,1048,1181,2336,27866,14111,2109,1331,18362,2,0,0,0
2021-03-15T23:59:59+01:00,0,0,681,867,1077,1920,1328,2789,1828,4141,3095,4410,3870,3848,5321,6415,2461,4271,273,265,459,781,501,1205,684,1860,944,1822,585,643,855,1048,1181,2336,27861,14109,2107,1331,18354,2,0,0,0
2021-03-14T23:59:59+01:00,0,0,680,865,1074,1917,1325,2786,1826,4139,3090,4409,3870,3848,5321,6415,2461,4271,273,265,459,781,501,1205,684,1860,944,1821,585,643,854,1048,1181,2336,27857,14107,2107,1331,18333,2,0,0,0
2021-03-13T23:59:59+01:00,0,0,678,860,1066,1911,1316,2779,1821,4131,2976,4331,3402,3445,5117,6182,2416,4208,273,265,459,781,501,1205,683,1860,942,1820,561,627,551,753,762,1762,26593,12472,2107,1331,17939,2,0,0,0
2021-03-12T23:59:59+01:00,0,0,648,773,1043,1798,1295,2588,1789,3865,2932,4163,2261,2003,4756,5636,2413,4199,273,265,459,781,501,1205,682,1860,941,1820,561,626,551,753,762,1761,26581,12469,2107,1331,13474,1,0,0,0
2021-03-11T23:59:59+01:00,0,0,638,728,1035,1696,1287,2429,1777,3651,2886,4024,1697,1474,4270,5094,2403,4190,271,265,459,781,501,1205,682,1859,941,1816,561,626,549,752,682,1616,26031,12467,2095,1099,11153,0,0,0,0
2021-03-10T23:59:59+01:00,0,0,633,716,1025,1674,1278,2408,1764,3625,2777,3941,1307,1206,3862,4625,2309,4033,271,265,458,779,500,1205,682,1859,939,1816,561,626,547,751,682,1616,24052,12461,2094,1096,11037,0,0,0,0
2021-03-09T23:59:59+01:00,0,0,632,711,1017,1657,1267,2393,1761,3614,2770,3936,1303,1205,3862,4624,2308,4033,271,265,458,779,500,1205,682,1859,939,1816,561,626,547,751,682,1616,24049,12461,2093,1096,10951,0,0,0,0
2021-03-08T23:59:59+01:00,0,0,628,682,1006,1632,1252,2360,1753,3581,2749,3921,1302,1203,3862,4624,2308,4033,271,265,458,779,500,1205,682,1859,939,1816,561,626,546,751,682,1616,24045,12460,2092,1096,10759,0,0,0,0
2021-03-07T23:59:59+01:00,0,0,628,679,1002,1628,1252,2357,1752,3578,2749,3919,1302,1203,3862,4624,2308,4033,271,265,458,779,499,1205,682,1859,939,1816,561,626,546,751,682,1616,24042,12459,2092,1096,10742,0,0,0,0
2021-03-06T23:59:59+01:00,0,0,592,632,883,1527,1011,2167,1333,3196,2328,3583,1021,984,3562,4247,2288,4016,271,265,458,779,497,1205,682,1859,939,1815,561,625,544,747,593,1443,23044,12456,2089,827,8237,0,0,0,0
2021-03-05T23:59:59+01:00,0,0,589,632,878,1524,1011,2166,1330,3193,2321,3578,877,887,2568,3055,2117,3784,269,265,453,767,493,1200,674,1842,925,1800,557,621,486,686,288,932,20204,12253,2078,5,8228,0,0,0,0
2021-03-04T23:59:59+01:00,0,0,571,589,841,1394,973,2012,1280,2989,2277,3479,862,878,1387,1620,1830,3420,269,265,452,767,493,1200,674,1842,925,1800,556,620,486,685,288,932,16910,12249,2077,5,7415,0,0,0,0
2021-03-03T23:59:59+01:00,0,0,565,556,818,1329,952,1950,1265,2945,2267,3435,862,877,1387,1620,1830,3420,269,265,452,767,493,1200,674,1841,925,1800,556,620,486,685,288,932,16909,12248,2077,5,7092,0,0,0,0
2021-03-02T23:59:59+01:00,0,0,564,554,815,1328,952,1950,1264,2944,2267,3435,862,877,1387,1620,1830,3420,269,265,451,767,493,1200,674,1841,925,1799,556,620,486,685,288,932,16908,12246,2077,5,7084,0,0,0,0
2021-03-01T23:59:59+01:00,0,0,564,552,814,1328,952,1949,1264,2944,2266,3434,862,876,1387,1619,1830,3420,269,265,451,767,493,1200,673,1840,925,1799,556,620,486,685,288,932,16905,12244,2076,5,7080,0,0,0,0
2021-02-28T23:59:59+01:00,0,0,563,550,814,1328,951,1949,1264,2944,2264,3433,862,874,1387,1619,1830,3420,269,265,451,767,493,1200,673,1839,925,1799,556,620,486,685,288,932,16902,12243,2076,5,7074,0,0,0,0
2021-02-27T23:59:59+01:00,0,0,558,548,803,1318,930,1938,1224,2916,2187,3383,741,758,1118,1329,1323,2547,268,265,451,767,492,1200,671,1838,924,1797,555,617,485,683,288,928,15181,12227,1368,2,7072,0,0,0,0
2021-02-26T23:59:59+01:00,0,0,548,527,774,1254,901,1825,1185,2758,1867,2962,700,730,1118,1329,1322,2546,268,265,451,767,492,1200,671,1838,924,1797,555,617,485,683,288,927,15176,12226,1368,2,5802,0,0,0,0
2021-02-25T23:59:59+01:00,0,0,514,485,712,1136,794,1632,1031,2457,1368,2414,649,685,870,1066,1213,2376,267,264,450,767,492,1199,670,1837,924,1796,555,617,485,683,288,927,14374,12221,1368,0,3660,0,0,0,0
2021-02-24T23:59:59+01:00,0,0,513,484,712,1135,793,1632,1031,2456,1368,2413,649,685,870,1066,1213,2376,267,264,450,767,492,1199,670,1837,924,1796,555,617,485,683,288,927,14374,12221,1367,0,3655,0,0,0,0
2021-02-23T23:59:59+01:00,0,0,511,480,697,1127,784,1621,1014,2442,1352,2403,647,684,868,1065,1212,2375,267,263,450,766,492,1199,670,1836,924,1796,555,617,485,683,288,927,14264,12218,1367,0,3651,0,0,0,0
2021-02-22T23:59:59+01:00,0,0,511,480,697,1127,782,1621,1014,2442,1351,2402,647,683,868,1065,1212,2375,267,263,450,766,492,1199,670,1836,924,1795,555,617,485,683,288,927,14262,12217,1367,0,3648,0,0,0,0
2021-02-21T23:59:59+01:00,0,0,511,480,697,1127,781,1621,1013,2442,1351,2401,646,683,867,1065,1212,2375,267,263,450,766,492,1199,670,1836,924,1795,555,617,485,683,288,927,14260,12217,1367,0,3645,0,0,0,0
2021-02-20T23:59:59+01:00,0,0,495,478,685,1121,761,1616,1000,2440,1324,2381,619,664,558,764,785,1791,266,262,445,764,487,1193,665,1825,918,1792,552,614,480,683,284,922,12596,12152,1366,0,3520,0,0,0,0
2021-02-19T23:59:59+01:00,0,0,397,392,581,995,643,1462,859,2269,1085,2144,572,640,558,764,785,1791,263,262,441,762,485,1184,662,1809,911,1772,548,608,475,676,281,914,12595,12053,1366,0,1976,0,0,0,0
2021-02-18T23:59:59+01:00,0,0,274,267,467,792,504,1215,698,1873,949,1833,569,634,557,764,785,1791,262,261,439,759,483,1180,661,1795,907,1761,542,603,468,669,276,903,12593,11969,1366,0,13,0,0,0,0
2021-02-17T23:59:59+01:00,0,0,274,267,466,792,504,1215,697,1873,948,1833,568,634,557,763,785,1791,261,261,438,756,481,1178,658,1787,904,1754,537,598,459,647,265,884,12591,11868,1366,0,10,0,0,0,0
2021-02-16T23:59:59+01:00,0,0,274,267,464,791,503,1215,697,1873,948,1833,568,634,557,763,785,1791,250,257,432,740,469,1146,651,1712,879,1675,518,569,427,604,248,819,12591,11396,1366,0,6,0,0,0,0
2021-02-15T23:59:59+01:00,0,0,274,267,463,791,503,1214,695,1873,948,1833,568,634,557,763,785,1791,246,253,429,732,463,1121,635,1661,854,1621,497,535,409,560,236,756,12590,11008,1366,0,3,0,0,0,0
2021-02-14T23:59:59+01:00,0,0,274,267,463,791,502,1214,695,1873,948,1833,568,634,557,763,785,1791,246,253,429,732,463,1121,635,1655,852,1612,487,530,405,557,228,748,12589,10953,1366,0,3,0,0,0,0
2021-02-13T23:59:59+01:00,0,0,272,267,463,791,502,1214,694,1872,948,1833,568,634,557,763,785,1791,244,251,429,728,456,1109,626,1634,832,1579,468,505,391,532,215,712,12587,10711,1366,0,1,0,0,0,0
2021-02-12T23:59:59+01:00,0,0,272,267,463,790,502,1214,694,1871,944,1830,568,632,508,717,771,1787,227,243,409,694,435,1021,591,1472,745,1340,385,386,316,420,159,535,12463,9378,1366,0,1,0,0,0,0
2021-02-11T23:59:59+01:00,0,0,270,267,462,790,502,1214,694,1869,944,1827,567,631,505,714,688,1639,205,230,397,663,415,974,557,1378,699,1230,351,338,277,357,132,449,12451,8652,1131,0,1,0,0,0,0
2021-02-10T23:59:59+01:00,0,0,270,267,462,789,502,1214,693,1869,943,1827,566,631,505,713,687,1637,202,226,396,657,411,960,554,1358,687,1195,335,315,255,317,115,387,12444,8370,1131,0,0,0,0,0,0
2021-02-09T23:59:59+01:00,0,0,270,267,462,789,502,1214,692,1869,943,1825,566,631,505,713,687,1637,193,213,385,621,392,893,511,1265,634,1065,261,224,180,206,74,239,12441,7356,1131,0,0,0,0,0,0
2021-02-08T23:59:59+01:00,0,0,270,267,460,789,502,1214,692,1869,943,1825,566,631,505,713,687,1637,190,207,381,607,383,868,488,1215,607,995,230,183,145,156,60,184,12440,6899,1130,0,0,0,0,0,0
2021-02-07T23:59:59+01:00,0,0,270,267,460,789,502,1214,692,1869,943,1824,566,631,505,713,687,1636,189,207,380,603,381,863,483,1205,603,981,224,176,135,138,54,168,12438,6790,1130,0,0,0,0,0,0
2021-02-06T23:59:59+01:00,0,0,270,267,460,789,502,1214,692,1869,943,1824,566,631,503,708,597,1464,189,207,380,603,381,863,483,1205,603,981,224,176,135,138,54,168,12438,6790,861,0,0,0,0,0,0
2021-02-05T23:59:59+01:00,0,0,270,267,458,788,500,1212,689,1868,940,1821,562,627,496,693,291,945,183,198,363,572,368,823,463,1164,585,950,203,159,111,125,49,165,12423,6481,4,0,0,0,0,0,0
2021-02-04T23:59:59+01:00,0,0,270,266,457,782,497,1211,688,1863,935,1820,561,627,495,692,291,945,168,162,294,436,302,667,383,940,511,811,192,154,103,119,42,153,12396,5437,4,0,0,0,0,0,0
2021-02-03T23:59:59+01:00,0,0,269,266,457,780,497,1210,687,1862,935,1820,561,627,495,692,291,945,163,155,249,354,253,580,323,840,460,724,185,149,99,117,41,152,12390,4844,4,0,0,0,0,0,0
2021-02-02T23:59:59+01:00,0,0,269,265,457,777,497,1210,687,1859,935,1818,561,627,495,692,291,945,156,140,190,290,195,492,246,726,378,641,175,145,97,116,41,151,12381,4179,4,0,0,0,0,0,0
2021-02-01T23:59:59+01:00,0,0,269,265,455,776,496,1209,686,1855,932,1813,561,627,494,692,291,945,149,134,152,254,167,433,201,648,321,567,169,134,89,106,36,144,12362,3704,4,0,0,0,0,0,0
2021-01-31T23:59:59+01:00,0,0,269,265,455,776,496,1209,686,1855,932,1813,561,627,494,692,291,945,149,134,152,253,167,432,200,648,321,567,169,134,89,106,36,144,12362,3701,4,0,0,0,0,0,0
2021-01-30T23:59:59+01:00,0,0,269,265,455,776,496,1209,686,1855,928,1813,560,627,492,692,288,945,136,122,135,235,156,404,189,607,303,520,147,123,77,79,29,110,12352,3372,4,0,0,0,0,0,0
2021-01-29T23:59:59+01:00,0,0,266,265,451,773,494,1200,683,1838,921,1793,556,621,487,686,285,937,88,68,93,154,115,246,146,440,213,377,109,82,58,68,24,99,12252,2380,4,0,0,0,0,0,0
2021-01-28T23:59:59+01:00,0,0,266,265,450,773,493,1200,683,1838,921,1791,556,621,487,686,285,937,10,7,13,23,24,46,22,94,50,105,34,32,31,49,18,91,12249,649,3,0,0,0,0,0,0
2021-01-27T23:59:59+01:00,0,0,265,265,450,773,493,1200,683,1837,919,1791,556,621,487,686,285,937,10,7,13,23,23,46,22,92,49,105,34,32,31,49,18,91,12247,645,1,0,0,0,0,0,0
2021-01-26T23:59:59+01:00,0,0,265,265,449,772,493,1199,683,1837,919,1790,556,621,487,686,285,937,10,7,13,23,23,46,22,92,49,105,34,32,31,49,18,91,12243,645,1,0,0,0,0,0,0
2021-01-25T23:59:59+01:00,0,0,265,264,447,772,493,1198,683,1835,919,1790,556,621,486,684,285,937,6,1,5,13,11,21,13,39,23,46,17,16,10,15,6,19,12235,261,0,0,0,0,0,0,0
2021-01-24T23:59:59+01:00,0,0,265,264,447,772,492,1198,683,1834,919,1789,556,621,486,684,285,937,6,1,5,13,11,21,13,39,23,46,17,16,10,15,6,19,12232,261,0,0,0,0,0,0,0
2021-01-23T23:59:59+01:00,0,0,265,264,447,772,492,1197,683,1834,919,1789,556,621,486,684,285,937,6,1,5,13,11,21,13,39,23,46,17,16,10,15,6,19,12231,261,0,0,0,0,0,0,0
2021-01-22T23:59:59+01:00,0,0,263,262,447,772,491,1196,683,1833,919,1789,556,621,486,684,267,893,6,1,5,13,11,21,13,39,23,46,17,16,10,15,6,19,12162,261,0,0,0,0,0,0,0
2021-01-21T23:59:59+01:00,0,0,260,258,445,763,488,1188,680,1812,910,1772,548,613,467,659,256,857,6,1,5,13,11,21,13,39,23,46,17,16,10,15,6,19,11976,261,0,0,0,0,0,0,0
2021-01-20T23:59:59+01:00,0,0,259,256,441,758,486,1186,677,1804,907,1767,542,608,460,640,248,840,6,1,5,13,11,21,13,39,23,46,17,16,10,15,6,19,11879,261,0,0,0,0,0,0,0
2021-01-19T23:59:59+01:00,0,0,254,256,439,750,480,1171,674,1773,896,1726,530,591,449,624,236,805,6,1,5,13,11,21,13,39,23,46,17,16,10,15,6,19,11654,261,0,0,0,0,0,0,0
2021-01-18T23:59:59+01:00,0,0,250,252,436,739,475,1150,656,1736,870,1678,511,558,434,586,224,748,6,1,5,12,11,21,13,39,23,46,17,16,10,15,6,19,11303,260,0,0,0,0,0,0,0
2021-01-17T23:59:59+01:00,0,0,250,251,435,739,475,1149,653,1729,864,1666,495,547,419,564,209,723,6,1,4,12,11,21,13,39,23,46,17,15,10,15,6,19,11168,258,0,0,0,0,0,0,0
2021-01-16T23:59:59+01:00,0,0,242,243,431,719,462,1114,628,1641,817,1517,453,465,390,511,188,668,0,0,0,0,0,0,0,0,0,0,0,0,0,0,0,0,10489,0,0,0,0,0,0,0,0
2021-01-15T23:59:59+01:00,0,0,233,236,423,699,448,1063,608,1541,778,1403,404,408,339,443,170,562,0,0,0,0,0,0,0,0,0,0,0,0,0,0,0,0,9758,0,0,0,0,0,0,0,0
2021-01-14T23:59:59+01:00,0,0,210,223,404,657,426,1001,565,1424,711,1250,349,334,290,350,129,445,0,0,0,0,0,0,0,0,0,0,0,0,0,0,0,0,8768,0,0,0,0,0,0,0,0
2021-01-13T23:59:59+01:00,0,0,208,221,403,650,421,982,560,1402,697,1215,331,310,265,310,112,384,0,0,0,0,0,0,0,0,0,0,0,0,0,0,0,0,8471,0,0,0,0,0,0,0,0
2021-01-12T23:59:59+01:00,0,0,191,210,388,609,390,887,498,1248,618,1026,236,194,160,161,62,192,0,0,0,0,0,0,0,0,0,0,0,0,0,0,0,0,7070,0,0,0,0,0,0,0,0
2021-01-11T23:59:59+01:00,0,0,187,204,384,597,377,860,478,1201,598,972,216,165,128,117,45,144,0,0,0,0,0,0,0,0,0,0,0,0,0,0,0,0,6673,0,0,0,0,0,0,0,0
2021-01-10T23:59:59+01:00,0,0,186,200,373,583,373,847,469,1181,586,953,212,165,125,117,43,142,0,0,0,0,0,0,0,0,0,0,0,0,0,0,0,0,6555,0,0,0,0,0,0,0,0
2021-01-09T23:59:59+01:00,0,0,166,168,327,503,332,729,408,1000,498,804,148,108,73,73,29,105,0,0,0,0,0,0,0,0,0,0,0,0,0,0,0,0,5471,0,0,0,0,0,0,0,0
2021-01-08T23:59:59+01:00,0,0,98,78,231,352,245,435,294,668,340,510,80,67,49,58,22,93,0,0,0,0,0,0,0,0,0,0,0,0,0,0,0,0,3620,0,0,0,0,0,0,0,0
2021-01-07T23:59:59+01:00,0,0,12,11,54,97,72,124,94,194,122,179,41,35,33,50,19,93,0,0,0,0,0,0,0,0,0,0,0,0,0,0,0,0,1230,0,0,0,0,0,0,0,0
2021-01-06T23:59:59+01:00,0,0,8,4,9,23,17,46,23,91,53,109,35,32,32,50,19,93,0,0,0,0,0,0,0,0,0,0,0,0,0,0,0,0,644,0,0,0,0,0,0,0,0
2021-01-05T23:59:59+01:00,0,0,8,4,9,23,17,46,22,91,51,109,35,32,32,50,19,93,0,0,0,0,0,0,0,0,0,0,0,0,0,0,0,0,641,0,0,0,0,0,0,0,0
2021-01-04T23:59:59+01:00,0,0,6,1,5,13,11,23,14,41,23,48,18,16,11,15,6,20,0,0,0,0,0,0,0,0,0,0,0,0,0,0,0,0,271,0,0,0,0,0,0,0,0
2021-01-03T23:59:59+01:00,0,0,6,1,5,13,11,23,14,41,23,48,18,16,11,15,6,20,0,0,0,0,0,0,0,0,0,0,0,0,0,0,0,0,271,0,0,0,0,0,0,0,0
2021-01-02T23:59:59+01:00,0,0,6,1,5,13,11,23,14,41,23,48,18,16,11,15,6,20,0,0,0,0,0,0,0,0,0,0,0,0,0,0,0,0,271,0,0,0,0,0,0,0,0
2021-01-01T23:59:59+01:00,0,0,6,1,5,13,11,23,14,41,23,48,18,16,11,15,6,20,0,0,0,0,0,0,0,0,0,0,0,0,0,0,0,0,271,0,0,0,0,0,0,0,0
2020-12-31T23:59:59+01:00,0,0,6,1,5,13,11,23,14,41,23,48,18,16,11,15,6,20,0,0,0,0,0,0,0,0,0,0,0,0,0,0,0,0,271,0,0,0,0,0,0,0,0
2020-12-30T23:59:59+01:00,0,0,6,1,5,13,11,23,14,41,23,48,18,16,11,15,6,20,0,0,0,0,0,0,0,0,0,0,0,0,0,0,0,0,271,0,0,0,0,0,0,0,0
2020-12-29T23:59:59+01:00,0,0,6,1,5,13,11,23,14,41,23,48,18,16,11,15,6,20,0,0,0,0,0,0,0,0,0,0,0,0,0,0,0,0,271,0,0,0,0,0,0,0,0
2020-12-28T23:59:59+01:00,0,0,6,1,5,13,11,23,14,41,23,48,18,16,11,15,6,20,0,0,0,0,0,0,0,0,0,0,0,0,0,0,0,0,271,0,0,0,0,0,0,0,0
2020-12-27T23:59:59+01:00,0,0,6,1,4,12,11,23,14,41,23,48,18,15,11,15,6,20,0,0,0,0,0,0,0,0,0,0,0,0,0,0,0,0,268,0,0,0,0,0,0,0,0
