Datum,<15_1_m,<15_1_w,15-24_1_m,15-24_1_w,25-34_1_m,25-34_1_w,35-44_1_m,35-44_1_w,45-54_1_m,45-54_1_w,55-64_1_m,55-64_1_w,65-74_1_m,65-74_1_w,75-84_1_m,75-84_1_w,>84_1_m,>84_1_w,<15_2_m,<15_2_w,15-24_2_m,15-24_2_w,25-34_2_m,25-34_2_w,35-44_2_m,35-44_2_w,45-54_2_m,45-54_2_w,55-64_2_m,55-64_2_w,65-74_2_m,65-74_2_w,75-84_2_m,75-84_2_w,>84_2_m,>84_2_w,bp_1,bp_2,mo_1,mo_2,az_1,az_2,ja,unb_1,unb_2
2021-10-25T23:59:59+02:00,2058,1947,14454,13354,17164,15651,18685,18441,21729,21630,23001,21907,14782,15985,10152,12404,3101,5404,1779,1693,13509,12583,16463,14949,18160,17824,21271,21114,22633,21498,14588,15743,10031,12251,3037,5288,181061,174923,22883,22514,35615,34672,12303,2,2
2021-10-24T23:59:59+02:00,2058,1946,14451,13353,17162,15651,18684,18440,21729,21630,23001,21906,14780,15985,10152,12404,3101,5404,1778,1693,13509,12583,16463,14949,18160,17824,21270,21114,22633,21498,14588,15743,10031,12251,3037,5287,181050,174920,22882,22514,35615,34672,12303,2,2
2021-10-23T23:59:59+02:00,2058,1946,14450,13353,17161,15650,18684,18440,21728,21630,23001,21906,14780,15985,10152,12404,3101,5403,1778,1693,13509,12583,16463,14949,18160,17824,21270,21114,22633,21498,14588,15743,10031,12251,3037,5287,181045,174920,22882,22514,35615,34672,12303,2,2
2021-10-22T23:59:59+02:00,2040,1922,14394,13313,17109,15602,18647,18412,21697,21606,22984,21897,14776,15979,10151,12404,3101,5402,1765,1680,13479,12556,16444,14932,18146,17806,21259,21099,22627,21490,14587,15740,10028,12250,3036,5286,180652,174726,22880,22508,35615,34672,12302,2,2
2021-10-21T23:59:59+02:00,2031,1905,14330,13275,17054,15560,18610,18383,21677,21580,22961,21883,14772,15977,10148,12401,3099,5399,1756,1667,13440,12535,16416,14904,18128,17782,21254,21090,22619,21475,14582,15735,10026,12243,3035,5285,180280,174505,22878,22508,35615,34672,12285,2,2
2021-10-20T23:59:59+02:00,2016,1894,14309,13263,17041,15541,18599,18368,21668,21572,22952,21880,14769,15972,10147,12395,3097,5397,1741,1643,13376,12483,16382,14868,18103,17742,21243,21070,22601,21460,14576,15724,10021,12239,3033,5280,180120,174123,22878,22508,35615,34672,12280,2,2
2021-10-19T23:59:59+02:00,2002,1884,14294,13249,17030,15527,18594,18362,21662,21567,22943,21874,14765,15964,10144,12394,3097,5395,1730,1641,13354,12456,16367,14846,18092,17729,21230,21058,22592,21450,14575,15715,10016,12236,3031,5279,180009,173957,22878,22508,35615,34672,12258,2,2
2021-10-18T23:59:59+02:00,1989,1874,14277,13227,17017,15518,18589,18356,21657,21558,22938,21871,14761,15960,10144,12393,3097,5394,1721,1630,13332,12423,16350,14818,18078,17720,21222,21050,22586,21449,14568,15715,10012,12231,3030,5279,179904,173812,22877,22491,35615,34672,12237,2,2
2021-10-17T23:59:59+02:00,1988,1872,14277,13225,17017,15518,18589,18354,21655,21553,22938,21868,14761,15957,10144,12392,3096,5394,1720,1627,13331,12418,16344,14814,18076,17714,21220,21045,22584,21446,14567,15714,10011,12229,3028,5276,179882,173762,22877,22491,35615,34672,12237,2,2
2021-10-16T23:59:59+02:00,1988,1872,14277,13225,17017,15518,18589,18354,21655,21553,22938,21868,14761,15957,10144,12392,3096,5394,1720,1627,13331,12418,16344,14813,18076,17714,21220,21045,22584,21446,14567,15714,10011,12229,3028,5276,179882,173761,22877,22491,35615,34672,12237,2,2
2021-10-15T23:59:59+02:00,1981,1859,14236,13192,16986,15489,18570,18337,21641,21541,22929,21861,14760,15953,10143,12388,3096,5392,1678,1600,13265,12354,16298,14761,18041,17685,21191,21013,22563,21428,14556,15701,10007,12222,3027,5271,179664,173295,22859,22463,35615,34672,12229,2,2
2021-10-14T23:59:59+02:00,1969,1846,14182,13155,16939,15446,18542,18309,21618,21529,22915,21847,14750,15943,10141,12385,3092,5387,1619,1549,13150,12227,16241,14684,17978,17612,21150,20963,22530,21389,14540,15685,10000,12210,3025,5266,179328,172522,22840,22397,35615,34672,12225,2,2
2021-10-13T23:59:59+02:00,1959,1835,14151,13120,16918,15411,18518,18289,21607,21519,22903,21841,14745,15937,10139,12381,3092,5381,1598,1532,13105,12174,16201,14627,17941,17569,21131,20943,22510,21375,14531,15674,9996,12204,3021,5260,179110,172127,22840,22397,35615,34672,12194,2,2
2021-10-12T23:59:59+02:00,1953,1827,14128,13109,16900,15400,18513,18277,21600,21512,22899,21833,14742,15935,10139,12380,3092,5380,1590,1517,13078,12147,16180,14606,17929,17554,21122,20934,22501,21369,14523,15670,9994,12203,3020,5258,179009,171956,22840,22397,35615,34672,12168,2,2
2021-10-11T23:59:59+02:00,1940,1822,14108,13084,16891,15396,18506,18265,21594,21506,22894,21829,14740,15933,10138,12377,3092,5379,1586,1506,13049,12125,16162,14584,17911,17530,21111,20919,22497,21358,14518,15666,9990,12200,3020,5257,178889,171755,22840,22397,35615,34672,12163,2,2
2021-10-10T23:59:59+02:00,1936,1821,14101,13077,16881,15393,18499,18259,21592,21503,22892,21825,14739,15932,10138,12377,3092,5379,1582,1500,13037,12110,16145,14578,17903,17523,21109,20915,22492,21350,14516,15661,9989,12197,3019,5256,178858,171676,22840,22396,35615,34672,12136,2,2
2021-10-09T23:59:59+02:00,1936,1821,14100,13076,16880,15393,18499,18259,21592,21502,22892,21825,14739,15932,10138,12377,3092,5379,1582,1500,13037,12110,16145,14578,17903,17523,21109,20915,22492,21350,14516,15661,9989,12197,3019,5256,178854,171676,22840,22396,35615,34672,12136,2,2
2021-10-08T23:59:59+02:00,1923,1808,14049,13048,16850,15379,18480,18239,21572,21485,22878,21811,14735,15930,10133,12375,3092,5378,1559,1477,12989,12071,16119,14546,17871,17495,21084,20881,22474,21339,14511,15654,9987,12191,3019,5253,178587,171316,22840,22394,35615,34672,12136,2,2
2021-10-07T23:59:59+02:00,1902,1790,14002,13008,16812,15352,18450,18211,21545,21464,22861,21800,14730,15922,10126,12367,3091,5375,1526,1434,12924,11989,16068,14480,17828,17450,21049,20840,22455,21318,14498,15638,9978,12181,3018,5247,178243,170730,22840,22394,35615,34672,12123,2,2
2021-10-06T23:59:59+02:00,1894,1782,13960,12967,16807,15347,18447,18204,21542,21459,22854,21793,14727,15918,10124,12364,3090,5375,1510,1425,12889,11961,16063,14457,17820,17433,21037,20834,22450,21315,14497,15629,9976,12178,3018,5245,178096,170550,22837,22394,35615,34672,12119,2,2
2021-10-05T23:59:59+02:00,1881,1769,13928,12936,16775,15318,18420,18191,21522,21442,22847,21781,14715,15908,10120,12359,3089,5374,1494,1407,12828,11901,16013,14410,17781,17398,21013,20808,22430,21290,14484,15616,9975,12172,3016,5243,177896,170172,22835,22391,35615,34672,12042,2,2
2021-10-04T23:59:59+02:00,1868,1757,13907,12908,16759,15307,18409,18176,21513,21435,22839,21772,14711,15905,10117,12358,3089,5373,1488,1391,12784,11871,15984,14380,17768,17377,21001,20789,22426,21277,14479,15607,9974,12168,3014,5240,177754,169941,22835,22391,35615,34672,12012,2,2
2021-10-03T23:59:59+02:00,1867,1757,13905,12907,16758,15304,18409,18175,21511,21434,22838,21772,14711,15905,10117,12358,3089,5373,1488,1391,12783,11868,15979,14377,17767,17375,21000,20786,22426,21275,14479,15607,9972,12168,3014,5240,177743,169921,22835,22391,35615,34671,12010,2,2
2021-10-02T23:59:59+02:00,1867,1757,13904,12907,16758,15304,18409,18175,21511,21432,22837,21772,14711,15904,10117,12358,3088,5373,1488,1391,12783,11868,15979,14377,17767,17375,21000,20786,22426,21275,14479,15606,9972,12167,3014,5240,177737,169919,22835,22391,35615,34671,12010,2,2
2021-10-01T23:59:59+02:00,1859,1744,13869,12877,16720,15282,18385,18151,21489,21412,22822,21769,14707,15902,10113,12356,3087,5372,1476,1384,12750,11844,15948,14350,17745,17355,20978,20771,22411,21268,14475,15605,9970,12166,3013,5240,177524,169729,22834,22391,35615,34671,11956,2,2
2021-09-30T23:59:59+02:00,1841,1728,13800,12835,16657,15236,18351,18110,21462,21392,22799,21748,14692,15893,10110,12348,3085,5370,1456,1351,12671,11782,15887,14286,17718,17307,20939,20743,22379,21253,14455,15590,9965,12159,3012,5238,177177,169283,22834,22391,35615,34671,11844,2,2
2021-09-29T23:59:59+02:00,1831,1716,13748,12797,16617,15202,18322,18080,21438,21374,22785,21729,14686,15886,10106,12342,3083,5369,1443,1336,12628,11747,15852,14247,17694,17282,20923,20726,22372,21246,14454,15584,9963,12153,3011,5235,176890,169047,22834,22391,35615,34671,11785,2,2
2021-09-28T23:59:59+02:00,1822,1712,13736,12769,16612,15190,18309,18070,21430,21365,22780,21726,14684,15880,10102,12339,3080,5365,1414,1313,12592,11710,15832,14226,17679,17263,20908,20712,22366,21238,14452,15581,9963,12149,3009,5233,176751,168793,22834,22391,35615,34671,11783,2,2
2021-09-27T23:59:59+02:00,1814,1706,13719,12739,16599,15170,18298,18056,21416,21356,22776,21720,14682,15875,10099,12336,3078,5364,1402,1303,12580,11674,15808,14212,17668,17251,20904,20706,22360,21232,14447,15573,9962,12147,3008,5230,176588,168625,22834,22391,35615,34671,11778,2,2
2021-09-26T23:59:59+02:00,1805,1703,13703,12724,16589,15161,18290,18051,21410,21342,22766,21716,14681,15871,10096,12329,3075,5359,1401,1298,12568,11665,15801,14207,17664,17250,20902,20702,22358,21230,14446,15572,9960,12145,3007,5230,176458,168567,22834,22390,35615,34671,11776,2,2
2021-09-25T23:59:59+02:00,1805,1703,13703,12724,16589,15161,18290,18051,21410,21342,22766,21716,14681,15871,10096,12329,3075,5359,1401,1298,12568,11664,15801,14207,17664,17250,20902,20702,22358,21230,14446,15572,9960,12145,3007,5230,176458,168566,22834,22390,35615,34671,11776,2,2
2021-09-24T23:59:59+02:00,1794,1698,13666,12669,16554,15124,18265,18030,21388,21319,22748,21706,14677,15866,10094,12326,3075,5358,1385,1284,12538,11622,15771,14175,17643,17223,20882,20688,22342,21218,14438,15563,9954,12139,3006,5228,176220,168335,22833,22390,35615,34671,11701,2,2
2021-09-23T23:59:59+02:00,1770,1679,13608,12607,16503,15066,18223,17990,21350,21287,22727,21677,14669,15856,10091,12320,3074,5352,1376,1277,12501,11594,15748,14148,17623,17209,20858,20675,22327,21206,14429,15554,9947,12136,3005,5224,175777,168138,22833,22390,35615,34671,11636,2,2
2021-09-22T23:59:59+02:00,1757,1665,13553,12561,16475,15033,18205,17954,21340,21266,22715,21668,14657,15848,10087,12316,3070,5349,1372,1272,12463,11569,15723,14129,17604,17181,20849,20653,22317,21196,14420,15542,9944,12131,3005,5224,175454,167901,22832,22390,35615,34671,11630,2,2
2021-09-21T23:59:59+02:00,1751,1661,13516,12538,16442,15005,18187,17924,21327,21247,22708,21659,14654,15841,10080,12314,3069,5346,1368,1265,12434,11547,15706,14103,17588,17157,20837,20642,22311,21186,14418,15537,9943,12126,3004,5223,175278,167779,22832,22388,35615,34671,11555,2,2
2021-09-20T23:59:59+02:00,1744,1655,13496,12511,16425,14981,18167,17909,21313,21239,22706,21652,14648,15834,10077,12306,3069,5344,1365,1261,12423,11537,15701,14088,17579,17147,20832,20636,22311,21181,14413,15528,9941,12124,3004,5221,175144,167724,22817,22383,35614,34671,11512,2,2
2021-09-19T23:59:59+02:00,1741,1649,13478,12495,16400,14958,18152,17905,21306,21232,22697,21642,14639,15829,10074,12301,3067,5339,1364,1261,12417,11533,15685,14071,17567,17145,20827,20631,22304,21177,14405,15526,9939,12120,3003,5220,175059,167714,22817,22382,35613,34671,11426,2,2
2021-09-18T23:59:59+02:00,1741,1646,13468,12490,16395,14952,18147,17900,21305,21230,22695,21641,14639,15829,10074,12301,3067,5338,1287,1186,12277,11360,15609,13959,17510,17075,20782,20593,22280,21149,14394,15511,9929,12108,3003,5218,175019,166755,22817,22382,35613,34671,11420,2,2
2021-09-17T23:59:59+02:00,1698,1599,13358,12391,16336,14869,18089,17837,21262,21183,22666,21615,14628,15813,10066,12289,3065,5332,1280,1181,12229,11312,15570,13927,17456,17024,20768,20570,22264,21131,14390,15500,9924,12102,3002,5217,174412,166668,22714,22139,35613,34671,11367,2,2
2021-09-16T23:59:59+02:00,1664,1555,13269,12295,16282,14788,18030,17775,21219,21128,22636,21579,14613,15794,10050,12277,3062,5328,1271,1176,12201,11288,15555,13910,17435,17000,20763,20552,22256,21120,14388,15496,9920,12100,3002,5216,173702,166511,22713,22139,35613,34671,11326,2,2
2021-09-15T23:59:59+02:00,1643,1537,13219,12257,16247,14757,18008,17741,21197,21102,22626,21566,14605,15781,10040,12270,3058,5318,1269,1168,12174,11271,15527,13887,17421,16972,20748,20537,22245,21109,14380,15491,9916,12099,3002,5212,173405,166365,22713,22139,35613,34671,11251,2,2
2021-09-14T23:59:59+02:00,1631,1525,13173,12220,16223,14733,17984,17716,21188,21080,22611,21556,14599,15770,10030,12261,3057,5317,1258,1161,12144,11234,15507,13864,17398,16945,20734,20520,22236,21093,14369,15485,9909,12098,3002,5211,173155,166152,22712,22139,35613,34671,11204,2,2
2021-09-13T23:59:59+02:00,1616,1508,13111,12172,16186,14696,17951,17681,21169,21055,22591,21539,14591,15765,10025,12253,3055,5316,1250,1155,12107,11203,15483,13840,17383,16932,20722,20506,22216,21087,14366,15477,9906,12091,3000,5209,172835,165990,22712,22139,35612,34671,11131,2,2
2021-09-12T23:59:59+02:00,1616,1506,13110,12171,16183,14696,17950,17678,21167,21054,22590,21537,14591,15763,10022,12249,3055,5312,1250,1155,12104,11199,15481,13840,17382,16931,20722,20506,22216,21086,14365,15477,9906,12090,3000,5209,172808,165979,22712,22139,35612,34671,11128,2,2
2021-09-11T23:59:59+02:00,1616,1506,13110,12171,16183,14696,17949,17678,21167,21054,22590,21537,14591,15763,10022,12249,3055,5312,1250,1155,12104,11199,15481,13840,17381,16931,20722,20506,22216,21086,14365,15477,9906,12090,3000,5209,172808,165979,22712,22139,35612,34671,11127,2,2
2021-09-10T23:59:59+02:00,1584,1477,13062,12130,16142,14648,17917,17640,21134,21018,22563,21519,14583,15749,10018,12244,3054,5309,1249,1154,12098,11189,15470,13828,17372,16926,20711,20495,22210,21081,14360,15469,9904,12086,3000,5206,172426,165946,22712,22138,35612,34671,11051,2,2
2021-09-09T23:59:59+02:00,1540,1425,12953,12044,16069,14551,17865,17577,21087,20971,22527,21489,14560,15722,10007,12235,3052,5306,1233,1132,12057,11152,15441,13798,17351,16897,20694,20477,22188,21066,14354,15459,9899,12080,2997,5206,171698,165704,22711,22136,35612,34670,10969,2,2
2021-09-08T23:59:59+02:00,1521,1412,12913,11998,16046,14520,17838,17544,21066,20952,22513,21478,14555,15712,10003,12228,3052,5303,1217,1125,12019,11108,15417,13771,17326,16870,20673,20457,22169,21046,14342,15451,9890,12073,2995,5204,171477,165482,22711,22135,35612,34670,10864,2,2
2021-09-07T23:59:59+02:00,1489,1384,12833,11927,15969,14474,17793,17494,21035,20931,22491,21451,14543,15704,10003,12222,3050,5298,1208,1115,11970,11073,15369,13747,17297,16848,20650,20437,22156,21031,14329,15446,9890,12068,2994,5204,171036,165285,22707,22129,35612,34670,10746,2,2
2021-09-06T23:59:59+02:00,1475,1362,12806,11899,15948,14447,17785,17480,21021,20919,22482,21443,14536,15694,10003,12217,3049,5295,1207,1112,11962,11058,15366,13736,17293,16844,20648,20435,22150,21028,14326,15444,9890,12064,2994,5204,170807,165214,22706,22129,35612,34670,10746,2,2
2021-09-05T23:59:59+02:00,1475,1361,12806,11896,15947,14445,17781,17478,21021,20918,22480,21442,14536,15692,10000,12216,3049,5295,1207,1112,11960,11058,15365,13734,17291,16842,20646,20435,22149,21028,14326,15444,9890,12064,2994,5203,170788,165205,22706,22129,35612,34670,10742,2,2
2021-09-04T23:59:59+02:00,1475,1361,12806,11896,15947,14445,17781,17478,21021,20917,22480,21442,14536,15691,10000,12216,3049,5295,1207,1112,11960,11058,15365,13734,17291,16842,20646,20434,22149,21028,14326,15443,9890,12064,2994,5203,170788,165205,22706,22129,35612,34670,10740,2,2
2021-09-03T23:59:59+02:00,1452,1333,12743,11831,15913,14397,17743,17443,20989,20889,22457,21417,14521,15677,9994,12207,3046,5293,1160,1047,11858,10965,15316,13671,17262,16799,20617,20410,22127,21009,14313,15434,9885,12056,2993,5202,170414,164705,22706,22129,35612,34665,10623,2,2
2021-09-02T23:59:59+02:00,1442,1324,12692,11805,15866,14356,17717,17411,20960,20866,22437,21405,14513,15654,9985,12201,3044,5291,1150,1046,11827,10943,15288,13644,17239,16775,20597,20394,22116,21000,14310,15419,9881,12052,2992,5200,170181,164597,22706,22129,35612,34665,10480,2,2
2021-09-01T23:59:59+02:00,1435,1320,12662,11784,15852,14331,17710,17398,20957,20863,22432,21402,14511,15647,9983,12197,3043,5289,1145,1043,11816,10924,15280,13632,17229,16768,20593,20388,22112,20993,14308,15419,9880,12050,2992,5200,170033,164501,22706,22129,35612,34665,10475,2,2
2021-08-31T23:59:59+02:00,1422,1305,12608,11748,15823,14284,17686,17373,20932,20848,22410,21392,14504,15643,9982,12192,3042,5289,1141,1037,11768,10890,15250,13593,17202,16731,20570,20368,22087,20978,14303,15418,9875,12047,2991,5199,169859,164338,22706,22128,35612,34665,10315,2,2
2021-08-30T23:59:59+02:00,1415,1303,12595,11723,15805,14268,17672,17362,20910,20830,22401,21381,14497,15638,9978,12187,3042,5287,1129,1026,11732,10851,15219,13565,17190,16708,20547,20353,22079,20969,14297,15415,9871,12042,2991,5198,169790,164192,22706,22128,35612,34665,10195,2,2
2021-08-29T23:59:59+02:00,1415,1303,12593,11723,15802,14268,17671,17362,20910,20830,22401,21381,14497,15638,9978,12187,3042,5287,1128,1026,11731,10849,15215,13564,17190,16708,20545,20353,22079,20969,14297,15415,9871,12042,2991,5198,169786,164183,22706,22128,35612,34665,10193,2,2
2021-08-28T23:59:59+02:00,1415,1303,12593,11723,15802,14268,17671,17362,20910,20830,22401,21381,14497,15638,9978,12187,3042,5287,1128,1026,11730,10849,15215,13564,17189,16708,20545,20353,22079,20969,14297,15415,9871,12042,2991,5198,169786,164181,22706,22128,35612,34665,10193,2,2
2021-08-27T23:59:59+02:00,1414,1297,12568,11704,15778,14246,17651,17339,20890,20821,22385,21367,14491,15632,9974,12181,3041,5285,1125,1023,11714,10838,15193,13548,17174,16692,20528,20345,22064,20956,14291,15410,9865,12035,2990,5196,169716,164154,22706,22128,35612,34664,10039,2,2
2021-08-26T23:59:59+02:00,1410,1293,12532,11678,15744,14217,17624,17325,20863,20802,22371,21354,14482,15627,9970,12175,3040,5283,1113,1010,11653,10772,15135,13494,17133,16663,20496,20319,22047,20934,14277,15397,9857,12031,2987,5194,169634,163873,22706,22127,35612,34663,9847,2,2
2021-08-25T23:59:59+02:00,1405,1290,12516,11661,15725,14203,17611,17309,20855,20792,22366,21344,14480,15620,9969,12172,3039,5283,1096,996,11591,10710,15083,13452,17112,16632,20485,20302,22032,20923,14272,15390,9854,12029,2985,5191,169510,163522,22706,22127,35612,34663,9821,2,2
2021-08-24T23:59:59+02:00,1397,1281,12488,11639,15698,14168,17594,17292,20839,20778,22349,21331,14474,15608,9964,12163,3035,5281,1089,990,11558,10687,15049,13412,17086,16616,20464,20279,22007,20913,14264,15378,9848,12021,2984,5189,169408,163381,22706,22127,35612,34663,9661,2,2
2021-08-23T23:59:59+02:00,1395,1277,12460,11622,15667,14142,17561,17274,20809,20768,22333,21318,14458,15595,9961,12159,3034,5280,1075,984,11491,10630,14988,13359,17040,16587,20428,20255,21985,20895,14244,15367,9843,12014,2983,5187,169371,163131,22705,22126,35612,34663,9433,2,2
2021-08-22T23:59:59+02:00,1394,1277,12459,11620,15665,14141,17561,17274,20808,20766,22332,21318,14457,15595,9961,12159,3034,5280,1074,984,11491,10626,14986,13357,17039,16585,20427,20255,21985,20895,14243,15367,9843,12014,2983,5187,169361,163120,22705,22125,35612,34663,9431,2,2
2021-08-21T23:59:59+02:00,1315,1202,12299,11427,15586,14016,17498,17188,20766,20724,22299,21274,14447,15579,9953,12146,3033,5276,1044,958,11393,10536,14922,13304,17002,16542,20396,20230,21963,20865,14231,15355,9836,12003,2981,5183,168291,162533,22705,22118,35612,34663,9428,2,2
2021-08-20T23:59:59+02:00,1309,1202,12276,11400,15570,14001,17476,17169,20759,20714,22290,21267,14444,15571,9953,12143,3033,5276,1036,953,11285,10459,14830,13229,16901,16436,20335,20175,21928,20832,14219,15336,9828,11998,2980,5183,168288,162449,22537,21419,35612,34649,9424,2,2
2021-08-19T23:59:59+02:00,1305,1198,12211,11349,15473,13951,17399,17115,20707,20675,22253,21223,14426,15556,9944,12130,3032,5272,1024,940,11182,10362,14720,13155,16801,16360,20275,20127,21888,20779,14196,15321,9819,11985,2978,5176,168172,162114,22537,21419,35612,34648,8905,2,2
2021-08-18T23:59:59+02:00,1298,1196,12190,11335,15462,13941,17392,17105,20697,20664,22251,21215,14424,15551,9942,12129,3032,5272,1012,934,11141,10322,14691,13131,16770,16332,20260,20115,21878,20775,14189,15314,9818,11984,2978,5176,168055,161852,22537,21419,35612,34648,8899,2,2
2021-08-17T23:59:59+02:00,1290,1190,12159,11310,15433,13915,17371,17080,20678,20652,22242,21200,14417,15547,9934,12126,3031,5271,998,922,11045,10254,14638,13073,16726,16289,20228,20091,21856,20752,14182,15306,9811,11973,2975,5176,167903,161428,22537,21417,35612,34647,8801,2,2
2021-08-16T23:59:59+02:00,1287,1186,12135,11285,15414,13893,17354,17064,20653,20628,22223,21191,14407,15536,9932,12123,3029,5270,978,904,10976,10182,14577,13009,16686,16251,20191,20057,21832,20732,14165,15293,9806,11959,2970,5173,167841,161049,22537,21416,35612,34647,8627,2,2
2021-08-15T23:59:59+02:00,1286,1186,12132,11284,15412,13891,17353,17063,20652,20627,22221,21190,14407,15536,9932,12123,3029,5269,977,904,10974,10173,14566,13004,16683,16249,20188,20056,21832,20732,14165,15293,9806,11959,2970,5173,167825,161014,22537,21415,35612,34647,8626,2,2
2021-08-14T23:59:59+02:00,1286,1186,12132,11284,15412,13891,17353,17063,20652,20627,22221,21190,14407,15536,9932,12123,3029,5269,964,900,10939,10138,14540,12980,16667,16232,20182,20047,21827,20728,14165,15293,9806,11959,2969,5173,167825,160819,22537,21415,35612,34647,8626,2,2
2021-08-13T23:59:59+02:00,1218,1112,12038,11179,15374,13847,17321,17017,20623,20601,22195,21166,14399,15525,9925,12116,3028,5267,942,890,10867,10077,14497,12921,16626,16195,20165,20025,21809,20713,14159,15280,9802,11951,2968,5172,167273,160460,22537,21414,35612,34647,8536,2,2
2021-08-12T23:59:59+02:00,1215,1107,12016,11169,15346,13827,17297,16988,20600,20585,22172,21142,14388,15513,9917,12108,3028,5264,928,877,10792,10007,14440,12859,16574,16150,20136,20003,21777,20683,14147,15265,9792,11939,2966,5168,167190,160090,22536,21413,35612,34647,8351,2,2
2021-08-11T23:59:59+02:00,1203,1100,11994,11145,15332,13817,17281,16975,20591,20575,22166,21132,14380,15508,9908,12103,3027,5262,884,852,10683,9902,14359,12770,16538,16106,20102,19974,21753,20671,14134,15250,9780,11927,2964,5164,167007,159404,22536,21410,35612,34646,8351,2,2
2021-08-10T23:59:59+02:00,1203,1088,11970,11128,15308,13803,17261,16961,20574,20561,22149,21120,14369,15503,9906,12099,3027,5260,872,841,10629,9850,14311,12735,16501,16083,20076,19951,21729,20649,14121,15238,9777,11924,2964,5160,166923,159127,22536,21410,35612,34646,8226,2,2
2021-08-09T23:59:59+02:00,1199,1081,11939,11097,15288,13784,17245,16941,20562,20551,22131,21110,14358,15499,9902,12093,3027,5258,863,827,10577,9791,14268,12700,16467,16052,20059,19935,21711,20641,14108,15230,9769,11917,2964,5155,166803,158855,22536,21410,35612,34646,8121,2,2
2021-08-08T23:59:59+02:00,1196,1080,11935,11091,15285,13783,17241,16939,20559,20547,22129,21109,14358,15497,9901,12092,3027,5258,863,827,10573,9790,14265,12695,16463,16049,20058,19934,21709,20641,14106,15230,9768,11916,2964,5155,166765,158829,22536,21408,35612,34646,8121,2,2
2021-08-07T23:59:59+02:00,1196,1080,11933,11089,15283,13778,17240,16937,20558,20545,22128,21109,14358,15496,9901,12091,3027,5258,863,827,10572,9789,14264,12694,16463,16047,20057,19933,21709,20638,14105,15230,9768,11916,2964,5155,166745,158817,22536,21408,35612,34646,8121,2,2
2021-08-06T23:59:59+02:00,1194,1078,11915,11079,15254,13765,17215,16922,20538,20527,22117,21100,14355,15492,9899,12087,3027,5258,863,827,10554,9778,14230,12682,16438,16031,20037,19918,21698,20629,14102,15226,9766,11912,2964,5155,166732,158807,22536,21407,35612,34645,7949,2,2
2021-08-05T23:59:59+02:00,1185,1069,11873,11047,15220,13741,17189,16888,20508,20507,22086,21081,14342,15474,9894,12079,3023,5257,863,827,10527,9765,14200,12662,16420,16011,20007,19903,21673,20614,14091,15215,9761,11907,2961,5154,166589,158778,22536,21405,35612,34644,7732,2,2
2021-08-04T23:59:59+02:00,1172,1060,11844,11015,15207,13724,17175,16875,20497,20495,22075,21068,14335,15469,9890,12077,3022,5256,862,827,10517,9748,14186,12653,16405,16004,19996,19895,21667,20612,14089,15214,9760,11907,2960,5153,166385,158702,22534,21375,35611,34644,7732,2,2
2021-08-03T23:59:59+02:00,1166,1055,11801,10981,15170,13699,17150,16843,20476,20475,22055,21046,14322,15451,9886,12074,3021,5255,861,822,10479,9728,14154,12636,16385,15984,19979,19883,21650,20599,14081,15196,9756,11905,2960,5153,166252,158659,22534,21373,35611,34642,7535,2,2
2021-08-02T23:59:59+02:00,1163,1053,11782,10964,15150,13677,17134,16824,20458,20465,22047,21036,14311,15440,9880,12072,3021,5253,861,821,10459,9713,14135,12613,16369,15965,19959,19875,21643,20588,14072,15184,9750,11903,2960,5151,166202,158617,22534,21372,35611,34641,7389,2,2
2021-08-01T23:59:59+02:00,1163,1053,11781,10960,15150,13677,17133,16823,20458,20464,22045,21036,14311,15439,9880,12072,3021,5252,861,821,10457,9712,14129,12612,16366,15965,19959,19874,21642,20587,14072,15184,9750,11903,2960,5151,166191,158604,22533,21370,35611,34640,7389,2,2
2021-07-31T23:59:59+02:00,1163,1053,11781,10960,15150,13677,17133,16823,20458,20464,22045,21036,14311,15439,9880,12072,3021,5252,861,821,10457,9711,14125,12609,16366,15965,19959,19872,21642,20587,14072,15184,9750,11903,2960,5151,166191,158595,22533,21369,35611,34640,7389,2,2
2021-07-30T23:59:59+02:00,1163,1053,11748,10946,15116,13654,17098,16795,20431,20445,22008,21017,14294,15431,9874,12064,3020,5251,861,819,10424,9699,14091,12585,16331,15937,19932,19853,21605,20567,14054,15176,9744,11895,2959,5150,166188,158591,22533,21369,35611,34638,7082,2,2
2021-07-29T23:59:59+02:00,1151,1045,11716,10917,15092,13631,17088,16782,20423,20434,21999,21011,14291,15430,9871,12062,3017,5250,860,817,10419,9690,14071,12577,16320,15929,19929,19851,21600,20566,14052,15173,9744,11895,2959,5150,165996,158519,22533,21367,35611,34638,7076,2,2
2021-07-28T23:59:59+02:00,1136,1039,11681,10872,15064,13601,17069,16763,20415,20421,21990,21004,14287,15428,9868,12060,3016,5249,859,816,10408,9680,14052,12561,16309,15919,19921,19847,21597,20564,14051,15171,9744,11894,2959,5150,165773,158445,22532,21366,35611,34636,7053,2,2
2021-07-27T23:59:59+02:00,1133,1038,11658,10857,15040,13582,17050,16754,20402,20402,21972,20985,14279,15414,9861,12056,3015,5247,858,816,10383,9670,14025,12536,16291,15910,19907,19828,21580,20543,14043,15159,9737,11890,2958,5149,165747,158418,22532,21366,35611,34636,6861,2,2
2021-07-26T23:59:59+02:00,1127,1026,11603,10796,14996,13545,17023,16732,20367,20371,21943,20969,14262,15405,9854,12048,3015,5246,858,814,10344,9644,13991,12506,16266,15893,19869,19793,21530,20514,14026,15149,9729,11881,2958,5148,165577,158355,22531,21365,35611,34576,6615,2,2
2021-07-25T23:59:59+02:00,1126,1025,11601,10792,14992,13544,17022,16731,20366,20371,21943,20969,14261,15405,9854,12048,3015,5246,858,814,10341,9632,13985,12499,16262,15891,19867,19793,21530,20514,14026,15149,9729,11881,2958,5147,165563,158321,22528,21362,35611,34576,6615,2,2
2021-07-24T23:59:59+02:00,1126,1025,11598,10790,14990,13543,17022,16730,20364,20369,21943,20968,14261,15405,9854,12048,3015,5246,858,814,10221,9522,13816,12357,15840,15526,19718,19670,21512,20488,14012,15134,9722,11873,2958,5146,165556,158299,22523,19697,35611,34576,6613,2,2
2021-07-23T23:59:59+02:00,1102,1012,11484,10718,14908,13484,16969,16675,20322,20316,21905,20930,14245,15385,9844,12040,3013,5245,785,744,8472,8148,12418,11247,15349,15088,19425,19346,21297,20296,13934,15050,9665,11823,2953,5142,165139,150637,22523,19697,35611,34519,6327,2,2
2021-07-22T23:59:59+02:00,1080,1005,11417,10650,14852,13436,16931,16649,20302,20285,21888,20905,14220,15370,9827,12030,3011,5242,706,670,7946,7674,11799,10748,14632,14485,19230,19173,21139,20120,13855,14964,9633,11774,2944,5130,164785,146237,22523,19695,35611,34506,6182,2,2
2021-07-21T23:59:59+02:00,1067,996,11372,10600,14814,13403,16900,16620,20284,20268,21870,20894,14209,15365,9825,12022,3009,5240,706,670,7942,7666,11787,10738,14626,14483,19223,19172,21084,20083,13852,14962,9633,11773,2943,5128,164448,146200,22523,19688,35611,34404,6177,2,2
2021-07-20T23:59:59+02:00,1054,981,11321,10561,14784,13375,16868,16602,20259,20248,21846,20876,14198,15352,9823,12016,3008,5239,706,670,7931,7660,11773,10730,14620,14476,19213,19168,21077,20079,13851,14960,9633,11773,2943,5128,164141,146168,22523,19688,35611,34396,6137,2,2
2021-07-19T23:59:59+02:00,1041,965,11271,10511,14755,13341,16846,16583,20240,20228,21833,20868,14192,15348,9819,12007,3006,5235,706,670,7926,7657,11767,10726,14615,14475,19210,19168,21063,20063,13849,14959,9632,11771,2943,5128,163822,146141,22523,19686,35611,34365,6134,2,2
2021-07-18T23:59:59+02:00,1041,965,11270,10511,14755,13339,16844,16581,20240,20227,21833,20868,14191,15348,9819,12007,3006,5235,706,670,7923,7653,11758,10719,14611,14472,19209,19167,21052,20058,13849,14959,9632,11771,2943,5128,163813,146113,22523,19685,35611,34346,6134,2,2
2021-07-17T23:59:59+02:00,1039,965,11224,10483,14695,13295,16806,16552,20204,20213,21807,20845,14180,15335,9816,12004,3006,5234,706,670,7848,7594,11614,10589,14417,14305,18782,18847,20853,19884,13821,14918,9617,11748,2940,5122,163784,146105,22515,18027,35610,34346,5795,2,2
2021-07-16T23:59:59+02:00,1018,948,11028,10344,14591,13197,16705,16475,20127,20148,21755,20797,14153,15310,9801,11997,3002,5229,691,649,7574,7394,10686,9959,13952,13994,18555,18651,19991,19225,13654,14704,9508,11616,2924,5098,163460,142669,21976,18017,35610,32558,5579,2,2
2021-07-15T23:59:59+02:00,994,932,10971,10281,14554,13166,16679,16454,20112,20131,21745,20788,14149,15306,9796,11993,3002,5225,686,642,7144,7024,8459,8223,13492,13601,18494,18594,19850,19088,13521,14562,9455,11553,2923,5088,163122,136293,21975,18013,35610,32520,5571,2,2
2021-07-14T23:59:59+02:00,968,914,10895,10195,14488,13104,16640,16410,20075,20095,21719,20766,14137,15294,9783,11978,2998,5223,643,602,6598,6575,7370,7361,12920,13151,18396,18500,19742,18999,13491,14525,9438,11536,2921,5085,162630,131919,21975,18009,35610,32456,5467,2,2
2021-07-13T23:59:59+02:00,949,893,10814,10123,14442,13060,16613,16379,20051,20073,21708,20753,14130,15283,9780,11971,2996,5221,643,602,6347,6297,6908,6974,12606,12883,18379,18478,19697,18962,13378,14416,9435,11532,2921,5082,162194,131874,21972,15749,35610,32452,5463,2,2
2021-07-12T23:59:59+02:00,929,881,10761,10073,14395,13015,16571,16349,20036,20061,21701,20747,14128,15278,9776,11967,2996,5218,634,596,6208,6202,6749,6853,12310,12639,17683,17911,19599,18882,13344,14391,9418,11510,2921,5078,161897,129330,21972,15745,35610,32448,5403,2,2
2021-07-11T23:59:59+02:00,929,881,10760,10071,14393,13014,16570,16349,20035,20061,21701,20747,14128,15278,9776,11967,2996,5218,634,596,6204,6198,6746,6850,12309,12639,17683,17911,19598,18881,13344,14391,9418,11509,2920,5076,161894,129321,21972,15745,35610,32441,5398,2,2
2021-07-10T23:59:59+02:00,926,876,10753,10058,14386,13007,16563,16349,20033,20054,21695,20742,14128,15277,9776,11967,2996,5218,634,595,6197,6190,6736,6845,12306,12635,17682,17906,19593,18878,13343,14391,9418,11509,2920,5076,161827,129271,21972,15745,35610,32441,5395,2,2
2021-07-09T23:59:59+02:00,912,860,10703,10015,14352,12979,16527,16319,19998,20031,21667,20720,14109,15262,9761,11959,2995,5215,24,17,5388,5457,6604,6745,12146,12530,17450,17800,19387,18745,13280,14318,9391,11490,2917,5073,161643,126366,21971,15745,35610,31489,5160,2,2
2021-07-08T23:59:59+02:00,910,860,10644,9972,14265,12925,16463,16269,19947,19984,21639,20696,14096,15245,9755,11946,2994,5209,16,11,5257,5347,6389,6569,11707,12188,16940,17428,19127,18558,13217,14234,9365,11454,2911,5061,161626,124440,21970,15742,35610,30982,4613,2,2
2021-07-07T23:59:59+02:00,909,860,10641,9965,14261,12921,16461,16267,19947,19981,21639,20696,14096,15245,9755,11946,2994,5209,13,10,5116,5164,5915,6157,10502,11205,16886,17362,19073,18513,13200,14212,9356,11451,2907,5051,161611,120767,21967,15740,35610,30979,4605,2,2
2021-07-06T23:59:59+02:00,909,860,10639,9964,14257,12919,16459,16267,19947,19981,21639,20695,14096,15244,9755,11946,2994,5209,13,10,5097,5158,5908,6150,10502,11205,16884,17362,19071,18513,13200,14210,9356,11451,2907,5051,161606,120745,21963,15737,35610,30963,4601,2,2
2021-07-05T23:59:59+02:00,909,860,10633,9959,14239,12917,16449,16265,19946,19981,21637,20695,14096,15244,9755,11946,2994,5209,13,10,5088,5155,5889,6148,10492,11202,16881,17362,19069,18512,13200,14210,9356,11451,2906,5051,161596,120738,21963,15734,35610,30956,4565,2,2
2021-07-04T23:59:59+02:00,909,860,10623,9950,14238,12913,16448,16265,19945,19980,21636,20694,14096,15244,9755,11945,2993,5208,13,10,5055,5114,5803,6070,10365,11088,16874,17359,19068,18507,13195,14208,9354,11446,2903,5049,161589,120258,21962,15733,35610,30947,4541,2,2
2021-07-03T23:59:59+02:00,828,791,8697,8410,12772,11753,15977,15807,19659,19680,21467,20529,14022,15168,9701,11899,2987,5204,7,8,4946,4985,5530,5814,10127,10872,16730,17217,18878,18356,13170,14174,9344,11436,2901,5047,153251,118700,21962,15733,35610,30579,4528,2,2
2021-07-02T23:59:59+02:00,828,789,8695,8404,12765,11749,15974,15806,19657,19680,21467,20529,14021,15167,9701,11898,2986,5203,6,7,4089,4133,4889,5164,9147,9879,16359,16741,18395,17817,12821,13852,9284,11360,2899,5038,153231,114177,21960,15733,35609,27449,4519,2,2
2021-07-01T23:59:59+02:00,808,770,8488,8238,12683,11672,15940,15774,19645,19666,21456,20512,14017,15163,9696,11890,2983,5197,1,1,2267,2441,4456,4789,8651,9446,15731,16199,17843,17379,12763,13786,9254,11304,2884,5008,152538,106573,21960,15731,35609,27407,4491,2,1
2021-06-30T23:59:59+02:00,753,720,8242,8053,12509,11520,15825,15679,19579,19599,21417,20465,13998,15137,9683,11877,2982,5192,0,1,2209,2405,4365,4672,8545,9347,15533,16060,17107,16877,12110,13140,9195,11235,2877,5002,151187,106510,21958,15730,35608,23962,4477,2,1
2021-06-29T23:59:59+02:00,753,720,8234,8046,12505,11512,15821,15679,19577,19599,21417,20465,13998,15137,9683,11877,2982,5192,0,1,2186,2393,4342,4631,8521,9301,15497,16001,17031,16792,11756,12802,9167,11201,2874,4994,151171,106494,21955,15727,35607,22804,4464,2,1
2021-06-28T23:59:59+02:00,753,720,8230,8042,12496,11505,15816,15678,19577,19599,21417,20465,13997,15137,9683,11877,2982,5192,0,1,2178,2367,4294,4516,8446,9139,15376,15722,16864,16521,11448,12498,9144,11174,2873,4990,151151,106482,21954,15727,35607,20887,4454,2,1
2021-06-27T23:59:59+02:00,753,720,8227,8036,12492,11501,15813,15677,19574,19599,21417,20465,13997,15137,9683,11876,2982,5192,0,1,2168,2363,4285,4514,8264,8983,15355,15706,16862,16516,11443,12497,9143,11172,2873,4990,151139,106082,21952,15726,35607,20883,4443,2,1
2021-06-26T23:59:59+02:00,745,716,8015,7826,12015,11095,14697,14685,19324,19399,21314,20345,13954,15086,9670,11847,2979,5189,0,1,2128,2321,4229,4459,8166,8874,15094,15447,16800,16469,11426,12478,9131,11167,2873,4988,148657,105019,20195,15705,35606,20883,4443,2,1
2021-06-25T23:59:59+02:00,726,698,7988,7802,12000,11084,14697,14678,19317,19394,21310,20344,13954,15086,9669,11845,2979,5189,0,0,1997,2143,3939,4153,6641,7439,12432,13251,16724,16381,11398,12449,9120,11143,2867,4973,148516,96133,20195,15624,35606,20849,4443,2,1
2021-06-24T23:59:59+02:00,714,681,7503,7390,10917,10180,14165,14242,19246,19333,21262,20301,13932,15057,9656,11832,2978,5186,0,0,1929,2075,3578,3813,5875,6766,12184,13040,16478,16173,11294,12322,9030,11016,2856,4939,144346,94895,20192,13240,35605,20800,4432,2,1
2021-06-23T23:59:59+02:00,714,681,7501,7385,10911,10176,14164,14241,19246,19332,21262,20300,13932,15057,9656,11832,2978,5186,0,0,1785,1910,3093,3414,4524,5595,11881,12773,16357,16056,11248,12282,9017,10989,2855,4932,144330,90264,20189,13239,35604,20776,4431,2,1
2021-06-22T23:59:59+02:00,714,681,7452,7356,10838,10127,14139,14215,19229,19317,21251,20293,13926,15047,9653,11829,2978,5186,0,0,1735,1879,3011,3360,4485,5562,11852,12734,16289,16005,11040,12091,8765,10688,2845,4901,144316,90245,20189,13233,35602,19639,4124,2,1
2021-06-21T23:59:59+02:00,712,681,7320,7288,10708,10028,13857,13964,18476,18699,21161,20216,13891,15015,9634,11804,2978,5183,0,0,1690,1854,2968,3323,4455,5532,11805,12700,16272,15988,11031,12080,8758,10680,2844,4900,141923,90119,20186,13230,35602,19626,3904,2,1
2021-06-20T23:59:59+02:00,712,681,7320,7283,10703,10025,13856,13964,18476,18699,21161,20216,13891,15015,9634,11804,2978,5183,0,0,1662,1825,2920,3307,4390,5493,11743,12667,16210,15928,11012,12064,8755,10671,2840,4897,141910,89638,20185,13225,35602,19616,3904,2,1
2021-06-19T23:59:59+02:00,712,680,7286,7246,10597,9936,13674,13806,18060,18362,20975,20043,13873,14988,9622,11784,2975,5177,0,0,1631,1790,2881,3259,4310,5422,11407,12377,16172,15890,11003,12053,8753,10666,2838,4895,141867,88631,18423,13196,35602,19615,3904,2,1
2021-06-18T23:59:59+02:00,15,13,6479,6513,10589,9935,13673,13804,18058,18359,20975,20043,13873,14987,9622,11783,2974,5175,0,0,1500,1679,2642,3102,3679,4791,10263,11231,15960,15734,10961,12013,8730,10645,2824,4866,138951,83969,18422,13194,35602,19561,3895,2,1
2021-06-17T23:59:59+02:00,13,12,6408,6445,10472,9830,13348,13501,17670,18037,20863,19945,13854,14949,9610,11769,2966,5169,0,0,1419,1561,2486,2953,3323,4453,8652,9869,15445,15301,10785,11833,8674,10567,2807,4838,137058,78487,18422,13188,35601,19510,3780,2,1
2021-06-16T23:59:59+02:00,13,12,6401,6438,10461,9826,13346,13499,17667,18036,20862,19944,13854,14949,9609,11768,2966,5169,0,0,1366,1515,2383,2875,3139,4274,7561,8928,14945,14914,10703,11722,8638,10520,2796,4822,137024,74656,18419,13184,35601,19484,3776,2,1
2021-06-15T23:59:59+02:00,13,12,6369,6419,10420,9795,13316,13483,17647,18016,20849,19930,13845,14941,9606,11762,2963,5166,0,0,1284,1457,2255,2772,3022,4188,6637,8193,14744,14747,10679,11693,8625,10498,2787,4815,137009,74645,18418,10761,35599,19464,3525,2,1
2021-06-14T23:59:59+02:00,13,12,6350,6400,10385,9769,13295,13463,17630,17998,20830,19919,13834,14932,9603,11760,2963,5162,0,0,1258,1441,2219,2745,3000,4167,6621,8173,14723,14737,10667,11684,8622,10497,2786,4811,136990,74636,18417,10761,35599,19443,3310,2,1
2021-06-13T23:59:59+02:00,13,12,6349,6400,10382,9767,13295,13459,17630,17998,20830,19919,13833,14932,9603,11760,2963,5162,0,0,1254,1435,2215,2736,2990,4157,6604,8156,14623,14672,10654,11661,8616,10485,2783,4811,136981,74344,18417,10761,35599,19438,3308,2,1
2021-06-12T23:59:59+02:00,10,10,5566,5641,10337,9728,13261,13434,17602,17976,20804,19888,13751,14859,9603,11757,2962,5162,0,0,1246,1417,2202,2719,2970,4131,6530,8072,14451,14535,10425,11376,8134,9947,2781,4810,135025,73839,18417,10761,35599,17837,3308,2,1
2021-06-11T23:59:59+02:00,9,10,5562,5634,10327,9721,13246,13422,17595,17971,20800,19886,13751,14858,9603,11755,2962,5162,0,0,1171,1333,2083,2560,2799,3876,5021,6737,12731,13154,10285,11229,8048,9842,2774,4794,134951,66543,18417,10760,35599,17828,3305,2,1
2021-06-10T23:59:59+02:00,3,4,4568,4690,10159,9594,13132,13337,17340,17736,20559,19704,13741,14847,9597,11745,2959,5159,0,0,1115,1272,1968,2454,2635,3699,4413,6098,11565,12164,9984,10904,7963,9757,2762,4769,131633,61711,18413,10759,35599,17823,3228,1,1
2021-06-09T23:59:59+02:00,3,4,3983,4097,9955,9446,13043,13265,17029,17469,20333,19522,13726,14834,9592,11739,2958,5154,0,0,1042,1228,1868,2384,2541,3586,4086,5794,11142,11839,9856,10746,7917,9691,2751,4760,129283,61632,18400,8913,35599,17816,2869,1,1
2021-06-08T23:59:59+02:00,3,4,3971,4090,9942,9435,13031,13258,17022,17460,20325,19520,13724,14831,9591,11736,2957,5152,0,0,996,1219,1845,2369,2514,3572,4060,5774,11131,11836,9853,10741,7916,9689,2750,4758,129266,61515,18397,8906,35598,17811,2790,1,1
2021-06-07T23:59:59+02:00,3,4,3957,4081,9909,9423,13021,13239,16999,17448,20309,19509,13720,14827,9588,11732,2955,5150,0,0,985,1211,1810,2356,2504,3553,4036,5760,11113,11822,9850,10735,7913,9686,2748,4756,129252,61504,18395,8903,35596,17800,2630,1,1
2021-06-06T23:59:59+02:00,3,4,3953,4077,9903,9418,13019,13239,16996,17447,20308,19507,13718,14826,9588,11732,2955,5150,0,0,982,1208,1798,2354,2498,3544,4022,5753,10985,11678,9839,10728,7912,9686,2748,4756,129236,61179,18394,8902,35594,17791,2618,1,1
2021-06-05T23:59:59+02:00,2,1,3658,3778,7403,7414,12780,13053,16967,17418,20264,19466,13602,14682,9513,11640,2951,5138,0,0,905,1136,1636,2253,2332,3463,3795,5612,10082,10837,9453,10272,7799,9530,2740,4736,123254,57898,18394,8902,35594,17293,2487,1,1
2021-06-04T23:59:59+02:00,2,1,3592,3722,7251,7299,12311,12656,16828,17305,20029,19230,13483,14537,9455,11561,2937,5121,0,0,879,1071,1606,2148,2293,3296,3719,5354,9441,10157,8606,9250,7523,9126,2736,4725,120851,56421,18394,8900,35594,14128,2480,1,1
2021-06-03T23:59:59+02:00,2,1,3182,3334,7224,7284,12184,12538,16796,17263,19941,19164,13471,14520,9453,11558,2936,5120,0,0,851,1002,1560,2024,2212,3096,3530,4973,8864,9539,7844,8378,7049,8510,2733,4717,119619,54790,18391,8898,35590,10823,2370,1,1
2021-06-02T23:59:59+02:00,0,1,2796,3018,6069,6346,11878,12302,16736,17212,19819,19058,13408,14464,9431,11537,2934,5112,0,0,836,967,1494,2000,2098,3058,3359,4871,7498,8456,7764,8299,7033,8482,2730,4712,115880,51679,18390,8898,35590,10819,2260,1,1
2021-06-01T23:59:59+02:00,0,1,2511,2716,5583,5914,11553,12018,16712,17189,19768,19021,13285,14341,9424,11533,2933,5109,0,0,819,960,1478,1990,2077,3045,3333,4852,7199,8132,7725,8265,7023,8467,2729,4712,115858,50994,16038,8878,35590,10809,2124,1,1
2021-05-31T23:59:59+02:00,0,1,2496,2712,5563,5906,11525,11996,16676,17177,19727,18999,13282,14337,9420,11531,2933,5107,0,0,803,953,1459,1980,2046,3025,3297,4838,7158,8110,7721,8260,7019,8465,2729,4710,115845,50980,16034,8872,35589,10801,1919,1,1
2021-05-30T23:59:59+02:00,0,1,2493,2710,5560,5902,11524,11995,16673,17176,19725,18998,13282,14337,9420,11531,2933,5107,0,0,802,949,1453,1977,2043,3023,3295,4836,7157,8110,7721,8260,7019,8464,2729,4710,115829,50972,16034,8872,35586,10786,1917,1,1
2021-05-29T23:59:59+02:00,0,1,2479,2696,5395,5748,11457,11937,16665,17170,19718,18997,13281,14335,9418,11531,2933,5107,0,0,765,899,1340,1882,1764,2769,2889,4412,6872,7838,7537,8035,6843,8236,2726,4704,115330,50324,16034,8872,35586,8397,1917,1,1
2021-05-28T23:59:59+02:00,0,1,2346,2569,4975,5355,10766,11318,16599,17108,19692,18968,13272,14321,9399,11502,2931,5098,0,0,744,876,1280,1827,1675,2698,2756,4307,5287,6142,7372,7839,6801,8180,2723,4694,112687,46029,16034,8872,35586,8387,1912,1,1
2021-05-27T23:59:59+02:00,0,1,2326,2548,4925,5288,10098,10748,16558,17076,19677,18957,13262,14311,9397,11500,2931,5098,0,0,691,784,1174,1753,1464,2557,2382,4001,4405,5230,7135,7530,6709,8063,2706,4675,111296,42238,16031,8866,35584,8365,1789,1,1
2021-05-26T23:59:59+02:00,0,1,2288,2486,4753,5109,9663,10386,16506,17022,19609,18903,13248,14292,9386,11498,2927,5085,0,0,675,740,1124,1720,1375,2477,2173,3829,4276,5093,6972,7316,6629,7964,2694,4661,109882,40835,16028,8865,35584,8350,1667,1,1
2021-05-25T23:59:59+02:00,0,1,2285,2478,4723,5092,9637,10360,16481,17004,19595,18896,13243,14290,9383,11495,2927,5085,0,0,668,727,1079,1702,1322,2432,2103,3769,3735,4514,6670,6973,6595,7927,2693,4659,109876,40827,16026,6910,35583,8341,1489,1,1
2021-05-24T23:59:59+02:00,0,1,2276,2471,4711,5086,9628,10354,16454,16983,19569,18871,13233,14279,9380,11485,2926,5081,0,0,658,722,1067,1695,1312,2425,2078,3749,3709,4489,6658,6962,6592,7917,2692,4655,109868,40819,16023,6910,35583,8337,1313,1,1
2021-05-23T23:59:59+02:00,0,1,2260,2440,4622,5012,9494,10232,16451,16982,19569,18870,13231,14277,9377,11481,2924,5080,0,0,657,719,1065,1694,1311,2425,2078,3749,3709,4487,6657,6962,6592,7917,2692,4655,109384,40812,16023,6909,35582,8334,1313,1,1
2021-05-22T23:59:59+02:00,0,1,2240,2421,4613,4995,9414,10151,16428,16968,19517,18827,13203,14247,9374,11475,2924,5079,0,0,656,717,1064,1691,1309,2422,2075,3744,3693,4473,5824,6063,6520,7836,2684,4650,108958,38864,16023,6909,35582,8334,1313,1,1
2021-05-21T23:59:59+02:00,0,1,2206,2388,4503,4908,9214,9974,16400,16935,19502,18820,13193,14238,9372,11473,2919,5068,0,0,645,690,1027,1624,1259,2299,1988,3564,3347,4038,4059,3953,6476,7770,2679,4635,108212,34851,16023,6909,35578,6992,1300,1,1
2021-05-20T23:59:59+02:00,0,1,2177,2347,4419,4847,8991,9744,16350,16883,19449,18768,13163,14204,9354,11456,2918,5063,0,0,589,584,902,1311,1087,1892,1767,3028,2788,3356,3221,2995,6429,7719,2675,4630,107354,33014,16019,6908,35569,3859,1191,1,1
2021-05-19T23:59:59+02:00,0,1,2017,2177,3920,4427,7609,8553,16077,16636,19326,18644,13115,14157,9344,11430,2916,5060,0,0,574,548,866,1255,1058,1842,1741,2974,2738,3312,3213,2983,6425,7716,2675,4629,102738,32990,16016,6906,35567,3565,1087,1,1
2021-05-18T23:59:59+02:00,0,1,1969,2125,3613,4138,6947,7953,15928,16520,19242,18561,13081,14123,9288,11356,2910,5046,0,0,567,544,859,1253,1049,1833,1711,2958,2729,3293,3208,2978,6421,7712,2675,4629,102717,32984,13544,6901,35563,3557,976,1,1
2021-05-17T23:59:59+02:00,0,1,1961,2117,3593,4124,6902,7929,15900,16502,19221,18542,13071,14101,9286,11355,2910,5046,0,0,559,537,839,1237,1006,1809,1683,2940,2706,3272,3196,2959,6421,7711,2675,4629,102709,32978,13541,6900,35561,3551,749,1,1
2021-05-16T23:59:59+02:00,0,1,1956,2114,3586,4119,6715,7764,15877,16483,19217,18537,13065,14100,9285,11354,2910,5046,0,0,559,537,838,1234,1005,1808,1683,2939,2704,3272,3196,2959,6421,7711,2675,4629,102284,32975,13539,6900,35557,3546,748,1,1
2021-05-15T23:59:59+02:00,0,1,1928,2078,3546,4081,6629,7661,15607,16215,19161,18495,13046,14081,9276,11349,2910,5044,0,0,559,537,838,1233,1005,1808,1681,2938,2704,3272,3195,2959,6420,7711,2675,4629,101263,32971,13539,6900,35557,3544,748,1,1
2021-05-14T23:59:59+02:00,0,1,1819,1933,3298,3832,5040,6181,12951,14016,19096,18409,13021,14051,9269,11336,2907,5038,0,0,559,536,834,1233,1005,1808,1680,2937,2698,3270,3190,2953,6417,7709,2675,4628,92367,32953,13539,6898,35555,3544,736,1,1
2021-05-13T23:59:59+02:00,0,1,1793,1885,3259,3782,4928,6079,12745,13832,18936,18281,12945,13956,9236,11285,2907,5037,0,0,553,533,827,1224,995,1795,1661,2918,2591,3177,2528,2145,4961,5907,2665,4609,91151,29936,13448,4875,35553,3543,734,1,1
2021-05-12T23:59:59+02:00,0,1,1793,1885,3257,3781,4928,6079,12745,13832,18935,18281,12944,13955,9236,11285,2907,5037,0,0,553,533,827,1224,994,1795,1661,2917,2588,3175,2528,2144,4961,5905,2665,4609,91146,29931,13448,4870,35552,3543,734,1,1
2021-05-11T23:59:59+02:00,0,1,1748,1840,3165,3704,4837,6012,11810,13100,18741,18122,12929,13934,9229,11271,2901,5033,0,0,552,531,824,1219,993,1794,1660,2916,2578,3170,2527,2142,4959,5904,2664,4609,91131,29920,10975,4858,35544,3537,726,1,1
2021-05-10T23:59:59+02:00,0,1,1731,1837,3158,3701,4831,6008,11809,13099,18740,18122,12929,13934,9229,11271,2901,5033,0,0,551,529,824,1219,992,1794,1659,2916,2578,3170,2526,2141,4959,5904,2664,4609,91118,29919,10970,4857,35519,3532,726,1,1
2021-05-09T23:59:59+02:00,0,1,1695,1790,3104,3686,4761,5973,11742,13078,18677,18062,12909,13915,9226,11261,2899,5031,0,0,549,526,814,1218,984,1788,1646,2913,2574,3169,2526,2139,4958,5903,2664,4608,90645,29914,10966,4856,35512,3522,686,1,1
2021-05-08T23:59:59+02:00,0,1,1662,1756,3068,3637,4684,5902,11405,12776,18644,18028,12902,13908,9225,11259,2897,5031,0,0,537,525,807,1218,973,1788,1638,2913,2558,3158,2525,2139,4958,5902,2663,4607,89620,29910,10966,4856,35512,3456,686,1,1
2021-05-07T23:59:59+02:00,0,1,1519,1634,2817,3466,4011,5240,10195,11583,18443,17877,12863,13874,9205,11242,2889,5024,0,0,445,375,684,990,827,1471,1493,2498,2389,2800,2516,2129,4954,5898,2660,4604,84849,29904,10965,4856,35500,1404,568,1,1
2021-05-06T23:59:59+02:00,0,1,1456,1465,2683,3334,3684,4929,8482,10101,17925,17452,12695,13706,9158,11170,2886,5016,0,0,327,318,579,889,691,1381,1245,2284,2174,2604,2464,2097,4952,5891,2660,4603,79305,29881,10964,4855,35483,32,390,1,1
2021-05-05T23:59:59+02:00,0,1,1400,1390,2596,3262,3508,4754,7327,9083,17417,17053,12608,13593,9126,11125,2877,5001,0,0,327,318,577,888,690,1379,1198,2231,2162,2596,2460,2095,4951,5887,2660,4599,75425,29869,10958,4854,35474,31,263,1,1
2021-05-04T23:59:59+02:00,0,1,1387,1388,2589,3254,3506,4754,7325,9082,17416,17052,12608,13593,9126,11125,2877,5001,0,0,327,317,576,887,688,1379,1198,2231,2162,2596,2459,2094,4951,5887,2660,4598,75415,29864,10946,4854,35460,29,262,1,1
2021-05-03T23:59:59+02:00,0,1,1385,1382,2580,3248,3503,4748,7247,9022,17402,17044,12604,13591,9126,11125,2876,5000,0,0,324,311,572,882,685,1374,1120,2171,2148,2588,2455,2092,4951,5887,2659,4597,75406,29862,10946,4854,35459,27,72,1,1
2021-05-02T23:59:59+02:00,0,1,1377,1378,2577,3242,3490,4739,7227,9002,17297,16976,12591,13566,9120,11114,2873,5000,0,0,322,310,571,881,685,1374,1120,2170,2146,2588,2455,2092,4950,5885,2659,4597,75097,29856,10945,4853,35458,26,69,1,1
2021-05-01T23:59:59+02:00,0,1,1373,1372,2568,3232,3480,4721,7168,8941,17154,16859,12566,13542,9108,11108,2873,5000,0,0,322,310,571,881,685,1374,1120,2170,2146,2588,2455,2092,4948,5885,2658,4595,74594,29851,10944,4853,35458,26,69,1,1
2021-04-30T23:59:59+02:00,0,1,1303,1293,2447,3065,3312,4447,5609,7539,15399,15424,12423,13381,9013,10992,2858,4967,0,0,322,310,570,880,684,1374,1117,2168,2143,2585,2454,2082,4934,5876,2650,4577,67057,29834,10944,4852,35458,26,13,1,1
2021-04-29T23:59:59+02:00,0,1,1248,1254,2345,2955,3176,4277,4998,6889,14223,14399,12111,13052,8922,10910,2844,4939,0,0,319,308,570,879,684,1373,1116,2168,2141,2583,2452,2078,4933,5872,2649,4575,62130,29812,10944,4849,35456,26,12,1,1
2021-04-28T23:59:59+02:00,0,1,1186,1237,2283,2915,3110,4196,4688,6599,13808,14083,11995,12907,8881,10851,2836,4933,0,0,318,308,567,877,681,1373,1114,2165,2139,2576,2449,2075,4930,5867,2646,4572,62009,29806,9039,4820,35455,25,5,1,1
2021-04-27T23:59:59+02:00,0,1,1167,1234,2277,2914,3106,4194,4686,6599,13807,14082,11994,12906,8881,10851,2836,4933,0,0,318,308,567,877,680,1371,1114,2165,2138,2576,2449,2073,4930,5867,2646,4572,61977,29804,9032,4816,35453,25,5,1,1
2021-04-26T23:59:59+02:00,0,1,1167,1231,2275,2913,3102,4194,4672,6585,13767,14049,11990,12903,8881,10850,2836,4932,0,0,318,308,567,876,679,1371,1114,2165,2136,2575,2449,2073,4929,5866,2646,4572,61964,29800,9028,4814,35351,25,4,1,1
2021-04-25T23:59:59+02:00,0,1,1166,1231,2268,2913,3099,4187,4659,6578,13629,13895,11980,12897,8880,10849,2836,4932,0,0,318,308,566,876,678,1370,1112,2163,2136,2575,2449,2073,4929,5866,2646,4572,61637,29796,9025,4811,35333,25,4,1,1
2021-04-24T23:59:59+02:00,0,1,1101,1185,2132,2825,2959,4130,4448,6461,12758,13090,11704,12567,8814,10745,2829,4919,0,0,318,308,566,876,677,1369,1112,2163,2136,2575,2448,2073,4925,5865,2646,4572,58306,29789,9024,4811,35333,24,4,1,1
2021-04-23T23:59:59+02:00,0,1,1003,1165,1917,2797,2799,4096,4334,6348,11413,12030,11648,12504,8791,10698,2827,4916,0,0,317,308,566,876,676,1369,1111,2163,2134,2575,2447,2073,4924,5859,2646,4570,56819,29783,9024,4808,33440,19,3,1,1
2021-04-22T23:59:59+02:00,0,1,993,1156,1890,2783,2734,4070,4158,6229,10794,11515,11559,12416,8760,10651,2824,4911,0,0,316,307,566,876,676,1368,1109,2163,2133,2575,2447,2071,4922,5857,2646,4570,55119,29776,9023,4803,33298,19,3,1,1
2021-04-21T23:59:59+02:00,0,1,979,1141,1814,2758,2615,4035,4012,6155,9297,10354,11483,12347,8748,10627,2821,4908,0,0,315,307,565,876,675,1368,1108,2163,2133,2574,2443,2067,4919,5856,2645,4568,51947,29758,9022,4801,33122,19,3,1,1
2021-04-20T23:59:59+02:00,0,1,979,1140,1812,2756,2611,4031,4008,6154,9000,10031,11456,12322,8744,10617,2820,4907,0,0,315,307,565,876,675,1368,1108,2162,2132,2573,2443,2066,4917,5854,2644,4568,51245,29752,9019,4798,33121,19,3,1,1
2021-04-19T23:59:59+02:00,0,1,977,1138,1812,2753,2610,4030,4005,6152,8999,10030,11456,12322,8744,10616,2819,4907,0,0,315,307,563,875,675,1368,1106,2162,2131,2573,2443,2066,4917,5854,2644,4568,51236,29748,9014,4797,33117,18,3,1,1
2021-04-18T23:59:59+02:00,0,1,977,1137,1809,2753,2609,4028,4004,6152,8999,10030,11456,12322,8744,10614,2819,4906,0,0,315,307,563,875,674,1368,1106,2161,2131,2573,2443,2066,4917,5854,2644,4568,51227,29747,9013,4796,33116,18,3,1,1
2021-04-17T23:59:59+02:00,0,1,977,1136,1806,2747,2533,3936,3947,6070,8982,10012,11333,12170,8741,10612,2819,4905,0,0,310,301,559,868,666,1358,1088,2148,2084,2547,2397,2013,4867,5785,2638,4561,50594,29373,9013,4796,33116,17,3,1,1
2021-04-16T23:59:59+02:00,0,1,948,1102,1697,2663,2332,3801,3697,5894,7256,8198,11135,11925,8686,10549,2816,4891,0,0,303,296,544,849,633,1322,1006,2092,1858,2386,2247,1900,4680,5516,2576,4439,46243,29358,8938,3273,32406,12,3,1,1
2021-04-15T23:59:59+02:00,0,1,879,1052,1568,2575,2052,3648,3163,5565,6245,7232,10878,11588,8585,10426,2797,4868,0,0,303,296,543,848,631,1321,1005,2089,1623,2245,2095,1768,4492,5303,2522,4335,42436,29312,8935,2095,31747,8,3,1,1
2021-04-14T23:59:59+02:00,0,1,864,1023,1522,2538,1964,3567,2993,5429,6151,7121,10715,11380,8503,10326,2785,4854,0,0,283,287,509,821,560,1261,797,1946,1403,2121,2027,1693,4362,5139,2508,4307,41058,27917,8930,2095,31744,8,3,1,1
2021-04-13T23:59:59+02:00,0,1,859,1018,1510,2535,1941,3547,2962,5394,5627,6542,10415,11040,8472,10292,2784,4853,0,0,283,285,509,820,560,1261,797,1946,1402,2120,2024,1692,4362,5138,2508,4304,41045,27913,7004,2086,31739,8,3,1,1
2021-04-12T23:59:59+02:00,0,1,859,1016,1509,2532,1941,3547,2961,5393,5626,6542,10414,11039,8471,10292,2784,4853,0,0,283,284,509,820,558,1261,795,1945,1401,2120,2024,1692,4362,5137,2508,4304,41038,27907,7001,2084,31737,8,3,1,1
2021-04-11T23:59:59+02:00,0,1,859,1016,1507,2532,1939,3546,2960,5393,5626,6542,10413,11036,8471,10292,2784,4853,0,0,283,283,508,819,556,1261,794,1945,1399,2120,2024,1692,4362,5137,2508,4304,41034,27901,7000,2083,31733,8,2,1,1
2021-04-10T23:59:59+02:00,0,1,857,1013,1504,2528,1922,3534,2892,5327,5499,6445,10183,10818,8418,10242,2780,4852,0,0,283,282,508,818,555,1261,793,1945,1399,2120,2020,1688,4357,5128,2507,4301,40463,27871,7000,2083,31349,8,2,1,1
2021-04-09T23:59:59+02:00,0,1,819,980,1407,2473,1818,3476,2763,5273,5359,6380,7799,7989,8351,10148,2770,4834,0,0,282,282,506,817,553,1259,790,1945,1397,2116,2000,1666,4335,5109,2504,4296,34980,27763,6998,2083,30659,8,2,1,1
2021-04-08T23:59:59+02:00,0,1,818,977,1403,2470,1816,3473,2751,5264,5348,6366,7005,7071,8308,10097,2767,4831,0,0,280,281,506,816,553,1258,789,1945,1394,2115,1998,1666,4334,5106,2504,4296,33114,27748,6998,2082,30651,8,2,1,1
2021-04-07T23:59:59+02:00,0,1,766,957,1329,2400,1730,3404,2559,5157,4604,5882,6337,6429,8249,10036,2760,4825,0,0,280,281,506,816,553,1255,789,1945,1394,2115,1998,1666,4333,5105,2504,4295,33108,27745,6996,2081,27318,7,2,1,0
2021-04-06T23:59:59+02:00,0,1,734,950,1310,2365,1705,3363,2529,5111,4530,5806,5976,6072,8228,10012,2755,4819,0,0,280,280,506,815,553,1255,788,1945,1394,2115,1998,1665,4333,5105,2504,4295,33103,27742,6996,2080,26164,7,2,1,0
2021-04-05T23:59:59+02:00,0,1,731,922,1269,2242,1633,3198,2410,4841,4370,5535,5667,5764,8211,9986,2753,4815,0,0,280,280,506,814,553,1255,788,1945,1394,2115,1998,1665,4333,5105,2504,4295,33100,27741,6996,2080,24249,7,2,1,0
2021-04-04T23:59:59+02:00,0,1,711,897,1177,2027,1500,2934,2195,4407,4019,5035,5422,5540,8178,9932,2752,4807,0,0,280,280,505,813,551,1254,787,1944,1320,2078,1635,1392,4172,4924,2460,4229,33096,26536,6996,2080,21439,6,2,1,0
2021-04-03T23:59:59+02:00,0,1,711,897,1176,2026,1499,2934,2194,4407,4019,5035,5422,5539,8178,9932,2752,4807,0,0,280,280,505,813,551,1254,787,1944,1320,2078,1635,1392,4172,4924,2460,4229,33092,26536,6996,2080,21438,6,2,1,0
2021-04-02T23:59:59+02:00,0,1,711,896,1176,2026,1498,2934,2194,4407,4018,5034,5421,5538,8177,9930,2751,4805,0,0,280,280,505,813,550,1254,787,1944,1319,2078,1635,1392,4172,4924,2460,4229,33090,26535,6996,2080,21429,6,1,1,0
2021-04-01T23:59:59+02:00,0,1,706,894,1172,2020,1490,2925,2180,4389,3927,4949,4927,4937,7471,9034,2749,4800,0,0,280,278,504,810,550,1253,784,1942,1281,2050,1485,1296,4071,4823,2449,4216,30181,25991,6969,2074,21419,6,1,1,0
2021-03-31T23:59:59+02:00,0,1,706,893,1170,2019,1486,2920,2176,4388,3909,4938,4752,4717,6701,8100,2736,4779,0,0,279,277,503,809,546,1250,779,1936,1176,1973,1087,1030,3657,4358,2340,4041,30061,24023,4939,2012,21389,5,1,1,0
2021-03-30T23:59:59+02:00,0,1,706,893,1168,2016,1474,2911,2167,4379,3864,4911,4553,4536,6451,7802,2727,4763,0,0,279,276,503,807,546,1250,779,1935,1176,1973,1087,1030,3657,4358,2339,4040,30056,24018,4934,2012,20330,4,1,1,0
2021-03-29T23:59:59+02:00,0,1,705,891,1167,2016,1472,2911,2167,4379,3860,4909,4550,4534,6448,7793,2725,4744,0,0,279,275,503,807,546,1250,778,1934,1176,1973,1087,1029,3657,4358,2339,4039,30047,24013,4929,2012,20294,4,1,1,0
2021-03-28T23:59:59+02:00,0,1,704,891,1167,2012,1470,2909,2166,4376,3859,4909,4549,4534,6445,7789,2725,4742,0,0,278,275,501,807,546,1250,777,1934,1176,1973,1087,1028,3657,4358,2339,4039,30045,24009,4924,2011,20277,4,1,1,0
2021-03-27T23:59:59+01:00,0,1,700,886,1163,2004,1462,2899,2147,4361,3817,4883,4499,4476,6399,7731,2718,4729,0,0,274,270,487,797,535,1238,729,1899,1015,1881,825,839,3516,4203,2177,3723,29694,23037,4924,1366,20255,4,1,1,0
2021-03-26T23:59:59+01:00,0,1,700,886,1162,2003,1458,2898,2144,4360,3812,4880,4488,4454,6392,7716,2709,4715,0,0,273,270,487,795,533,1238,727,1899,1008,1873,688,745,2533,3040,2005,3509,29649,20252,4922,1366,20205,4,1,1,0
2021-03-25T23:59:59+01:00,0,1,699,885,1161,2002,1457,2895,2140,4354,3808,4876,4479,4443,6379,7687,2684,4661,0,0,273,270,487,795,532,1235,726,1898,1006,1872,667,738,1350,1591,1721,3145,29642,16935,4917,1366,20050,4,1,1,0
2021-03-24T23:59:59+01:00,0,1,675,875,1123,1971,1386,2834,1934,4209,3584,4750,4418,4384,6244,7520,2670,4629,0,0,273,270,487,794,529,1235,724,1898,1005,1872,667,738,1350,1590,1721,3143,28267,16926,4915,1365,20023,4,1,1,0
2021-03-23T23:59:59+01:00,0,1,675,873,1121,1970,1386,2834,1934,4209,3582,4747,4418,4383,6243,7520,2670,4628,0,0,273,270,487,794,529,1234,724,1898,1005,1872,667,738,1350,1590,1721,3143,28261,16925,4912,1365,20019,4,1,1,0
2021-03-22T23:59:59+01:00,0,1,675,871,1119,1966,1383,2834,1932,4209,3581,4747,4418,4382,6243,7519,2670,4628,0,0,273,270,487,794,529,1233,723,1898,1005,1871,667,737,1350,1590,1721,3143,28257,16922,4911,1365,20008,3,1,1,0
2021-03-21T23:59:59+01:00,0,1,674,871,1117,1965,1383,2832,1931,4208,3580,4746,4418,4382,6242,7519,2670,4628,0,0,272,270,487,794,529,1233,723,1898,1005,1871,667,736,1350,1590,1721,3143,28254,16921,4910,1365,20002,3,0,1,0
2021-03-20T23:59:59+01:00,0,1,672,870,1115,1963,1378,2829,1914,4201,3549,4727,4199,4106,5723,6909,2660,4592,0,0,267,268,482,788,512,1223,702,1882,969,1843,601,658,1119,1332,1366,2596,28171,15241,4808,1364,18428,3,0,1,0
2021-03-19T23:59:59+01:00,0,1,664,863,1101,1942,1344,2793,1834,4146,3327,4565,4050,3996,5547,6665,2607,4502,0,0,267,268,482,788,512,1223,702,1881,968,1843,601,658,1119,1331,1365,2595,28168,15236,3359,1364,18420,3,0,0,0
2021-03-18T23:59:59+01:00,0,1,663,862,1100,1941,1343,2791,1834,4142,3098,4421,3896,3866,5367,6462,2554,4400,0,0,267,267,481,788,512,1221,702,1880,967,1842,599,655,880,1073,1253,2427,28159,14449,2165,1363,18417,2,0,0,0
2021-03-17T23:59:59+01:00,0,1,663,862,1099,1941,1342,2790,1834,4142,3098,4421,3896,3864,5366,6462,2554,4400,0,0,267,266,481,788,512,1221,702,1880,966,1842,598,655,880,1072,1253,2427,28157,14446,2165,1362,18413,2,0,0,0
2021-03-16T23:59:59+01:00,0,1,662,862,1099,1937,1340,2790,1831,4142,3098,4419,3895,3863,5366,6462,2554,4399,0,0,265,262,467,783,503,1209,686,1866,950,1832,596,654,878,1071,1252,2426,28149,14336,2161,1362,18410,2,0,0,0
2021-03-15T23:59:59+01:00,0,1,662,861,1097,1936,1337,2790,1827,4141,3097,4419,3895,3862,5365,6462,2554,4399,0,0,265,262,467,783,503,1209,685,1866,949,1831,596,654,878,1071,1252,2426,28144,14333,2159,1362,18402,2,0,0,0
2021-03-14T23:59:59+01:00,0,1,661,858,1093,1932,1334,2787,1825,4139,3092,4418,3895,3862,5365,6462,2554,4399,0,0,265,262,467,783,503,1209,685,1866,949,1830,596,654,877,1071,1252,2426,28139,14331,2158,1362,18380,2,0,0,0
2021-03-13T23:59:59+01:00,0,1,659,853,1085,1926,1324,2780,1819,4131,2978,4340,3420,3458,5156,6227,2509,4335,0,0,265,262,467,783,503,1209,684,1866,947,1829,572,638,573,773,819,1844,26868,12670,2158,1362,17975,2,0,0,0
2021-03-12T23:59:59+01:00,0,1,631,767,1061,1813,1303,2591,1787,3865,2934,4172,2273,2011,4794,5679,2506,4326,0,0,265,262,467,783,503,1209,683,1866,946,1829,572,637,572,773,819,1843,26856,12666,2158,1362,13500,1,0,0,0
2021-03-11T23:59:59+01:00,0,1,622,722,1054,1710,1294,2433,1775,3653,2886,4033,1707,1479,4306,5138,2496,4316,0,0,262,261,467,783,503,1209,683,1865,946,1825,572,637,570,772,735,1697,26301,12662,2145,1125,11179,0,0,0,0
2021-03-10T23:59:59+01:00,0,1,616,711,1041,1685,1284,2412,1762,3627,2777,3950,1314,1211,3894,4666,2401,4158,0,0,262,261,466,781,502,1209,683,1865,944,1825,572,637,568,771,735,1697,24307,12656,2144,1122,11059,0,0,0,0
2021-03-09T23:59:59+01:00,0,1,615,707,1033,1668,1273,2397,1759,3616,2770,3945,1310,1210,3893,4665,2400,4157,0,0,262,261,466,781,502,1209,683,1865,944,1825,572,637,568,771,735,1697,24303,12656,2143,1122,10973,0,0,0,0
2021-03-08T23:59:59+01:00,0,1,610,678,1022,1641,1257,2364,1751,3583,2749,3930,1309,1207,3893,4665,2400,4156,0,0,262,261,466,781,501,1209,683,1865,944,1825,572,636,566,771,735,1697,24297,12652,2142,1122,10777,0,0,0,0
2021-03-07T23:59:59+01:00,0,1,610,675,1016,1637,1257,2361,1750,3580,2749,3928,1309,1207,3893,4665,2400,4156,0,0,262,261,466,781,500,1209,683,1865,944,1825,572,636,566,771,734,1697,24294,12650,2142,1122,10758,0,0,0,0
2021-03-06T23:59:59+01:00,0,1,574,627,895,1536,1013,2171,1329,3197,2329,3592,1027,988,3592,4287,2380,4138,0,0,262,261,466,781,498,1209,683,1865,944,1824,572,635,564,767,645,1515,23293,12646,2139,845,8244,0,0,0,0
2021-03-05T23:59:59+01:00,0,1,572,627,890,1532,1013,2169,1326,3194,2322,3587,883,892,2595,3088,2206,3905,0,0,261,261,461,770,495,1204,675,1848,930,1809,567,631,504,707,330,997,20440,12445,2128,5,8234,0,0,0,0
2021-03-04T23:59:59+01:00,0,1,554,584,853,1400,974,2017,1276,2991,2279,3487,869,883,1412,1647,1914,3538,0,0,261,261,459,770,495,1204,675,1848,930,1809,566,630,504,706,330,997,17131,12440,2127,5,7421,0,0,0,0
2021-03-03T23:59:59+01:00,0,1,548,552,830,1335,953,1955,1260,2947,2269,3443,869,882,1412,1647,1914,3538,0,0,261,261,459,769,495,1204,675,1847,930,1809,566,630,504,706,330,997,17129,12438,2127,5,7099,0,0,0,0
2021-03-02T23:59:59+01:00,0,1,547,550,828,1334,952,1955,1259,2946,2269,3443,869,882,1412,1647,1914,3538,0,0,261,261,458,769,495,1204,675,1847,930,1808,565,630,504,706,330,997,17128,12435,2127,5,7091,0,0,0,0
2021-03-01T23:59:59+01:00,0,1,547,548,827,1333,952,1954,1259,2946,2268,3442,869,881,1412,1646,1914,3538,0,0,261,261,458,769,495,1204,674,1846,930,1808,565,630,504,706,330,997,17125,12433,2126,5,7086,0,0,0,0
2021-02-28T23:59:59+01:00,0,1,546,546,826,1332,951,1954,1259,2945,2266,3441,869,879,1412,1646,1914,3538,0,0,261,261,458,769,495,1204,674,1845,930,1808,565,630,504,706,330,997,17122,12432,2126,5,7077,0,0,0,0
2021-02-27T23:59:59+01:00,0,1,541,544,815,1322,930,1943,1220,2918,2191,3392,751,762,1143,1356,1402,2660,0,0,260,261,457,769,494,1204,672,1844,929,1806,564,627,503,704,328,993,15404,12411,1412,4,7075,0,0,0,0
2021-02-26T23:59:59+01:00,0,1,532,523,786,1256,901,1830,1181,2760,1870,2971,710,734,1143,1356,1401,2659,0,0,260,261,457,769,494,1204,672,1844,929,1806,564,627,503,704,328,992,15399,12410,1412,4,5803,0,0,0,0
2021-02-25T23:59:59+01:00,0,1,497,481,724,1139,795,1636,1027,2458,1371,2420,659,689,894,1089,1290,2487,0,0,259,260,456,769,494,1203,671,1842,929,1805,564,627,503,704,328,992,14588,12405,1412,1,3657,0,0,0,0
2021-02-24T23:59:59+01:00,0,1,496,480,724,1137,794,1636,1027,2457,1371,2419,659,689,894,1089,1290,2487,0,0,259,260,456,769,494,1202,671,1842,929,1805,564,627,503,704,328,992,14587,12405,1411,0,3652,0,0,0,0
2021-02-23T23:59:59+01:00,0,1,494,476,708,1128,785,1625,1010,2443,1355,2408,657,688,892,1088,1289,2486,0,0,259,259,456,768,494,1202,671,1841,929,1804,564,627,503,704,328,992,14477,12401,1411,0,3645,0,0,0,0
2021-02-22T23:59:59+01:00,0,1,494,476,706,1128,783,1625,1010,2443,1354,2407,657,686,892,1087,1289,2486,0,0,259,259,456,768,494,1202,671,1841,929,1803,564,627,503,704,328,992,14474,12400,1411,0,3639,0,0,0,0
2021-02-21T23:59:59+01:00,0,1,494,476,705,1128,782,1625,1009,2443,1354,2406,656,686,891,1087,1289,2486,0,0,259,259,455,768,494,1202,671,1841,929,1803,564,627,503,704,328,992,14472,12399,1411,0,3635,0,0,0,0
2021-02-20T23:59:59+01:00,0,1,478,474,693,1122,762,1620,996,2441,1327,2386,629,667,582,783,847,1896,0,0,258,258,450,766,489,1196,666,1830,923,1800,561,624,498,703,324,987,12784,12333,1410,0,3510,0,0,0,0
2021-02-19T23:59:59+01:00,0,1,383,389,589,996,644,1466,856,2270,1088,2147,582,643,581,783,847,1896,0,0,255,258,446,764,487,1187,663,1814,916,1780,557,618,492,696,321,977,12782,12231,1410,0,1969,0,0,0,0
2021-02-18T23:59:59+01:00,0,1,267,265,474,793,505,1221,694,1874,953,1836,579,637,580,783,847,1895,0,0,254,256,444,761,485,1183,662,1799,912,1769,550,613,485,689,315,966,12779,12143,1410,0,15,0,0,0,0
2021-02-17T23:59:59+01:00,0,1,267,265,473,793,505,1219,693,1874,952,1836,578,637,580,782,847,1895,0,0,252,256,443,758,483,1181,659,1791,908,1762,545,608,475,667,304,946,12777,12038,1410,0,10,0,0,0,0
2021-02-16T23:59:59+01:00,0,1,267,265,471,793,504,1219,693,1874,952,1836,578,637,580,782,847,1895,0,0,242,252,437,742,471,1149,652,1715,883,1682,526,579,441,621,284,875,12777,11551,1410,0,7,0,0,0,0
2021-02-15T23:59:59+01:00,0,1,267,265,470,793,504,1219,691,1874,952,1836,578,637,580,782,847,1895,0,0,238,248,434,734,465,1123,636,1663,857,1628,505,545,423,577,268,810,12777,11154,1410,0,4,0,0,0,0
2021-02-14T23:59:59+01:00,0,1,267,265,470,793,504,1219,691,1874,952,1836,578,637,580,782,847,1895,0,0,238,248,434,733,465,1123,636,1657,855,1619,494,540,419,574,259,801,12777,11095,1410,0,4,0,0,0,0
2021-02-13T23:59:59+01:00,0,1,266,265,470,793,504,1219,690,1873,952,1836,578,637,580,782,847,1895,0,0,236,246,433,729,458,1111,627,1637,835,1586,474,512,402,548,246,763,12776,10843,1410,0,2,0,0,0,0
2021-02-12T23:59:59+01:00,0,1,266,265,470,792,504,1219,690,1872,947,1833,578,635,530,736,833,1891,0,0,220,238,412,695,437,1023,592,1475,749,1346,390,389,326,433,186,575,12650,9486,1410,0,2,0,0,0,0
2021-02-11T23:59:59+01:00,0,1,263,265,467,792,504,1219,690,1870,947,1830,577,634,527,733,745,1742,0,0,198,226,400,663,417,976,558,1380,703,1236,356,340,285,365,156,484,12637,8743,1168,0,1,0,0,0,0
2021-02-10T23:59:59+01:00,0,1,262,265,467,791,504,1219,689,1870,946,1830,576,634,527,732,744,1740,0,0,195,222,399,656,413,962,555,1361,691,1201,339,317,262,324,133,418,12629,8448,1168,0,0,0,0,0,0
2021-02-09T23:59:59+01:00,0,1,262,265,467,791,504,1219,688,1870,946,1828,576,634,527,732,744,1740,0,0,186,209,387,620,395,897,512,1267,638,1071,264,224,183,210,89,254,12626,7406,1168,0,0,0,0,0,0
2021-02-08T23:59:59+01:00,0,1,262,265,465,791,504,1219,687,1870,946,1827,576,634,527,732,744,1740,0,0,186,203,383,606,384,871,487,1217,611,1001,233,182,147,157,71,194,12623,6933,1167,0,0,0,0,0,0
2021-02-07T23:59:59+01:00,0,1,262,265,465,791,504,1219,687,1870,946,1826,576,634,527,732,744,1739,0,0,185,203,381,602,381,866,482,1206,606,986,227,175,137,139,64,177,12621,6817,1167,0,0,0,0,0,0
2021-02-06T23:59:59+01:00,0,1,262,265,465,791,504,1219,687,1870,946,1826,576,634,525,727,654,1561,0,0,185,203,381,602,381,866,482,1206,606,986,227,175,137,139,64,177,12621,6817,892,0,0,0,0,0,0
2021-02-05T23:59:59+01:00,0,1,262,265,463,790,503,1217,684,1868,943,1823,571,630,517,712,337,1029,0,0,179,194,364,571,368,825,464,1166,587,953,208,160,117,127,59,174,12607,6516,8,0,0,0,0,0,0
2021-02-04T23:59:59+01:00,0,1,262,264,462,785,500,1216,683,1863,938,1822,570,630,516,711,337,1029,0,0,164,161,294,434,303,668,384,942,512,814,196,155,108,121,52,162,12581,5470,8,0,0,0,0,0,0
2021-02-03T23:59:59+01:00,0,1,261,264,462,783,500,1215,682,1861,938,1822,570,630,516,711,337,1029,0,0,160,153,249,352,254,581,324,841,460,727,188,150,103,119,51,161,12574,4873,8,0,0,0,0,0,0
2021-02-02T23:59:59+01:00,0,1,261,263,462,780,500,1215,682,1859,938,1820,570,630,516,711,337,1029,0,0,153,139,190,289,196,493,248,727,378,643,178,146,100,118,50,160,12566,4208,8,0,0,0,0,0,0
2021-02-01T23:59:59+01:00,0,1,261,263,460,779,498,1214,681,1855,935,1815,570,630,515,711,337,1029,0,0,147,133,152,252,167,435,203,649,321,568,173,135,91,107,44,153,12546,3730,8,0,0,0,0,0,0
2021-01-31T23:59:59+01:00,0,1,261,263,460,779,498,1214,681,1855,935,1815,570,630,515,711,337,1029,0,0,147,133,152,251,167,434,202,649,321,568,173,135,91,107,44,153,12546,3727,8,0,0,0,0,0,0
2021-01-30T23:59:59+01:00,0,1,261,263,460,779,498,1214,681,1855,931,1815,569,630,513,711,334,1029,0,0,134,122,135,234,156,405,191,608,302,520,150,124,79,78,35,113,12536,3386,8,0,0,0,0,0,0
2021-01-29T23:59:59+01:00,0,1,258,262,456,776,496,1204,678,1838,924,1795,565,624,507,705,329,1019,0,0,89,68,93,154,115,248,148,440,213,377,112,83,60,67,30,102,12430,2399,7,0,0,0,0,0,0
2021-01-28T23:59:59+01:00,0,0,258,262,455,776,495,1204,678,1837,924,1793,565,624,507,705,329,1019,0,0,10,7,13,23,24,48,24,94,49,106,37,33,34,49,24,94,12427,669,4,0,0,0,0,0,0
2021-01-27T23:59:59+01:00,0,0,256,262,455,775,495,1203,678,1836,922,1793,565,624,507,705,329,1019,0,0,10,7,13,23,23,48,24,92,48,106,37,33,34,49,24,94,12423,665,1,0,0,0,0,0,0
2021-01-26T23:59:59+01:00,0,0,256,262,454,774,495,1202,678,1836,922,1792,565,624,507,705,329,1019,0,0,10,7,13,23,23,48,24,92,48,106,37,33,34,49,24,94,12419,665,1,0,0,0,0,0,0
2021-01-25T23:59:59+01:00,0,0,256,262,452,774,495,1201,678,1834,922,1791,565,624,507,703,328,1019,0,0,6,1,5,13,11,23,15,39,23,46,18,16,11,16,7,22,12411,272,0,0,0,0,0,0,0
2021-01-24T23:59:59+01:00,0,0,256,261,452,774,494,1201,678,1833,922,1790,565,624,507,703,328,1019,0,0,6,1,5,13,11,23,15,39,23,46,18,16,11,16,7,22,12407,272,0,0,0,0,0,0,0
2021-01-23T23:59:59+01:00,0,0,256,261,452,774,494,1200,678,1833,922,1790,565,624,507,703,328,1019,0,0,6,1,5,13,11,23,15,39,23,46,18,16,11,16,7,22,12406,272,0,0,0,0,0,0,0
2021-01-22T23:59:59+01:00,0,0,254,259,451,774,493,1199,678,1832,922,1790,565,624,507,703,309,974,0,0,6,1,5,13,11,23,15,39,23,46,18,16,11,16,7,22,12334,272,0,0,0,0,0,0,0
2021-01-21T23:59:59+01:00,0,0,252,255,449,764,490,1191,675,1809,913,1773,556,615,488,678,294,936,0,0,6,1,5,13,11,22,15,39,23,46,18,16,11,16,7,22,12138,271,0,0,0,0,0,0,0
2021-01-20T23:59:59+01:00,0,0,251,253,445,759,488,1188,672,1801,909,1768,550,610,480,659,286,917,0,0,6,1,5,13,11,22,15,39,23,46,18,16,11,16,7,22,12036,271,0,0,0,0,0,0,0
2021-01-19T23:59:59+01:00,0,0,246,253,443,751,482,1173,669,1769,898,1726,537,593,467,640,273,877,0,0,6,1,5,13,11,22,15,39,23,46,18,16,11,16,7,22,11797,271,0,0,0,0,0,0,0
2021-01-18T23:59:59+01:00,0,0,242,249,440,739,476,1152,652,1732,872,1679,518,560,450,601,257,818,0,0,6,1,5,12,11,21,15,39,23,46,18,16,11,16,7,22,11437,269,0,0,0,0,0,0,0
2021-01-17T23:59:59+01:00,0,0,242,248,439,738,475,1151,649,1727,866,1669,504,552,436,581,243,794,0,0,6,1,4,12,11,21,15,39,23,46,18,15,11,16,7,22,11314,267,0,0,0,0,0,0,0
2021-01-16T23:59:59+01:00,0,0,234,240,434,718,462,1116,624,1640,820,1520,461,467,403,527,221,734,0,0,0,0,0,0,0,0,0,0,0,0,0,0,0,0,0,0,10621,0,0,0,0,0,0,0,0
2021-01-15T23:59:59+01:00,0,0,227,233,426,698,448,1064,604,1540,781,1406,412,409,350,457,200,621,0,0,0,0,0,0,0,0,0,0,0,0,0,0,0,0,0,0,9876,0,0,0,0,0,0,0,0
2021-01-14T23:59:59+01:00,0,0,205,220,406,654,426,1002,563,1423,713,1253,356,335,299,362,155,488,0,0,0,0,0,0,0,0,0,0,0,0,0,0,0,0,0,0,8860,0,0,0,0,0,0,0,0
2021-01-13T23:59:59+01:00,0,0,203,218,405,647,421,983,558,1402,699,1218,337,311,273,321,131,422,0,0,0,0,0,0,0,0,0,0,0,0,0,0,0,0,0,0,8549,0,0,0,0,0,0,0,0
2021-01-12T23:59:59+01:00,0,0,187,206,388,606,391,889,496,1248,620,1028,238,193,163,164,77,207,0,0,0,0,0,0,0,0,0,0,0,0,0,0,0,0,0,0,7101,0,0,0,0,0,0,0,0
2021-01-11T23:59:59+01:00,0,0,183,200,384,594,375,861,476,1201,600,973,218,163,130,117,55,150,0,0,0,0,0,0,0,0,0,0,0,0,0,0,0,0,0,0,6680,0,0,0,0,0,0,0,0
2021-01-10T23:59:59+01:00,0,0,182,196,372,580,371,848,467,1181,587,954,214,163,126,117,53,148,0,0,0,0,0,0,0,0,0,0,0,0,0,0,0,0,0,0,6559,0,0,0,0,0,0,0,0
2021-01-09T23:59:59+01:00,0,0,162,163,326,500,330,731,407,1000,496,804,151,109,78,73,37,109,0,0,0,0,0,0,0,0,0,0,0,0,0,0,0,0,0,0,5476,0,0,0,0,0,0,0,0
2021-01-08T23:59:59+01:00,0,0,95,76,229,349,243,438,293,668,340,509,82,68,54,58,28,97,0,0,0,0,0,0,0,0,0,0,0,0,0,0,0,0,0,0,3627,0,0,0,0,0,0,0,0
2021-01-07T23:59:59+01:00,0,0,12,10,54,97,72,127,93,193,122,178,44,36,37,50,25,97,0,0,0,0,0,0,0,0,0,0,0,0,0,0,0,0,0,0,1247,0,0,0,0,0,0,0,0
2021-01-06T23:59:59+01:00,0,0,8,4,9,23,17,49,24,90,53,107,38,33,36,50,25,97,0,0,0,0,0,0,0,0,0,0,0,0,0,0,0,0,0,0,663,0,0,0,0,0,0,0,0
2021-01-05T23:59:59+01:00,0,0,8,4,9,23,17,48,23,90,51,107,38,33,35,50,25,97,0,0,0,0,0,0,0,0,0,0,0,0,0,0,0,0,0,0,658,0,0,0,0,0,0,0,0
2021-01-04T23:59:59+01:00,0,0,6,1,5,13,11,25,15,41,23,48,19,16,12,16,7,23,0,0,0,0,0,0,0,0,0,0,0,0,0,0,0,0,0,0,281,0,0,0,0,0,0,0,0
2021-01-03T23:59:59+01:00,0,0,6,1,5,13,11,25,15,41,23,48,19,16,12,16,7,23,0,0,0,0,0,0,0,0,0,0,0,0,0,0,0,0,0,0,281,0,0,0,0,0,0,0,0
2021-01-02T23:59:59+01:00,0,0,6,1,5,13,11,25,15,41,23,48,19,16,12,16,7,23,0,0,0,0,0,0,0,0,0,0,0,0,0,0,0,0,0,0,281,0,0,0,0,0,0,0,0
2021-01-01T23:59:59+01:00,0,0,6,1,5,13,11,24,15,41,23,48,19,16,12,16,7,23,0,0,0,0,0,0,0,0,0,0,0,0,0,0,0,0,0,0,280,0,0,0,0,0,0,0,0
2020-12-31T23:59:59+01:00,0,0,6,1,5,13,11,24,15,41,23,48,19,16,12,16,7,23,0,0,0,0,0,0,0,0,0,0,0,0,0,0,0,0,0,0,280,0,0,0,0,0,0,0,0
2020-12-30T23:59:59+01:00,0,0,6,1,5,13,11,24,15,41,23,48,19,16,12,16,7,23,0,0,0,0,0,0,0,0,0,0,0,0,0,0,0,0,0,0,280,0,0,0,0,0,0,0,0
2020-12-29T23:59:59+01:00,0,0,6,1,5,13,11,23,15,41,23,48,19,16,12,16,7,23,0,0,0,0,0,0,0,0,0,0,0,0,0,0,0,0,0,0,279,0,0,0,0,0,0,0,0
2020-12-28T23:59:59+01:00,0,0,6,1,5,13,11,23,15,41,23,48,19,16,12,16,7,23,0,0,0,0,0,0,0,0,0,0,0,0,0,0,0,0,0,0,279,0,0,0,0,0,0,0,0
2020-12-27T23:59:59+01:00,0,0,6,1,4,12,11,23,15,41,23,48,19,15,12,16,7,23,0,0,0,0,0,0,0,0,0,0,0,0,0,0,0,0,0,0,276,0,0,0,0,0,0,0,0
