Datum,<15_m,<15_w,15-24_1_m,15-24_1_w,25-34_1_m,25-34_1_w,35-44_1_m,35-44_1_w,45-54_1_m,45-54_1_w,55-64_1_m,55-64_1_w,65-74_1_m,65-74_1_w,75-84_1_m,75-84_1_w,>84_1_m,>84_1_w,<24_2_m,<24_2_w,25-34_2_m,25-34_2_w,35-44_2_m,35-44_2_w,45-54_2_m,45-54_2_w,55-64_2_m,55-64_2_w,65-74_2_m,65-74_2_w,75-84_2_m,75-84_2_w,>84_2_m,>84_2_w,bp_1,bp_2,mo_1,mo_2,az_1,az_2,ja,unb_1,unb_2
2021-08-19T23:59:59+02:00,1299,1199,12279,11448,15343,13860,17301,17069,20626,20638,22200,21188,14361,15506,9878,12086,2925,5134,11229,10450,14595,13063,16707,16316,20196,20087,21832,20741,14151,15279,9750,11932,2886,5066,167563,161486,22408,21321,35539,34605,8827,3,3
2021-08-18T23:59:59+02:00,1293,1197,12259,11435,15332,13852,17296,17060,20616,20628,22198,21180,14359,15502,9876,12085,2925,5134,11188,10413,14568,13042,16678,16290,20182,20076,21822,20736,14144,15273,9749,11931,2886,5066,167456,161238,22408,21321,35539,34605,8821,3,3
2021-08-17T23:59:59+02:00,1285,1191,12225,11412,15303,13826,17276,17036,20599,20618,22190,21166,14353,15498,9868,12082,2924,5133,11101,10352,14522,12990,16640,16250,20152,20053,21802,20717,14137,15265,9743,11923,2884,5066,167310,160867,22408,21318,35539,34605,8725,3,3
2021-08-16T23:59:59+02:00,1282,1186,12200,11388,15285,13804,17259,17020,20576,20593,22170,21157,14343,15487,9866,12079,2922,5132,11031,10283,14460,12929,16601,16212,20116,20017,21777,20697,14121,15252,9738,11909,2879,5063,167250,160494,22408,21317,35539,34605,8549,3,3
2021-08-15T23:59:59+02:00,1281,1186,12197,11387,15283,13803,17258,17018,20574,20592,22168,21155,14343,15487,9866,12079,2922,5131,11029,10275,14449,12925,16598,16211,20113,20017,21777,20697,14120,15252,9738,11909,2879,5063,167232,160462,22408,21316,35539,34605,8548,3,3
2021-08-14T23:59:59+02:00,1281,1186,12197,11387,15283,13803,17258,17018,20574,20592,22168,21155,14343,15487,9866,12079,2922,5131,10995,10240,14424,12902,16582,16194,20107,20008,21772,20693,14120,15252,9738,11909,2878,5063,167232,160270,22408,21316,35539,34605,8548,3,3
2021-08-13T23:59:59+02:00,1213,1112,12105,11282,15247,13759,17226,16973,20545,20567,22145,21132,14335,15476,9859,12072,2921,5129,10923,10181,14383,12845,16541,16158,20090,19987,21753,20679,14114,15239,9734,11901,2877,5062,166688,159916,22408,21316,35539,34605,8460,3,3
2021-08-12T23:59:59+02:00,1210,1107,12083,11271,15219,13740,17201,16943,20522,20552,22122,21108,14324,15464,9851,12064,2921,5126,10848,10112,14326,12783,16490,16112,20061,19966,21722,20649,14102,15224,9724,11889,2875,5058,166606,159551,22407,21315,35539,34605,8273,3,3
2021-08-11T23:59:59+02:00,1198,1100,12059,11246,15204,13730,17186,16932,20514,20542,22116,21099,14316,15459,9843,12059,2920,5124,10741,10006,14245,12699,16457,16069,20028,19937,21699,20637,14089,15209,9714,11877,2873,5054,166426,158880,22406,21311,35539,34604,8273,3,3
2021-08-10T23:59:59+02:00,1198,1088,12032,11229,15179,13717,17167,16918,20497,20528,22100,21087,14305,15454,9841,12055,2920,5122,10687,9954,14198,12670,16421,16046,20003,19914,21676,20615,14076,15197,9711,11874,2873,5050,166345,158618,22406,21311,35539,34604,8144,3,3
2021-08-09T23:59:59+02:00,1194,1081,12002,11199,15161,13699,17153,16898,20485,20519,22081,21077,14294,15450,9837,12049,2920,5120,10634,9895,14156,12636,16390,16015,19986,19898,21658,20607,14063,15189,9703,11867,2873,5045,166229,158347,22406,21311,35539,34604,8042,3,3
2021-08-08T23:59:59+02:00,1191,1080,11998,11194,15158,13698,17149,16896,20482,20516,22079,21076,14294,15448,9836,12048,2920,5120,10630,9895,14155,12631,16388,16013,19985,19897,21657,20607,14061,15189,9703,11867,2873,5045,166193,158329,22406,21310,35539,34604,8042,3,3
2021-08-07T23:59:59+02:00,1191,1080,11996,11192,15156,13695,17148,16894,20481,20514,22078,21076,14294,15447,9836,12047,2920,5120,10629,9893,14154,12630,16388,16013,19985,19896,21657,20604,14060,15189,9703,11867,2873,5045,166175,158319,22406,21310,35539,34604,8042,3,3
2021-08-06T23:59:59+02:00,1189,1078,11978,11181,15128,13682,17124,16879,20461,20496,22067,21067,14291,15443,9834,12043,2920,5120,10611,9882,14121,12617,16364,15998,19965,19881,21646,20595,14057,15185,9701,11863,2873,5045,166162,158310,22406,21309,35539,34603,7871,3,3
2021-08-05T23:59:59+02:00,1180,1070,11935,11150,15094,13660,17098,16845,20431,20476,22037,21049,14278,15426,9829,12035,2916,5119,10584,9869,14093,12597,16345,15978,19936,19866,21622,20581,14046,15174,9696,11858,2871,5044,166024,158284,22406,21307,35539,34602,7656,3,3
2021-08-04T23:59:59+02:00,1167,1061,11906,11120,15082,13645,17084,16832,20420,20464,22027,21036,14271,15421,9825,12033,2915,5118,10575,9852,14079,12588,16332,15971,19926,19857,21616,20579,14044,15173,9695,11858,2870,5043,165825,158211,22405,21277,35538,34602,7656,3,3
2021-08-03T23:59:59+02:00,1161,1055,11863,11086,15047,13620,17059,16802,20399,20445,22007,21014,14258,15403,9821,12030,2914,5117,10538,9831,14048,12572,16312,15951,19909,19845,21599,20566,14036,15155,9691,11856,2870,5043,165695,158169,22405,21275,35538,34600,7460,3,3
2021-08-02T23:59:59+02:00,1158,1053,11846,11068,15027,13601,17044,16782,20383,20435,22000,21004,14247,15392,9815,12028,2914,5115,10518,9816,14029,12551,16298,15933,19892,19838,21593,20555,14026,15143,9685,11854,2870,5041,165648,158130,22405,21275,35538,34600,7318,3,3
2021-08-01T23:59:59+02:00,1158,1053,11844,11064,15027,13601,17043,16781,20383,20434,21998,21004,14247,15391,9815,12028,2914,5114,10516,9815,14025,12550,16296,15933,19892,19837,21592,20555,14026,15143,9685,11854,2870,5041,165637,158121,22404,21274,35538,34599,7317,3,3
2021-07-31T23:59:59+02:00,1158,1053,11844,11064,15027,13601,17043,16781,20383,20434,21998,21004,14247,15391,9815,12028,2914,5114,10516,9814,14022,12548,16295,15933,19892,19835,21591,20555,14026,15143,9685,11854,2870,5041,165637,158112,22404,21273,35538,34599,7317,3,3
2021-07-30T23:59:59+02:00,1157,1053,11810,11052,14993,13578,17008,16753,20356,20415,21961,20985,14230,15383,9809,12020,2913,5113,10483,9802,13988,12525,16261,15906,19865,19816,21554,20535,14009,15135,9679,11846,2869,5040,165632,158109,22404,21273,35538,34598,7012,3,3
2021-07-29T23:59:59+02:00,1148,1045,11779,11023,14969,13554,16998,16740,20348,20404,21952,20979,14227,15382,9806,12018,2910,5112,10478,9793,13969,12520,16250,15901,19863,19814,21550,20534,14007,15133,9679,11846,2869,5040,165443,158047,22404,21271,35538,34598,7006,3,3
2021-07-28T23:59:59+02:00,1133,1039,11744,10977,14943,13525,16981,16722,20340,20391,21943,20971,14223,15380,9804,12016,2909,5111,10467,9784,13952,12505,16241,15892,19857,19810,21547,20532,14006,15131,9679,11845,2869,5040,165224,157981,22403,21270,35538,34596,6984,3,3
2021-07-27T23:59:59+02:00,1130,1038,11724,10961,14919,13506,16962,16713,20327,20373,21926,20952,14215,15367,9797,12012,2908,5109,10446,9772,13925,12481,16224,15884,19843,19792,21531,20512,13997,15119,9672,11841,2868,5039,165199,157957,22403,21270,35538,34596,6796,3,3
2021-07-26T23:59:59+02:00,1124,1026,11668,10903,14875,13469,16937,16691,20293,20342,21897,20936,14198,15359,9790,12004,2908,5108,10408,9746,13893,12453,16199,15868,19807,19758,21482,20483,13980,15109,9664,11832,2868,5038,165029,157898,22402,21269,35538,34536,6556,3,3
2021-07-25T23:59:59+02:00,1123,1026,11666,10900,14870,13468,16935,16690,20292,20342,21897,20936,14198,15359,9790,12004,2908,5108,10407,9734,13889,12449,16197,15867,19806,19758,21482,20483,13980,15109,9664,11832,2868,5037,165015,157875,22400,21266,35538,34536,6556,3,3
2021-07-24T23:59:59+02:00,1123,1026,11662,10898,14869,13467,16935,16689,20290,20341,21897,20935,14197,15359,9790,12004,2908,5108,10285,9621,13721,12307,15775,15502,19657,19636,21464,20457,13966,15094,9657,11824,2868,5036,165009,157853,22394,19598,35538,34536,6554,3,3
2021-07-23T23:59:59+02:00,1099,1013,11549,10828,14790,13411,16882,16635,20249,20289,21859,20897,14181,15339,9780,11996,2906,5107,8530,8238,12338,11201,15287,15070,19369,19314,21251,20264,13888,15010,9600,11775,2863,5032,164600,150205,22394,19598,35538,34479,6275,3,3
2021-07-22T23:59:59+02:00,1077,1006,11481,10757,14735,13363,16846,16609,20231,20260,21845,20873,14166,15326,9769,11989,2904,5105,8002,7758,11726,10701,14577,14469,19173,19146,21095,20089,13819,14926,9575,11729,2854,5021,164247,145808,22393,19598,35538,34467,6161,3,3
2021-07-21T23:59:59+02:00,1065,997,11436,10708,14700,13332,16817,16581,20215,20243,21828,20862,14154,15321,9767,11981,2902,5103,7999,7751,11714,10693,14571,14467,19165,19145,21041,20052,13816,14924,9575,11728,2853,5019,163921,145774,22393,19591,35538,34365,6157,3,3
2021-07-20T23:59:59+02:00,1052,982,11384,10667,14669,13303,16784,16563,20192,20222,21804,20844,14144,15309,9765,11975,2901,5102,7988,7745,11698,10685,14564,14460,19156,19141,21034,20048,13815,14922,9575,11728,2853,5019,163612,145741,22393,19591,35538,34357,6116,3,3
2021-07-19T23:59:59+02:00,1039,966,11335,10618,14642,13269,16764,16544,20173,20203,21791,20836,14138,15305,9761,11966,2899,5098,7983,7742,11692,10681,14560,14459,19154,19141,21020,20032,13813,14921,9574,11726,2853,5019,163299,145715,22393,19589,35538,34326,6114,3,3
2021-07-18T23:59:59+02:00,1039,966,11333,10618,14642,13267,16763,16544,20173,20202,21791,20836,14137,15305,9761,11966,2899,5098,7980,7738,11683,10676,14555,14456,19153,19141,21009,20027,13813,14921,9574,11726,2853,5019,163293,145688,22392,19588,35538,34308,6114,3,3
2021-07-17T23:59:59+02:00,1037,966,11288,10590,14585,13223,16727,16514,20138,20188,21765,20812,14126,15292,9758,11963,2899,5097,7905,7679,11539,10547,14362,14289,18730,18822,20811,19852,13785,14880,9559,11703,2849,5013,163267,145682,22383,17932,35538,34308,5777,3,3
2021-07-16T23:59:59+02:00,1016,950,11097,10450,14486,13124,16629,16439,20062,20123,21713,20764,14099,15267,9741,11956,2895,5092,7630,7477,10613,9913,13898,13980,18504,18630,19952,19196,13619,14668,9450,11571,2833,4989,162949,142252,21853,17922,35538,32527,5560,3,3
2021-07-15T23:59:59+02:00,992,934,11040,10388,14450,13093,16605,16418,20048,20106,21703,20755,14095,15263,9737,11952,2895,5088,7199,7109,8410,8193,13437,13588,18442,18573,19811,19061,13486,14526,9398,11509,2832,4979,162616,135916,21852,17919,35538,32491,5553,3,3
2021-07-14T23:59:59+02:00,966,916,10964,10301,14381,13033,16567,16374,20013,20070,21678,20734,14083,15251,9725,11938,2891,5086,6650,6660,7326,7337,12865,13139,18344,18479,19703,18973,13456,14489,9381,11493,2830,4976,162126,131550,21852,17915,35538,32427,5452,3,3
2021-07-13T23:59:59+02:00,948,895,10883,10228,14336,12990,16540,16344,19990,20049,21667,20721,14076,15240,9722,11931,2889,5084,6397,6372,6877,6956,12558,12871,18328,18458,19658,18937,13343,14380,9378,11489,2830,4973,161695,131516,21849,15661,35538,32423,5448,3,3
2021-07-12T23:59:59+02:00,928,883,10829,10179,14291,12945,16498,16315,19974,20036,21661,20715,14073,15235,9718,11927,2889,5082,6256,6276,6717,6835,12266,12629,17637,17894,19561,18858,13309,14355,9361,11467,2830,4970,161398,128982,21849,15657,35538,32420,5390,3,3
2021-07-11T23:59:59+02:00,928,883,10828,10177,14289,12944,16497,16315,19974,20036,21661,20715,14073,15235,9718,11927,2889,5082,6250,6272,6715,6832,12265,12629,17637,17894,19560,18857,13309,14355,9361,11466,2829,4968,161396,128972,21849,15657,35538,32413,5385,3,3
2021-07-10T23:59:59+02:00,925,878,10821,10165,14282,12939,16489,16315,19972,20029,21656,20710,14073,15234,9718,11927,2889,5082,6241,6264,6706,6827,12262,12625,17636,17890,19555,18854,13308,14355,9361,11466,2829,4968,161332,128922,21849,15657,35538,32413,5382,3,3
2021-07-09T23:59:59+02:00,911,862,10771,10121,14249,12911,16455,16286,19938,20006,21628,20688,14054,15219,9703,11919,2888,5079,5432,5528,6575,6727,12104,12521,17406,17785,19350,18721,13245,14282,9335,11447,2826,4965,161148,126015,21849,15657,35538,31465,5150,3,3
2021-07-08T23:59:59+02:00,909,862,10710,10076,14162,12857,16392,16235,19886,19960,21599,20664,14040,15202,9697,11906,2887,5073,5299,5414,6356,6552,11666,12177,16895,17414,19090,18535,13181,14198,9309,11411,2820,4953,161131,124083,21848,15654,35537,30959,4598,3,3
2021-07-07T23:59:59+02:00,908,862,10708,10070,14158,12854,16390,16235,19886,19957,21599,20664,14040,15202,9697,11906,2887,5073,5155,5230,5887,6140,10467,11192,16842,17348,19036,18490,13164,14176,9300,11408,2816,4943,161120,120413,21844,15653,35537,30956,4592,3,3
2021-07-06T23:59:59+02:00,908,862,10706,10069,14155,12852,16388,16235,19886,19957,21599,20663,14040,15201,9697,11906,2887,5073,5136,5224,5880,6135,10466,11190,16840,17348,19034,18490,13164,14174,9300,11408,2816,4943,161115,120391,21842,15650,35537,30940,4587,3,3
2021-07-05T23:59:59+02:00,908,862,10700,10064,14138,12849,16378,16233,19885,19957,21597,20663,14040,15201,9697,11906,2887,5073,5127,5223,5861,6132,10455,11188,16837,17348,19032,18489,13164,14174,9300,11408,2816,4943,161107,120387,21842,15648,35537,30933,4549,3,3
2021-07-04T23:59:59+02:00,908,862,10690,10054,14136,12845,16377,16233,19884,19957,21596,20662,14040,15201,9697,11905,2886,5072,5094,5180,5775,6055,10328,11074,16830,17345,19031,18486,13160,14172,9298,11403,2813,4941,161100,119910,21842,15647,35537,30925,4523,3,3
2021-07-03T23:59:59+02:00,827,793,8756,8499,12684,11692,15908,15779,19602,19658,21428,20497,13966,15125,9643,11859,2880,5068,4985,5048,5501,5800,10091,10859,16686,17204,18840,18334,13135,14138,9288,11393,2811,4939,152773,118353,21842,15647,35537,30555,4509,3,3
2021-07-02T23:59:59+02:00,827,791,8755,8494,12680,11688,15906,15778,19600,19658,21427,20497,13965,15125,9642,11858,2879,5067,4124,4180,4856,5151,9120,9865,16316,16727,18358,17796,12785,13817,9229,11318,2809,4931,152757,113819,21842,15647,35535,27426,4500,3,3
2021-07-01T23:59:59+02:00,807,771,8546,8325,12599,11609,15873,15749,19589,19644,21417,20480,13961,15122,9637,11850,2876,5061,2287,2459,4424,4777,8630,9439,15687,16184,17806,17359,12728,13751,9199,11262,2795,4901,152064,106185,21842,15645,35535,27386,4472,3,2
2021-06-30T23:59:59+02:00,752,721,8302,8138,12428,11462,15758,15653,19522,19576,21377,20433,13942,15096,9624,11837,2875,5056,2228,2420,4333,4658,8525,9339,15489,16046,17073,16859,12076,13107,9140,11193,2788,4895,150718,106123,21839,15644,35534,23943,4458,3,2
2021-06-29T23:59:59+02:00,752,721,8298,8129,12426,11458,15755,15653,19520,19576,21377,20433,13942,15096,9624,11837,2875,5056,2206,2408,4310,4619,8502,9294,15453,15987,16997,16774,11721,12769,9112,11159,2785,4887,150709,106109,21836,15642,35533,22784,4447,3,2
2021-06-28T23:59:59+02:00,752,721,8295,8125,12418,11453,15753,15653,19519,19576,21377,20433,13941,15096,9624,11837,2875,5056,2198,2379,4262,4501,8427,9134,15332,15709,16829,16502,11414,12466,9089,11132,2784,4883,150692,106099,21836,15642,35533,20859,4440,3,2
2021-06-27T23:59:59+02:00,752,721,8292,8119,12414,11450,15751,15653,19518,19576,21377,20433,13941,15096,9624,11836,2875,5056,2188,2375,4253,4499,8244,8981,15312,15693,16827,16497,11410,12465,9088,11130,2784,4883,150683,105701,21834,15641,35533,20855,4431,3,2
2021-06-26T23:59:59+02:00,744,717,8078,7904,11941,11042,14642,14664,19267,19378,21274,20311,13898,15045,9611,11807,2872,5053,2148,2332,4199,4444,8146,8871,15050,15434,16765,16450,11393,12446,9076,11125,2784,4881,148209,104638,20073,15619,35532,20855,4431,3,2
2021-06-25T23:59:59+02:00,725,699,8051,7880,11926,11032,14642,14658,19260,19373,21269,20310,13898,15045,9610,11805,2872,5053,2017,2154,3911,4138,6620,7437,12394,13243,16690,16362,11366,12416,9065,11101,2779,4866,148069,95767,20073,15537,35532,20822,4431,3,2
2021-06-24T23:59:59+02:00,713,682,7565,7468,10849,10137,14109,14223,19189,19314,21221,20267,13876,15017,9597,11792,2871,5050,1948,2086,3550,3798,5857,6769,12152,13034,16444,16155,11262,12289,8975,10974,2768,4832,143917,94534,20069,13163,35531,20774,4420,3,2
2021-06-23T23:59:59+02:00,713,682,7563,7463,10843,10136,14108,14222,19189,19313,21221,20266,13876,15017,9597,11792,2871,5050,1803,1918,3064,3395,4502,5594,11848,12765,16323,16037,11216,12250,8962,10947,2767,4825,143903,89886,20067,13163,35530,20746,4419,3,2
2021-06-22T23:59:59+02:00,713,682,7514,7434,10770,10086,14085,14196,19173,19298,21210,20258,13869,15007,9594,11789,2871,5050,1753,1887,2982,3341,4464,5561,11819,12726,16255,15986,11007,12059,8710,10646,2757,4794,143888,89867,20067,13159,35529,19607,4112,3,2
2021-06-21T23:59:59+02:00,711,682,7383,7365,10640,9989,13805,13948,18425,18682,21120,20181,13834,14975,9575,11764,2871,5047,1708,1862,2939,3303,4435,5531,11773,12691,16238,15970,10998,12049,8703,10638,2756,4793,141509,89742,20065,13158,35529,19594,3891,3,2
2021-06-20T23:59:59+02:00,711,682,7383,7361,10636,9986,13805,13948,18425,18682,21120,20181,13834,14975,9575,11764,2871,5047,1680,1833,2893,3287,4370,5492,11711,12658,16176,15911,10979,12033,8700,10629,2752,4789,141499,89263,20064,13154,35529,19583,3891,3,2
2021-06-19T23:59:59+02:00,711,681,7346,7324,10530,9895,13623,13790,18011,18346,20935,20008,13816,14948,9563,11744,2868,5041,1649,1798,2852,3238,4290,5418,11375,12368,16138,15873,10970,12021,8698,10624,2750,4787,141454,88249,18303,13125,35529,19582,3891,3,2
2021-06-18T23:59:59+02:00,15,12,6539,6591,10524,9894,13622,13788,18009,18344,20935,20008,13816,14947,9563,11743,2867,5039,1517,1686,2616,3082,3659,4786,10232,11223,15927,15717,10928,11981,8675,10602,2736,4759,138539,83590,18302,13123,35529,19528,3883,3,2
2021-06-17T23:59:59+02:00,13,11,6468,6522,10408,9790,13297,13483,17622,18023,20823,19910,13797,14909,9551,11729,2859,5033,1436,1568,2463,2933,3306,4449,8631,9860,15412,15284,10753,11801,8619,10524,2719,4731,136646,78122,18302,13119,35528,19477,3769,3,2
2021-06-16T23:59:59+02:00,13,11,6461,6516,10397,9787,13295,13481,17621,18022,20822,19910,13797,14909,9550,11728,2859,5033,1386,1520,2361,2859,3122,4270,7545,8919,14914,14896,10670,11690,8583,10476,2708,4715,136616,74297,18300,13117,35528,19453,3765,3,2
2021-06-15T23:59:59+02:00,13,11,6429,6498,10357,9759,13265,13466,17601,18000,20808,19897,13788,14901,9547,11722,2856,5030,1306,1461,2234,2757,3006,4185,6627,8187,14712,14729,10646,11661,8571,10454,2699,4708,136603,74286,18299,10707,35528,19433,3515,3,2
2021-06-14T23:59:59+02:00,13,11,6410,6481,10323,9733,13245,13446,17586,17982,20789,19886,13778,14892,9544,11720,2856,5026,1280,1446,2197,2730,2984,4164,6611,8167,14691,14719,10635,11652,8568,10453,2699,4704,136588,74276,18299,10707,35528,19412,3303,3,2
2021-06-13T23:59:59+02:00,13,11,6409,6481,10319,9731,13244,13444,17586,17982,20789,19886,13777,14892,9544,11720,2856,5026,1276,1440,2194,2721,2974,4154,6594,8150,14590,14654,10622,11629,8562,10441,2696,4704,136579,73984,18299,10707,35528,19407,3301,3,2
2021-06-12T23:59:59+02:00,10,9,5619,5709,10272,9695,13210,13420,17559,17961,20763,19855,13695,14820,9544,11717,2855,5026,1267,1421,2183,2704,2953,4127,6520,8067,14417,14517,10394,11345,8081,9903,2694,4703,134608,73480,18299,10707,35528,17807,3301,3,1
2021-06-11T23:59:59+02:00,9,9,5615,5702,10262,9688,13196,13408,17551,17957,20759,19853,13695,14819,9544,11715,2855,5026,1192,1337,2063,2544,2781,3872,5019,6734,12705,13137,10254,11197,7994,9797,2687,4687,134535,66197,18299,10706,35528,17798,3298,3,1
2021-06-10T23:59:59+02:00,3,3,4614,4747,10095,9560,13085,13326,17295,17721,20519,19672,13686,14808,9538,11705,2852,5023,1134,1276,1949,2438,2621,3695,4412,6097,11539,12149,9953,10873,7910,9712,2675,4662,131203,61374,18298,10706,35528,17793,3221,2,1
2021-06-09T23:59:59+02:00,3,3,4021,4138,9888,9412,12997,13253,16984,17455,20291,19490,13671,14795,9533,11699,2851,5018,1060,1232,1848,2369,2529,3582,4086,5790,11114,11823,9825,10714,7864,9646,2664,4653,128829,61299,18283,8852,35528,17787,2860,2,1
2021-06-08T23:59:59+02:00,3,3,4009,4131,9876,9403,12985,13246,16977,17446,20283,19488,13669,14792,9532,11696,2850,5016,1014,1224,1826,2354,2502,3568,4061,5770,11103,11820,9822,10709,7863,9644,2663,4650,128815,61182,18280,8847,35527,17782,2781,2,1
2021-06-07T23:59:59+02:00,3,3,3995,4123,9843,9390,12975,13228,16954,17435,20267,19477,13666,14788,9529,11692,2848,5014,1003,1217,1793,2343,2493,3549,4037,5757,11085,11806,9819,10703,7860,9641,2661,4648,128803,61173,18278,8844,35526,17776,2621,2,1
2021-06-06T23:59:59+02:00,3,3,3990,4119,9838,9386,12974,13228,16953,17434,20266,19477,13665,14787,9529,11692,2848,5014,1000,1214,1782,2341,2487,3540,4024,5750,10958,11661,9808,10696,7859,9641,2661,4648,128791,60848,18278,8843,35525,17768,2610,2,1
2021-06-05T23:59:59+02:00,2,0,3696,3818,7346,7378,12736,13043,16924,17405,20221,19437,13549,14642,9454,11601,2844,5002,923,1142,1617,2240,2321,3461,3798,5610,10062,10820,9424,10241,7748,9486,2653,4628,122814,57571,18278,8843,35525,17280,2479,2,1
2021-06-04T23:59:59+02:00,2,0,3629,3763,7194,7262,12266,12647,16784,17293,19988,19202,13430,14496,9397,11522,2830,4985,895,1076,1586,2135,2282,3294,3722,5352,9422,10143,8579,9222,7472,9081,2649,4617,120413,56099,18278,8841,35525,14114,2472,2,1
2021-06-03T23:59:59+02:00,2,0,3216,3369,7167,7246,12138,12529,16752,17251,19901,19136,13418,14479,9395,11519,2829,4984,866,1009,1540,2011,2203,3094,3532,4970,8845,9523,7818,8350,7000,8465,2646,4609,119169,54468,18276,8840,35521,10809,2363,2,1
2021-06-02T23:59:59+02:00,0,0,2828,3051,6028,6326,11834,12295,16693,17200,19778,19031,13357,14425,9373,11498,2827,4976,850,975,1476,1988,2090,3056,3361,4868,7483,8441,7738,8271,6984,8437,2643,4604,115469,51364,18275,8840,35521,10807,2253,2,1
2021-06-01T23:59:59+02:00,0,0,2541,2739,5553,5900,11514,12012,16669,17177,19727,18994,13234,14302,9366,11494,2826,4973,833,968,1461,1979,2071,3043,3335,4848,7186,8116,7701,8237,6974,8423,2641,4604,115450,50685,15930,8820,35521,10796,2118,2,1
2021-05-31T23:59:59+02:00,0,0,2526,2736,5534,5891,11486,11991,16635,17166,19687,18972,13231,14298,9362,11492,2826,4971,817,961,1442,1969,2038,3023,3299,4834,7145,8095,7698,8232,6970,8421,2641,4602,115443,50673,15926,8814,35521,10787,1912,2,1
2021-05-30T23:59:59+02:00,0,0,2522,2734,5532,5887,11486,11990,16632,17165,19685,18971,13231,14298,9362,11492,2826,4971,816,957,1437,1966,2038,3021,3297,4832,7144,8095,7698,8232,6970,8421,2641,4602,115427,50667,15926,8814,35518,10774,1911,2,1
2021-05-29T23:59:59+02:00,0,0,2506,2720,5366,5733,11419,11931,16624,17159,19677,18970,13230,14296,9360,11492,2826,4971,779,908,1326,1871,1760,2768,2891,4409,6859,7823,7514,8007,6794,8193,2638,4596,114923,50020,15926,8814,35518,8390,1911,2,1
2021-05-28T23:59:59+02:00,0,0,2372,2590,4941,5342,10740,11314,16557,17097,19651,18942,13221,14282,9341,11463,2824,4962,758,885,1267,1817,1670,2696,2758,4304,5278,6130,7351,7811,6752,8137,2635,4586,112286,45731,15926,8814,35518,8382,1907,2,1
2021-05-27T23:59:59+02:00,0,0,2352,2569,4891,5276,10077,10743,16517,17065,19637,18931,13211,14272,9339,11461,2824,4962,704,790,1160,1745,1459,2554,2385,3997,4397,5218,7114,7503,6661,8020,2618,4567,110902,41938,15923,8808,35516,8361,1784,2,1
2021-05-26T23:59:59+02:00,0,0,2314,2507,4718,5096,9642,10376,16465,17011,19569,18877,13197,14253,9329,11459,2820,4949,689,748,1113,1713,1370,2474,2176,3826,4268,5080,6950,7290,6581,7921,2606,4553,109481,40539,15921,8807,35516,8349,1662,2,1
2021-05-25T23:59:59+02:00,0,0,2311,2500,4688,5079,9617,10350,16440,16993,19556,18870,13192,14251,9326,11456,2820,4949,682,734,1066,1695,1318,2429,2106,3766,3728,4503,6648,6947,6547,7884,2605,4551,109477,40531,15919,6852,35515,8340,1485,2,1
2021-05-24T23:59:59+02:00,0,0,2302,2492,4676,5074,9608,10345,16414,16973,19530,18846,13182,14240,9323,11446,2819,4945,673,729,1054,1688,1308,2422,2081,3746,3702,4478,6637,6936,6544,7874,2604,4547,109470,40524,15919,6852,35515,8337,1309,2,1
2021-05-23T23:59:59+02:00,0,0,2286,2460,4588,5000,9474,10223,16411,16972,19530,18845,13180,14238,9320,11442,2817,4944,672,726,1052,1688,1307,2422,2081,3746,3702,4477,6636,6936,6544,7874,2604,4547,108986,40518,15919,6851,35514,8335,1309,2,1
2021-05-22T23:59:59+02:00,0,0,2266,2441,4579,4983,9394,10141,16388,16958,19478,18801,13152,14208,9317,11436,2817,4943,671,724,1051,1685,1304,2419,2078,3741,3686,4464,5805,6037,6472,7793,2596,4542,108558,38572,15919,6851,35514,8335,1309,2,1
2021-05-21T23:59:59+02:00,0,0,2231,2408,4471,4896,9198,9966,16360,16925,19463,18794,13142,14199,9315,11434,2812,4932,659,697,1014,1619,1254,2296,1992,3561,3342,4029,4043,3930,6429,7727,2591,4527,107818,34567,15919,6851,35511,6995,1296,2,1
2021-05-20T23:59:59+02:00,0,0,2202,2368,4388,4835,8977,9736,16310,16872,19410,18742,13111,14164,9298,11417,2811,4928,604,590,889,1306,1082,1891,1769,3025,2782,3347,3207,2977,6384,7677,2587,4522,106962,32737,15916,6850,35502,3864,1187,2,1
2021-05-19T23:59:59+02:00,0,0,2040,2193,3890,4411,7594,8543,16036,16624,19287,18617,13063,14116,9288,11391,2809,4925,589,553,851,1252,1053,1840,1743,2972,2732,3303,3199,2964,6380,7674,2587,4521,102328,32713,15914,6848,35501,3569,1082,2,1
2021-05-18T23:59:59+02:00,0,0,1992,2140,3583,4122,6936,7947,15889,16508,19203,18534,13030,14083,9232,11317,2803,4911,583,549,845,1250,1045,1832,1713,2956,2723,3285,3194,2959,6376,7670,2587,4521,102308,32709,13451,6843,35497,3563,972,2,1
2021-05-17T23:59:59+02:00,0,0,1984,2132,3563,4108,6892,7923,15861,16490,19181,18515,13020,14060,9231,11316,2803,4911,575,542,826,1235,1002,1808,1685,2938,2699,3264,3183,2938,6376,7669,2587,4521,102301,32703,13448,6843,35497,3559,742,2,1
2021-05-16T23:59:59+02:00,0,0,1979,2129,3556,4104,6706,7759,15838,16471,19177,18510,13015,14059,9230,11315,2803,4911,575,542,826,1233,1001,1807,1685,2938,2697,3264,3183,2938,6376,7669,2587,4521,101879,32700,13447,6843,35493,3557,741,2,1
2021-05-15T23:59:59+02:00,0,0,1951,2093,3518,4066,6620,7655,15569,16203,19121,18468,12996,14040,9221,11310,2803,4909,575,542,826,1232,1001,1807,1683,2937,2697,3264,3182,2938,6375,7669,2587,4521,100860,32696,13447,6843,35493,3555,741,2,1
2021-05-14T23:59:59+02:00,0,0,1842,1948,3272,3815,5026,6177,12918,14008,19057,18382,12972,14010,9215,11297,2800,4903,575,541,823,1232,1001,1807,1682,2936,2691,3262,3177,2932,6372,7667,2587,4520,91973,32678,13447,6842,35491,3555,729,2,1
2021-05-13T23:59:59+02:00,0,0,1815,1901,3231,3764,4914,6076,12713,13824,18897,18255,12896,13915,9180,11244,2800,4902,569,538,816,1223,991,1794,1663,2917,2584,3169,2516,2126,4919,5866,2578,4501,90758,29664,13351,4824,35489,3554,727,2,1
2021-05-12T23:59:59+02:00,0,0,1815,1901,3230,3764,4914,6076,12713,13824,18896,18255,12896,13915,9180,11244,2800,4902,569,538,816,1223,991,1794,1663,2916,2581,3167,2516,2126,4919,5864,2578,4501,90757,29661,13351,4819,35488,3554,727,2,1
2021-05-11T23:59:59+02:00,0,0,1771,1856,3138,3689,4826,6010,11784,13095,18702,18096,12882,13894,9173,11230,2794,4898,568,536,813,1218,990,1793,1662,2915,2571,3163,2515,2125,4917,5863,2577,4501,90746,29652,10891,4807,35480,3548,719,2,1
2021-05-10T23:59:59+02:00,0,0,1755,1853,3132,3686,4820,6006,11783,13094,18701,18096,12882,13894,9173,11230,2794,4898,567,534,813,1218,989,1793,1661,2915,2571,3163,2514,2124,4917,5863,2577,4501,90733,29651,10888,4806,35455,3543,719,2,1
2021-05-09T23:59:59+02:00,0,0,1719,1806,3080,3671,4749,5971,11716,13073,18638,18037,12862,13875,9170,11221,2792,4896,565,531,805,1217,981,1787,1648,2912,2567,3162,2514,2122,4916,5862,2577,4500,90263,29647,10885,4805,35448,3535,678,2,1
2021-05-08T23:59:59+02:00,0,0,1686,1772,3044,3621,4672,5898,11379,12771,18605,18003,12855,13867,9169,11219,2790,4896,553,530,798,1217,970,1787,1640,2912,2551,3151,2513,2122,4916,5861,2576,4499,89234,29643,10885,4805,35448,3469,678,2,1
2021-05-07T23:59:59+02:00,0,0,1542,1649,2796,3449,3998,5234,10170,11580,18405,17852,12816,13832,9149,11202,2782,4889,456,381,675,987,824,1468,1495,2497,2382,2794,2504,2113,4912,5857,2573,4496,84465,29638,10884,4805,35436,1412,558,2,1
2021-05-06T23:59:59+02:00,0,0,1479,1480,2662,3318,3671,4925,8469,10098,17889,17427,12648,13664,9102,11130,2779,4881,334,322,571,885,688,1379,1246,2283,2168,2599,2452,2081,4910,5850,2573,4495,78937,29616,10883,4804,35419,34,381,2,1
2021-05-05T23:59:59+02:00,0,0,1424,1404,2575,3246,3495,4750,7319,9081,17382,17027,12560,13551,9070,11084,2770,4866,334,322,569,884,687,1377,1200,2231,2157,2591,2448,2079,4910,5846,2573,4491,75058,29606,10879,4803,35409,33,256,2,1
2021-05-04T23:59:59+02:00,0,0,1413,1402,2568,3239,3493,4750,7317,9080,17381,17027,12560,13551,9070,11084,2770,4866,334,321,569,883,685,1377,1200,2231,2157,2591,2447,2079,4910,5846,2573,4490,75050,29603,10868,4803,35396,31,255,2,1
2021-05-03T23:59:59+02:00,0,0,1411,1396,2560,3234,3490,4744,7238,9020,17367,17019,12556,13549,9070,11084,2769,4865,331,315,565,879,680,1372,1121,2171,2143,2583,2443,2077,4910,5846,2572,4489,75041,29601,10868,4803,35396,27,65,2,1
2021-05-02T23:59:59+02:00,0,0,1403,1392,2557,3228,3477,4735,7218,9000,17261,16951,12543,13524,9064,11073,2766,4865,329,314,565,878,680,1372,1121,2170,2141,2583,2443,2077,4909,5844,2572,4489,74731,29595,10867,4802,35395,27,62,2,1
2021-05-01T23:59:59+02:00,0,0,1399,1386,2548,3218,3468,4717,7159,8939,17117,16834,12518,13501,9052,11067,2766,4865,329,314,565,878,680,1372,1121,2170,2141,2583,2443,2077,4907,5844,2571,4487,74228,29590,10867,4802,35395,27,62,2,1
2021-04-30T23:59:59+02:00,0,0,1329,1306,2427,3048,3299,4443,5608,7539,15370,15402,12375,13341,8957,10950,2751,4832,329,314,564,877,679,1372,1118,2168,2138,2581,2442,2068,4894,5835,2563,4469,66704,29573,10867,4801,35395,27,9,2,1
2021-04-29T23:59:59+02:00,0,0,1274,1268,2324,2938,3166,4273,4999,6890,14194,14379,12064,13013,8866,10868,2737,4804,327,313,564,876,679,1371,1117,2168,2136,2579,2440,2064,4893,5832,2562,4467,61787,29553,10867,4798,35392,27,9,2,1
2021-04-28T23:59:59+02:00,0,0,1211,1251,2262,2901,3101,4192,4690,6598,13779,14063,11949,12866,8825,10809,2729,4798,326,313,561,874,676,1371,1115,2167,2135,2572,2437,2061,4890,5828,2559,4464,61670,29549,8958,4771,35392,26,2,2,1
2021-04-27T23:59:59+02:00,0,0,1191,1249,2257,2900,3097,4191,4688,6598,13778,14062,11948,12865,8825,10809,2729,4798,326,313,561,874,675,1369,1115,2167,2134,2572,2437,2059,4890,5828,2559,4464,61638,29547,8953,4767,35390,26,2,2,1
2021-04-26T23:59:59+02:00,0,0,1191,1247,2255,2899,3094,4191,4674,6584,13738,14030,11945,12862,8825,10808,2729,4797,326,313,561,874,675,1369,1115,2167,2132,2571,2437,2059,4890,5828,2559,4464,61628,29545,8949,4766,35288,26,2,2,1
2021-04-25T23:59:59+02:00,0,0,1190,1247,2249,2899,3091,4184,4661,6577,13600,13876,11935,12856,8824,10807,2729,4797,326,313,560,874,674,1368,1113,2165,2132,2571,2437,2059,4890,5828,2559,4464,61302,29541,8946,4763,35270,26,2,2,1
2021-04-24T23:59:59+02:00,0,0,1124,1201,2111,2810,2951,4128,4450,6462,12738,13073,11657,12527,8758,10703,2722,4784,326,313,560,874,673,1367,1113,2165,2132,2570,2436,2059,4886,5827,2559,4464,57980,29534,8945,4763,35270,24,2,2,1
2021-04-23T23:59:59+02:00,0,0,1025,1181,1896,2783,2791,4095,4336,6351,11397,12018,11602,12465,8734,10656,2720,4781,325,313,560,874,672,1367,1112,2165,2130,2570,2435,2059,4885,5821,2559,4463,56504,29528,8945,4761,33379,19,1,2,1
2021-04-22T23:59:59+02:00,0,0,1015,1172,1869,2770,2729,4070,4159,6232,10779,11501,11514,12379,8704,10609,2717,4776,324,312,560,874,672,1366,1110,2165,2129,2570,2435,2057,4883,5819,2559,4463,54809,29521,8944,4756,33239,19,1,2,1
2021-04-21T23:59:59+02:00,0,0,1000,1158,1794,2746,2609,4035,4013,6158,9286,10341,11439,12312,8692,10585,2714,4773,323,312,559,874,671,1366,1109,2165,2129,2570,2431,2053,4880,5817,2558,4461,51645,29504,8943,4753,33064,19,1,2,1
2021-04-20T23:59:59+02:00,0,0,1000,1157,1793,2745,2606,4032,4009,6157,8990,10018,11412,12288,8688,10576,2714,4772,323,312,559,874,671,1366,1109,2164,2128,2569,2431,2052,4878,5816,2558,4461,50951,29500,8940,4750,33063,19,1,2,1
2021-04-19T23:59:59+02:00,0,0,998,1155,1793,2742,2605,4031,4007,6155,8990,10017,11412,12288,8688,10575,2714,4772,322,312,558,873,671,1366,1107,2164,2127,2569,2431,2052,4878,5816,2558,4461,50943,29496,8935,4749,33061,18,1,2,1
2021-04-18T23:59:59+02:00,0,0,998,1154,1791,2742,2603,4029,4007,6155,8990,10017,11412,12288,8688,10574,2714,4771,322,312,558,873,670,1366,1107,2163,2127,2569,2431,2052,4878,5816,2558,4461,50936,29495,8934,4748,33060,18,1,2,1
2021-04-17T23:59:59+02:00,0,0,998,1153,1788,2736,2526,3939,3950,6073,8973,9999,11289,12136,8685,10572,2714,4770,317,306,554,866,662,1356,1089,2150,2080,2543,2386,2000,4829,5747,2552,4455,50304,29125,8934,4748,33060,17,1,2,1
2021-04-16T23:59:59+02:00,0,0,969,1119,1677,2653,2324,3802,3700,5899,7251,8186,11092,11892,8631,10509,2711,4757,310,301,539,847,630,1319,1007,2093,1855,2383,2236,1891,4642,5478,2493,4339,45959,29111,8859,3238,32351,12,1,2,1
2021-04-15T23:59:59+02:00,0,0,899,1067,1547,2565,2043,3650,3168,5570,6240,7220,10835,11556,8531,10386,2692,4734,310,301,538,846,628,1318,1006,2090,1619,2242,2083,1760,4456,5267,2439,4236,42152,29066,8856,2063,31692,8,1,2,1
2021-04-14T23:59:59+02:00,0,0,884,1038,1502,2529,1955,3569,2998,5435,6146,7109,10671,11349,8449,10286,2680,4720,290,291,504,819,557,1259,799,1947,1399,2118,2016,1685,4325,5103,2425,4208,40776,27672,8852,2063,31689,8,1,2,1
2021-04-13T23:59:59+02:00,0,0,879,1032,1490,2526,1932,3550,2966,5400,5623,6533,10371,11010,8418,10252,2679,4719,290,289,504,818,557,1259,799,1947,1399,2117,2013,1684,4325,5103,2425,4205,40767,27670,6925,2054,31685,8,1,2,1
2021-04-12T23:59:59+02:00,0,0,879,1030,1489,2523,1932,3550,2965,5399,5622,6533,10370,11010,8418,10252,2679,4719,290,288,504,818,555,1259,797,1946,1398,2117,2013,1684,4325,5102,2425,4205,40762,27664,6922,2052,31683,8,1,2,1
2021-04-11T23:59:59+02:00,0,0,879,1030,1488,2523,1930,3549,2964,5399,5622,6533,10369,11009,8418,10252,2679,4719,290,288,503,818,553,1259,796,1946,1396,2117,2013,1684,4325,5102,2425,4205,40759,27659,6921,2052,31681,8,0,2,1
2021-04-10T23:59:59+02:00,0,0,877,1027,1485,2519,1913,3537,2895,5333,5494,6435,10139,10792,8365,10202,2675,4718,290,287,503,817,553,1259,795,1946,1396,2117,2009,1680,4320,5093,2424,4202,40189,27630,6921,2052,31294,8,0,2,1
2021-04-09T23:59:59+02:00,0,0,839,994,1388,2463,1809,3478,2766,5279,5354,6370,7761,7964,8301,10108,2665,4700,289,287,500,816,551,1257,792,1946,1394,2113,1989,1658,4298,5075,2421,4197,34714,27522,6920,2052,30603,8,0,2,1
2021-04-08T23:59:59+02:00,0,0,838,992,1384,2460,1807,3475,2754,5270,5343,6357,6973,7049,8259,10058,2662,4696,287,286,500,815,551,1256,791,1946,1392,2112,1987,1658,4297,5072,2421,4197,32860,27508,6920,2051,30595,8,0,2,1
2021-04-07T23:59:59+02:00,0,0,786,969,1309,2388,1720,3407,2561,5163,4601,5874,6306,6407,8201,9997,2656,4690,287,286,500,815,551,1253,791,1946,1392,2112,1987,1658,4296,5072,2421,4197,32856,27507,6919,2050,27258,7,0,2,0
2021-04-06T23:59:59+02:00,0,0,753,962,1290,2353,1696,3366,2531,5117,4527,5798,5944,6050,8180,9973,2651,4684,287,285,500,814,551,1253,790,1946,1391,2112,1987,1657,4296,5072,2421,4197,32852,27504,6919,2048,26102,7,0,2,0
2021-04-05T23:59:59+02:00,0,0,749,931,1249,2228,1624,3201,2412,4847,4367,5526,5636,5743,8163,9947,2649,4680,287,285,500,813,551,1253,790,1946,1391,2112,1987,1657,4296,5072,2421,4197,32850,27503,6919,2048,24181,7,0,2,0
2021-04-04T23:59:59+02:00,0,0,728,906,1157,2012,1490,2935,2198,4413,4017,5027,5391,5519,8131,9893,2648,4672,287,285,499,812,549,1252,789,1945,1317,2075,1623,1383,4138,4891,2377,4132,32846,26300,6919,2048,21370,6,0,2,0
2021-04-03T23:59:59+02:00,0,0,728,906,1156,2011,1489,2935,2197,4413,4017,5027,5391,5518,8131,9893,2648,4672,287,285,499,812,549,1252,789,1945,1317,2075,1623,1383,4138,4891,2377,4132,32842,26300,6919,2048,21369,6,0,2,0
2021-04-02T23:59:59+02:00,0,0,728,905,1156,2011,1489,2935,2197,4413,4016,5026,5391,5517,8130,9892,2647,4670,287,285,499,812,549,1252,789,1945,1316,2075,1623,1383,4138,4891,2377,4132,32840,26299,6919,2048,21362,6,0,2,0
2021-04-01T23:59:59+02:00,0,0,723,903,1153,2005,1481,2926,2183,4395,3925,4941,4898,4917,7425,8998,2645,4665,287,283,498,809,549,1251,786,1943,1278,2047,1474,1288,4039,4790,2366,4119,29935,25759,6893,2042,21353,6,0,2,0
2021-03-31T23:59:59+02:00,0,0,723,902,1151,2004,1477,2921,2179,4394,3907,4930,4725,4699,6657,8064,2635,4643,286,282,498,809,545,1248,781,1936,1173,1970,1079,1023,3630,4327,2259,3945,29817,23807,4866,1979,21326,5,0,2,0
2021-03-30T23:59:59+02:00,0,0,723,902,1150,2001,1465,2912,2170,4385,3862,4903,4526,4518,6407,7767,2626,4627,286,281,498,807,545,1248,781,1935,1173,1970,1079,1023,3630,4327,2258,3945,29812,23803,4861,1979,20269,4,0,2,0
2021-03-29T23:59:59+02:00,0,0,721,900,1150,2001,1463,2912,2170,4385,3858,4901,4523,4516,6404,7758,2624,4609,286,280,498,807,545,1248,780,1934,1173,1970,1079,1022,3630,4327,2258,3945,29803,23799,4856,1979,20234,4,0,2,0
2021-03-28T23:59:59+02:00,0,0,721,900,1150,1998,1461,2910,2169,4382,3857,4901,4522,4516,6401,7754,2624,4608,285,280,496,807,545,1248,779,1934,1173,1970,1079,1021,3630,4327,2258,3945,29801,23795,4851,1978,20220,4,0,2,0
2021-03-27T23:59:59+01:00,0,0,717,895,1146,1990,1453,2900,2150,4366,3815,4875,4473,4459,6356,7696,2617,4595,281,275,482,797,534,1236,731,1898,1012,1878,818,831,3491,4173,2096,3633,29452,22826,4851,1336,20198,4,0,2,0
2021-03-26T23:59:59+01:00,0,0,717,895,1145,1989,1450,2899,2147,4366,3810,4872,4461,4437,6346,7671,2610,4581,280,275,482,795,532,1236,729,1898,1005,1870,681,736,2513,3016,1926,3420,29394,20054,4849,1336,20151,4,0,2,0
2021-03-25T23:59:59+01:00,0,0,716,894,1145,1989,1449,2896,2143,4360,3805,4868,4452,4426,6333,7639,2589,4527,280,275,482,795,531,1233,728,1897,1003,1869,660,729,1329,1567,1645,3057,29382,16740,4844,1336,20003,4,0,2,0
2021-03-24T23:59:59+01:00,0,0,693,883,1107,1959,1378,2836,1937,4212,3581,4742,4392,4366,6198,7471,2575,4495,280,275,482,794,528,1233,727,1897,1002,1869,660,729,1329,1566,1645,3055,28005,16732,4841,1335,19977,4,0,2,0
2021-03-23T23:59:59+01:00,0,0,693,881,1105,1958,1378,2836,1937,4212,3580,4739,4392,4366,6197,7471,2575,4494,280,275,482,794,528,1232,727,1897,1002,1869,660,729,1329,1566,1645,3055,28001,16731,4838,1335,19973,4,0,2,0
2021-03-22T23:59:59+01:00,0,0,693,879,1103,1954,1375,2836,1935,4212,3579,4739,4392,4365,6197,7470,2575,4494,280,275,482,794,528,1231,726,1897,1002,1868,660,728,1329,1566,1645,3055,27997,16728,4837,1335,19962,3,0,2,0
2021-03-21T23:59:59+01:00,0,0,693,879,1101,1951,1375,2834,1934,4211,3578,4738,4392,4365,6196,7470,2575,4494,280,275,482,794,528,1231,726,1897,1002,1868,660,727,1329,1566,1645,3055,27994,16727,4836,1335,19955,3,0,1,0
2021-03-20T23:59:59+01:00,0,0,691,877,1099,1949,1369,2831,1917,4204,3547,4719,4174,4090,5679,6863,2565,4461,275,273,477,788,511,1221,704,1880,964,1839,590,649,1097,1307,1295,2508,27913,15040,4738,1335,18383,3,0,1,0
2021-03-19T23:59:59+01:00,0,0,683,871,1084,1929,1335,2794,1837,4148,3326,4558,4025,3984,5503,6621,2516,4376,275,273,477,788,511,1221,704,1879,963,1839,590,649,1097,1306,1294,2507,27911,15035,3303,1335,18376,3,0,0,0
2021-03-18T23:59:59+01:00,0,0,682,870,1083,1928,1334,2792,1837,4145,3096,4415,3872,3855,5325,6419,2464,4275,275,272,476,788,511,1219,704,1878,962,1838,588,646,858,1049,1184,2339,27900,14251,2118,1334,18374,2,0,0,0
2021-03-17T23:59:59+01:00,0,0,682,870,1082,1928,1334,2791,1837,4145,3096,4415,3872,3853,5324,6419,2464,4275,275,271,476,788,511,1219,704,1878,961,1838,587,646,858,1049,1184,2339,27898,14249,2118,1333,18371,2,0,0,0
2021-03-16T23:59:59+01:00,0,0,681,870,1082,1924,1333,2791,1834,4145,3096,4413,3871,3852,5324,6419,2463,4274,273,267,462,783,502,1207,688,1864,945,1828,585,645,856,1048,1183,2338,27890,14139,2114,1333,18368,2,0,0,0
2021-03-15T23:59:59+01:00,0,0,681,869,1080,1923,1330,2791,1830,4144,3095,4413,3871,3851,5323,6419,2463,4274,273,267,462,783,502,1207,687,1864,944,1827,585,645,856,1048,1183,2338,27885,14136,2112,1333,18360,2,0,0,0
2021-03-14T23:59:59+01:00,0,0,680,867,1077,1920,1327,2788,1828,4142,3090,4412,3871,3851,5323,6419,2463,4274,273,267,462,783,502,1207,687,1864,944,1826,585,645,855,1048,1183,2338,27881,14134,2112,1333,18339,2,0,0,0
2021-03-13T23:59:59+01:00,0,0,678,862,1069,1914,1318,2781,1823,4134,2976,4334,3402,3448,5119,6186,2418,4211,273,267,462,783,502,1207,686,1864,942,1825,561,629,552,753,763,1764,26616,12498,2112,1333,17945,2,0,0,0
2021-03-12T23:59:59+01:00,0,0,648,775,1046,1801,1297,2590,1791,3868,2932,4166,2261,2005,4758,5640,2415,4202,273,267,462,783,502,1207,685,1864,941,1825,561,628,552,753,763,1763,26604,12495,2112,1333,13479,1,0,0,0
2021-03-11T23:59:59+01:00,0,0,638,730,1038,1699,1289,2431,1779,3654,2886,4027,1697,1476,4272,5098,2405,4193,271,266,462,783,502,1207,685,1863,941,1821,561,628,550,752,683,1618,26054,12492,2100,1101,11158,0,0,0,0
2021-03-10T23:59:59+01:00,0,0,633,718,1028,1677,1280,2410,1766,3628,2777,3944,1307,1208,3864,4629,2311,4036,271,266,461,781,501,1207,685,1863,939,1821,561,628,548,751,683,1618,24075,12486,2099,1098,11042,0,0,0,0
2021-03-09T23:59:59+01:00,0,0,632,713,1020,1660,1269,2395,1763,3617,2770,3939,1303,1207,3864,4628,2310,4036,271,266,461,781,501,1207,685,1863,939,1821,561,628,548,751,683,1618,24072,12486,2098,1098,10956,0,0,0,0
2021-03-08T23:59:59+01:00,0,0,628,684,1009,1635,1254,2362,1755,3584,2749,3924,1302,1205,3864,4628,2310,4036,271,266,461,781,501,1207,685,1863,939,1821,561,627,546,751,683,1618,24068,12483,2097,1098,10764,0,0,0,0
2021-03-07T23:59:59+01:00,0,0,628,681,1005,1631,1254,2359,1754,3581,2749,3922,1302,1205,3864,4628,2310,4036,271,266,461,781,500,1207,685,1863,939,1821,561,627,546,751,683,1618,24065,12482,2097,1098,10747,0,0,0,0
2021-03-06T23:59:59+01:00,0,0,592,634,886,1530,1012,2169,1334,3199,2328,3586,1021,986,3564,4251,2290,4019,271,266,461,781,498,1207,685,1863,939,1820,561,626,544,747,594,1444,23067,12479,2094,828,8240,0,0,0,0
2021-03-05T23:59:59+01:00,0,0,589,634,881,1527,1012,2168,1331,3196,2321,3581,877,889,2570,3056,2119,3787,269,266,456,769,494,1202,677,1846,925,1805,557,622,486,686,288,933,20224,12276,2083,5,8231,0,0,0,0
2021-03-04T23:59:59+01:00,0,0,571,591,844,1397,974,2014,1281,2992,2277,3481,862,880,1388,1621,1832,3423,269,266,455,769,494,1202,677,1846,925,1805,556,621,486,685,288,933,16929,12272,2082,5,7417,0,0,0,0
2021-03-03T23:59:59+01:00,0,0,565,558,821,1332,953,1952,1266,2948,2267,3437,862,879,1388,1621,1832,3423,269,266,455,769,494,1202,677,1845,925,1805,556,621,486,685,288,933,16928,12271,2082,5,7094,0,0,0,0
2021-03-02T23:59:59+01:00,0,0,564,556,818,1331,953,1952,1265,2947,2267,3437,862,879,1388,1621,1832,3423,269,266,454,769,494,1202,677,1845,925,1804,556,621,486,685,288,933,16927,12269,2082,5,7086,0,0,0,0
2021-03-01T23:59:59+01:00,0,0,564,554,817,1331,953,1951,1265,2947,2266,3436,862,878,1388,1620,1832,3423,269,266,454,769,494,1202,676,1844,925,1804,556,621,486,685,288,933,16924,12267,2081,5,7082,0,0,0,0
2021-02-28T23:59:59+01:00,0,0,563,552,817,1331,952,1951,1265,2947,2264,3435,862,876,1388,1620,1832,3423,269,266,454,769,494,1202,676,1843,925,1804,556,621,486,685,288,933,16921,12266,2081,5,7076,0,0,0,0
2021-02-27T23:59:59+01:00,0,0,558,550,806,1321,931,1940,1225,2919,2187,3385,741,760,1119,1330,1325,2550,268,266,454,769,493,1202,674,1842,924,1802,555,618,485,683,288,929,15200,12248,1373,4,7074,0,0,0,0
2021-02-26T23:59:59+01:00,0,0,548,529,777,1257,902,1827,1186,2761,1867,2964,700,732,1119,1330,1324,2549,268,266,454,769,493,1202,674,1842,924,1802,555,618,485,683,288,928,15195,12247,1373,4,5804,0,0,0,0
2021-02-25T23:59:59+01:00,0,0,514,487,715,1139,795,1634,1032,2460,1368,2416,649,687,871,1066,1215,2378,267,265,453,769,493,1201,673,1840,924,1801,555,618,485,683,288,928,14391,12242,1373,1,3662,0,0,0,0
2021-02-24T23:59:59+01:00,0,0,513,486,715,1137,794,1634,1032,2459,1368,2415,649,687,871,1066,1215,2378,267,265,453,769,493,1200,673,1840,924,1801,555,618,485,683,288,928,14390,12242,1372,0,3657,0,0,0,0
2021-02-23T23:59:59+01:00,0,0,511,482,700,1129,785,1623,1015,2445,1352,2405,647,686,869,1065,1214,2377,267,264,453,768,493,1200,673,1839,924,1800,555,618,485,683,288,928,14280,12238,1372,0,3653,0,0,0,0
2021-02-22T23:59:59+01:00,0,0,511,482,699,1129,783,1623,1015,2445,1351,2404,647,684,869,1065,1214,2377,267,264,453,768,493,1200,673,1839,924,1799,555,618,485,683,288,928,14278,12237,1372,0,3648,0,0,0,0
2021-02-21T23:59:59+01:00,0,0,511,482,699,1129,782,1623,1014,2445,1351,2403,646,684,868,1065,1214,2377,267,264,453,768,493,1200,673,1839,924,1799,555,618,485,683,288,928,14276,12237,1372,0,3645,0,0,0,0
2021-02-20T23:59:59+01:00,0,0,495,480,687,1123,762,1618,1001,2443,1324,2383,619,665,559,764,786,1793,266,263,448,766,488,1194,668,1828,918,1796,552,615,480,683,284,923,12611,12172,1371,0,3520,0,0,0,0
2021-02-19T23:59:59+01:00,0,0,397,394,583,997,644,1464,860,2272,1085,2146,572,641,559,764,786,1793,263,263,444,764,486,1185,665,1812,911,1776,548,609,475,676,281,915,12610,12073,1371,0,1976,0,0,0,0
2021-02-18T23:59:59+01:00,0,0,274,269,469,794,505,1217,699,1876,949,1835,569,635,558,764,786,1793,262,261,442,761,484,1181,664,1798,907,1765,542,604,468,669,276,904,12608,11988,1371,0,13,0,0,0,0
2021-02-17T23:59:59+01:00,0,0,274,269,468,794,505,1217,698,1876,948,1835,568,635,558,763,786,1793,261,261,441,758,482,1179,661,1790,904,1758,537,599,459,647,265,885,12606,11887,1371,0,10,0,0,0,0
2021-02-16T23:59:59+01:00,0,0,274,269,466,793,504,1217,698,1876,948,1835,568,635,558,763,786,1793,250,257,435,742,470,1147,654,1714,879,1679,518,570,427,604,248,820,12606,11414,1371,0,6,0,0,0,0
2021-02-15T23:59:59+01:00,0,0,274,269,465,793,504,1217,696,1876,948,1835,568,635,558,763,786,1793,246,253,432,734,464,1121,638,1663,854,1625,497,536,409,560,236,757,12606,11025,1371,0,3,0,0,0,0
2021-02-14T23:59:59+01:00,0,0,274,269,465,793,503,1217,696,1876,948,1835,568,635,558,763,786,1793,246,253,432,733,464,1121,638,1657,852,1616,487,531,405,557,228,749,12605,10969,1371,0,3,0,0,0,0
2021-02-13T23:59:59+01:00,0,0,272,269,465,793,503,1217,695,1875,948,1835,568,635,558,763,786,1793,244,251,432,729,457,1109,629,1636,832,1583,468,506,391,532,215,713,12603,10727,1371,0,1,0,0,0,0
2021-02-12T23:59:59+01:00,0,0,272,269,465,792,503,1217,695,1874,944,1832,568,633,509,717,772,1789,227,243,412,695,436,1021,594,1474,745,1343,385,386,316,420,159,536,12479,9392,1371,0,1,0,0,0,0
2021-02-11T23:59:59+01:00,0,0,270,269,464,792,503,1217,695,1872,944,1829,567,632,506,714,689,1641,205,230,400,664,416,974,560,1380,699,1232,351,338,277,357,132,450,12467,8665,1136,0,1,0,0,0,0
2021-02-10T23:59:59+01:00,0,0,270,269,464,791,503,1217,694,1872,943,1829,566,632,506,713,688,1639,202,226,399,658,412,960,557,1360,687,1197,335,315,255,317,115,388,12460,8383,1136,0,0,0,0,0,0
2021-02-09T23:59:59+01:00,0,0,270,269,464,791,503,1217,693,1872,943,1827,566,632,506,713,688,1639,193,213,387,622,393,893,514,1267,634,1067,261,224,180,206,74,240,12457,7368,1136,0,0,0,0,0,0
2021-02-08T23:59:59+01:00,0,0,270,269,462,791,503,1217,692,1872,943,1827,566,632,506,713,688,1639,190,207,383,608,383,868,489,1217,607,997,230,183,145,156,60,185,12455,6908,1135,0,0,0,0,0,0
2021-02-07T23:59:59+01:00,0,0,270,269,462,791,503,1217,692,1872,943,1826,566,632,506,713,688,1638,189,207,381,604,381,863,484,1207,603,983,224,176,135,138,54,169,12453,6798,1135,0,0,0,0,0,0
2021-02-06T23:59:59+01:00,0,0,270,269,462,791,503,1217,692,1872,943,1826,566,632,504,708,598,1465,189,207,381,604,381,863,484,1207,603,983,224,176,135,138,54,169,12453,6798,865,0,0,0,0,0,0
2021-02-05T23:59:59+01:00,0,0,270,269,460,790,501,1215,689,1871,940,1823,562,628,497,693,291,946,183,198,364,573,368,823,464,1166,585,952,203,159,111,125,49,166,12438,6489,7,0,0,0,0,0,0
2021-02-04T23:59:59+01:00,0,0,270,268,459,784,498,1214,688,1866,935,1822,561,628,496,692,291,946,168,162,295,437,302,667,384,942,511,813,192,154,103,119,42,154,12411,5445,7,0,0,0,0,0,0
2021-02-03T23:59:59+01:00,0,0,269,268,459,782,498,1213,687,1865,935,1822,561,628,496,692,291,946,163,155,249,355,253,580,324,842,460,726,185,149,99,117,41,153,12405,4851,7,0,0,0,0,0,0
2021-02-02T23:59:59+01:00,0,0,269,267,459,779,498,1213,687,1862,935,1820,561,628,496,692,291,946,156,140,190,291,195,492,247,728,378,642,175,145,97,116,41,152,12396,4185,7,0,0,0,0,0,0
2021-02-01T23:59:59+01:00,0,0,269,267,457,778,497,1212,686,1858,932,1815,561,628,495,692,291,946,149,134,152,254,167,433,202,650,321,568,169,134,89,106,36,145,12377,3709,7,0,0,0,0,0,0
2021-01-31T23:59:59+01:00,0,0,269,267,457,778,497,1212,686,1858,932,1815,561,628,495,692,291,946,149,134,152,253,167,432,201,650,321,568,169,134,89,106,36,145,12377,3706,7,0,0,0,0,0,0
2021-01-30T23:59:59+01:00,0,0,269,267,457,778,497,1212,686,1858,928,1815,560,628,493,692,288,946,136,122,135,235,156,404,190,609,303,521,147,123,77,79,29,110,12367,3376,7,0,0,0,0,0,0
2021-01-29T23:59:59+01:00,0,0,266,266,453,775,495,1202,683,1841,921,1795,556,622,488,686,285,938,88,68,93,154,115,246,147,441,213,378,109,82,58,68,24,99,12266,2383,6,0,0,0,0,0,0
2021-01-28T23:59:59+01:00,0,0,266,266,452,775,494,1202,683,1840,921,1793,556,622,488,686,285,938,10,7,13,23,24,46,23,94,50,106,34,32,31,49,18,91,12263,651,4,0,0,0,0,0,0
2021-01-27T23:59:59+01:00,0,0,265,266,452,775,494,1201,683,1839,919,1793,556,622,488,686,285,938,10,7,13,23,23,46,23,92,49,106,34,32,31,49,18,91,12261,647,1,0,0,0,0,0,0
2021-01-26T23:59:59+01:00,0,0,265,266,451,774,494,1200,683,1839,919,1792,556,622,488,686,285,938,10,7,13,23,23,46,23,92,49,106,34,32,31,49,18,91,12257,647,1,0,0,0,0,0,0
2021-01-25T23:59:59+01:00,0,0,265,266,449,774,494,1199,683,1837,919,1792,556,622,487,684,285,938,6,1,5,13,11,21,14,39,23,46,17,16,10,15,6,19,12250,262,0,0,0,0,0,0,0
2021-01-24T23:59:59+01:00,0,0,265,265,449,774,493,1199,683,1836,919,1791,556,622,487,684,285,938,6,1,5,13,11,21,14,39,23,46,17,16,10,15,6,19,12246,262,0,0,0,0,0,0,0
2021-01-23T23:59:59+01:00,0,0,265,265,449,774,493,1198,683,1836,919,1791,556,622,487,684,285,938,6,1,5,13,11,21,14,39,23,46,17,16,10,15,6,19,12245,262,0,0,0,0,0,0,0
2021-01-22T23:59:59+01:00,0,0,263,263,449,774,492,1197,683,1835,919,1791,556,622,487,684,267,894,6,1,5,13,11,21,14,39,23,46,17,16,10,15,6,19,12176,262,0,0,0,0,0,0,0
2021-01-21T23:59:59+01:00,0,0,260,259,447,765,489,1189,680,1813,910,1774,548,613,467,659,256,858,6,1,5,13,11,21,14,39,23,46,17,16,10,15,6,19,11987,262,0,0,0,0,0,0,0
2021-01-20T23:59:59+01:00,0,0,259,257,443,760,487,1186,677,1805,907,1769,542,608,460,640,248,841,6,1,5,13,11,21,14,39,23,46,17,16,10,15,6,19,11889,262,0,0,0,0,0,0,0
2021-01-19T23:59:59+01:00,0,0,254,257,441,752,481,1171,674,1774,896,1727,530,591,449,624,236,806,6,1,5,13,11,21,14,39,23,46,17,16,10,15,6,19,11663,262,0,0,0,0,0,0,0
2021-01-18T23:59:59+01:00,0,0,250,253,438,741,476,1150,656,1737,870,1679,511,558,434,586,224,749,6,1,5,12,11,21,14,39,23,46,17,16,10,15,6,19,11312,261,0,0,0,0,0,0,0
2021-01-17T23:59:59+01:00,0,0,250,252,437,740,476,1149,653,1730,864,1667,495,547,419,564,209,724,6,1,4,12,11,21,14,39,23,46,17,15,10,15,6,19,11176,259,0,0,0,0,0,0,0
2021-01-16T23:59:59+01:00,0,0,242,244,433,720,463,1114,628,1642,817,1518,453,465,390,511,188,669,0,0,0,0,0,0,0,0,0,0,0,0,0,0,0,0,10497,0,0,0,0,0,0,0,0
2021-01-15T23:59:59+01:00,0,0,233,237,425,700,449,1063,608,1542,778,1404,404,408,339,443,170,563,0,0,0,0,0,0,0,0,0,0,0,0,0,0,0,0,9766,0,0,0,0,0,0,0,0
2021-01-14T23:59:59+01:00,0,0,210,224,406,658,427,1001,565,1425,711,1251,349,334,290,350,129,446,0,0,0,0,0,0,0,0,0,0,0,0,0,0,0,0,8776,0,0,0,0,0,0,0,0
2021-01-13T23:59:59+01:00,0,0,208,222,405,651,422,982,560,1403,697,1216,331,310,265,310,112,385,0,0,0,0,0,0,0,0,0,0,0,0,0,0,0,0,8479,0,0,0,0,0,0,0,0
2021-01-12T23:59:59+01:00,0,0,191,211,389,610,391,887,498,1249,618,1027,236,194,160,161,62,193,0,0,0,0,0,0,0,0,0,0,0,0,0,0,0,0,7077,0,0,0,0,0,0,0,0
2021-01-11T23:59:59+01:00,0,0,187,205,385,598,377,860,478,1202,598,973,216,165,128,117,45,145,0,0,0,0,0,0,0,0,0,0,0,0,0,0,0,0,6679,0,0,0,0,0,0,0,0
2021-01-10T23:59:59+01:00,0,0,186,201,373,584,373,847,469,1182,586,954,212,165,125,117,43,143,0,0,0,0,0,0,0,0,0,0,0,0,0,0,0,0,6560,0,0,0,0,0,0,0,0
2021-01-09T23:59:59+01:00,0,0,166,168,327,504,332,729,408,1001,498,805,148,108,73,73,29,105,0,0,0,0,0,0,0,0,0,0,0,0,0,0,0,0,5474,0,0,0,0,0,0,0,0
2021-01-08T23:59:59+01:00,0,0,98,78,231,352,245,435,294,669,340,511,80,67,49,58,22,93,0,0,0,0,0,0,0,0,0,0,0,0,0,0,0,0,3622,0,0,0,0,0,0,0,0
2021-01-07T23:59:59+01:00,0,0,12,11,54,97,72,124,94,194,122,180,41,35,33,50,19,93,0,0,0,0,0,0,0,0,0,0,0,0,0,0,0,0,1231,0,0,0,0,0,0,0,0
2021-01-06T23:59:59+01:00,0,0,8,4,9,23,17,46,23,91,53,109,35,32,32,50,19,93,0,0,0,0,0,0,0,0,0,0,0,0,0,0,0,0,644,0,0,0,0,0,0,0,0
2021-01-05T23:59:59+01:00,0,0,8,4,9,23,17,46,22,91,51,109,35,32,32,50,19,93,0,0,0,0,0,0,0,0,0,0,0,0,0,0,0,0,641,0,0,0,0,0,0,0,0
2021-01-04T23:59:59+01:00,0,0,6,1,5,13,11,23,14,41,23,48,18,16,11,15,6,20,0,0,0,0,0,0,0,0,0,0,0,0,0,0,0,0,271,0,0,0,0,0,0,0,0
2021-01-03T23:59:59+01:00,0,0,6,1,5,13,11,23,14,41,23,48,18,16,11,15,6,20,0,0,0,0,0,0,0,0,0,0,0,0,0,0,0,0,271,0,0,0,0,0,0,0,0
2021-01-02T23:59:59+01:00,0,0,6,1,5,13,11,23,14,41,23,48,18,16,11,15,6,20,0,0,0,0,0,0,0,0,0,0,0,0,0,0,0,0,271,0,0,0,0,0,0,0,0
2021-01-01T23:59:59+01:00,0,0,6,1,5,13,11,23,14,41,23,48,18,16,11,15,6,20,0,0,0,0,0,0,0,0,0,0,0,0,0,0,0,0,271,0,0,0,0,0,0,0,0
2020-12-31T23:59:59+01:00,0,0,6,1,5,13,11,23,14,41,23,48,18,16,11,15,6,20,0,0,0,0,0,0,0,0,0,0,0,0,0,0,0,0,271,0,0,0,0,0,0,0,0
2020-12-30T23:59:59+01:00,0,0,6,1,5,13,11,23,14,41,23,48,18,16,11,15,6,20,0,0,0,0,0,0,0,0,0,0,0,0,0,0,0,0,271,0,0,0,0,0,0,0,0
2020-12-29T23:59:59+01:00,0,0,6,1,5,13,11,23,14,41,23,48,18,16,11,15,6,20,0,0,0,0,0,0,0,0,0,0,0,0,0,0,0,0,271,0,0,0,0,0,0,0,0
2020-12-28T23:59:59+01:00,0,0,6,1,5,13,11,23,14,41,23,48,18,16,11,15,6,20,0,0,0,0,0,0,0,0,0,0,0,0,0,0,0,0,271,0,0,0,0,0,0,0,0
2020-12-27T23:59:59+01:00,0,0,6,1,4,12,11,23,14,41,23,48,18,15,11,15,6,20,0,0,0,0,0,0,0,0,0,0,0,0,0,0,0,0,268,0,0,0,0,0,0,0,0
