Datum,<15_m,<15_w,15-24_1_m,15-24_1_w,25-34_1_m,25-34_1_w,35-44_1_m,35-44_1_w,45-54_1_m,45-54_1_w,55-64_1_m,55-64_1_w,65-74_1_m,65-74_1_w,75-84_1_m,75-84_1_w,>84_1_m,>84_1_w,<24_2_m,<24_2_w,25-34_2_m,25-34_2_w,35-44_2_m,35-44_2_w,45-54_2_m,45-54_2_w,55-64_2_m,55-64_2_w,65-74_2_m,65-74_2_w,75-84_2_m,75-84_2_w,>84_2_m,>84_2_w,bp_1,bp_2,mo_1,mo_2,az_1,az_2,ja,unb_1,unb_2
2021-10-03T23:59:59+02:00,10487,10140,67401,67733,108985,106065,99172,98593,95561,100944,94538,96331,56575,70165,44454,61611,11019,22344,60312,60531,102284,98570,93473,91811,90829,95539,90738,92428,54721,67865,43179,59610,10496,21138,831855,778584,136141,130287,158633,145411,95385,175,173
2021-10-02T23:59:59+02:00,10462,10114,67299,67640,108899,106000,99109,98531,95511,100894,94517,96310,56564,70147,44454,61610,11018,22342,60193,60417,102211,98495,93406,91746,90783,95492,90712,92406,54714,67848,43178,59605,10495,21138,831327,778003,136079,130238,158631,145389,95280,175,173
2021-10-01T23:59:59+02:00,10377,10014,67149,67481,108719,105860,98991,98422,95432,100829,94464,96271,56547,70129,44452,61598,11016,22340,60001,60195,102045,98344,93279,91604,90679,95387,90651,92350,54698,67820,43175,59596,10494,21135,830284,776749,136021,130153,158630,145351,95052,175,173
2021-09-30T23:59:59+02:00,10301,9947,66935,67261,108512,105625,98817,98231,95297,100692,94373,96175,56513,70085,44438,61575,11012,22330,59753,59941,101851,98139,93096,91398,90546,95239,90564,92261,54671,67774,43161,59567,10485,21124,828715,775119,135931,130037,158624,145302,94742,175,173
2021-09-29T23:59:59+02:00,10223,9891,66747,67079,108324,105431,98668,98070,95175,100584,94292,96101,56473,70028,44415,61534,11005,22306,59584,59776,101673,97967,92963,91238,90439,95138,90494,92180,54638,67725,43142,59521,10482,21110,827320,773926,135865,129961,158622,145270,94432,175,173
2021-09-28T23:59:59+02:00,10139,9818,66566,66877,108127,105274,98524,97915,95066,100474,94209,96024,56432,69989,44401,61494,10998,22278,59401,59601,101489,97816,92831,91106,90319,95012,90415,92113,54607,67688,43126,59493,10473,21095,825955,772776,135803,129876,158620,145237,94120,175,173
2021-09-27T23:59:59+02:00,10011,9685,66330,66631,107921,105104,98393,97773,94980,100366,94133,95953,56405,69941,44389,61463,10993,22267,59208,59420,101313,97685,92696,90973,90219,94905,90346,92040,54571,67634,43108,59467,10465,21084,824566,771753,135731,129804,158619,145196,93715,175,173
2021-09-26T23:59:59+02:00,9893,9592,66095,66406,107695,104917,98229,97630,94865,100239,94049,95872,56367,69908,44375,61437,10988,22250,58974,59229,101117,97506,92553,90814,90114,94790,90275,91967,54543,67607,43094,59439,10460,21069,823138,770642,135653,129711,158613,145137,93296,175,173
2021-09-25T23:59:59+02:00,9855,9552,65980,66282,107592,104827,98155,97570,94808,100188,94018,95844,56363,69900,44373,61434,10987,22250,58868,59114,101016,97414,92475,90745,90075,94727,90239,91946,54531,67596,43090,59435,10460,21069,822590,770114,135593,129659,158613,145109,93075,175,173
2021-09-24T23:59:59+02:00,9794,9492,65823,66103,107426,104660,98009,97427,94688,100085,93948,95789,56348,69883,44365,61420,10987,22248,58655,58890,100837,97226,92351,90600,89969,94621,90156,91881,54511,67574,43087,59430,10459,21066,821577,768949,135523,129594,158613,145047,92674,175,173
2021-09-23T23:59:59+02:00,9702,9371,65509,65774,107168,104415,97818,97200,94530,99921,93846,95679,56303,69824,44341,61391,10981,22219,58364,58616,100595,97002,92169,90393,89836,94474,90059,91779,54465,67526,43066,59402,10458,21043,819804,767433,135404,129485,158607,144976,92069,175,173
2021-09-22T23:59:59+02:00,9631,9291,65175,65460,106959,104203,97619,96996,94372,99786,93721,95581,56258,69754,44307,61347,10970,22197,58184,58436,100417,96837,91987,90255,89717,94353,89953,91704,54430,67482,43038,59370,10452,21028,818056,766395,135295,129408,158602,144893,91565,175,173
2021-09-21T23:59:59+02:00,9544,9206,64954,65220,106757,104028,97447,96842,94259,99679,93640,95510,56208,69703,44289,61304,10963,22185,57996,58260,100227,96684,91848,90126,89630,94264,89864,91632,54391,67426,43016,59332,10443,21010,816628,765367,135219,129314,158599,144829,91183,175,173
2021-09-20T23:59:59+02:00,9483,9150,64670,64919,106567,103848,97287,96677,94155,99583,93575,95433,56168,69660,44269,61260,10957,22169,57807,58111,100050,96542,91696,89977,89488,94165,89785,91563,54345,67390,42991,59296,10437,20994,815214,764389,135145,129233,158594,144682,90767,175,173
2021-09-19T23:59:59+02:00,9433,9107,64395,64752,106340,103656,97139,96512,94017,99485,93475,95359,56139,69606,44259,61235,10954,22158,57568,57922,99815,96369,91514,89814,89308,93995,89669,91481,54307,67329,42972,59262,10436,20981,813911,763213,135064,129118,158591,144421,90345,175,173
2021-09-18T23:59:59+02:00,9401,9062,64304,64651,106223,103560,97030,96427,93949,99414,93442,95331,56131,69597,44255,61230,10952,22157,57449,57802,99712,96271,91392,89734,89237,93932,89634,91451,54297,67324,42965,59259,10434,20976,813343,762586,134976,129053,158589,144409,90098,175,173
2021-09-17T23:59:59+02:00,9323,8975,64115,64491,106048,103404,96859,96272,93817,99316,93369,95255,56115,69569,44244,61224,10946,22151,57246,57569,99527,96111,91241,89618,89121,93828,89557,91390,54282,67297,42957,59252,10434,20973,812242,761479,134889,128957,158585,144392,89667,175,173
2021-09-16T23:59:59+02:00,9234,8870,63847,64199,105780,103151,96630,96037,93629,99141,93268,95166,56063,69514,44231,61197,10939,22137,56998,57303,99265,95885,91052,89411,88947,93672,89456,91303,54235,67245,42935,59231,10429,20961,810477,760002,134802,128821,158575,144328,89068,175,173
2021-09-15T23:59:59+02:00,9164,8815,63503,63911,105583,102938,96423,95844,93494,98984,93167,95081,56025,69459,44195,61166,10934,22111,56827,57148,99074,95723,90883,89255,88843,93558,89353,91239,54202,67196,42910,59197,10425,20945,808747,758956,134748,128705,158571,144292,88619,175,173
2021-09-14T23:59:59+02:00,9122,8764,63214,63707,105354,102726,96228,95666,93361,98843,93054,94997,55979,69403,44171,61127,10929,22095,56627,56968,98899,95538,90717,89092,88711,93447,89271,91170,54166,67156,42888,59171,10420,20930,807231,757926,134679,128613,158563,144194,88155,175,173
2021-09-13T23:59:59+02:00,9087,8730,62921,63445,105130,102500,96058,95497,93217,98709,92968,94899,55929,69349,44154,61095,10922,22083,56421,56788,98705,95348,90564,88935,88580,93341,89185,91095,54129,67111,42869,59142,10417,20914,805740,756845,134592,128499,158553,144152,87696,175,173
2021-09-12T23:59:59+02:00,9036,8682,62620,63204,104888,102255,95848,95269,93057,98577,92872,94818,55879,69301,44138,61064,10917,22072,56223,56629,98462,95141,90398,88769,88446,93226,89088,91021,54087,67055,42847,59113,10412,20897,804230,755828,134494,128374,158549,144081,87111,175,173
2021-09-11T23:59:59+02:00,8989,8649,62499,63075,104748,102135,95745,95160,92972,98499,92833,94787,55864,69287,44133,61052,10917,22071,56076,56539,98315,95035,90300,88670,88347,93160,89052,90995,54077,67036,42843,59103,10412,20896,803550,755232,134437,128297,158549,144062,86766,175,173
2021-09-10T23:59:59+02:00,8893,8538,62264,62813,104553,101924,95574,94970,92830,98374,92739,94716,55832,69259,44119,61034,10917,22069,55835,56334,98117,94850,90116,88487,88214,93031,88967,90926,54055,67015,42830,59084,10412,20892,802179,754075,134374,128182,158546,144046,86206,175,173
2021-09-09T23:59:59+02:00,8796,8440,61960,62548,104286,101614,95347,94685,92658,98152,92605,94601,55794,69195,44098,61004,10907,22048,55586,56111,97867,94601,89896,88255,88053,92878,88825,90840,54012,66966,42809,59054,10406,20886,800272,752670,134270,127998,158542,143974,85541,175,173
2021-09-08T23:59:59+02:00,8736,8391,61745,62322,104076,101384,95160,94468,92499,97988,92492,94473,55759,69129,44064,60964,10894,22024,55428,55958,97685,94397,89739,88061,87895,92734,88704,90733,53972,66904,42772,59011,10395,20850,798834,751654,134165,127851,158532,143887,84924,175,173
2021-09-07T23:59:59+02:00,8685,8342,61510,62112,103851,101153,94977,94279,92359,97849,92390,94397,55725,69079,44035,60909,10884,22002,55233,55796,97468,94204,89555,87896,87769,92626,88606,90644,53930,66858,42746,58979,10390,20833,797369,750578,134061,127725,158528,143759,84467,175,173
2021-09-06T23:59:59+02:00,8645,8300,61309,61942,103658,100983,94841,94124,92246,97724,92306,94325,55672,69022,44014,60882,10877,21969,55066,55627,97276,94043,89389,87741,87643,92502,88509,90564,53881,66811,42725,58934,10380,20809,796169,749481,133971,127591,158517,143676,84069,175,173
2021-09-05T23:59:59+02:00,8589,8251,61104,61741,103499,100801,94689,93960,92124,97610,92230,94256,55646,68981,44003,60861,10872,21961,54864,55426,97083,93845,89202,87581,87503,92377,88426,90478,53832,66761,42708,58911,10375,20793,795006,748322,133893,127421,158514,143581,83652,175,173
2021-09-04T23:59:59+02:00,8539,8222,60992,61634,103414,100703,94591,93876,92069,97545,92195,94230,55637,68970,43997,60851,10872,21960,54738,55312,96965,93719,89087,87482,87434,92297,88378,90445,53817,66750,42702,58900,10375,20792,794432,747671,133843,127299,158510,143563,83399,175,173
2021-09-03T23:59:59+02:00,8462,8151,60804,61453,103246,100552,94446,93737,91966,97432,92123,94179,55610,68944,43989,60837,10870,21954,54532,55130,96765,93503,88895,87291,87288,92124,88285,90366,53785,66717,42691,58881,10371,20789,793353,746425,133790,127071,158502,143527,82997,175,173
2021-09-02T23:59:59+02:00,8345,8063,60554,61210,102997,100315,94255,93519,91783,97273,92006,94083,55564,68886,43966,60802,10865,21932,54271,54872,96474,93228,88654,87020,87067,91920,88143,90251,53740,66636,42660,58830,10361,20753,791729,744783,133681,126714,158491,143409,82403,175,173
2021-09-01T23:59:59+02:00,8281,7982,60343,60996,102805,100145,94102,93366,91666,97146,91903,94010,55521,68836,43948,60778,10857,21914,54015,54654,96248,93010,88461,86804,86889,91756,88004,90142,53676,66547,42622,58786,10351,20732,790474,743338,133608,126456,158475,143290,81928,175,169
2021-08-31T23:59:59+02:00,8202,7907,60141,60756,102611,99967,93928,93211,91545,97033,91780,93928,55475,68786,43922,60738,10848,21898,53764,54398,95983,92762,88247,86571,86733,91597,87843,90038,53631,66476,42595,58731,10344,20713,789134,741845,133528,126147,158463,143181,81437,175,169
2021-08-30T23:59:59+02:00,8106,7830,59938,60572,102443,99825,93811,93083,91428,96932,91713,93851,55442,68758,43906,60703,10843,21882,53514,54205,95745,92529,88040,86342,86555,91457,87717,89917,53576,66398,42554,58667,10327,20684,788036,740419,133471,125834,158456,143034,80988,175,169
2021-08-29T23:59:59+02:00,8030,7753,59661,60331,102206,99629,93627,92910,91288,96814,91625,93762,55397,68708,43882,60673,10841,21873,53164,53897,95427,92243,87751,86083,86322,91262,87564,89791,53507,66323,42524,58627,10321,20667,786681,738523,133381,125499,158441,142890,80392,175,169
2021-08-28T23:59:59+02:00,7974,7688,59524,60220,102101,99521,93522,92827,91203,96739,91580,93732,55383,68695,43874,60669,10840,21871,52986,53750,95267,92112,87616,85973,86211,91174,87495,89747,53490,66302,42515,58620,10319,20666,786063,737704,133342,125394,158437,142864,80006,175,169
2021-08-27T23:59:59+02:00,7908,7603,59337,60028,101931,99354,93381,92702,91094,96633,91494,93676,55360,68666,43864,60651,10839,21866,52739,53504,94972,91839,87395,85770,86038,91020,87388,89647,53447,66266,42500,58594,10314,20663,785078,736134,133280,125193,158398,142828,79516,175,169
2021-08-26T23:59:59+02:00,7822,7504,59098,59781,101706,99136,93166,92480,90916,96453,91388,93576,55311,68604,43831,60623,10833,21854,52404,53223,94606,91489,87062,85460,85797,90764,87231,89516,53386,66177,42454,58551,10307,20651,783610,734232,133182,124786,158375,142696,78800,175,168
2021-08-25T23:59:59+02:00,7750,7414,58873,59587,101537,98993,93015,92297,90796,96331,91281,93500,55273,68552,43797,60579,10828,21831,52105,52971,94303,91236,86838,85215,85600,90576,87098,89391,53318,66091,42405,58483,10301,20620,782411,732512,133100,124474,158365,142628,78244,174,166
2021-08-24T23:59:59+02:00,7700,7362,58654,59369,101353,98820,92850,92135,90685,96206,91196,93429,55235,68498,43770,60536,10822,21806,51783,52709,93954,90951,86538,84963,85391,90385,86946,89231,53233,65998,42357,58417,10292,20598,781279,730693,133008,124172,158358,142409,77667,174,166
2021-08-23T23:59:59+02:00,7645,7310,58452,59163,101191,98665,92720,91975,90593,96121,91120,93344,55197,68455,43741,60510,10818,21788,51461,52444,93617,90675,86290,84689,85197,90217,86811,89106,53155,65905,42322,58367,10285,20580,780144,728806,132937,123886,158348,142236,77265,174,165
2021-08-22T23:59:59+02:00,7577,7254,58256,58982,100990,98506,92562,91839,90498,96006,91041,93276,55161,68408,43727,60486,10812,21774,51090,52091,93218,90274,85983,84384,84961,89988,86642,88982,53076,65800,42286,58304,10271,20548,779125,726468,132835,123575,158336,142020,76745,174,163
2021-08-21T23:59:59+02:00,7523,7216,58122,58859,100857,98400,92457,91735,90399,95945,90984,93241,55141,68386,43719,60469,10810,21771,50758,51791,93051,90126,85813,84226,84814,89864,86556,88919,53045,65776,42276,58288,10270,20542,778449,724943,132760,123347,158335,141979,76376,174,163
2021-08-20T23:59:59+02:00,7470,7164,57967,58687,100685,98249,92306,91601,90284,95822,90908,93181,55120,68362,43709,60452,10808,21766,50426,51452,92787,89860,85550,83993,84600,89660,86423,88809,53014,65735,42253,58264,10263,20535,777497,722981,132711,123141,158329,141915,75890,174,163
2021-08-19T23:59:59+02:00,7403,7104,57723,58455,100414,98021,92101,91410,90123,95658,90780,93077,55078,68303,43684,60421,10801,21752,49982,51015,92358,89459,85146,83592,84289,89346,86210,88626,52943,65627,42215,58203,10253,20517,776147,720291,132578,122695,158322,141710,75147,174,162
2021-08-18T23:59:59+02:00,7339,7049,57542,58294,100230,97843,91959,91248,89983,95537,90679,92984,55011,68239,43655,60375,10791,21732,49633,50649,91981,89133,84826,83261,84011,89095,86020,88454,52828,65510,42144,58111,10238,20487,775002,717898,132488,122307,158315,141472,74572,173,162
2021-08-17T23:59:59+02:00,7277,6998,57353,58138,100038,97670,91793,91100,89861,95406,90583,92892,54973,68191,43630,60348,10789,21717,49140,50229,91534,88712,84424,82906,83682,88802,85816,88252,52725,65385,42086,58034,10232,20463,773892,714892,132384,121898,158302,141183,74066,173,162
2021-08-16T23:59:59+02:00,7218,6932,57170,57962,99835,97495,91645,90942,89720,95289,90468,92795,54922,68130,43601,60297,10782,21703,48574,49655,91056,88266,83956,82511,83347,88510,85585,88049,52621,65270,42028,57956,10223,20427,772728,711370,132292,121454,158295,140955,73478,173,162
2021-08-15T23:59:59+02:00,7152,6884,56949,57774,99650,97313,91487,90801,89596,95182,90379,92736,54884,68089,43581,60268,10778,21696,47452,48519,90414,87576,83400,81968,82954,88125,85299,87842,52513,65148,41985,57897,10214,20408,771648,705568,132180,120826,158286,140776,72972,173,161
2021-08-14T23:59:59+02:00,7121,6852,56828,57686,99509,97214,91384,90725,89508,95113,90328,92691,54869,68073,43576,60261,10777,21695,47300,48376,90181,87402,83187,81760,82829,88024,85229,87798,52485,65117,41976,57886,10213,20406,771125,704752,132124,120502,158282,140725,72566,173,161
2021-08-13T23:59:59+02:00,7076,6807,56674,57557,99351,97086,91258,90588,89403,94999,90247,92628,54840,68023,43562,60238,10775,21688,46995,48058,89705,86997,82788,81383,82566,87792,85059,87658,52442,65049,41954,57862,10210,20394,770301,702527,132065,119946,158275,140646,72048,171,161
2021-08-12T23:59:59+02:00,7041,6756,56471,57395,99139,96909,91084,90424,89258,94858,90152,92548,54802,67971,43536,60204,10767,21671,46580,47670,89059,86422,82210,80834,82186,87465,84831,87480,52368,64948,41901,57803,10200,20376,769242,699563,131962,119106,158262,140396,71409,171,160
2021-08-11T23:59:59+02:00,7006,6701,56284,57224,98932,96729,90925,90284,89125,94745,90041,92445,54750,67911,43505,60165,10758,21656,46164,47212,88432,85770,81628,80323,81850,87161,84560,87237,52279,64807,41829,57678,10181,20327,768119,696389,131864,118151,158239,140061,70856,168,159
2021-08-10T23:59:59+02:00,6945,6653,56099,57060,98712,96582,90768,90134,88996,94632,89957,92368,54705,67864,43489,60125,10754,21643,45727,46745,87784,85144,81020,79783,81440,86781,84316,87021,52158,64698,41769,57595,10167,20296,767058,693051,131771,117207,158220,139747,70329,168,159
2021-08-09T23:59:59+02:00,6894,6594,55926,56897,98517,96428,90614,89997,88855,94537,89846,92306,54666,67815,43464,60091,10747,21628,45161,46190,86947,84468,80329,79195,81026,86432,84022,86797,52046,64567,41712,57494,10153,20254,766039,689232,131698,116142,158210,139398,69767,168,156
2021-08-08T23:59:59+02:00,6823,6525,55701,56707,98307,96240,90436,89834,88719,94418,89751,92230,54612,67768,43438,60056,10740,21607,44558,45575,85874,83530,79423,78382,80483,85954,83696,86498,51911,64415,41649,57403,10141,20228,764830,684102,131587,114963,158190,139088,69196,168,156
2021-08-07T23:59:59+02:00,6778,6474,55555,56583,98168,96125,90307,89731,88624,94360,89688,92190,54593,67742,43435,60046,10737,21602,43717,44693,85537,83191,78947,77942,80123,85602,83515,86353,51848,64332,41628,57367,10136,20219,764159,680387,131524,113814,158186,138983,68760,168,155
2021-08-06T23:59:59+02:00,6722,6425,55363,56433,97936,95941,90155,89601,88499,94243,89590,92119,54553,67714,43426,60019,10734,21598,42795,43803,85070,82723,78361,77386,79733,85217,83324,86206,51795,64267,41602,57335,10128,20205,763196,676423,131424,112532,158179,138847,68163,168,154
2021-08-05T23:59:59+02:00,6656,6353,55042,56187,97637,95669,89895,89379,88286,94052,89421,91984,54489,67624,43396,59967,10725,21580,41554,42633,84337,82043,77582,76586,79136,84652,82968,85904,51664,64107,41541,57232,10113,20173,761540,670851,131297,110895,158167,138301,67229,168,153
2021-08-04T23:59:59+02:00,6575,6303,54802,55999,97384,95457,89712,89212,88144,93910,89303,91886,54436,67572,43359,59920,10721,21570,41077,42139,83112,80993,76240,75441,78647,84197,82648,85657,51522,63968,41484,57145,10097,20147,760249,665651,131188,109383,158152,137832,66567,168,153
2021-08-03T23:59:59+02:00,6509,6237,54543,55804,97147,95265,89537,89048,88001,93764,89157,91765,54356,67491,43322,59862,10713,21562,40639,41713,81861,79858,74817,74254,78040,83627,82104,85164,51308,63763,41383,56990,10084,20111,758865,659826,131083,107684,158127,137130,65899,168,153
2021-08-02T23:59:59+02:00,6447,6175,54305,55600,96887,95043,89314,88873,87829,93624,89013,91652,54273,67419,43289,59810,10710,21542,40161,41228,80541,78748,73269,73047,77415,83063,81560,84680,51138,63561,41308,56869,10067,20077,757429,653762,130933,105924,158105,136526,65230,167,151
2021-08-01T23:59:59+02:00,6382,6089,54037,55334,96621,94774,89077,88697,87626,93480,88850,91543,54206,67334,43252,59758,10703,21535,39642,40738,79250,77668,71858,71942,76523,82310,80974,84214,50948,63323,41220,56764,10056,20053,755824,647586,130739,104022,158079,135915,64547,166,148
2021-07-31T23:59:59+02:00,6346,6051,53915,55243,96500,94679,88976,88632,87535,93409,88805,91507,54194,67324,43246,59754,10703,21534,38683,39717,78803,77223,71322,71391,76138,81983,80859,84119,50929,63290,41204,56752,10056,20050,755345,642911,130569,103147,158076,135820,64254,166,148
2021-07-30T23:59:59+02:00,6291,6016,53738,55099,96339,94502,88819,88483,87403,93295,88722,91437,54157,67293,43233,59736,10701,21532,37676,38662,78097,76572,70568,70653,75624,81455,80458,83794,50853,63201,41170,56692,10050,20038,754445,636724,130253,102008,158073,135610,63917,165,147
2021-07-29T23:59:59+02:00,6240,5957,53501,54914,96077,94274,88607,88276,87236,93121,88582,91311,54097,67229,43210,59699,10693,21511,36431,37428,77040,75704,69518,69703,74818,80695,79920,83365,50721,63039,41103,56597,10032,20011,753203,628961,129770,100452,158057,135056,63398,164,147
2021-07-28T23:59:59+02:00,6203,5905,53300,54745,95871,94067,88456,88092,87119,92981,88471,91213,54039,67154,43176,59651,10683,21480,35818,36825,75871,74726,68246,68605,74058,79981,79429,82908,50580,62839,41033,56495,10016,19971,752024,622633,129320,99038,158040,134268,63115,164,145
2021-07-27T23:59:59+02:00,6154,5864,53067,54522,95610,93857,88274,87906,86960,92827,88348,91115,53986,67078,43134,59588,10669,21432,35165,36071,74413,73478,66793,67391,73195,79137,78885,82389,50406,62627,40953,56374,9991,19929,750612,615338,128887,97590,158016,133037,62769,164,144
2021-07-26T23:59:59+02:00,6097,5811,52845,54314,95363,93669,88075,87739,86797,92689,88219,91013,53925,66999,43105,59532,10662,21410,34399,35243,72898,72143,65421,66155,72148,78150,78295,81859,50235,62412,40875,56226,9969,19884,749262,607276,128461,96058,157999,131967,62435,164,144
2021-07-25T23:59:59+02:00,6059,5767,52637,54112,95109,93439,87899,87548,86640,92560,88111,90915,53874,66936,43077,59489,10652,21375,33695,34482,71558,70936,64306,65142,71146,77237,77820,81409,50117,62227,40811,56139,9963,19849,747861,600316,128188,94491,157977,131168,62066,164,144
2021-07-24T23:59:59+02:00,5972,5709,52362,53813,94801,93123,87651,87339,86464,92403,88012,90834,53844,66902,43065,59466,10652,21369,33190,33992,70696,70239,63637,64587,70270,76535,77615,81258,50063,62184,40789,56114,9963,19847,745977,595900,128136,93557,157975,131041,61585,164,144
2021-07-23T23:59:59+02:00,5919,5653,52088,53538,94403,92837,87353,87124,86283,92226,87873,90740,53811,66854,43057,59448,10649,21363,32671,33344,69630,69381,62857,63920,69368,75686,77212,80933,49988,62087,40757,56075,9956,19833,743929,590285,128062,92400,157969,130868,61151,164,144
2021-07-22T23:59:59+02:00,5849,5589,51670,53138,93927,92393,86966,86791,85972,91927,87660,90555,53726,66760,43028,59388,10641,21337,31963,32621,68315,68388,61808,63039,67750,74329,76560,80422,49837,61881,40666,55959,9935,19793,740884,583840,127827,89643,157945,130099,60554,163,143
2021-07-21T23:59:59+02:00,5797,5537,51299,52754,93491,91978,86659,86488,85715,91684,87486,90367,53642,66676,42969,59321,10630,21309,31349,31971,66983,67345,60721,62147,65706,72637,75654,79678,49546,61571,40505,55771,9911,19736,738078,577545,127587,85327,157915,129007,60114,163,143
2021-07-20T23:59:59+02:00,5739,5473,50908,52360,93026,91514,86293,86163,85446,91428,87265,90170,53550,66541,42920,59262,10623,21284,30691,31323,65518,66156,59587,61185,64528,71579,75042,79123,49341,61339,40399,55613,9888,19675,735113,570503,127365,83652,157859,127983,59520,163,143
2021-07-19T23:59:59+02:00,5662,5399,50437,51901,92555,91034,85922,85830,85199,91214,87057,89992,53457,66421,42884,59182,10605,21249,30148,30739,64357,65098,58670,60324,63374,70544,74444,78608,49167,61142,40307,55467,9860,19631,731838,564721,127137,81845,157823,126794,59094,163,143
2021-07-18T23:59:59+02:00,5593,5329,49611,51086,91477,89979,85191,85214,84718,90782,86764,89700,53351,66272,42821,59085,10595,21218,29593,30153,63174,64027,57746,59409,62195,69517,73894,78109,49019,60980,40249,55384,9848,19603,725368,558888,126804,79822,157806,125985,58700,163,142
2021-07-17T23:59:59+02:00,5419,5142,49258,50752,91334,89843,84996,85053,84562,90644,86657,89617,53330,66245,42810,59073,10594,21215,29205,29772,62527,63431,57192,58987,61444,68783,73588,77868,48909,60862,40210,55326,9838,19592,724185,555875,126627,78854,157801,125371,57822,163,142
2021-07-16T23:59:59+02:00,5318,5051,48934,50460,91068,89619,84750,84854,84362,90460,86518,89510,53288,66213,42792,59059,10591,21210,28709,29271,61587,62522,56346,58301,60391,67745,73086,77447,48748,60674,40164,55258,9833,19583,722805,550920,126457,77533,157790,124633,56897,162,142
2021-07-15T23:59:59+02:00,5182,4918,48461,50048,90667,89239,84391,84475,84058,90183,86297,89342,53208,66122,42737,58989,10582,21183,27980,28642,60269,61455,55221,57318,58981,66431,72352,76861,48518,60412,40075,55127,9818,19528,720336,545099,126037,75338,157755,122961,55832,161,142
2021-07-14T23:59:59+02:00,5076,4803,48106,49672,90359,88946,84103,84161,83808,89943,86095,89184,53119,66015,42679,58900,10565,21151,27448,28080,59172,60462,54251,56473,58102,65583,71744,76274,48250,60134,39969,54953,9796,19484,718165,539674,125677,74419,157705,121265,55017,160,142
2021-07-13T23:59:59+02:00,4964,4686,47703,49289,89959,88592,83798,83854,83541,89684,85888,89016,53009,65910,42624,58835,10559,21130,26787,27404,57804,59279,53062,55482,57113,64670,71018,75636,47973,59811,39839,54775,9764,19432,715803,533335,125306,73306,157647,119219,54164,159,141
2021-07-12T23:59:59+02:00,4793,4516,47152,48773,89562,88250,83403,83533,83293,89424,85697,88856,52928,65815,42576,58772,10547,21115,26158,26747,56305,57933,51776,54425,55891,63524,70274,75018,47599,59382,39663,54552,9723,19367,713084,526056,124938,72287,157583,116873,53279,159,141
2021-07-11T23:59:59+02:00,4398,4143,46203,47848,89131,87817,82989,83145,82984,89137,85502,88709,52841,65724,42551,58716,10536,21098,25554,26179,54931,56674,50481,53383,54850,62491,69682,74468,47253,59002,39538,54377,9698,19325,709126,519441,124468,71280,157543,115087,52217,156,140
2021-07-10T23:59:59+02:00,4385,4130,45872,47505,88673,87337,82655,82835,82880,89037,85436,88652,52820,65701,42542,58702,10535,21094,25066,25642,53843,55731,49622,52800,54252,61923,69466,74282,46883,58583,39438,54272,9693,19314,708454,515121,124000,71195,157365,113767,50855,155,140
2021-07-09T23:59:59+02:00,4366,4118,45453,47061,88052,86773,82279,82491,82628,88851,85322,88560,52785,65672,42535,58689,10531,21085,24363,24865,52522,54499,48681,51921,53473,61074,69044,73877,46524,58173,39350,54182,9686,19302,707035,508952,123416,70789,157201,112419,49483,154,140
2021-07-08T23:59:59+02:00,4336,4091,44901,46561,87190,86061,81749,81977,82373,88611,85127,88407,52718,65605,42502,58643,10520,21069,23373,23925,50582,52923,47298,50769,52333,59946,68352,73241,46004,57614,39213,54018,9658,19233,704910,501201,122527,69516,156909,109880,47967,153,140
2021-07-07T23:59:59+02:00,4313,4064,44316,45969,86354,85301,81198,81496,82086,88313,84919,88243,52639,65504,42459,58580,10512,21049,22483,23009,48637,51244,45782,49629,51093,58761,67653,72706,45266,56872,39018,53780,9626,19175,702397,493022,121526,68406,156651,106771,46593,150,138
2021-07-06T23:59:59+02:00,4280,4043,43771,45444,85489,84564,80584,80907,81716,87982,84743,88067,52550,65423,42421,58517,10503,21024,21644,22142,46635,49464,44395,48377,49812,57424,66903,71990,44437,56098,38832,53542,9608,19120,699749,484057,120504,67324,156350,103802,45279,148,138
2021-07-05T23:59:59+02:00,4258,4007,42609,44457,83971,83460,79857,80287,81257,87560,84468,87803,52434,65287,42372,58439,10489,20996,20451,21076,44675,47862,43376,47413,48783,56462,66207,71371,43673,55236,38658,53318,9584,19082,696431,478070,119444,66451,155982,100713,42009,147,138
2021-07-04T23:59:59+02:00,4231,3985,41245,43237,82321,82142,79130,79680,80784,87138,84196,87605,52341,65161,42327,58386,10476,20967,19096,19869,42876,46336,42676,46666,47970,55608,65623,70802,42928,54387,38491,53124,9564,19035,693312,473405,118291,65512,155556,98092,38048,147,138
2021-07-03T23:59:59+02:00,3765,3568,39670,41690,81457,81486,78645,79191,80338,86659,83977,87433,52273,65060,42309,58334,10473,20961,18285,19180,41960,45642,42258,46291,47564,55207,65457,70636,42337,53660,38429,53025,9557,19025,689560,471470,116980,65413,155472,96499,35132,147,138
2021-07-02T23:59:59+02:00,3207,2996,38113,40189,80724,80755,77973,78483,79818,86155,83735,87230,52221,64974,42281,58287,10461,20948,17516,18451,40802,44674,41523,45594,46729,54424,64934,70186,41386,52455,38299,52837,9541,19006,684513,466394,115575,64946,155319,94004,32999,146,136
2021-07-01T23:59:59+02:00,2560,2449,36394,38521,79740,79888,77133,77650,79111,85517,83420,86952,52098,64817,42218,58184,10443,20919,16631,17522,39254,43435,40307,44533,45425,53292,64191,69610,40496,51318,38150,52629,9524,18974,678178,459968,113845,63295,155094,91238,30753,146,136
2021-06-30T23:59:59+02:00,2518,2419,35383,37503,77895,78387,75431,76155,78463,84968,83134,86661,51965,64658,42158,58087,10431,20892,15597,16541,37572,42214,39107,43429,44269,52233,63436,68982,39950,50633,38032,52432,9502,18938,672312,453835,112108,61958,154880,89354,27664,146,136
2021-06-29T23:59:59+02:00,2483,2386,34543,36602,76295,76892,73818,74744,77670,84250,82588,86170,51782,64439,42082,57956,10414,20856,14761,15635,36258,41066,38196,42607,43051,51183,62719,68397,39238,49696,37896,52213,9479,18894,665951,448649,110231,60129,154612,87402,25032,146,135
2021-06-28T23:59:59+02:00,2442,2352,33717,35788,74683,75476,72137,73347,76648,83462,81984,85673,51606,64212,42005,57849,10401,20822,14011,14871,35199,40043,37376,41879,41921,50185,62068,67852,38366,48611,37729,51992,9460,18848,659476,443803,108271,58616,154015,85204,22698,146,134
2021-06-27T23:59:59+02:00,2427,2337,32979,35040,73119,74102,70727,72139,75250,82340,81305,85117,51409,63995,41940,57731,10391,20793,13375,14236,34239,39280,36720,41282,40985,49334,61527,67410,37501,47579,37577,51813,9445,18817,653265,439901,106332,57848,153062,82938,20338,145,134
2021-06-26T23:59:59+02:00,1790,1728,31935,33934,72760,73783,70259,71674,74957,82028,81211,85036,51389,63968,41926,57721,10390,20790,13182,14028,33576,38739,36075,40861,40462,49000,60536,66405,36505,46442,37409,51600,9431,18784,648463,433925,105390,57796,153058,80992,20227,142,133
2021-06-25T23:59:59+02:00,1172,1130,30811,32758,72266,73247,69647,70980,74531,81581,80835,84712,51327,63881,41892,57678,10385,20776,12847,13638,32726,37946,35208,40041,39516,48159,59322,65170,35990,45743,37217,51300,9408,18743,642128,425505,104196,57347,153051,79930,20093,142,133
2021-06-24T23:59:59+02:00,569,569,29467,31429,71487,72488,68775,70094,73859,80948,80389,84348,51221,63751,41840,57608,10374,20742,12180,12929,31552,36644,33990,38778,38386,47047,57684,63794,35513,45226,37060,51111,9389,18683,634296,416148,102707,55792,152938,78045,19877,141,132
2021-06-23T23:59:59+02:00,542,537,28962,30875,70375,71505,67502,68954,73109,80261,79938,83943,51109,63576,41780,57512,10358,20710,11686,12397,30553,35404,33057,37558,37365,46163,55737,62073,34958,44660,36893,50885,9368,18618,628058,406367,101132,54729,152831,76786,19387,141,131
2021-06-22T23:59:59+02:00,519,520,28441,30275,69203,70472,66297,67929,72430,79556,79527,83575,51001,63449,41732,57428,10349,20684,11340,11983,29640,34475,32104,36668,36410,45265,53761,60230,34573,44185,36755,50643,9339,18560,621712,397830,99672,53160,152697,75668,19166,141,129
2021-06-21T23:59:59+02:00,487,486,27772,29592,67883,69291,65107,66800,71672,78777,79131,83184,50894,63339,41673,57339,10335,20643,11047,11665,29018,33894,31551,36100,35801,44676,51915,58574,33863,43384,36459,50218,9309,18484,614881,390251,98170,51964,152574,74994,18641,140,129
2021-06-20T23:59:59+02:00,402,405,27136,28922,66657,68152,64087,65865,70868,78035,78776,82848,50817,63213,41624,57272,10330,20610,10759,11398,28470,33390,31094,35610,35288,44153,50067,56776,33321,42702,36262,49883,9279,18424,608486,382820,96708,51213,152475,74523,18211,140,125
2021-06-19T23:59:59+02:00,369,371,26751,28545,65924,67578,63562,65362,70069,77380,78624,82724,50796,63188,41608,57256,10329,20610,10626,11199,28216,33068,30840,35286,35065,43891,48623,55381,33062,42355,36178,49744,9271,18396,604522,377409,95763,51201,152474,74333,18148,140,125
2021-06-18T23:59:59+02:00,341,338,26290,28071,64909,66842,62826,64752,69150,76542,78234,82391,50733,63113,41581,57220,10325,20602,10410,10956,27816,32646,30513,34873,34674,43494,46885,53704,32709,41842,36042,49534,9252,18362,599100,370545,94521,50912,152468,74114,18032,140,124
2021-06-17T23:59:59+02:00,312,307,25645,27460,63642,65845,61826,63946,67562,75129,77708,81987,50633,62959,41518,57138,10312,20575,9993,10593,27028,31949,29773,34195,33837,42794,45376,52208,32263,41210,35878,49278,9221,18312,593000,363103,91860,49769,152307,73729,17199,139,123
2021-06-16T23:59:59+02:00,277,269,25113,26869,62341,64712,60722,62973,65293,73207,76865,81331,50418,62749,41427,57026,10293,20543,9669,10331,26378,31276,29071,33575,33109,42157,44781,51642,31993,40847,35732,49078,9200,18271,586743,359403,87352,49062,151883,72221,16314,137,123
2021-06-15T23:59:59+02:00,238,238,24460,26158,60932,63486,59641,61991,64138,72126,76358,80912,50296,62600,41376,56930,10286,20513,9400,10049,25778,30539,28436,32821,32431,41435,43221,50009,31542,40292,35560,48845,9170,18207,579578,352672,85726,48173,151426,70967,15813,137,123
2021-06-14T23:59:59+02:00,215,206,23985,25558,59823,62431,58764,61145,63063,71122,75885,80522,50207,62477,41326,56858,10271,20488,9106,9746,25027,29648,27676,31990,31643,40619,41932,48666,31172,39793,35423,48622,9140,18156,573701,346525,84009,47154,151221,69291,15279,137,122
2021-06-13T23:59:59+02:00,210,191,23566,25088,58882,61525,57991,60359,61953,70155,75419,80100,50117,62361,41275,56799,10259,20458,8821,9441,24319,28805,26966,31152,30882,39766,40375,47079,30707,39182,35221,48316,9110,18066,568678,339464,82153,46371,150994,67518,14747,137,120
2021-06-12T23:59:59+02:00,197,173,23308,24807,58323,61018,57630,60080,61311,69514,75218,79988,50092,62330,41263,56785,10256,20454,8702,9321,23843,28224,26444,30579,30354,39206,39274,46104,30538,39003,35126,48151,9106,18055,565724,335214,81198,46368,150986,65637,14703,137,120
2021-06-11T23:59:59+02:00,178,158,22939,24368,57572,60204,56952,59449,60404,68582,74869,79682,50017,62256,41237,56749,10254,20448,8562,9128,23325,27551,25912,29925,29772,38570,38197,45095,30270,38647,34983,47929,9093,18028,560678,330367,79905,46107,150972,63777,14628,136,119
2021-06-10T23:59:59+02:00,163,141,22397,23787,56430,59267,56024,58630,59140,67407,74330,79282,49945,62148,41213,56698,10239,20419,8298,8873,22454,26607,24948,28986,28652,37634,36806,43928,29913,38166,34703,47496,9026,17952,555087,323454,77696,45399,150732,61473,14010,136,117
2021-06-09T23:59:59+02:00,143,126,21765,23204,55168,58162,54947,57719,58190,66500,73868,78887,49857,62047,41161,56636,10225,20388,8005,8611,21526,25746,24016,28103,27620,36684,35086,42138,29524,37667,34517,47227,8984,17861,549285,316017,76243,44667,150377,59572,12954,135,115
2021-06-08T23:59:59+02:00,121,108,21088,22494,53857,57032,53830,56738,57237,65644,73321,78452,49768,61923,41107,56544,10207,20359,7738,8367,20627,24854,22961,27240,26586,35723,33724,40832,29166,37160,34197,46770,8933,17778,542603,309708,75313,43896,149938,57106,11841,135,113
2021-06-07T23:59:59+02:00,104,91,20435,21860,52419,55773,52572,55759,56080,64657,72769,78048,49683,61818,41061,56480,10194,20331,7483,8141,19787,24033,21941,26430,25555,34851,32790,40047,28884,36765,33946,46341,8882,17685,535315,305083,74411,43078,149528,54548,10745,135,113
2021-06-06T23:59:59+02:00,97,85,19923,21326,51275,54667,51464,54778,55113,63704,72257,77645,49597,61742,41025,56417,10186,20315,7271,7946,19006,23138,21039,25556,24485,33869,31874,39229,28594,36425,33692,45951,8831,17611,528983,300533,73390,42337,149195,51628,9915,133,110
2021-06-05T23:59:59+02:00,91,77,19653,21016,50491,53909,50812,54274,54640,63227,72124,77533,49586,61728,41022,56414,10183,20315,7040,7534,18365,22070,20315,24445,23609,32616,30839,37912,28261,35960,33568,45776,8824,17591,524636,294232,73384,42298,149107,48256,9835,133,110
2021-06-04T23:59:59+02:00,81,71,19201,20430,49430,52896,49996,53407,53987,62438,71781,77205,49558,61691,41002,56400,10181,20310,6817,7218,17739,21223,19627,23452,22669,31337,29617,36570,27973,35594,33454,45601,8812,17570,518154,287768,73057,42229,149091,45542,9630,133,109
2021-06-03T23:59:59+02:00,70,60,18523,19737,47911,51592,48777,52280,53016,61411,71275,76746,49492,61586,40964,56352,10168,20285,6526,6821,17002,20179,18825,22303,21664,29906,28449,35084,27431,34813,33248,45276,8775,17495,510385,281031,72044,41476,148817,42321,8868,131,106
2021-06-02T23:59:59+02:00,65,56,18142,19225,46889,50604,47894,51515,52265,60650,71026,76534,49453,61551,40945,56324,10160,20271,6336,6585,16361,19492,17902,21544,20818,28956,27355,33679,26966,34209,33087,45025,8746,17425,504099,274762,72026,41462,148796,39646,8519,129,101
2021-06-01T23:59:59+02:00,54,50,17463,18486,45019,48872,46238,50053,50746,59185,70345,75934,49361,61440,40886,56251,10147,20222,6057,6268,15199,18592,16389,20578,19602,27703,26125,32283,26411,33512,32836,44675,8699,17322,494986,268259,70660,40890,148249,36274,6731,126,100
2021-05-31T23:59:59+02:00,52,46,16980,17994,43708,47729,45016,48942,49503,58061,69662,75422,49279,61337,40840,56182,10135,20185,5778,5939,14152,17761,14974,19655,18420,26587,24898,30940,25893,32793,32641,44378,8665,17223,488735,261961,69496,40348,147782,33357,4935,125,99
2021-05-30T23:59:59+02:00,46,45,16650,17598,42736,46787,44107,48039,48495,57062,69105,74876,49174,61181,40768,56067,10119,20142,5588,5693,13605,17061,14344,18956,17520,25615,23795,29766,25122,31843,32344,43960,8620,17134,482776,255997,68465,39545,147373,31074,4259,124,94
2021-05-29T23:59:59+02:00,46,44,16517,17473,42371,46470,43763,47775,48254,56870,69047,74822,49168,61175,40761,56063,10119,20141,5424,5449,13094,16256,13701,18109,16675,24447,22680,28465,24963,31610,32280,43865,8617,17127,480798,250391,68342,39545,147365,28486,4250,124,93
2021-05-28T23:59:59+02:00,45,42,16212,17167,41668,45841,43252,47210,47745,56335,68771,74528,49102,61093,40734,56013,10116,20136,5182,5066,12559,15346,13022,17247,15812,23212,21578,27026,24714,31241,32185,43732,8607,17111,476502,244347,67835,39441,147338,25554,4211,124,90
2021-05-27T23:59:59+02:00,42,39,15687,16622,40515,44851,42234,46314,46755,55444,68190,74094,48979,60933,40680,55941,10105,20096,4944,4721,11913,14530,12240,16314,14741,22017,20321,25514,24212,30504,32013,43470,8573,17027,470618,237000,66317,38635,146619,23492,3844,123,86
2021-05-26T23:59:59+02:00,40,38,15275,16185,39421,43931,41194,45437,45725,54566,67584,73583,48826,60751,40596,55774,10083,20048,4751,4521,11361,13771,11519,15466,13731,20886,18922,23923,23627,29717,31796,43125,8519,16925,465468,229732,64296,37764,145630,21441,3540,123,86
2021-05-25T23:59:59+02:00,40,37,14869,15776,38419,43042,40227,44585,44773,53648,66967,73052,48643,60511,40517,55641,10057,19995,4535,4313,10821,13131,10754,14696,12659,19645,17488,22421,23039,28937,31559,42798,8462,16830,460144,222357,62716,36821,144521,19534,3295,123,84
2021-05-24T23:59:59+02:00,40,36,14523,15450,37583,42309,39359,43912,43911,52862,66439,72566,48520,60334,40454,55516,10037,19950,4391,4186,10375,12667,10119,14117,11770,18810,16203,21158,22364,28104,31342,42466,8403,16740,455529,215447,61483,35879,143776,18918,2890,123,84
2021-05-23T23:59:59+02:00,36,36,14355,15274,37116,41934,38908,43509,43460,52455,66168,72338,48440,60243,40415,55469,10030,19926,4201,4046,9909,12194,9499,13512,10826,17994,15006,20096,21893,27533,31089,42177,8352,16654,452332,208449,61102,35798,143753,17852,2802,123,83
2021-05-22T23:59:59+02:00,34,34,14160,15058,36426,41373,38222,43056,42884,52046,65150,71325,48233,59984,40343,55355,10020,19905,4090,3750,9696,11777,9346,13187,10583,17549,14736,19694,21799,27416,31055,42135,8345,16645,445878,207221,61099,35795,143738,15937,2770,123,83
2021-05-21T23:59:59+02:00,33,33,13775,14650,35358,40464,37161,42135,41819,51145,63793,70037,48004,59648,40263,55207,10003,19872,3981,3651,9490,11513,9132,12922,10249,17222,14321,19321,21578,27130,30993,42045,8336,16637,436283,205264,60741,35489,143502,14937,2753,121,81
2021-05-20T23:59:59+02:00,30,33,12968,13911,33920,39008,35741,40736,40414,49945,62498,68887,47710,59309,40118,55025,9982,19822,3830,3476,8965,10907,8483,12211,9550,16372,13565,18357,20761,26010,30799,41746,8297,16550,426043,200897,59041,34645,142483,11888,2371,119,81
2021-05-19T23:59:59+02:00,30,32,12423,13336,32745,37593,34642,39357,39289,48987,60489,67111,47227,58751,39932,54762,9939,19716,3724,3339,8687,10531,8187,11839,9113,15863,12928,17693,19896,24880,30572,41442,8240,16435,415182,196646,57523,33831,141371,10648,2168,117,79
2021-05-18T23:59:59+02:00,28,32,12000,12880,31711,36585,33564,38444,38249,48057,58423,65238,46872,58304,39776,54521,9907,19657,3523,3172,8191,9935,7718,11295,8567,15192,12247,16923,18953,23644,30334,41100,8202,16329,406509,192534,55575,32990,140180,7855,1870,114,79
2021-05-17T23:59:59+02:00,26,31,11746,12595,31193,36029,33068,37885,37657,47419,56521,63530,46169,57479,39497,54121,9870,19583,3436,3061,7924,9659,7422,10998,8164,14778,11675,16317,18031,22512,30099,40780,8167,16253,398914,188153,54445,32244,139370,7227,1578,112,77
2021-05-16T23:59:59+02:00,26,31,11528,12339,30668,35526,32605,37393,37135,46847,54619,61698,45620,56780,39304,53802,9842,19527,3338,2959,7635,9364,7098,10657,7690,14311,11093,15730,17101,21360,29889,40490,8128,16184,391937,183862,53476,31394,138706,6638,1061,110,75
2021-05-15T23:59:59+02:00,26,31,11368,12133,30390,35192,32368,37073,36907,46583,53051,60215,45370,56474,39227,53663,9836,19499,3316,2940,7610,9335,7083,10636,7672,14296,11074,15708,16990,21144,29680,40180,8120,16174,386120,182864,53472,31393,138660,6586,1044,110,74
2021-05-14T23:59:59+02:00,26,31,11120,11845,29918,34688,31988,36611,36390,46108,51172,58377,45007,55973,39087,53457,9820,19459,3288,2918,7539,9264,7025,10564,7608,14234,10892,15507,16255,20076,29394,39691,8103,16134,378306,179926,53141,31055,138527,6446,994,109,74
2021-05-13T23:59:59+02:00,23,30,10830,11511,29265,34036,31383,36009,35714,45437,49699,56861,44574,55345,38915,53210,9793,19412,3209,2868,7409,9160,6936,10470,7505,14123,10560,15160,15191,18831,29006,39049,8060,16059,371168,176106,52125,30491,137773,6057,874,107,71
2021-05-12T23:59:59+02:00,22,28,10698,11366,28978,33717,31114,35718,35401,45122,49415,56549,44478,55238,38863,53131,9786,19373,3196,2841,7376,9124,6904,10435,7474,14083,10388,15003,14812,18394,28701,38564,8038,16012,368486,174032,52038,30480,137615,6012,752,106,71
2021-05-11T23:59:59+02:00,21,25,10341,11035,28123,32898,30290,34963,34539,44336,47676,54772,44021,54640,38688,52841,9748,19270,3107,2744,7133,8844,6678,10133,7258,13714,9910,14458,13822,17244,28285,37946,8000,15918,361547,170348,50331,29583,135720,4670,524,105,71
2021-05-10T23:59:59+02:00,20,25,10031,10747,27375,32192,29515,34268,33770,43567,46367,53499,43637,54130,38499,52538,9698,19156,3064,2697,7005,8720,6582,10013,7114,13535,9643,14155,13118,16378,27855,37333,7974,15838,355282,167521,49214,29199,134025,3828,411,102,67
2021-05-09T23:59:59+02:00,19,25,9791,10493,26687,31506,28858,33575,33046,42872,44830,52016,43137,53508,38300,52234,9661,19070,3015,2649,6879,8578,6477,9873,7000,13323,9331,13843,12320,15478,27488,36792,7954,15782,348178,164658,48140,28649,132889,3087,323,98,67
2021-05-08T23:59:59+02:00,19,25,9698,10420,26304,31204,28404,33256,32579,42564,43775,51186,42984,53345,38261,52173,9658,19064,3011,2645,6870,8573,6472,9865,6991,13311,9321,13830,12283,15416,26806,35841,7917,15706,343603,162783,48100,28622,132801,3072,317,98,66
2021-05-07T23:59:59+02:00,18,25,9555,10270,25830,30822,27949,32880,32073,42211,42729,50358,42712,53002,38150,52015,9646,19037,2947,2618,6810,8529,6416,9810,6939,13259,9146,13609,11650,14605,25859,34453,7869,15624,338454,158670,47792,28252,132643,2859,298,95,66
2021-05-06T23:59:59+02:00,16,24,9147,9975,24912,30054,26887,32078,30845,41383,41112,49141,42328,52452,37955,51772,9608,18963,2875,2571,6679,8382,6298,9680,6790,13071,8874,13306,10998,13737,24891,33070,7834,15562,330587,154866,46713,27294,130980,2112,282,90,66
2021-05-05T23:59:59+02:00,16,23,8774,9772,24029,29455,26032,31425,29762,40595,39132,47324,41881,51902,37748,51489,9551,18850,2831,2538,6561,8252,6197,9565,6689,12925,8627,13046,10282,12904,23873,31744,7805,15490,322744,150957,45861,26404,128865,1706,200,90,64
2021-05-04T23:59:59+02:00,16,22,8531,9532,23246,28809,25057,30688,28691,39756,37608,45858,41406,51315,37471,51142,9500,18727,2788,2515,6489,8180,6113,9495,6613,12838,8390,12825,9550,12043,22923,30495,7771,15427,316068,147204,44889,25599,126231,1494,97,90,63
2021-05-03T23:59:59+02:00,16,21,8320,9318,22548,28228,24222,30086,27783,39059,36650,45109,41060,50845,37253,50852,9449,18624,2740,2481,6418,8104,6033,9428,6523,12755,8163,12610,8795,11144,22003,29274,7740,15376,311200,143441,44114,24775,123982,1253,58,89,62
2021-05-02T23:59:59+02:00,16,21,8155,9155,21913,27650,23489,29498,26965,38440,35834,44473,40803,50516,37138,50664,9414,18567,2703,2458,6377,8064,5996,9393,6482,12714,7982,12436,8193,10402,21292,28402,7719,15357,306380,140243,43348,24498,122845,1121,50,88,60
2021-05-01T23:59:59+02:00,15,21,7999,8969,21539,27197,23010,28930,26318,37722,35005,43578,40536,50139,37039,50510,9408,18550,2697,2450,6352,8054,5980,9384,6464,12701,7966,12419,8156,10338,21253,28345,7715,15353,300262,139951,43346,24490,122740,1079,49,88,60
2021-04-30T23:59:59+02:00,15,20,7848,8789,21150,26772,22560,28359,25561,36935,33988,42610,40305,49818,36941,50356,9396,18527,2675,2436,6328,8036,5959,9366,6435,12680,7934,12386,8117,10269,21203,28263,7712,15343,293926,139641,43338,24415,122557,986,42,87,60
2021-04-29T23:59:59+02:00,14,20,7570,8546,20556,26192,21891,27677,24629,35970,32710,41271,39260,48416,36624,49883,9338,18398,2640,2401,6237,7926,5870,9265,6342,12540,7730,12111,7491,9540,20793,27746,7688,15268,285162,137566,42553,23183,121126,741,42,82,58
2021-04-28T23:59:59+02:00,13,18,7288,8330,20035,25728,21254,27083,23745,35122,31308,39819,38093,46822,36282,49390,9276,18257,2569,2353,6124,7805,5760,9134,6241,12385,7509,11837,6800,8690,20376,27164,7648,15197,276480,135104,41775,21879,119488,513,42,78,56
2021-04-27T23:59:59+02:00,12,18,7098,8150,19608,25300,20632,26546,22887,34338,30090,38493,37001,45375,35900,48822,9206,18130,2543,2328,6023,7708,5707,9035,6175,12260,7295,11642,6195,7952,19974,26664,7628,15174,268645,133007,40907,20934,117934,266,42,78,56
2021-04-26T23:59:59+02:00,11,18,6916,7983,19187,24880,20084,26022,22077,33581,28874,37252,35940,43954,35592,48335,9155,18003,2530,2317,5977,7665,5662,8996,6137,12215,7108,11480,5582,7217,19599,26219,7605,15146,260936,131040,40082,20088,116730,234,39,77,56
2021-04-25T23:59:59+02:00,11,17,6811,7846,18853,24610,19705,25681,21465,32958,27884,36292,34805,42522,35274,47905,9113,17921,2516,2309,5959,7640,5642,8978,6116,12189,7070,11453,5454,7033,19262,25755,7589,15101,253722,130408,39366,19344,116471,223,38,76,55
2021-04-24T23:59:59+02:00,11,17,6646,7668,18411,24183,19152,25145,20679,32156,26796,35239,34553,42208,35181,47740,9103,17909,2512,2302,5947,7630,5631,8968,6111,12185,7060,11446,5379,6921,19165,25613,7586,15093,247751,129949,39361,19304,115571,206,38,76,54
2021-04-23T23:59:59+02:00,11,17,6419,7466,17962,23708,18586,24533,19851,31341,25632,34038,33774,41037,35037,47507,9089,17886,2506,2283,5920,7608,5594,8929,6066,12139,7014,11394,5215,6641,18625,24981,7486,14922,240164,128095,39032,18955,114585,184,38,75,53
2021-04-22T23:59:59+02:00,10,16,6204,7257,17357,23124,17796,23756,18799,30314,24307,32600,32734,39682,34791,47150,9049,17807,2490,2267,5874,7557,5544,8845,5988,12060,6939,11323,4928,6219,17908,24104,7365,14725,231120,125914,38109,17986,113414,149,38,72,51
2021-04-21T23:59:59+02:00,10,15,6003,7074,16827,22655,17137,23153,17807,29413,22752,31007,31727,38443,34493,46707,9000,17718,2466,2250,5830,7499,5484,8770,5922,11959,6844,11243,4767,5945,17207,23252,7249,14544,222215,123813,37335,17215,112282,117,38,71,50
2021-04-20T23:59:59+02:00,9,14,5817,6878,16264,22180,16387,22500,16810,28407,21276,29537,30573,36949,34175,46261,8946,17619,2452,2236,5781,7460,5443,8725,5874,11892,6766,11179,4651,5788,16605,22477,7122,14364,213177,122125,36448,16499,110870,109,37,70,47
2021-04-19T23:59:59+02:00,9,14,5630,6718,15730,21752,15713,21947,15815,27529,19885,28137,29187,35303,33856,45776,8886,17500,2441,2219,5757,7427,5407,8691,5835,11847,6685,11102,4523,5627,15957,21760,7014,14202,204452,120474,35669,15832,109162,106,37,67,47
2021-04-18T23:59:59+02:00,8,14,5441,6577,15297,21428,15094,21383,14841,26735,18548,26999,27795,33652,33521,45351,8824,17410,2391,2172,5626,7302,5292,8579,5729,11697,6579,10984,4404,5441,15367,21094,6898,14020,195891,118827,34834,14565,108090,102,37,66,46
2021-04-17T23:59:59+02:00,8,13,5403,6542,15143,21351,14921,21297,14604,26556,18293,26778,27288,33106,33394,45203,8815,17395,2364,2133,5526,7149,5187,8422,5629,11510,6491,10853,4351,5377,15123,20800,6888,14006,194665,117073,34829,14561,106513,94,37,66,46
2021-04-16T23:59:59+02:00,8,13,5339,6487,14965,21202,14708,21136,14317,26311,17873,26368,26242,31873,33258,44994,8794,17372,2319,2082,5411,6962,5049,8241,5478,11267,6292,10632,4149,5142,14472,20004,6791,13859,191308,113821,34542,14161,105307,87,37,66,46
2021-04-15T23:59:59+02:00,7,12,5267,6408,14751,20991,14441,20848,13887,25962,17235,25738,24871,30254,32999,44668,8758,17290,2247,1998,5215,6727,4852,7924,5272,10947,6077,10346,3948,4889,13640,18919,6677,13691,186729,109995,33731,13216,103825,78,37,65,45
2021-04-14T23:59:59+02:00,7,12,5185,6339,14546,20791,14185,20624,13501,25626,16568,25115,23287,28467,32686,44266,8703,17196,2055,1878,4998,6466,4666,7674,5045,10698,5841,10059,3813,4683,12905,18001,6549,13476,182114,106893,32857,11763,102032,72,37,64,44
2021-04-13T23:59:59+02:00,7,12,5131,6289,14341,20660,13946,20442,13158,25328,15996,24612,21576,26613,32365,43851,8673,17088,1968,1825,4831,6277,4481,7450,4845,10442,5636,9820,3672,4517,12386,17385,6425,13313,177871,104485,31981,10647,100136,62,37,63,44
2021-04-12T23:59:59+02:00,7,11,5068,6221,14122,20466,13642,20180,12768,24911,15416,24059,19968,24667,32073,43489,8630,17013,1840,1733,4648,6119,4330,7274,4683,10249,5500,9661,3556,4363,11950,16874,6314,13151,173485,102800,30925,9308,98201,60,37,63,42
2021-04-11T23:59:59+02:00,7,11,4997,6147,13902,20267,13346,19969,12350,24558,14847,23547,18458,22887,31812,43147,8585,16931,1802,1696,4529,6006,4219,7151,4560,10118,5365,9530,3440,4244,11458,16263,6181,12943,169187,101045,29966,8330,96519,58,35,61,39
2021-04-10T23:59:59+02:00,7,11,4992,6138,13884,20252,13337,19958,12332,24540,14823,23526,17766,21962,31521,42728,8567,16904,1798,1682,4514,5996,4204,7136,4547,10104,5312,9464,3336,4129,10905,15429,6051,12745,168111,98897,29939,8330,95105,56,32,61,39
2021-04-09T23:59:59+02:00,7,11,4978,6118,13845,20203,13292,19907,12283,24481,14561,23272,16244,20072,31113,42080,8533,16861,1773,1667,4491,5980,4176,7109,4503,10066,5273,9415,3249,4008,10036,14441,5902,12547,165476,96438,29599,8081,92697,53,30,59,36
2021-04-08T23:59:59+02:00,7,11,4933,6091,13744,20129,13211,19826,12181,24377,14220,22910,14472,17851,30491,41071,8470,16737,1750,1652,4461,5926,4123,7024,4438,9986,5200,9338,3139,3903,9558,13834,5696,12301,161615,94580,28567,7642,90470,52,23,57,34
2021-04-07T23:59:59+02:00,7,11,4902,6061,13636,20046,13117,19738,12074,24270,13837,22548,12952,15992,29847,40092,8416,16636,1731,1637,4407,5857,4037,6951,4350,9902,5111,9238,3048,3809,8797,12736,5458,11894,157165,92004,27688,6864,89252,43,21,56,33
2021-04-06T23:59:59+02:00,7,11,4872,6037,13537,19979,13034,19680,11999,24207,13461,22198,11314,13983,29188,39121,8384,16565,1668,1582,4277,5728,3928,6828,4231,9752,5007,9108,2932,3688,8090,11804,5184,11529,153153,89614,26810,5631,87540,42,19,55,32
2021-04-05T23:59:59+02:00,7,10,4834,6007,13461,19912,12966,19612,11943,24127,13187,21945,9699,12031,28458,38066,8348,16502,1597,1515,4122,5576,3760,6673,4077,9602,4852,8979,2801,3571,7275,10836,4911,11136,149938,87230,25791,3966,85314,39,18,54,32
2021-04-04T23:59:59+02:00,7,10,4817,5990,13450,19890,12956,19595,11936,24108,13088,21873,8671,10768,28006,37424,8323,16445,1595,1512,4114,5570,3759,6668,4072,9598,4850,8971,2796,3562,7039,10369,4827,11011,148197,86269,25787,3966,83303,34,16,54,30
2021-04-03T23:59:59+02:00,7,10,4814,5979,13433,19871,12944,19585,11926,24097,13074,21855,7763,9699,27121,36180,8273,16333,1591,1508,4112,5565,3757,6665,4064,9586,4836,8958,2789,3549,6902,10102,4788,10929,145717,85658,25778,3966,81401,34,15,53,30
2021-04-02T23:59:59+02:00,7,10,4809,5959,13397,19845,12906,19542,11880,24048,13001,21789,7249,8947,25530,34076,8126,16062,1582,1492,4086,5541,3731,6625,4028,9525,4715,8673,2661,3393,6526,9705,4638,10723,141247,83832,25438,3737,80432,34,13,53,30
2021-04-01T23:59:59+02:00,6,9,4759,5899,13302,19701,12787,19393,11730,23893,12403,21344,6684,8236,24020,32101,7998,15820,1518,1444,3976,5422,3665,6553,3960,9458,4636,8569,2565,3253,6012,9021,4460,10446,137041,81559,24295,3330,78687,30,12,50,29
2021-03-31T23:59:59+02:00,6,9,4708,5842,13178,19546,12652,19238,11542,23714,12142,21082,6361,7861,22534,30143,7846,15590,1505,1433,3951,5399,3633,6525,3921,9411,4596,8514,2501,3177,5522,8373,4281,10207,133093,79772,23201,3112,77641,30,9,50,28
2021-03-30T23:59:59+02:00,6,9,4643,5775,13041,19397,12541,19060,11413,23550,11974,20944,6170,7644,21140,28407,7700,15385,1488,1397,3910,5366,3568,6454,3832,9298,4464,8344,2365,2973,5099,7816,4135,9950,129722,77538,22269,2871,76753,18,6,49,28
2021-03-29T23:59:59+02:00,6,9,4603,5733,12922,19303,12475,18975,11330,23445,11822,20810,6013,7444,19711,26717,7573,15182,1428,1356,3856,5320,3494,6385,3715,9155,4311,8154,2242,2833,4537,7143,3978,9674,126117,74874,21400,2660,76502,17,5,49,27
2021-03-28T23:59:59+02:00,6,9,4555,5664,12800,19163,12390,18884,11227,23345,11715,20707,5861,7238,18527,25209,7453,14984,1395,1313,3757,5212,3300,6158,3627,9038,4260,8098,2188,2769,3780,6125,3793,9404,123110,71816,20603,2364,75973,10,5,46,24
2021-03-27T23:59:59+01:00,6,9,4523,5614,12693,19000,12274,18722,11112,23141,11607,20558,5794,7153,18239,24861,7442,14966,1389,1310,3752,5208,3297,6151,3341,8690,4061,7800,2182,2766,3767,6090,3756,9339,121270,70502,20563,2364,75830,6,5,46,24
2021-03-26T23:59:59+01:00,6,8,4487,5557,12581,18810,12141,18522,10960,22910,11447,20346,5629,6938,17629,24066,7343,14814,1387,1309,3747,5201,3274,6135,3322,8670,3849,7351,2003,2359,3504,5805,3604,9100,118168,68231,20221,2357,75755,6,4,46,24
2021-03-25T23:59:59+01:00,6,8,4411,5466,12383,18571,11940,18199,10749,22582,11207,20019,5414,6651,16597,22758,7216,14623,1378,1298,3727,5175,3240,6108,3270,8632,3802,7308,1932,2246,3067,5122,3441,8791,114193,66250,19148,2257,75410,4,4,45,24
2021-03-24T23:59:59+01:00,6,8,4330,5354,12164,18121,11721,17788,10526,22190,10974,19645,5144,6305,15550,21541,7074,14395,1355,1284,3703,5130,3204,6044,3216,8561,3750,7236,1879,2187,2757,4786,3290,8519,111074,64856,18057,2016,73656,4,4,45,23
2021-03-23T23:59:59+01:00,6,8,4273,5285,11996,17779,11521,17435,10335,21823,10750,19353,5007,6110,14908,20723,6934,14219,1339,1276,3687,5110,3183,6026,3190,8510,3712,7193,1842,2128,2525,4512,3079,8191,108703,63500,17324,1974,72389,4,4,45,23
2021-03-22T23:59:59+01:00,6,8,4221,5207,11797,17446,11333,17112,10111,21498,10534,19049,4857,5901,14285,20006,6801,14034,1326,1266,3656,5077,3151,5989,3163,8453,3675,7149,1799,2074,2327,4259,2881,7854,106837,62236,16604,1833,70719,4,4,42,23
2021-03-21T23:59:59+01:00,6,8,4149,5083,11520,17031,11051,16708,9839,21042,10277,18695,4744,5730,13588,19215,6656,13826,1318,1265,3639,5061,3129,5956,3140,8426,3656,7125,1779,2045,2159,4095,2710,7583,104948,61230,15305,1828,68869,4,4,42,21
2021-03-20T23:59:59+01:00,5,8,4121,5013,11378,16699,10927,16394,9699,20744,10101,18412,4616,5569,12958,18267,6516,13608,1317,1264,3639,5059,3126,5955,3137,8420,3651,7120,1775,2040,2127,4033,2685,7540,102747,61032,15300,1828,66942,4,4,42,21
2021-03-19T23:59:59+01:00,5,7,4076,4931,11210,16336,10744,16042,9524,20362,9881,18051,4456,5369,11928,17055,6353,13397,1308,1257,3622,5030,3096,5877,3091,8326,3547,6945,1650,1927,2051,3969,2572,7332,100032,59748,14886,1824,64766,4,4,39,21
2021-03-18T23:59:59+01:00,5,7,3990,4827,10961,15913,10480,15598,9243,19895,9656,17707,4309,5203,11302,16188,6122,13132,1304,1246,3605,4995,3076,5833,3070,8270,3520,6897,1630,1894,2015,3902,2446,7120,98228,59064,13877,1732,62391,4,4,38,20
2021-03-17T23:59:59+01:00,5,7,3814,4712,10665,15501,10222,15241,9001,19532,9402,17358,4188,5038,10483,14945,5858,12705,1303,1243,3592,4978,3069,5813,3060,8236,3504,6873,1627,1869,1991,3872,2334,6934,95569,58554,12332,1718,60734,3,4,38,20
2021-03-16T23:59:59+01:00,5,7,3671,4588,10329,15038,9953,14872,8726,19086,9104,16992,4048,4871,9661,13817,5577,12345,1290,1240,3588,4972,3059,5808,3054,8224,3497,6859,1601,1844,1952,3821,2213,6753,93234,58110,11139,1640,58276,3,3,38,20
2021-03-15T23:59:59+01:00,5,7,3524,4469,10019,14576,9661,14417,8428,18611,8816,16582,3902,4703,8947,12749,5348,12020,1280,1232,3567,4960,3047,5784,3033,8185,3477,6817,1586,1831,1933,3790,2097,6564,91258,57521,9778,1638,55710,3,2,36,20
2021-03-14T23:59:59+01:00,5,7,3451,4383,9760,14145,9409,14019,8111,18117,8535,16188,3739,4516,8138,11509,5035,11555,1266,1226,3546,4942,3026,5742,3011,8105,3449,6749,1559,1777,1872,3662,1929,6165,88925,56988,8758,1016,52906,3,0,33,20
2021-03-13T23:59:59+01:00,5,7,3369,4125,9446,13481,9160,13440,7883,17534,8328,15750,3628,4413,7947,11211,4983,11463,1266,1226,3546,4942,3026,5742,3010,8104,3447,6747,1555,1776,1870,3658,1928,6164,88255,56969,8758,1016,49127,3,0,33,20
2021-03-12T23:59:59+01:00,5,7,3306,3983,9198,12944,8921,12915,7649,16897,7970,14998,3465,4243,7560,10801,4842,11273,1262,1223,3541,4928,3023,5739,3003,8096,3443,6741,1528,1747,1849,3642,1830,5983,86469,56541,8508,1015,45967,3,0,33,20
2021-03-11T23:59:59+01:00,5,7,3152,3709,8817,12195,8617,12244,7316,16109,7623,14349,3305,4037,6995,10079,4646,10963,1244,1212,3509,4885,2978,5662,2968,7972,3392,6643,1483,1694,1765,3437,1626,5449,84005,55786,8050,114,42082,2,0,31,18
2021-03-10T23:59:59+01:00,5,7,3085,3602,8328,11691,7939,11766,6995,15616,7322,13756,3146,3877,6426,9382,4468,10685,1233,1198,3479,4828,2946,5585,2932,7833,3338,6521,1443,1653,1702,3338,1504,5160,82157,54585,7494,91,38416,0,0,29,18
2021-03-09T23:59:59+01:00,5,6,2979,3422,7653,11249,7060,11289,6579,15003,6957,13150,2910,3577,5914,8746,4310,10401,1228,1195,3456,4782,2919,5520,2916,7781,3320,6475,1429,1629,1666,3295,1393,4955,79837,53887,6131,57,35213,0,0,29,16
2021-03-08T23:59:59+01:00,5,6,2804,3185,7018,10709,6250,10810,6179,14482,6563,12580,2697,3366,5306,8008,4160,10130,1222,1188,3434,4718,2894,5444,2877,7686,3288,6400,1422,1620,1663,3287,1388,4952,77012,53413,4984,55,32234,0,0,28,16
2021-03-07T23:59:59+01:00,5,6,2691,3052,6689,10214,5841,10268,5883,14035,6319,12189,2598,3274,4540,6943,3942,9845,1218,1185,3431,4713,2889,5432,2873,7669,3280,6386,1416,1606,1640,3246,1371,4908,73750,53196,4149,52,30411,0,0,24,16
2021-03-06T23:59:59+01:00,5,6,2647,2909,6504,9766,5644,9855,5406,13178,5943,11451,2576,3246,4534,6932,3939,9842,1218,1184,3428,4707,2887,5431,2872,7668,3279,6383,1415,1603,1640,3244,1370,4908,72518,53171,4149,52,27692,0,0,24,15
2021-03-05T23:59:59+01:00,5,6,2551,2653,6291,9190,5431,9463,5229,12612,5564,10468,2347,2778,4153,6549,3801,9621,1205,1181,3412,4691,2882,5418,2863,7650,3267,6364,1402,1595,1639,3240,1365,4904,70179,53014,3913,52,24596,0,0,24,13
2021-03-04T23:59:59+01:00,5,6,2473,2446,6078,8755,5272,9122,5047,12189,5387,10090,2252,2608,3594,5725,3632,9273,1193,1165,3369,4592,2849,5350,2831,7553,3236,6289,1383,1587,1625,3226,1355,4893,68109,52436,3468,51,22353,0,0,24,10
2021-03-03T23:59:59+01:00,4,6,2416,2391,5906,8344,5103,8758,4833,11741,5198,9645,2169,2502,3185,5283,3472,8977,1173,1156,3334,4546,2812,5284,2790,7454,3188,6214,1363,1561,1605,3195,1349,4875,66671,51844,3223,47,20016,0,0,23,9
2021-03-02T23:59:59+01:00,4,6,2360,2297,5750,8012,4945,8503,4668,11341,5037,9325,2100,2411,2878,4925,3253,8649,1168,1146,3316,4525,2797,5257,2773,7405,3180,6186,1358,1551,1587,3176,1346,4870,65295,51586,2964,47,18182,0,0,23,9
2021-03-01T23:59:59+01:00,4,6,2333,2266,5643,7795,4846,8358,4583,11188,4935,9152,2044,2334,2580,4601,3063,8330,1162,1143,3302,4507,2785,5228,2756,7359,3167,6158,1352,1548,1580,3166,1343,4864,64020,51365,2741,47,17277,0,0,23,9
2021-02-28T23:59:59+01:00,3,6,2281,2222,5462,7536,4671,8138,4446,11003,4825,9023,2004,2270,2282,4297,2859,8015,1153,1137,3288,4497,2778,5221,2751,7345,3160,6144,1347,1545,1572,3147,1342,4831,62891,51204,2439,47,15990,0,0,23,8
2021-02-27T23:59:59+01:00,3,6,2193,1912,5290,7112,4572,7830,4364,10654,4753,8773,1976,2209,2252,4251,2837,7964,1149,1133,3286,4495,2773,5219,2747,7342,3155,6140,1346,1545,1571,3145,1341,4830,62655,51166,2439,44,13834,0,0,23,8
2021-02-26T23:59:59+01:00,3,6,2128,1835,5147,6876,4425,7570,4211,10387,4543,8490,1847,2101,2191,4211,2728,7781,1127,1120,3270,4460,2761,5181,2736,7290,3134,6086,1340,1534,1567,3137,1340,4828,61320,50861,2433,43,12704,0,0,23,8
2021-02-25T23:59:59+01:00,3,6,1999,1734,4824,6469,3997,7116,3927,9870,4310,8108,1789,2042,2160,4153,2612,7585,1109,1103,3230,4415,2730,5131,2690,7184,3095,5994,1329,1518,1550,3096,1326,4769,60839,50222,2327,41,9515,0,0,23,7
2021-02-24T23:59:59+01:00,3,6,1965,1668,4708,6256,3892,6902,3806,9627,4187,7949,1766,2009,2129,4110,2497,7384,1096,1098,3200,4352,2695,5067,2664,7099,3066,5923,1313,1501,1525,3046,1314,4700,60285,49625,2083,29,8473,0,0,23,6
2021-02-23T23:59:59+01:00,3,6,1738,1523,4336,5770,3610,6515,3587,9247,4032,7666,1736,1977,2084,4062,2383,7198,1077,1085,3164,4325,2667,5009,2638,7023,3030,5864,1293,1481,1498,3011,1304,4645,59823,49095,2036,15,5591,0,0,23,5
2021-02-22T23:59:59+01:00,3,6,1729,1505,4286,5711,3574,6451,3522,9152,3971,7570,1704,1950,2058,4012,2263,6999,1072,1072,3143,4279,2647,4970,2613,6963,3001,5811,1281,1467,1487,3000,1296,4636,59276,48725,1893,9,5274,0,0,23,5
2021-02-21T23:59:59+01:00,3,6,1717,1500,4256,5677,3530,6413,3482,9098,3927,7520,1694,1942,2053,4002,2139,6833,1065,1061,3122,4239,2618,4920,2598,6895,2973,5722,1268,1451,1464,2939,1268,4554,58923,48145,1887,8,4960,0,0,22,5
2021-02-20T23:59:59+01:00,3,6,1714,1499,4250,5674,3528,6412,3482,9096,3925,7519,1689,1940,2051,3998,2138,6833,1065,1061,3120,4237,2618,4920,2597,6894,2973,5722,1268,1450,1463,2939,1268,4554,58906,48137,1887,8,4942,0,0,22,5
2021-02-19T23:59:59+01:00,3,6,1688,1492,4237,5655,3516,6399,3471,9086,3916,7504,1662,1911,2030,3980,2037,6650,1064,1060,3119,4236,2617,4919,2597,6891,2970,5720,1268,1449,1463,2937,1268,4554,58482,48121,1881,8,4860,0,0,20,4
2021-02-18T23:59:59+01:00,3,6,1638,1460,4142,5544,3443,6295,3383,8921,3829,7364,1640,1876,1996,3909,1903,6450,1018,1018,2978,4017,2491,4650,2487,6552,2862,5455,1236,1406,1431,2850,1239,4401,57827,46081,1790,8,4165,0,0,20,3
2021-02-17T23:59:59+01:00,3,5,1616,1430,4045,5394,3360,6142,3264,8686,3703,7163,1587,1805,1917,3803,1777,6132,960,969,2829,3796,2375,4339,2363,6141,2732,5143,1184,1343,1383,2738,1189,4225,56580,43699,1780,7,3452,0,0,20,3
2021-02-16T23:59:59+01:00,3,5,1540,1362,3885,5202,3226,5960,3156,8454,3581,6997,1564,1781,1882,3774,1657,5919,874,938,2697,3641,2277,4128,2237,5819,2602,4892,1128,1250,1237,2434,923,3595,55883,40665,1765,4,2282,0,0,18,3
2021-02-15T23:59:59+01:00,3,5,1523,1343,3837,5117,3166,5874,3099,8340,3515,6892,1553,1767,1867,3751,1648,5896,838,915,2616,3512,2202,3949,2156,5541,2514,4682,1083,1185,1144,2255,852,3365,55415,38805,1762,2,2002,0,0,17,2
2021-02-14T23:59:59+01:00,3,5,1457,1315,3756,5043,3123,5768,3044,8186,3472,6783,1533,1735,1813,3620,1589,5638,829,909,2566,3444,2163,3881,2102,5422,2448,4576,1056,1146,1055,2078,777,3116,55173,37564,1134,2,1559,0,0,17,2
2021-02-13T23:59:59+01:00,3,5,1454,1314,3748,5037,3116,5767,3041,8184,3469,6781,1532,1731,1813,3618,1587,5638,829,909,2566,3444,2163,3880,2100,5421,2447,4576,1054,1145,1055,2078,777,3116,55152,37559,1133,0,1536,0,0,17,1
2021-02-12T23:59:59+01:00,3,4,1416,1296,3711,5004,3093,5747,3019,8151,3450,6736,1516,1721,1804,3601,1578,5617,821,902,2533,3390,2128,3835,2070,5368,2429,4545,1053,1144,1054,2077,776,3114,54926,37238,1131,0,1394,0,0,16,1
2021-02-11T23:59:59+01:00,3,4,1366,1250,3599,4831,3001,5574,2921,7842,3351,6524,1457,1663,1732,3417,1486,5270,782,838,2279,2945,1902,3362,1837,4621,2158,4014,963,1072,958,1878,717,2832,54288,33157,137,0,852,0,0,14,1
2021-02-10T23:59:59+01:00,3,4,1342,1226,3537,4728,2937,5469,2879,7692,3297,6392,1438,1646,1704,3378,1472,5230,702,780,1988,2535,1690,2918,1600,4012,1900,3555,851,927,787,1499,573,2309,53636,28625,135,0,590,0,0,13,1
2021-02-09T23:59:59+01:00,3,3,1329,1208,3482,4658,2908,5400,2858,7599,3260,6323,1430,1630,1676,3355,1462,5217,652,700,1723,2184,1498,2531,1415,3512,1730,3193,819,894,762,1422,551,2193,53323,25778,130,0,335,0,0,13,1
2021-02-08T23:59:59+01:00,3,3,1316,1204,3453,4628,2889,5361,2836,7547,3241,6293,1418,1624,1666,3329,1460,5199,637,665,1572,1947,1358,2274,1283,3204,1572,2933,780,874,714,1315,518,2018,53023,23663,104,0,332,0,0,11,1
2021-02-07T23:59:59+01:00,3,3,1182,1161,3348,4573,2835,5318,2809,7509,3216,6255,1408,1607,1657,3306,1453,5166,490,520,1306,1589,1116,1826,1072,2613,1344,2412,677,747,632,1154,471,1788,52726,19756,76,0,0,0,0,7,1
2021-02-06T23:59:59+01:00,3,3,1178,1159,3346,4571,2831,5316,2802,7506,3212,6251,1407,1605,1656,3303,1452,5165,367,371,1107,1342,980,1522,933,2207,1179,1999,590,651,605,1136,469,1785,52683,17242,76,0,0,0,0,7,1
2021-02-05T23:59:59+01:00,3,2,1166,1148,3331,4549,2824,5289,2791,7464,3194,6205,1401,1597,1653,3297,1451,5165,266,210,924,1025,834,1152,758,1759,1005,1588,476,547,579,1116,466,1781,52447,14485,76,0,0,0,0,7,1
2021-02-04T23:59:59+01:00,3,2,1150,1130,3285,4498,2784,5215,2749,7334,3146,6121,1386,1582,1639,3263,1441,5137,137,84,622,655,544,736,518,1153,666,992,297,366,474,970,421,1618,51805,10252,53,0,0,0,0,7,1
2021-02-03T23:59:59+01:00,3,2,1128,1124,3257,4452,2755,5175,2726,7282,3116,6065,1376,1571,1613,3222,1433,5085,117,68,494,507,413,594,416,911,510,746,245,286,371,757,324,1257,51331,8015,48,0,0,0,0,6,1
2021-02-02T23:59:59+01:00,3,2,1106,1110,3221,4421,2724,5121,2700,7208,3081,6001,1352,1543,1577,3164,1407,4987,108,59,412,410,343,517,367,822,457,664,225,263,325,685,296,1123,50675,7075,47,0,0,0,0,6,1
2021-02-01T23:59:59+01:00,3,2,1090,1099,3203,4368,2694,5060,2669,7081,3051,5906,1332,1514,1550,3126,1390,4922,80,44,311,307,252,392,275,616,326,499,187,214,254,545,228,876,50007,5405,47,0,0,0,0,6,1
2021-01-31T23:59:59+01:00,3,2,1084,1088,3188,4338,2670,5016,2653,7026,3038,5861,1321,1497,1527,3061,1363,4836,70,42,285,283,227,345,253,573,296,460,166,195,209,445,186,707,49519,4741,47,0,0,0,0,6,1
2021-01-30T23:59:59+01:00,3,2,1083,1088,3185,4334,2669,5016,2652,7025,3038,5860,1321,1496,1526,3061,1363,4836,70,38,278,269,214,330,248,562,292,454,165,192,208,445,186,707,49508,4657,44,0,0,0,0,6,1
2021-01-29T23:59:59+01:00,3,2,1082,1087,3184,4330,2669,5014,2651,7023,3035,5858,1321,1496,1526,3060,1363,4836,64,34,260,255,191,310,232,545,281,446,159,188,204,439,185,705,49490,4497,44,0,0,0,0,6,1
2021-01-28T23:59:59+01:00,3,2,1061,1068,3115,4227,2615,4905,2593,6867,2967,5727,1306,1474,1510,2992,1340,4712,54,18,164,153,126,187,162,359,207,282,126,145,158,276,108,416,48439,2941,41,0,0,0,0,4,0
2021-01-27T23:59:59+01:00,3,2,1015,1030,3033,4085,2534,4726,2499,6585,2883,5526,1273,1429,1469,2898,1303,4560,25,6,100,70,58,92,83,210,117,148,95,113,114,206,81,297,46818,1815,31,0,0,0,0,4,0
2021-01-26T23:59:59+01:00,2,2,938,1002,2916,3953,2455,4541,2417,6405,2813,5371,1247,1379,1379,2745,1078,4157,25,6,95,69,57,91,81,210,115,147,94,112,114,206,81,297,44777,1800,19,0,0,0,0,4,0
2021-01-25T23:59:59+01:00,2,2,920,985,2836,3825,2411,4394,2357,6209,2753,5221,1228,1357,1365,2718,1065,4121,25,6,94,69,55,89,81,210,115,145,94,111,114,206,81,297,43753,1792,13,0,0,0,0,3,0
2021-01-24T23:59:59+01:00,2,2,910,981,2816,3809,2401,4362,2331,6170,2720,5160,1215,1350,1356,2694,1051,4086,25,6,94,69,55,89,81,210,114,145,93,111,114,206,81,297,43404,1790,9,0,0,0,0,3,0
2021-01-23T23:59:59+01:00,2,2,910,981,2816,3808,2401,4362,2330,6169,2719,5160,1213,1349,1356,2694,1051,4086,25,6,94,69,55,89,81,210,114,145,93,111,114,206,81,295,43399,1788,8,0,0,0,0,2,0
2021-01-22T23:59:59+01:00,2,2,903,974,2785,3762,2366,4297,2298,6094,2698,5113,1211,1347,1355,2692,1050,4083,25,6,94,69,55,89,81,210,114,145,93,111,114,206,81,295,43024,1788,8,0,0,0,0,0,0
2021-01-21T23:59:59+01:00,2,2,888,907,2529,3350,2165,3882,2116,5484,2475,4628,1154,1300,1306,2566,1013,3920,21,6,83,63,51,73,68,170,94,134,84,97,99,154,73,235,39679,1505,8,0,0,0,0,0,0
2021-01-20T23:59:59+01:00,2,2,810,844,2217,2942,1958,3421,1884,4877,2219,4155,1041,1160,1137,2213,878,3394,21,6,83,63,51,72,68,170,93,134,84,97,99,154,71,235,35146,1501,8,0,0,0,0,0,0
2021-01-19T23:59:59+01:00,2,2,748,765,1923,2497,1719,2963,1650,4217,1976,3682,967,1064,1009,1926,772,3013,10,3,50,44,32,44,35,100,44,77,38,36,49,83,44,152,30888,841,7,0,0,0,0,0,0
2021-01-18T23:59:59+01:00,2,2,675,706,1694,2101,1484,2491,1404,3534,1724,3182,884,979,909,1716,716,2734,5,2,19,10,13,21,17,54,17,33,18,21,26,56,31,82,26933,425,4,0,0,0,0,0,0
2021-01-17T23:59:59+01:00,1,2,496,545,1378,1697,1206,1959,1150,2800,1443,2560,743,823,755,1424,593,2339,0,1,4,2,0,0,0,0,0,0,0,0,0,0,0,0,21911,7,3,0,0,0,0,0,0
2021-01-16T23:59:59+01:00,1,1,375,396,1196,1453,1086,1673,1011,2403,1287,2155,657,727,728,1407,591,2338,0,0,0,0,0,0,0,0,0,0,0,0,0,0,0,0,19483,0,2,0,0,0,0,0,0
2021-01-15T23:59:59+01:00,1,1,271,235,1014,1153,937,1327,844,1956,1109,1752,538,617,690,1372,578,2297,0,0,0,0,0,0,0,0,0,0,0,0,0,0,0,0,16691,0,1,0,0,0,0,0,0
2021-01-14T23:59:59+01:00,0,0,155,105,700,771,645,860,609,1298,746,1133,349,428,565,1185,517,2046,0,0,0,0,0,0,0,0,0,0,0,0,0,0,0,0,12112,0,0,0,0,0,0,0,0
2021-01-13T23:59:59+01:00,0,0,130,84,591,604,521,693,492,1042,590,867,293,352,478,1001,445,1741,0,0,0,0,0,0,0,0,0,0,0,0,0,0,0,0,9924,0,0,0,0,0,0,0,0
2021-01-12T23:59:59+01:00,0,0,120,68,509,517,444,592,427,912,520,763,258,303,390,804,371,1356,0,0,0,0,0,0,0,0,0,0,0,0,0,0,0,0,8354,0,0,0,0,0,0,0,0
2021-01-11T23:59:59+01:00,0,0,91,55,413,421,360,483,342,739,415,590,224,253,323,671,301,1143,0,0,0,0,0,0,0,0,0,0,0,0,0,0,0,0,6824,0,0,0,0,0,0,0,0
2021-01-10T23:59:59+01:00,0,0,76,47,349,348,294,401,289,642,345,523,196,222,258,532,240,887,0,0,0,0,0,0,0,0,0,0,0,0,0,0,0,0,5649,0,0,0,0,0,0,0,0
2021-01-09T23:59:59+01:00,0,0,76,45,334,327,270,379,281,626,337,516,195,221,257,530,240,887,0,0,0,0,0,0,0,0,0,0,0,0,0,0,0,0,5521,0,0,0,0,0,0,0,0
2021-01-08T23:59:59+01:00,0,0,71,37,300,294,225,339,253,584,310,477,177,201,232,471,219,785,0,0,0,0,0,0,0,0,0,0,0,0,0,0,0,0,4975,0,0,0,0,0,0,0,0
2021-01-07T23:59:59+01:00,0,0,57,25,209,197,157,240,194,418,241,340,147,162,177,307,145,501,0,0,0,0,0,0,0,0,0,0,0,0,0,0,0,0,3517,0,0,0,0,0,0,0,0
2021-01-06T23:59:59+01:00,0,0,45,15,161,118,111,159,143,291,176,241,115,130,135,240,102,356,0,0,0,0,0,0,0,0,0,0,0,0,0,0,0,0,2538,0,0,0,0,0,0,0,0
2021-01-05T23:59:59+01:00,0,0,28,7,96,71,58,92,85,208,115,149,105,121,126,221,101,330,0,0,0,0,0,0,0,0,0,0,0,0,0,0,0,0,1913,0,0,0,0,0,0,0,0
2021-01-04T23:59:59+01:00,0,0,26,7,96,70,55,89,85,208,115,147,105,119,126,221,101,330,0,0,0,0,0,0,0,0,0,0,0,0,0,0,0,0,1900,0,0,0,0,0,0,0,0
2021-01-03T23:59:59+01:00,0,0,26,7,96,70,55,89,85,208,114,147,104,119,126,221,101,330,0,0,0,0,0,0,0,0,0,0,0,0,0,0,0,0,1898,0,0,0,0,0,0,0,0
2021-01-02T23:59:59+01:00,0,0,26,7,96,70,55,89,85,208,113,147,104,119,126,221,101,329,0,0,0,0,0,0,0,0,0,0,0,0,0,0,0,0,1896,0,0,0,0,0,0,0,0
2021-01-01T23:59:59+01:00,0,0,26,7,96,70,55,89,85,208,112,146,104,119,126,221,101,329,0,0,0,0,0,0,0,0,0,0,0,0,0,0,0,0,1894,0,0,0,0,0,0,0,0
2020-12-31T23:59:59+01:00,0,0,26,7,96,70,55,89,85,208,111,146,104,119,126,221,101,329,0,0,0,0,0,0,0,0,0,0,0,0,0,0,0,0,1893,0,0,0,0,0,0,0,0
2020-12-30T23:59:59+01:00,0,0,26,7,96,70,54,89,85,208,111,146,104,119,126,221,100,329,0,0,0,0,0,0,0,0,0,0,0,0,0,0,0,0,1891,0,0,0,0,0,0,0,0
2020-12-29T23:59:59+01:00,0,0,14,2,64,52,32,59,49,133,63,88,51,50,71,132,62,221,0,0,0,0,0,0,0,0,0,0,0,0,0,0,0,0,1143,0,0,0,0,0,0,0,0
2020-12-28T23:59:59+01:00,0,0,5,2,36,24,19,30,21,67,25,41,22,22,27,51,34,82,0,0,0,0,0,0,0,0,0,0,0,0,0,0,0,0,508,0,0,0,0,0,0,0,0
2020-12-27T23:59:59+01:00,0,0,1,0,8,5,7,2,1,5,0,2,0,1,2,2,4,6,0,0,0,0,0,0,0,0,0,0,0,0,0,0,0,0,46,0,0,0,0,0,0,0,0
