Datum,<15_m,<15_w,15-24_1_m,15-24_1_w,25-34_1_m,25-34_1_w,35-44_1_m,35-44_1_w,45-54_1_m,45-54_1_w,55-64_1_m,55-64_1_w,65-74_1_m,65-74_1_w,75-84_1_m,75-84_1_w,>84_1_m,>84_1_w,<24_2_m,<24_2_w,25-34_2_m,25-34_2_w,35-44_2_m,35-44_2_w,45-54_2_m,45-54_2_w,55-64_2_m,55-64_2_w,65-74_2_m,65-74_2_w,75-84_2_m,75-84_2_w,>84_2_m,>84_2_w,bp_1,bp_2,mo_1,mo_2,az_1,az_2,ja,unb_1,unb_2
2021-09-15T23:59:59+02:00,9114,8786,62588,62672,105152,102841,96476,96235,93552,99091,93138,95133,55905,69458,44008,61027,10662,21572,55965,56009,98608,95564,90863,89532,88815,93575,89284,91200,54098,67186,42775,59061,10260,20589,806178,756630,134612,128548,159058,144497,87467,150,142
2021-09-14T23:59:59+02:00,9071,8733,62313,62478,104926,102637,96291,96060,93423,98952,93027,95055,55862,69406,43986,60992,10659,21560,55778,55838,98437,95385,90705,89373,88689,93468,89204,91131,54063,67149,42756,59040,10258,20579,804704,755643,134543,128456,159051,144401,87038,150,142
2021-09-13T23:59:59+02:00,9037,8701,62026,62223,104700,102416,96121,95892,93281,98817,92943,94959,55812,69352,43969,60960,10652,21548,55577,55667,98253,95200,90556,89224,88562,93362,89118,91057,54027,67103,42736,59012,10252,20562,803218,754589,134459,128343,159041,144358,86596,150,142
2021-09-12T23:59:59+02:00,8986,8654,61729,61988,104462,102173,95916,95671,93122,98687,92848,94878,55763,69304,43954,60929,10647,21537,55384,55512,98019,94992,90393,89063,88428,93245,89023,90982,53985,67050,42715,58983,10247,20544,801732,753592,134362,128216,159037,144287,86021,150,142
2021-09-11T23:59:59+02:00,8938,8620,61609,61860,104324,102058,95814,95562,93036,98609,92809,94847,55748,69290,43949,60917,10647,21536,55240,55421,97873,94891,90292,88965,88328,93178,88988,90956,53975,67031,42711,58973,10247,20543,801066,753007,134304,128139,159036,144269,85671,150,142
2021-09-10T23:59:59+02:00,8841,8510,61378,61599,104132,101855,95644,95373,92893,98484,92715,94776,55716,69262,43935,60899,10647,21534,55007,55219,97683,94706,90106,88782,88193,93051,88903,90886,53953,67010,42698,58954,10247,20539,799709,751868,134241,128024,159034,144253,85113,150,142
2021-09-09T23:59:59+02:00,8745,8412,61081,61346,103869,101552,95422,95085,92719,98266,92580,94663,55678,69201,43915,60869,10637,21513,54762,55008,97444,94465,89895,88555,88035,92898,88767,90798,53908,66964,42678,58923,10241,20533,797822,750501,134138,127844,159032,144181,84465,150,142
2021-09-08T23:59:59+02:00,8691,8364,60879,61128,103674,101323,95240,94866,92563,98104,92467,94536,55644,69135,43880,60829,10624,21489,54616,54858,97271,94268,89745,88367,87881,92759,88647,90690,53866,66902,42639,58880,10229,20496,796414,749510,134032,127696,159022,144096,83872,150,142
2021-09-07T23:59:59+02:00,8640,8315,60661,60921,103453,101094,95051,94680,92421,97965,92367,94463,55610,69085,43851,60774,10614,21466,54432,54694,97053,94076,89561,88203,87758,92654,88552,90603,53827,66855,42611,58849,10223,20478,794970,748446,133929,127574,159018,143971,83418,150,142
2021-09-06T23:59:59+02:00,8602,8274,60466,60763,103262,100930,94921,94524,92311,97841,92284,94392,55557,69026,43830,60745,10607,21433,54273,54528,96868,93917,89401,88044,87633,92529,88456,90522,53777,66808,42590,58805,10213,20453,793798,747369,133839,127435,159007,143887,83028,150,142
2021-09-05T23:59:59+02:00,8548,8225,60264,60569,103113,100753,94777,94362,92190,97728,92209,94322,55531,68984,43819,60724,10602,21425,54073,54334,96682,93722,89216,87887,87494,92405,88374,90436,53725,66756,42571,58782,10207,20435,792656,746219,133768,127263,159004,143793,82621,150,142
2021-09-04T23:59:59+02:00,8497,8196,60156,60465,103029,100656,94678,94279,92136,97664,92175,94296,55522,68973,43813,60714,10602,21424,53951,54223,96567,93597,89101,87788,87426,92327,88327,90403,53711,66745,42564,58771,10207,20434,792085,745576,133718,127141,158999,143775,82377,150,142
2021-09-03T23:59:59+02:00,8420,8125,59976,60291,102862,100509,94534,94142,92033,97549,92103,94245,55495,68947,43805,60700,10600,21418,53747,54043,96371,93388,88909,87593,87283,92152,88231,90323,53679,66713,42553,58752,10203,20431,791022,744337,133667,126910,158991,143739,81978,150,142
2021-09-02T23:59:59+02:00,8307,8042,59743,60057,102623,100281,94348,93927,91851,97395,91988,94149,55449,68889,43782,60665,10594,21396,53489,53792,96088,93121,88676,87323,87063,91950,88090,90207,53635,66632,42522,58701,10193,20395,789455,742722,133561,126556,158979,143621,81394,150,142
2021-09-01T23:59:59+02:00,8245,7961,59539,59852,102439,100114,94200,93773,91733,97268,91886,94075,55407,68839,43764,60642,10586,21377,53236,53581,95867,92910,88487,87105,86888,91788,87951,90099,53570,66546,42484,58658,10183,20375,788225,741300,133490,126300,158963,143502,80925,150,139
2021-08-31T23:59:59+02:00,8167,7887,59336,59626,102260,99941,94031,93622,91616,97156,91764,93995,55361,68788,43738,60602,10576,21361,52989,53338,95613,92671,88274,86872,86733,91628,87791,89993,53521,66468,42451,58601,10175,20354,786918,739803,133412,125994,158950,143392,80450,150,139
2021-08-30T23:59:59+02:00,8073,7810,59141,59449,102095,99804,93918,93493,91501,97054,91699,93919,55327,68761,43721,60568,10571,21345,52755,53154,95374,92441,88072,86644,86557,91486,87666,89870,53465,66390,42411,58537,10158,20324,785836,738402,133358,125677,158943,143243,80014,150,139
2021-08-29T23:59:59+02:00,7997,7735,58865,59212,101866,99614,93738,93323,91360,96935,91612,93830,55282,68711,43697,60538,10569,21335,52407,52853,95065,92159,87788,86386,86324,91293,87512,89746,53396,66315,42381,58497,10151,20307,784500,736534,133270,125345,158929,143099,79422,150,139
2021-08-28T23:59:59+02:00,7940,7671,58732,59102,101760,99507,93636,93241,91276,96859,91567,93801,55268,68698,43689,60533,10568,21333,52232,52708,94909,92030,87653,86278,86215,91205,87443,89703,53379,66294,42372,58489,10149,20306,783889,735726,133233,125244,158925,143074,79036,150,139
2021-08-27T23:59:59+02:00,7875,7587,58545,58918,101598,99347,93499,93117,91169,96754,91478,93745,55245,68669,43680,60516,10567,21328,51984,52470,94622,91758,87435,86076,86044,91052,87333,89603,53337,66258,42358,58464,10144,20303,782935,734168,133170,125045,158878,143037,78556,150,139
2021-08-26T23:59:59+02:00,7789,7489,58316,58677,101382,99131,93285,92895,90990,96577,91374,93647,55197,68608,43646,60488,10561,21316,51652,52193,94266,91412,87105,85766,85801,90798,87177,89473,53277,66169,42311,58421,10137,20291,781505,732284,133073,124646,158852,142905,77840,150,138
2021-08-25T23:59:59+02:00,7718,7399,58101,58494,101216,98997,93137,92715,90876,96455,91268,93572,55158,68561,43612,60444,10557,21292,51360,51950,93972,91163,86883,85521,85603,90609,87044,89347,53208,66083,42262,58352,10132,20259,780349,730588,132994,124334,158843,142835,77287,150,137
2021-08-24T23:59:59+02:00,7670,7349,57889,58286,101039,98830,92976,92555,90768,96335,91184,93505,55120,68506,43587,60401,10550,21267,51047,51696,93633,90880,86589,85266,85401,90421,86893,89190,53124,65990,42214,58285,10123,20236,779246,728788,132903,124033,158837,142618,76732,150,137
2021-08-23T23:59:59+02:00,7615,7298,57692,58091,100873,98677,92850,92401,90674,96250,91110,93421,55085,68463,43558,60375,10546,21249,50732,51432,93296,90609,86341,84995,85207,90255,86762,89067,53047,65897,42178,58235,10116,20218,778137,726924,132832,123751,158827,142440,76333,150,136
2021-08-22T23:59:59+02:00,7548,7241,57501,57911,100680,98525,92692,92271,90578,96131,91032,93356,55052,68419,43544,60351,10541,21235,50369,51084,92901,90214,86033,84699,84971,90022,86593,88943,52971,65793,42142,58172,10102,20186,777145,724606,132732,123445,158815,142225,75817,150,135
2021-08-21T23:59:59+02:00,7495,7203,57371,57790,100548,98420,92589,92168,90480,96072,90976,93321,55031,68398,43536,60334,10539,21232,50041,50784,92739,90070,85863,84543,84823,89899,86508,88881,52939,65770,42132,58157,10101,20180,776474,723098,132661,123214,158814,142184,75455,150,135
2021-08-20T23:59:59+02:00,7444,7150,57214,57621,100378,98267,92436,92032,90363,95951,90902,93261,55009,68376,43526,60317,10537,21227,49719,50456,92478,89808,85600,84303,84607,89696,86377,88771,52907,65729,42109,58133,10094,20173,775525,721168,132614,123006,158809,142117,74964,150,135
2021-08-19T23:59:59+02:00,7378,7090,56978,57395,100122,98044,92239,91849,90204,95792,90779,93160,54967,68319,43501,60286,10530,21213,49282,50026,92062,89418,85198,83902,84300,89386,86163,88587,52836,65623,42071,58073,10084,20155,774220,718512,132487,122563,158804,141912,74236,150,134
2021-08-18T23:59:59+02:00,7316,7035,56801,57237,99945,97874,92096,91693,90068,95669,90677,93065,54899,68256,43472,60240,10520,21193,48941,49670,91689,89098,84881,83574,84021,89132,85974,88416,52720,65506,42001,57981,10069,20125,773091,716151,132402,122171,158797,141673,73667,150,134
2021-08-17T23:59:59+02:00,7253,6984,56621,57085,99753,97699,91935,91549,89946,95540,90581,92974,54862,68208,43447,60213,10518,21178,48457,49261,91243,88674,84479,83219,83691,88842,85770,88215,52617,65381,41943,57906,10063,20101,771998,713163,132300,121764,158783,141383,73166,150,134
2021-08-16T23:59:59+02:00,7194,6917,56443,56917,99563,97526,91788,91395,89808,95425,90468,92877,54811,68147,43418,60163,10510,21164,47904,48701,90780,88237,84011,82827,83364,88550,85542,88013,52513,65266,41885,57828,10054,20065,770852,709696,132209,121317,158776,141153,72598,150,134
2021-08-15T23:59:59+02:00,7129,6868,56225,56733,99385,97341,91633,91260,89683,95320,90378,92817,54773,68106,43398,60133,10506,21157,46792,47599,90141,87552,83458,82295,82969,88164,85256,87807,52406,65143,41843,57769,10045,20045,769798,703968,132097,120689,158767,140973,72084,150,133
2021-08-14T23:59:59+02:00,7098,6836,56106,56643,99244,97242,91530,91184,89596,95252,90327,92772,54758,68090,43393,60126,10505,21156,46645,47459,89916,87375,83244,82089,82845,88066,85187,87763,52378,65112,41834,57758,10044,20043,769277,703170,132040,120367,158763,140921,71679,150,133
2021-08-13T23:59:59+02:00,7054,6790,55954,56519,99091,97118,91403,91048,89494,95138,90248,92709,54728,68040,43379,60103,10503,21150,46345,47150,89450,86982,82850,81715,82582,87830,85022,87626,52334,65044,41813,57734,10041,20032,768465,700979,131983,119820,158756,140843,71168,148,133
2021-08-12T23:59:59+02:00,7019,6739,55751,56361,98889,96942,91231,90885,89349,94998,90154,92629,54690,67987,43353,60069,10495,21133,45939,46765,88824,86419,82275,81166,82204,87508,84793,87451,52260,64943,41762,57675,10031,20014,767424,698065,131877,118987,158743,140592,70533,148,132
2021-08-11T23:59:59+02:00,6985,6684,55563,56193,98687,96765,91078,90748,89217,94885,90045,92526,54638,67928,43322,60029,10485,21118,45528,46314,88218,85767,81702,80657,81872,87205,84527,87211,52172,64802,41690,57549,10012,19963,766313,694922,131781,118045,158719,140261,69988,146,131
2021-08-10T23:59:59+02:00,6924,6637,55381,56036,98484,96623,90919,90598,89090,94773,89960,92450,54593,67881,43306,59990,10481,21105,45103,45853,87574,85152,81102,80118,81465,86824,84282,86997,52050,64695,41632,57464,9998,19932,765277,691619,131687,117099,158700,139949,69472,146,131
2021-08-09T23:59:59+02:00,6873,6579,55214,55871,98297,96472,90773,90462,88955,94678,89850,92388,54553,67830,43280,59957,10473,21089,44550,45303,86748,84473,80415,79534,81052,86476,83988,86773,51938,64560,41574,57364,9984,19887,764291,687821,131614,116039,158689,139601,68905,146,130
2021-08-08T23:59:59+02:00,6804,6512,54990,55685,98099,96291,90599,90297,88817,94561,89755,92312,54499,67782,43254,59921,10466,21068,43951,44700,85699,83548,79522,78725,80514,86002,83664,86476,51805,64407,41511,57273,9972,19861,763101,682767,131500,114860,158668,139291,68347,146,130
2021-08-07T23:59:59+02:00,6759,6462,54850,55561,97962,96178,90468,90195,88724,94503,89693,92272,54480,67756,43250,59911,10463,21063,43122,43832,85369,83220,79051,78283,80158,85652,83481,86332,51742,64324,41490,57237,9967,19852,762439,679100,131436,113715,158664,139185,67915,146,129
2021-08-06T23:59:59+02:00,6704,6412,54660,55417,97734,96000,90318,90066,88599,94386,89595,92200,54440,67728,43241,59885,10460,21059,42207,42954,84911,82765,78460,77729,79767,85268,83288,86185,51690,64260,41463,57204,9959,19838,761489,675169,131340,112434,158657,139048,67322,146,129
2021-08-05T23:59:59+02:00,6639,6341,54346,55174,97443,95738,90067,89851,88386,94199,89425,92068,54374,67638,43211,59832,10451,21040,40983,41808,84186,82098,77687,76933,79169,84702,82930,85881,51559,64099,41401,57103,9944,19806,759866,669638,131214,110811,158644,138503,66403,146,128
2021-08-04T23:59:59+02:00,6558,6290,54112,54994,97206,95532,89897,89686,88245,94057,89308,91969,54321,67586,43174,59786,10447,21030,40519,41327,82990,81054,76362,75787,78678,84253,82611,85632,51419,63961,41342,57016,9928,19780,758599,664475,131106,109307,158630,138047,65767,146,128
2021-08-03T23:59:59+02:00,6493,6226,53855,54800,96975,95344,89726,89525,88104,93914,89162,91848,54241,67505,43137,59727,10439,21022,40082,40917,81744,79918,74941,74593,78072,83687,82068,85141,51205,63757,41241,56860,9915,19744,757236,658676,131001,107606,158606,137340,65104,146,128
2021-08-02T23:59:59+02:00,6431,6163,53617,54600,96719,95126,89510,89350,87939,93770,89020,91733,54159,67435,43103,59676,10436,21002,39618,40447,80437,78815,73390,73382,77447,83118,81524,84659,51036,63554,41164,56740,9898,19709,755819,652648,130852,105841,158584,136740,64439,145,126
2021-08-01T23:59:59+02:00,6367,6077,53349,54337,96457,94856,89277,89177,87733,93627,88857,91623,54095,67350,43066,59623,10429,20995,39101,39956,79142,77728,71985,72278,76556,82361,80939,84193,50849,63314,41076,56635,9887,19685,754227,646475,130660,103936,158560,136130,63751,145,123
2021-07-31T23:59:59+02:00,6331,6038,53231,54247,96340,94762,89177,89111,87643,93556,88813,91586,54084,67340,43060,59619,10429,20994,38155,38949,78698,77285,71451,71725,76175,82034,80823,84097,50830,63281,41060,56623,9887,19682,753751,641831,130495,103064,158558,136035,63460,145,123
2021-07-30T23:59:59+02:00,6278,6003,53063,54105,96184,94588,89024,88962,87513,93442,88729,91515,54047,67309,43047,59601,10427,20992,37159,37904,78009,76643,70703,70990,75661,81506,80421,83773,50756,63192,41027,56563,9881,19670,752869,635681,130177,101931,158555,135827,63131,145,123
2021-07-29T23:59:59+02:00,6227,5944,52831,53925,95931,94364,88811,88754,87345,93268,88588,91387,53987,67246,43024,59563,10419,20970,35917,36688,76963,75768,69649,70032,74858,80753,79881,83343,50623,63029,40960,56468,9863,19643,751636,627936,129699,100380,158540,135269,62613,144,123
2021-07-28T23:59:59+02:00,6189,5891,52634,53761,95729,94160,88660,88570,87228,93129,88478,91292,53930,67172,42991,59515,10409,20939,35313,36107,75805,74796,68372,68923,74099,80036,79387,82890,50484,62828,40890,56365,9847,19604,750475,621636,129251,98967,158522,134481,62333,144,121
2021-07-27T23:59:59+02:00,6140,5850,52402,53539,95466,93953,88483,88386,87071,92978,88356,91196,53877,67096,42947,59451,10394,20890,34662,35374,74358,73562,66922,67707,73236,79186,78841,82377,50311,62616,40810,56244,9822,19561,749074,614404,128826,97515,158496,133244,61983,144,120
2021-07-26T23:59:59+02:00,6083,5798,52189,53336,95221,93761,88288,88222,86913,92840,88226,91095,53817,67017,42918,59397,10387,20868,33906,34573,72846,72226,65560,66469,72190,78200,78252,81847,50138,62401,40732,56097,9800,19516,747744,606381,128401,95987,158479,132173,61656,144,120
2021-07-25T23:59:59+02:00,6045,5756,51988,53142,94967,93532,88117,88034,86757,92710,88119,90999,53766,66954,42890,59353,10377,20832,33202,33830,71502,71022,64446,65445,71188,77292,77781,81400,50019,62217,40667,56010,9794,19482,746375,599440,128123,94415,158457,131380,61287,144,120
2021-07-24T23:59:59+02:00,5957,5698,51716,52850,94663,93221,87868,87815,86579,92554,88019,90920,53736,66920,42878,59330,10377,20826,32716,33355,70648,70334,63775,64883,70310,76592,77576,81249,49965,62175,40645,55985,9794,19480,744507,595071,128068,93484,158455,131254,60800,144,120
2021-07-23T23:59:59+02:00,5904,5642,51446,52579,94273,92940,87577,87600,86399,92373,87884,90825,53703,66872,42870,59312,10374,20820,32210,32737,69594,69488,62992,64218,69405,75742,77174,80922,49890,62077,40613,55946,9787,19466,742480,589517,127995,92323,158448,131077,60373,144,120
2021-07-22T23:59:59+02:00,5833,5578,51035,52181,93818,92502,87192,87264,86092,92074,87666,90643,53618,66777,42841,59251,10365,20794,31502,32020,68265,68475,61927,63298,67747,74354,76519,80413,49734,61871,40522,55828,9766,19426,739462,582905,127760,89562,158423,130309,59783,143,120
2021-07-21T23:59:59+02:00,5781,5527,50673,51806,93387,92093,86888,86961,85834,91829,87497,90457,53534,66693,42783,59184,10354,20765,30906,31386,66932,67434,60843,62402,65704,72666,75612,79670,49445,61561,40361,55640,9742,19370,736683,576633,127520,85255,158396,129220,59350,143,120
2021-07-20T23:59:59+02:00,5723,5464,50287,51419,92927,91627,86524,86640,85568,91574,87277,90261,53442,66558,42736,59124,10347,20740,30254,30758,65475,66256,59703,61445,64518,71607,75001,79114,49237,61327,40255,55483,9718,19308,733747,569608,127297,83593,158340,128193,58757,143,120
2021-07-19T23:59:59+02:00,5644,5390,49823,50967,92455,91157,86159,86311,85318,91361,87069,90085,53349,66438,42700,59045,10329,20704,29712,30188,64316,65201,58777,60578,63363,70565,74402,78597,49063,61130,40163,55337,9689,19263,730496,563813,127072,81790,158304,127001,58335,143,120
2021-07-18T23:59:59+02:00,5575,5321,48998,50155,91398,90125,85434,85701,84840,90935,86775,89792,53242,66290,42637,58948,10319,20673,29164,29611,63147,64133,57848,59665,62183,69537,73852,78095,48917,60968,40105,55254,9677,19235,724089,557991,126737,79769,158287,126196,57948,143,119
2021-07-17T23:59:59+02:00,5401,5135,48648,49826,91254,89991,85239,85542,84683,90798,86666,89708,53220,66263,42626,58936,10318,20670,28786,29243,62509,63540,57299,59241,61425,68800,73547,77854,48807,60851,40065,55195,9667,19224,722912,555006,126559,78801,158280,125577,57075,143,119
2021-07-16T23:59:59+02:00,5302,5044,48330,49543,90990,89770,84992,85338,84480,90612,86528,89600,53178,66231,42608,58922,10315,20665,28297,28754,61580,62634,56452,58554,60370,67764,73045,77436,48644,60663,40018,55127,9662,19215,721532,550075,126391,77476,158269,124842,56159,142,119
2021-07-15T23:59:59+02:00,5165,4912,47854,49136,90601,89397,84635,84958,84179,90336,86308,89429,53098,66141,42553,58853,10305,20638,27569,28141,60271,61585,55334,57570,58968,66450,72314,76849,48419,60403,39929,54997,9646,19160,719081,544300,125970,75281,158234,123183,55105,141,119
2021-07-14T23:59:59+02:00,5060,4799,47506,48760,90298,89103,84350,84646,83928,90094,86105,89274,53009,66034,42495,58764,10288,20607,27052,27599,59182,60595,54365,56726,58093,65605,71703,76266,48152,60124,39822,54824,9624,19116,716917,538905,125608,74367,158186,121496,54302,140,119
2021-07-13T23:59:59+02:00,4947,4683,47105,48381,89906,88746,84043,84340,83661,89835,85898,89109,52901,65929,42441,58698,10282,20586,26406,26946,57814,59412,53171,55738,57100,64691,70980,75630,47876,59802,39691,54646,9592,19063,714573,532586,125238,73266,158126,119455,53447,139,118
2021-07-12T23:59:59+02:00,4777,4514,46568,47872,89510,88409,83650,84023,83415,89578,85710,88951,52819,65831,42392,58633,10270,20571,25786,26297,56307,58062,51879,54675,55872,63548,70236,75012,47502,59374,39515,54424,9551,18998,711890,525307,124866,72236,158063,117108,52567,139,118
2021-07-11T23:59:59+02:00,4382,4142,45623,46955,89086,87977,83234,83638,83106,89288,85515,88804,52732,65740,42367,58577,10259,20554,25189,25733,54933,56804,50583,53631,54827,62513,69644,74462,47157,58991,39390,54249,9526,18956,707946,518686,124395,71228,158022,115322,51512,136,118
2021-07-10T23:59:59+02:00,4370,4127,45293,46618,88633,87498,82898,83326,83004,89190,85447,88746,52711,65717,42358,58563,10258,20550,24704,25208,53854,55867,49724,53049,54229,61944,69427,74274,46786,58572,39290,54144,9521,18945,707278,514390,123929,71144,157845,114001,50152,135,118
2021-07-09T23:59:59+02:00,4351,4114,44873,46183,88024,86945,82518,82985,82753,89005,85331,88654,52676,65687,42351,58549,10254,20541,24007,24440,52538,54631,48786,52169,53450,61092,69005,73874,46425,58164,39204,54054,9513,18933,705871,508227,123350,70740,157677,112654,48793,135,117
2021-07-08T23:59:59+02:00,4323,4088,44324,45701,87166,86242,81993,82475,82499,88763,85136,88499,52609,65620,42319,58503,10243,20525,23035,23522,50606,53070,47410,51016,52309,59966,68317,73239,45908,57605,39067,53890,9485,18864,703762,500523,122464,69468,157384,110117,47305,134,117
2021-07-07T23:59:59+02:00,4299,4060,43755,45128,86341,85478,81450,81998,82214,88467,84931,88335,52531,65519,42277,58440,10236,20505,22172,22633,48660,51392,45896,49880,51072,58783,67618,72702,45172,56864,38875,53652,9454,18806,701274,492386,121468,68353,157129,107012,45961,132,115
2021-07-06T23:59:59+02:00,4267,4040,43211,44612,85494,84746,80841,81408,81844,88135,84757,88161,52442,65438,42239,58377,10227,20480,21342,21782,46679,49606,44510,48627,49800,57449,66873,71982,44341,56089,38689,53412,9436,18750,698644,483442,120446,67272,156829,104046,44669,131,115
2021-07-05T23:59:59+02:00,4243,4002,42069,43639,84001,83658,80108,80792,81387,87714,84484,87898,52324,65301,42190,58299,10213,20452,20168,20739,44729,48013,43484,47662,48768,56485,66175,71364,43580,55227,38516,53187,9412,18711,695346,477458,119386,66403,156463,100950,41448,131,115
2021-07-04T23:59:59+02:00,4216,3980,40718,42446,82364,82338,79387,80181,80914,87288,84213,87698,52229,65174,42144,58247,10200,20423,18807,19517,42925,46474,42760,46875,47922,55572,65562,70783,42832,54369,38349,52987,9392,18663,692251,472517,118232,65470,156037,98322,37509,131,115
2021-07-03T23:59:59+02:00,3752,3565,39159,40917,81504,81684,78901,79682,80468,86811,83997,87529,52161,65073,42126,58195,10197,20417,17998,18828,42010,45784,42342,46494,47517,55173,65397,70618,42243,53642,38287,52888,9385,18653,688538,470584,116920,65369,155952,96732,34597,131,115
2021-07-02T23:59:59+02:00,3192,2993,37611,39437,80787,80959,78228,78980,79946,86309,83755,87328,52109,64986,42097,58148,10185,20404,17241,18117,40866,44827,41607,45799,46683,54388,64876,70170,41293,52437,38157,52699,9369,18634,683524,465534,115514,64907,155797,94241,32488,131,113
2021-07-01T23:59:59+02:00,2550,2447,35899,37789,79816,80096,77394,78146,79238,85672,83439,87049,51988,64828,42034,58044,10166,20375,16378,17227,39333,43594,40391,44731,45375,53256,64136,69597,40404,51298,38007,52492,9352,18602,677219,459178,113797,63257,155571,91469,30252,131,113
2021-06-30T23:59:59+02:00,2508,2416,34897,36785,77987,78595,75689,76646,78581,85124,83153,86756,51857,64670,41974,57947,10154,20348,15356,16266,37650,42367,39191,43617,44211,52198,63384,68971,39859,50614,37892,52296,9330,18566,671365,453057,112063,61916,155356,89586,27172,131,113
2021-06-29T23:59:59+02:00,2475,2383,34067,35901,76387,77105,74070,75224,77790,84402,82609,86265,51674,64450,41897,57816,10137,20312,14523,15370,36336,41226,38272,42795,42985,51146,62672,68386,39152,49679,37756,52078,9308,18522,665022,447894,110185,60078,155084,87634,24542,131,112
2021-06-28T23:59:59+02:00,2435,2350,33261,35103,74768,75695,72387,73816,76765,83613,82000,85766,51495,64220,41819,57709,10124,20278,13779,14626,35280,40206,37444,42062,41860,50151,62022,67839,38279,48591,37589,51857,9288,18475,658553,443064,108215,58563,154489,85434,22216,131,111
2021-06-27T23:59:59+02:00,2421,2335,32527,34362,73197,74325,70980,72606,75365,82490,81320,85210,51296,64002,41754,57592,10114,20249,13147,13998,34322,39450,36785,41456,40925,49301,61481,67394,37419,47561,37437,51679,9273,18444,652349,439164,106271,57799,153535,83174,19859,131,111
2021-06-26T23:59:59+02:00,1789,1728,31496,33264,72845,74010,70515,72143,75071,82177,81225,85128,51276,63974,41740,57582,10113,20246,12952,13791,33659,38907,36141,41034,40406,48965,60486,66390,36428,46425,37270,51465,9259,18411,647582,433185,105334,57747,153531,81233,19747,128,111
2021-06-25T23:59:59+02:00,1170,1130,30383,32100,72359,73482,69900,71444,74640,81731,80848,84805,51215,63888,41706,57539,10108,20232,12628,13404,32804,38106,35271,40210,39467,48128,59275,65155,35911,45725,37078,51164,9236,18368,641274,424761,104140,57300,153523,80173,19615,128,111
2021-06-24T23:59:59+02:00,570,571,29047,30788,71586,72736,69027,70555,73967,81102,80400,84440,51109,63758,41654,57469,10097,20198,11970,12709,31641,36802,34054,38941,38338,47017,57640,63776,35434,45205,36921,50975,9217,18308,633490,415430,102646,55750,153409,78281,19401,128,110
2021-06-23T23:59:59+02:00,543,538,28544,30247,70476,71754,67750,69415,73219,80413,79947,84036,50998,63583,41593,57373,10080,20167,11482,12183,30641,35552,33122,37717,37323,46137,55698,62065,34884,44639,36753,50747,9196,18243,627267,405675,101070,54685,153302,77025,18909,128,109
2021-06-22T23:59:59+02:00,520,522,28032,29668,69300,70726,66544,68386,72538,79706,79534,83670,50891,63456,41545,57289,10071,20141,11138,11786,29719,34616,32155,36826,36363,45247,53728,60229,34496,44163,36614,50505,9167,18185,620947,397150,99609,53111,153166,75897,18689,128,108
2021-06-21T23:59:59+02:00,488,488,27368,29006,67981,69553,65357,67251,71777,78925,79138,83275,50783,63347,41486,57200,10057,20099,10847,11476,29093,34032,31604,36256,35761,44658,51879,58571,33783,43362,36318,50080,9137,18109,614133,389576,98110,51912,153044,75222,18165,127,108
2021-06-20T23:59:59+02:00,403,407,26730,28347,66761,68416,64334,66305,70972,78181,78784,82939,50706,63223,41437,57132,10052,20066,10559,11215,28545,33531,31146,35764,35252,44135,50037,56780,33240,42680,36121,49744,9107,18049,607744,382164,96640,51158,152947,74755,17737,127,103
2021-06-19T23:59:59+02:00,371,373,26352,27982,66030,67841,63809,65807,70175,77527,78631,82814,50685,63197,41421,57116,10051,20066,10428,11023,28298,33213,30892,35442,35030,43874,48590,55385,32980,42333,36037,49607,9099,18021,603796,376765,95696,51146,152945,74566,17684,127,103
2021-06-18T23:59:59+02:00,344,339,25892,27524,65018,67105,63070,65194,69256,76689,78241,82479,50624,63122,41394,57080,10047,20058,10214,10786,27893,32786,30564,35029,34642,43481,46857,53720,32629,41818,35900,49396,9080,17987,598389,369909,94454,50858,152937,74354,17570,126,103
2021-06-17T23:59:59+02:00,315,308,25242,26905,63729,66086,62051,64341,67625,75248,77706,82077,50520,62967,41331,56994,10034,20030,9799,10432,27097,32097,29822,34350,33805,42779,45352,52225,32184,41188,35737,49141,9048,17937,592074,362483,91797,49715,152778,73970,16735,125,102
2021-06-16T23:59:59+02:00,281,269,24720,26324,62429,64959,60942,63359,65353,73330,76859,81421,50308,62757,41240,56882,10015,19998,9478,10181,26444,31422,29112,33723,33074,42141,44759,51661,31914,40827,35591,48942,9027,17896,585837,358777,87287,49009,152343,72458,15856,123,102
2021-06-15T23:59:59+02:00,242,238,24083,25642,61028,63750,59856,62368,64193,72244,76354,81001,50185,62609,41190,56785,10008,19968,9217,9914,25843,30687,28473,32963,32397,41417,43198,50032,31468,40273,35419,48708,8997,17832,578724,352068,85656,48116,151876,71197,15365,123,102
2021-06-14T23:59:59+02:00,220,206,23606,25051,59919,62691,58977,61512,63117,71229,75880,80606,50097,62486,41140,56713,9992,19942,8931,9615,25086,29796,27705,32126,31606,40599,41915,48695,31100,39773,35282,48483,8967,17781,572822,345928,83934,47092,151673,69515,14832,123,102
2021-06-13T23:59:59+02:00,215,191,23189,24584,58989,61785,58200,60727,62008,70257,75414,80179,50009,62369,41090,56652,9980,19911,8652,9315,24372,28952,26987,31283,30842,39748,40364,47112,30636,39165,35081,48178,8937,17692,567809,338874,82066,46311,151444,67733,14307,123,100
2021-06-12T23:59:59+02:00,201,174,22961,24320,58440,61284,57840,60448,61366,69614,75213,80066,49985,62338,41078,56638,9977,19907,8536,9199,23893,28367,26470,30714,30326,39189,39286,46138,30468,38986,34984,48013,8933,17681,564916,334672,81109,46308,151435,65845,14267,123,100
2021-06-11T23:59:59+02:00,183,159,22611,23907,57700,60471,57163,59817,60459,68681,74861,79756,49909,62265,41052,56602,9974,19901,8403,9011,23382,27693,25937,30056,29744,38555,38215,45129,30197,38631,34841,47789,8920,17654,559913,329833,79813,46047,151421,63984,14202,122,99
2021-06-10T23:59:59+02:00,168,142,22077,23346,56571,59542,56233,58997,59203,67507,74325,79352,49837,62156,41028,56551,9960,19872,8141,8763,22514,26748,24971,29118,28623,37623,36824,43960,29843,38152,34560,47354,8853,17578,554369,322929,77603,45335,151176,61675,13597,122,97
2021-06-09T23:59:59+02:00,147,128,21454,22794,55305,58445,55163,58078,58246,66599,73861,78955,49750,62055,40977,56488,9946,19841,7854,8498,21596,25882,24034,28222,27588,36675,35104,42173,29458,37652,34375,47085,8811,17488,548600,315489,76147,44609,150819,59766,12544,122,95
2021-06-08T23:59:59+02:00,124,110,20783,22112,53993,57315,54044,57101,57287,65739,73315,78518,49661,61929,40922,56396,9926,19810,7586,8264,20683,24985,22974,27358,26553,35717,33751,40871,29099,37143,34054,46632,8758,17405,541931,309181,75227,43843,150375,57292,11430,122,93
2021-06-07T23:59:59+02:00,107,92,20140,21512,52555,56061,52780,56123,56128,64753,72763,78115,49575,61822,40876,56332,9913,19782,7339,8044,19837,24159,21949,26543,25517,34842,32814,40083,28814,36746,33807,46201,8707,17314,534669,304548,74330,43025,149963,54709,10345,122,93
2021-06-06T23:59:59+02:00,100,86,19632,20976,51405,54969,51675,55142,55165,63799,72256,77712,49489,61745,40839,56269,9906,19766,7131,7844,19049,23265,21048,25670,24445,33859,31900,39267,28528,36407,33551,45810,8658,17239,528330,299980,73308,42286,149625,51768,9548,120,93
2021-06-05T23:59:59+02:00,94,78,19368,20687,50635,54219,51023,54641,54692,63317,72122,77599,49478,61731,40836,56266,9903,19766,6903,7430,18407,22190,20325,24550,23569,32609,30874,37948,28195,35943,33427,45634,8651,17219,524024,293672,73303,42247,149530,48388,9478,120,93
2021-06-04T23:59:59+02:00,84,72,18925,20107,49587,53214,50212,53772,54044,62533,71779,77271,49450,61694,40816,56251,9901,19758,6684,7119,17785,21339,19646,23560,22640,31339,29661,36612,27907,35580,33315,45459,8639,17199,517560,287241,72980,42178,149512,45677,9298,120,93
2021-06-03T23:59:59+02:00,73,61,18251,19434,48070,51911,49001,52649,53076,61518,71284,76809,49383,61589,40778,56203,9888,19733,6395,6729,17050,20294,18849,22411,21639,29923,28496,35134,27362,34798,33109,45134,8603,17124,509817,280501,71964,41431,149233,42452,8578,119,91
2021-06-02T23:59:59+02:00,68,57,17881,18930,47052,50930,48139,51904,52335,60768,71034,76595,49345,61553,40759,56175,9880,19719,6212,6490,16401,19612,17939,21661,20807,28979,27400,33730,26896,34193,32950,44884,8574,17054,503545,274220,71947,41416,149212,39759,8303,117,87
2021-06-01T23:59:59+02:00,57,51,17211,18211,45195,49192,46491,50442,50818,59321,70357,75994,49253,61443,40698,56101,9867,19670,5938,6181,15242,18708,16429,20697,19595,27736,26175,32335,26345,33499,32701,44537,8528,16950,494426,267731,70596,40850,148659,36354,6576,115,87
2021-05-31T23:59:59+02:00,55,47,16735,17728,43882,48051,45280,49340,49578,58209,69679,75484,49174,61340,40654,56031,9855,19634,5661,5862,14201,17877,15027,19779,18426,26627,24951,30991,25829,32782,32506,44240,8494,16851,488171,261437,69432,40305,148189,33428,4850,114,86
2021-05-30T23:59:59+02:00,47,46,16396,17318,42890,47094,44353,48393,48549,57162,69087,74925,49064,61170,40583,55910,9840,19591,5472,5618,13652,17177,14402,19084,17538,25659,23845,29817,25059,31832,32212,43821,8448,16762,481901,255464,68397,39505,147777,31119,4230,113,82
2021-05-29T23:59:59+02:00,47,46,16265,17201,42531,46777,44010,48128,48308,56972,69027,74868,49059,61163,40576,55905,9840,19590,5309,5378,13139,16365,13754,18233,16694,24492,22733,28517,24902,31601,32148,43728,8445,16755,479936,249864,68272,39505,147768,28521,4224,113,81
2021-05-28T23:59:59+02:00,46,44,15965,16899,41833,46146,43497,47564,47802,56430,68756,74571,48994,61082,40548,55856,9837,19585,5069,4993,12602,15447,13071,17368,15828,23256,21631,27082,24654,31233,32054,43594,8435,16738,475647,243824,67769,39400,147741,25569,4185,113,79
2021-05-27T23:59:59+02:00,43,40,15446,16379,40684,45165,42477,46680,46814,55542,68172,74137,48870,60922,40494,55784,9826,19543,4843,4655,11960,14620,12283,16429,14757,22063,20370,25573,24149,30492,31881,43331,8402,16654,469816,236465,66251,38596,147018,23508,3820,113,75
2021-05-26T23:59:59+02:00,41,39,15035,15953,39585,44247,41439,45797,45787,54663,67566,73626,48716,60743,40414,55616,9805,19495,4650,4459,11402,13856,11559,15576,13753,20929,18971,23980,23562,29709,31665,42987,8349,16553,464679,229192,64226,37732,146027,21441,3522,113,75
2021-05-25T23:59:59+02:00,41,38,14644,15550,38577,43359,40466,44938,44835,53745,66956,73095,48535,60504,40335,55483,9779,19441,4442,4256,10859,13210,10798,14793,12686,19691,17531,22473,22977,28929,31431,42664,8290,16460,459364,221821,62643,36792,144912,19517,3289,113,73
2021-05-24T23:59:59+02:00,40,37,14302,15226,37746,42620,39593,44263,43971,52960,66425,72608,48410,60327,40271,55359,9759,19396,4299,4129,10410,12745,10156,14205,11801,18855,16244,21211,22303,28095,31212,42333,8230,16370,454736,214903,61411,35848,144174,18898,2879,113,72
2021-05-23T23:59:59+02:00,36,37,14133,15053,37277,42245,39142,43858,43519,52555,66155,72379,48333,60236,40232,55312,9752,19372,4109,3989,9944,12269,9530,13595,10858,18036,15048,20145,21834,27524,30960,42043,8179,16285,451541,207892,61029,35767,144151,17828,2792,113,71
2021-05-22T23:59:59+02:00,34,35,13935,14837,36587,41679,38461,43402,42948,52147,65133,71365,48125,59978,40162,55199,9742,19351,3997,3694,9729,11854,9375,13264,10615,17589,14779,19743,21740,27406,30926,42003,8172,16276,445086,206666,61026,35764,144134,15902,2761,113,71
2021-05-21T23:59:59+02:00,33,34,13557,14433,35512,40758,37397,42470,41880,51250,63777,70080,47895,59640,40082,55051,9725,19318,3891,3598,9522,11588,9164,12998,10285,17262,14366,19372,21519,27120,30865,41913,8163,16268,435468,204716,60670,35458,143897,14908,2745,112,69
2021-05-20T23:59:59+02:00,31,34,12761,13709,34069,39300,35972,41061,40471,50047,62490,68929,47604,59297,39939,54868,9704,19267,3742,3416,8993,10986,8516,12284,9586,16414,13609,18403,20701,25999,30671,41615,8124,16181,425240,200337,58968,34611,142868,11858,2367,110,69
2021-05-19T23:59:59+02:00,31,33,12223,13143,32888,37876,34868,39678,39344,49084,60486,67158,47126,58739,39756,54605,9663,19161,3638,3283,8719,10609,8220,11911,9144,15906,12970,17737,19835,24867,30444,41312,8068,16066,414385,196083,57447,33797,141756,10619,2165,109,67
2021-05-18T23:59:59+02:00,28,33,11799,12700,31844,36857,33770,38759,38299,48149,58426,65300,46770,58290,39600,54365,9631,19102,3440,3120,8217,10002,7748,11364,8601,15237,12283,16967,18892,23634,30207,40968,8031,15961,405713,191982,55485,32954,140560,7813,1858,106,67
2021-05-17T23:59:59+02:00,26,32,11548,12424,31322,36297,33272,38197,37709,47514,56523,63588,46065,57466,39323,53967,9594,19029,3358,3011,7953,9719,7454,11066,8200,14824,11711,16363,17974,22500,29974,40649,7996,15887,398119,187604,54357,32206,139746,7195,1570,104,66
2021-05-16T23:59:59+02:00,26,32,11325,12170,30800,35791,32807,37701,37187,46942,54627,61760,45519,56768,39129,53647,9567,18973,3257,2911,7665,9427,7132,10721,7722,14360,11130,15777,17042,21349,29765,40359,7958,15818,391152,183317,53388,31357,139076,6605,1052,103,64
2021-05-15T23:59:59+02:00,26,32,11169,11966,30522,35458,32569,37380,36956,46678,53055,60281,45268,56461,39052,53509,9561,18945,3236,2893,7640,9398,7117,10700,7702,14345,11112,15755,16932,21133,29556,40051,7950,15808,385336,182323,53384,31356,139030,6553,1035,103,63
2021-05-14T23:59:59+02:00,26,32,10921,11686,30048,34947,32187,36916,36442,46204,51181,58449,44907,55959,38912,53302,9545,18905,3209,2874,7568,9324,7061,10627,7643,14284,10928,15554,16199,20065,29270,39564,7933,15768,377526,179397,53055,31015,138900,6413,985,103,63
2021-05-13T23:59:59+02:00,23,31,10637,11360,29399,34304,31586,36308,35768,45536,49710,56931,44477,55330,38741,53058,9518,18859,3140,2828,7441,9222,6974,10533,7539,14175,10601,15206,15140,18826,28884,38920,7890,15694,370420,175591,52038,30451,138143,6037,874,101,62
2021-05-12T23:59:59+02:00,23,29,10506,11217,29116,33982,31318,36014,35455,45221,49426,56622,44381,55224,38690,52979,9511,18821,3128,2801,7407,9185,6943,10498,7507,14136,10431,15050,14763,18393,28580,38437,7868,15647,367744,173529,51955,30441,137985,5992,751,100,62
2021-05-11T23:59:59+02:00,22,26,10157,10893,28260,33155,30485,35259,34592,44438,47691,54851,43926,54628,38515,52687,9473,18718,3041,2703,7161,8903,6717,10197,7292,13766,9948,14503,13780,17241,28164,37818,7830,15552,360821,169842,50247,29549,136085,4641,523,100,62
2021-05-10T23:59:59+02:00,21,26,9851,10616,27512,32449,29704,34555,33821,43667,46383,53584,43543,54118,38328,52381,9423,18605,2999,2657,7031,8778,6621,10077,7151,13584,9680,14195,13083,16380,27734,37207,7804,15471,354557,167017,49130,29166,134392,3801,411,97,58
2021-05-09T23:59:59+02:00,20,26,9617,10368,26829,31762,29034,33854,33098,42968,44853,52106,43041,53497,38126,52077,9386,18520,2951,2611,6908,8634,6514,9934,7037,13371,9364,13884,12285,15479,27370,36670,7784,15415,347455,164163,48055,28608,133255,3059,324,93,58
2021-05-08T23:59:59+02:00,20,26,9524,10300,26444,31461,28587,33539,32642,42664,43821,51276,42889,53333,38086,52015,9384,18514,2948,2607,6900,8629,6508,9926,7029,13359,9354,13872,12247,15417,26690,35721,7747,15339,342934,162291,48013,28581,133167,3046,318,93,58
2021-05-07T23:59:59+02:00,19,26,9382,10152,25971,31080,28132,33164,32136,42314,42779,50450,42617,52992,37975,51855,9372,18487,2901,2581,6845,8585,6452,9870,6978,13307,9181,13649,11615,14604,25748,34333,7699,15257,337797,158189,47706,28209,133009,2850,300,91,58
2021-05-06T23:59:59+02:00,17,25,8981,9864,25051,30310,27067,32357,30905,41492,41163,49231,42236,52444,37782,51612,9334,18414,2837,2535,6711,8437,6334,9741,6830,13119,8908,13349,10964,13740,24782,32947,7664,15196,329929,154393,46630,27250,131352,2108,286,88,58
2021-05-05T23:59:59+02:00,17,24,8615,9663,24164,29710,26202,31693,29814,40699,39179,47414,41789,51892,37574,51330,9277,18302,2796,2504,6592,8308,6231,9627,6728,12977,8660,13091,10254,12908,23767,31623,7635,15125,322068,150502,45775,26360,129226,1708,201,88,56
2021-05-04T23:59:59+02:00,17,23,8372,9435,23367,29059,25226,30953,28741,39863,37665,45947,41319,51308,37297,50983,9230,18181,2757,2482,6518,8236,6147,9558,6652,12892,8423,12870,9524,12051,22819,30378,7601,15062,315407,146764,44808,25554,126587,1502,96,88,55
2021-05-03T23:59:59+02:00,17,22,8169,9221,22664,28479,24386,30345,27833,39164,36706,45196,40970,50832,37082,50695,9180,18077,2711,2449,6447,8159,6066,9493,6562,12808,8195,12655,8780,11150,21903,29161,7570,15012,310531,143017,44031,24733,124333,1262,56,87,54
2021-05-02T23:59:59+02:00,17,22,8005,9056,22024,27900,23644,29754,27013,38541,35891,44560,40711,50503,36969,50508,9146,18020,2673,2426,6404,8117,6029,9457,6522,12767,8012,12482,8177,10408,21193,28293,7549,14993,305695,139822,43261,24455,123194,1125,48,86,53
2021-05-01T23:59:59+02:00,16,22,7851,8872,21651,27441,23160,29179,26367,37826,35066,43663,40447,50127,36871,50356,9140,18003,2667,2420,6378,8107,6013,9448,6504,12754,7995,12466,8140,10344,21154,28236,7545,14989,299577,139531,43259,24448,123089,1082,47,86,53
2021-04-30T23:59:59+02:00,16,21,7702,8694,21262,27011,22713,28609,25616,37047,34055,42694,40216,49806,36775,50202,9128,17982,2648,2407,6353,8089,5991,9431,6477,12734,7963,12433,8100,10273,21103,28153,7542,14980,293265,139219,43252,24375,122906,990,41,85,53
2021-04-29T23:59:59+02:00,15,21,7433,8454,20668,26433,22042,27924,24682,36079,32776,41358,39170,48403,36458,49726,9071,17854,2616,2373,6261,7979,5905,9329,6383,12592,7759,12157,7475,9547,20695,27636,7520,14906,284508,137151,42469,23144,121469,747,41,80,51
2021-04-28T23:59:59+02:00,14,19,7158,8236,20146,25960,21403,27324,23795,35231,31376,39905,38008,46813,36115,49234,9008,17713,2546,2325,6151,7856,5795,9198,6281,12441,7540,11885,6784,8701,20279,27061,7479,14834,275816,134696,41695,21849,119831,520,41,75,51
2021-04-27T23:59:59+02:00,13,19,6973,8058,19710,25535,20779,26786,22936,34449,30156,38576,36919,45368,35731,48663,8938,17586,2520,2300,6048,7759,5742,9099,6215,12317,7325,11686,6182,7961,19873,26563,7459,14811,267973,132594,40832,20903,118274,272,41,75,51
2021-04-26T23:59:59+02:00,12,19,6791,7892,19290,25111,20234,26258,22129,33690,28936,37337,35859,43946,35425,48178,8888,17462,2508,2290,6003,7716,5697,9059,6177,12273,7139,11520,5568,7227,19501,26112,7435,14784,260266,130624,40006,20056,117073,241,38,74,51
2021-04-25T23:59:59+02:00,12,18,6686,7757,18952,24840,19853,25918,21516,33067,27949,36379,34726,42514,35110,47748,8845,17380,2496,2283,5985,7692,5678,9042,6156,12248,7102,11493,5440,7044,19166,25648,7419,14740,253057,130000,39292,19315,116811,231,37,73,50
2021-04-24T23:59:59+02:00,12,18,6522,7582,18508,24406,19293,25379,20731,32264,26866,35329,34473,42200,35016,47583,8835,17368,2492,2277,5972,7682,5667,9031,6151,12244,7092,11486,5367,6933,19068,25507,7416,14732,247084,129544,39287,19275,115904,213,37,73,49
2021-04-23T23:59:59+02:00,12,18,6298,7382,18058,23929,18722,24766,19905,31447,25705,34132,33696,41026,34873,47348,8821,17345,2486,2258,5945,7659,5630,8992,6106,12199,7045,11431,5201,6656,18529,24880,7316,14563,239499,127696,38958,18928,114917,191,37,72,45
2021-04-22T23:59:59+02:00,11,17,6083,7174,17452,23340,17929,23981,18855,30422,24380,32699,32654,39669,34626,46992,8783,17266,2472,2243,5901,7605,5580,8907,6030,12121,6970,11360,4917,6236,17814,24004,7197,14369,230443,125528,38039,17961,113745,157,37,69,44
2021-04-21T23:59:59+02:00,11,16,5884,6993,16921,22869,17267,23375,17868,29524,22822,31106,31649,38433,34329,46554,8734,17177,2448,2226,5858,7550,5521,8832,5964,12021,6874,11280,4757,5961,17114,23154,7080,14187,221549,123433,37268,17189,112611,125,37,67,44
2021-04-20T23:59:59+02:00,10,15,5701,6797,16365,22394,16524,22715,16871,28522,21350,29635,30499,36939,34013,46114,8682,17082,2435,2211,5808,7512,5480,8787,5915,11954,6795,11215,4638,5804,16513,22380,6953,14007,212530,121743,36386,16472,111209,117,36,67,40
2021-04-19T23:59:59+02:00,10,15,5514,6640,15828,21961,15845,22155,15878,27642,19953,28230,29122,35301,33695,45635,8622,16964,2424,2196,5784,7479,5443,8753,5876,11906,6713,11139,4512,5641,15864,21668,6845,13845,203805,120094,35606,15805,109499,114,36,64,40
2021-04-18T23:59:59+02:00,9,15,5326,6499,15393,21637,15226,21591,14902,26849,18613,27090,27734,33649,33363,45212,8563,16875,2373,2150,5652,7357,5328,8638,5769,11754,6607,11018,4394,5453,15270,21000,6730,13662,195245,118439,34776,14532,108426,110,36,63,39
2021-04-17T23:59:59+02:00,9,14,5290,6464,15238,21560,15051,21505,14666,26669,18358,26868,27226,33105,33237,45064,8554,16860,2346,2110,5552,7204,5220,8479,5669,11566,6518,10885,4341,5390,15029,20706,6720,13649,194022,116680,34771,14528,106846,102,36,63,39
2021-04-16T23:59:59+02:00,9,14,5227,6409,15061,21408,14838,21344,14384,26422,17939,26457,26180,31872,33104,44855,8533,16837,2300,2060,5435,7015,5083,8295,5515,11323,6321,10662,4132,5155,14381,19910,6622,13504,190670,113420,34480,14125,105644,94,36,63,39
2021-04-15T23:59:59+02:00,7,13,5158,6332,14845,21195,14567,21055,13954,26071,17299,25824,24815,30261,32847,44532,8497,16757,2230,1976,5239,6777,4880,7972,5308,11004,6105,10377,3933,4904,13550,18826,6507,13337,186097,109588,33672,13180,104162,84,36,62,38
2021-04-14T23:59:59+02:00,7,13,5079,6262,14640,20993,14312,20831,13562,25736,16632,25203,23235,28470,32536,44129,8445,16663,2039,1855,5020,6513,4691,7721,5079,10754,5869,10092,3795,4693,12820,17907,6379,13123,181483,106480,32798,11720,102369,77,36,62,38
2021-04-13T23:59:59+02:00,7,13,5027,6214,14436,20860,14076,20649,13221,25439,16062,24698,21529,26622,32217,43714,8415,16557,1953,1802,4853,6324,4506,7500,4876,10498,5664,9854,3657,4525,12303,17291,6256,12962,177251,104079,31921,10605,100487,67,36,61,38
2021-04-12T23:59:59+02:00,7,12,4963,6147,14219,20657,13771,20384,12833,25023,15481,24145,19933,24677,31927,43352,8372,16483,1823,1711,4670,6163,4356,7324,4713,10305,5527,9694,3538,4370,11870,16779,6145,12799,172875,102387,30863,9264,98551,65,36,61,36
2021-04-11T23:59:59+02:00,7,12,4894,6070,13994,20458,13475,20171,12414,24673,14917,23635,18422,22902,31667,43009,8328,16403,1785,1675,4550,6050,4245,7200,4590,10174,5392,9562,3423,4250,11378,16168,6014,12591,168584,100634,29900,8284,96873,63,34,60,33
2021-04-10T23:59:59+02:00,7,12,4889,6062,13975,20444,13466,20160,12397,24655,14893,23615,17731,21980,31375,42591,8310,16376,1781,1663,4538,6039,4230,7185,4577,10160,5339,9496,3320,4137,10821,15333,5885,12393,167512,98488,29873,8284,95461,61,32,60,33
2021-04-09T23:59:59+02:00,7,12,4875,6045,13938,20394,13422,20112,12350,24601,14634,23361,16208,20087,30968,41946,8276,16333,1757,1652,4515,6022,4201,7158,4534,10125,5300,9447,3235,4018,9954,14343,5736,12195,164887,96041,29531,8035,93063,59,30,58,28
2021-04-08T23:59:59+02:00,7,12,4831,6017,13837,20319,13341,20032,12250,24496,14297,23000,14436,17871,30351,40934,8217,16210,1736,1639,4483,5969,4149,7073,4470,10044,5228,9370,3127,3914,9471,13737,5532,11950,161048,94188,28499,7597,90833,58,22,56,28
2021-04-07T23:59:59+02:00,7,12,4800,5988,13732,20235,13244,19944,12146,24393,13913,22639,12920,16016,29706,39962,8162,16112,1717,1627,4429,5902,4063,6999,4381,9960,5138,9270,3039,3819,8722,12636,5294,11544,156621,91624,27619,6822,89616,48,20,55,27
2021-04-06T23:59:59+02:00,7,12,4771,5962,13633,20168,13162,19883,12070,24328,13533,22286,11285,14002,29043,38990,8130,16041,1656,1573,4299,5774,3954,6875,4260,9809,5035,9140,2923,3698,8015,11705,5021,11179,152594,89234,26736,5593,87904,46,18,54,26
2021-04-05T23:59:59+02:00,7,11,4733,5934,13555,20099,13094,19815,12013,24248,13259,22029,9672,12052,28312,37936,8095,15979,1585,1504,4142,5624,3786,6719,4106,9660,4880,9011,2791,3581,7203,10743,4750,10790,149380,86858,25720,3932,85673,43,17,53,26
2021-04-04T23:59:59+02:00,7,11,4719,5917,13544,20079,13086,19797,12005,24227,13161,21959,8647,10790,27863,37296,8070,15922,1583,1501,4134,5618,3783,6714,4101,9655,4878,9003,2786,3572,6967,10277,4665,10665,147649,85896,25716,3932,83668,37,14,53,24
2021-04-03T23:59:59+02:00,7,11,4716,5907,13527,20059,13074,19787,11995,24217,13147,21941,7741,9722,26980,36054,8021,15810,1579,1497,4132,5613,3781,6711,4093,9643,4864,8990,2779,3559,6828,10014,4626,10583,145170,85287,25708,3932,81773,37,13,52,24
2021-04-02T23:59:59+02:00,7,11,4711,5888,13490,20033,13034,19744,11951,24169,13073,21872,7227,8973,25393,33953,7875,15541,1570,1480,4105,5589,3755,6670,4057,9582,4741,8701,2651,3403,6453,9618,4477,10380,140711,83456,25369,3705,80804,37,11,50,24
2021-04-01T23:59:59+02:00,6,10,4663,5829,13396,19889,12917,19593,11801,24013,12470,21421,6665,8268,23886,31979,7749,15303,1504,1434,3995,5462,3688,6599,3989,9515,4663,8598,2555,3260,5939,8931,4306,10105,136519,81180,24228,3299,79054,32,10,47,23
2021-03-31T23:59:59+02:00,6,10,4612,5774,13271,19735,12782,19438,11612,23833,12206,21161,6344,7896,22410,30028,7598,15074,1491,1423,3969,5439,3657,6571,3949,9468,4624,8545,2492,3184,5454,8283,4131,9865,132582,79405,23141,3080,78013,32,7,47,22
2021-03-30T23:59:59+02:00,6,10,4548,5708,13133,19585,12669,19263,11481,23668,12036,21021,6154,7678,21020,28294,7454,14871,1474,1387,3927,5406,3593,6501,3861,9355,4493,8374,2357,2979,5034,7727,3988,9608,129216,77180,22212,2839,77122,20,4,45,22
2021-03-29T23:59:59+02:00,6,10,4508,5670,13013,19492,12602,19179,11398,23562,11886,20886,5996,7476,19596,26609,7326,14670,1415,1346,3872,5361,3518,6431,3743,9211,4344,8183,2235,2839,4472,7057,3834,9332,125622,74524,21345,2627,76870,19,3,45,21
2021-03-28T23:59:59+02:00,6,10,4461,5604,12892,19354,12516,19086,11296,23463,11779,20782,5844,7267,18414,25099,7207,14474,1382,1302,3774,5253,3323,6204,3656,9094,4294,8127,2181,2775,3712,6034,3649,9064,122611,71464,20553,2327,76343,11,3,44,20
2021-03-27T23:59:59+01:00,6,10,4429,5553,12785,19189,12396,18921,11181,23257,11669,20631,5778,7184,18128,24752,7196,14457,1376,1299,3769,5249,3320,6197,3370,8744,4096,7829,2175,2772,3698,6000,3615,9002,120764,70155,20513,2327,76198,7,3,44,20
2021-03-26T23:59:59+01:00,6,9,4393,5500,12673,18997,12260,18719,11027,23027,11508,20416,5611,6969,17521,23956,7096,14307,1374,1298,3764,5242,3297,6179,3351,8724,3882,7379,1998,2366,3434,5715,3464,8768,117652,67888,20174,2320,76123,6,2,44,20
2021-03-25T23:59:59+01:00,6,9,4325,5412,12474,18757,12055,18389,10815,22699,11265,20089,5398,6684,16492,22647,6968,14117,1365,1288,3743,5216,3263,6151,3299,8686,3836,7335,1926,2253,2998,5032,3305,8462,113666,65914,19102,2219,75787,4,2,44,20
2021-03-24T23:59:59+01:00,6,9,4245,5301,12257,18302,11835,17974,10591,22303,11030,19716,5129,6335,15450,21429,6828,13893,1342,1275,3719,5170,3227,6087,3244,8616,3782,7262,1873,2194,2690,4698,3152,8186,110551,64517,18007,1976,74029,4,2,44,19
2021-03-23T23:59:59+01:00,6,9,4189,5236,12090,17956,11634,17619,10397,21935,10806,19427,4992,6136,14810,20614,6687,13720,1327,1268,3704,5151,3206,6069,3219,8565,3743,7218,1838,2135,2461,4428,2943,7863,108188,63180,17278,1934,72751,4,2,44,19
2021-03-22T23:59:59+01:00,6,9,4139,5157,11890,17622,11445,17291,10170,21607,10590,19119,4838,5924,14192,19895,6554,13533,1313,1259,3675,5118,3174,6031,3190,8508,3706,7173,1794,2079,2261,4177,2748,7531,106316,61920,16557,1793,71064,4,2,42,19
2021-03-21T23:59:59+01:00,6,9,4065,5034,11606,17211,11164,16882,9898,21152,10332,18763,4724,5751,13493,19103,6412,13325,1305,1258,3658,5102,3152,5998,3167,8478,3686,7151,1775,2051,2094,4015,2577,7261,104430,60917,15254,1788,69202,4,2,42,18
2021-03-20T23:59:59+01:00,5,9,4035,4965,11463,16876,11039,16564,9756,20849,10155,18479,4597,5591,12860,18153,6274,13109,1304,1257,3658,5100,3149,5997,3164,8472,3681,7146,1771,2046,2062,3953,2554,7219,102231,60722,15249,1788,67255,4,2,42,18
2021-03-19T23:59:59+01:00,5,8,3990,4884,11295,16513,10855,16209,9580,20468,9938,18116,4434,5394,11835,16939,6113,12898,1295,1250,3640,5071,3119,5920,3119,8379,3578,6971,1644,1933,1987,3888,2442,7011,99522,59440,14833,1784,65080,4,2,37,18
2021-03-18T23:59:59+01:00,5,8,3902,4780,11048,16087,10585,15762,9301,19997,9715,17773,4290,5228,11204,16070,5885,12630,1291,1239,3623,5036,3099,5876,3097,8322,3551,6924,1625,1900,1948,3818,2319,6801,97715,58753,13822,1693,62695,4,2,36,18
2021-03-17T23:59:59+01:00,5,8,3729,4665,10753,15666,10318,15402,9056,19634,9462,17425,4171,5059,10390,14823,5622,12205,1290,1236,3608,5018,3092,5856,3087,8288,3533,6900,1624,1876,1924,3789,2209,6614,95057,58243,12272,1679,61026,3,2,36,18
2021-03-16T23:59:59+01:00,5,8,3586,4540,10413,15201,10045,15032,8779,19190,9162,17060,4027,4892,9567,13698,5340,11846,1276,1233,3604,5011,3081,5852,3081,8277,3526,6886,1600,1851,1885,3738,2089,6435,92714,57804,11080,1599,58560,3,2,35,18
2021-03-15T23:59:59+01:00,5,8,3437,4424,10096,14733,9753,14573,8482,18715,8874,16647,3880,4722,8855,12631,5116,11524,1266,1225,3584,4999,3069,5828,3060,8238,3506,6843,1585,1838,1868,3704,1973,6249,90744,57216,9716,1598,55981,3,1,33,18
2021-03-14T23:59:59+01:00,5,8,3366,4334,9829,14296,9495,14168,8162,18220,8592,16252,3717,4536,8050,11395,4808,11069,1252,1219,3563,4981,3048,5786,3038,8158,3478,6775,1559,1786,1808,3577,1808,5860,88431,56687,8694,989,53147,3,0,30,18
2021-03-13T23:59:59+01:00,5,8,3286,4076,9515,13623,9247,13582,7934,17635,8384,15814,3605,4432,7857,11100,4760,10980,1252,1219,3563,4981,3048,5786,3037,8157,3476,6773,1554,1785,1806,3572,1807,5859,87773,56666,8694,989,49346,3,0,30,18
2021-03-12T23:59:59+01:00,5,8,3223,3939,9268,13083,9008,13050,7701,16999,8025,15060,3442,4261,7471,10691,4621,10791,1248,1216,3558,4967,3045,5783,3030,8149,3472,6767,1527,1756,1785,3554,1707,5681,85991,56237,8446,988,46179,3,0,30,18
2021-03-11T23:59:59+01:00,5,8,3072,3671,8891,12320,8704,12370,7368,16214,7681,14413,3282,4055,6913,9968,4430,10478,1229,1206,3525,4923,3002,5706,2995,8025,3421,6669,1481,1701,1706,3354,1509,5167,83523,55493,7998,111,42293,2,0,29,14
2021-03-10T23:59:59+01:00,5,8,3007,3564,8389,11810,8022,11887,7046,15723,7378,13822,3121,3897,6353,9270,4259,10203,1218,1192,3495,4865,2971,5630,2959,7885,3367,6546,1443,1661,1647,3258,1393,4887,81698,54316,7443,87,38596,1,0,27,14
2021-03-09T23:59:59+01:00,5,7,2901,3388,7704,11357,7122,11398,6626,15106,7013,13212,2889,3595,5845,8637,4103,9927,1213,1188,3473,4818,2943,5564,2942,7830,3349,6500,1428,1637,1611,3215,1288,4688,79399,53623,6080,53,35329,0,0,27,12
2021-03-08T23:59:59+01:00,5,7,2728,3152,7062,10811,6306,10917,6222,14577,6618,12641,2678,3384,5238,7896,3956,9658,1206,1182,3452,4752,2918,5488,2903,7735,3317,6424,1421,1628,1608,3207,1283,4685,76563,53147,4935,51,32332,0,0,26,12
2021-03-07T23:59:59+01:00,5,7,2616,3019,6731,10310,5894,10373,5926,14127,6378,12251,2580,3291,4472,6829,3739,9375,1203,1179,3449,4747,2913,5476,2899,7718,3309,6411,1416,1614,1587,3167,1268,4644,73302,52940,4103,49,30493,0,0,25,12
2021-03-06T23:59:59+01:00,5,6,2571,2877,6547,9856,5694,9956,5448,13270,6002,11511,2559,3264,4466,6818,3738,9372,1203,1178,3446,4741,2911,5475,2898,7717,3308,6408,1414,1611,1587,3165,1267,4644,72072,52914,4103,49,27760,0,0,25,11
2021-03-05T23:59:59+01:00,5,6,2479,2621,6333,9270,5480,9557,5271,12698,5617,10529,2333,2797,4085,6436,3599,9156,1191,1175,3428,4725,2906,5462,2890,7698,3296,6389,1400,1603,1586,3161,1262,4639,69734,52754,3870,49,24643,0,0,25,9
2021-03-04T23:59:59+01:00,5,6,2403,2415,6118,8834,5317,9212,5089,12275,5441,10151,2241,2626,3527,5611,3433,8817,1180,1160,3385,4625,2872,5395,2858,7600,3264,6314,1380,1596,1572,3147,1253,4628,67678,52175,3427,48,22391,0,0,25,7
2021-03-03T23:59:59+01:00,4,6,2345,2363,5948,8417,5146,8849,4875,11822,5251,9704,2158,2519,3122,5173,3273,8521,1160,1152,3350,4577,2835,5330,2818,7501,3216,6240,1360,1571,1553,3116,1247,4610,66244,51587,3182,44,20046,0,0,24,6
2021-03-02T23:59:59+01:00,4,6,2290,2274,5786,8081,4987,8593,4711,11420,5088,9383,2092,2427,2816,4816,3054,8197,1155,1142,3332,4556,2820,5304,2801,7452,3208,6212,1355,1560,1535,3097,1244,4604,64882,51328,2920,44,18199,0,0,24,6
2021-03-01T23:59:59+01:00,4,6,2263,2247,5681,7865,4887,8445,4625,11268,4986,9207,2036,2349,2517,4492,2866,7880,1149,1139,3318,4538,2808,5275,2785,7406,3192,6184,1348,1557,1528,3088,1241,4600,63605,51107,2698,44,17297,0,0,24,6
2021-02-28T23:59:59+01:00,3,6,2211,2204,5501,7604,4710,8223,4487,11078,4876,9077,1997,2285,2218,4190,2663,7570,1140,1133,3303,4528,2801,5268,2779,7392,3185,6170,1343,1554,1521,3071,1240,4568,62482,50948,2394,44,16003,0,0,24,5
2021-02-27T23:59:59+01:00,3,6,2124,1895,5325,7178,4610,7907,4404,10729,4803,8825,1968,2224,2187,4143,2643,7516,1136,1129,3301,4526,2796,5266,2775,7389,3180,6166,1341,1554,1521,3070,1239,4567,62241,50911,2394,41,13831,0,0,24,5
2021-02-26T23:59:59+01:00,3,6,2067,1817,5178,6938,4463,7646,4253,10462,4594,8541,1839,2116,2126,4103,2535,7336,1115,1116,3284,4492,2784,5227,2762,7335,3158,6112,1335,1543,1517,3061,1238,4565,60905,50600,2388,40,12706,0,0,24,5
2021-02-25T23:59:59+01:00,3,6,1950,1717,4851,6533,4034,7183,3966,9945,4358,8157,1780,2057,2092,4042,2424,7142,1099,1100,3246,4449,2753,5175,2716,7228,3118,6019,1325,1527,1501,3021,1225,4506,60423,49967,2281,38,9512,0,0,24,4
2021-02-24T23:59:59+01:00,3,6,1921,1657,4734,6319,3929,6968,3843,9702,4231,7997,1758,2025,2059,4000,2312,6944,1086,1095,3219,4386,2717,5108,2691,7144,3089,5948,1309,1510,1476,2973,1213,4437,59873,49371,2034,27,8477,0,0,24,4
2021-02-23T23:59:59+01:00,3,6,1697,1510,4359,5829,3648,6575,3621,9322,4076,7711,1729,1993,2015,3953,2199,6760,1067,1083,3181,4358,2689,5050,2664,7068,3054,5889,1289,1490,1449,2938,1203,4387,59418,48844,1987,13,5578,0,0,23,3
2021-02-22T23:59:59+01:00,3,6,1687,1491,4308,5770,3612,6512,3556,9227,4014,7616,1697,1966,1989,3899,2080,6563,1063,1069,3160,4313,2669,5011,2639,7008,3025,5835,1277,1476,1439,2928,1195,4378,58870,48475,1844,8,5259,0,0,23,3
2021-02-21T23:59:59+01:00,3,6,1675,1487,4278,5736,3569,6474,3515,9173,3970,7566,1688,1959,1984,3890,1960,6400,1057,1058,3139,4275,2639,4961,2623,6939,2996,5745,1262,1460,1419,2867,1171,4301,58527,47902,1838,8,4946,0,0,22,3
2021-02-20T23:59:59+01:00,3,6,1674,1486,4273,5733,3567,6473,3515,9171,3968,7565,1683,1957,1982,3886,1959,6400,1057,1058,3137,4273,2639,4961,2622,6938,2996,5745,1262,1459,1418,2867,1171,4301,58510,47894,1838,8,4931,0,0,22,3
2021-02-19T23:59:59+01:00,3,6,1656,1479,4260,5713,3556,6459,3504,9161,3958,7549,1657,1928,1961,3866,1857,6219,1056,1057,3136,4272,2638,4960,2622,6936,2993,5743,1262,1458,1418,2866,1171,4301,58086,47879,1833,8,4853,0,0,20,3
2021-02-18T23:59:59+01:00,3,6,1611,1448,4164,5602,3484,6356,3416,8997,3871,7409,1635,1893,1927,3796,1726,6022,1010,1014,2996,4047,2512,4688,2511,6598,2886,5478,1231,1415,1385,2780,1145,4151,57438,45838,1743,8,4165,0,0,20,2
2021-02-17T23:59:59+01:00,3,5,1589,1419,4068,5452,3399,6206,3298,8761,3744,7208,1583,1824,1854,3695,1609,5717,953,964,2843,3824,2394,4375,2384,6186,2757,5166,1181,1354,1339,2673,1098,3989,56228,43471,1732,7,3454,0,0,20,2
2021-02-16T23:59:59+01:00,3,5,1515,1352,3908,5254,3262,6023,3190,8527,3622,7042,1559,1799,1817,3665,1495,5509,867,932,2711,3666,2295,4164,2258,5863,2625,4911,1125,1262,1194,2370,844,3375,55533,40456,1715,4,2281,0,0,18,2
2021-02-15T23:59:59+01:00,3,5,1500,1334,3862,5167,3203,5936,3133,8412,3555,6936,1548,1785,1802,3642,1487,5488,832,910,2630,3536,2219,3984,2174,5584,2537,4698,1082,1198,1108,2196,780,3160,55067,38625,1713,2,2001,0,0,17,1
2021-02-14T23:59:59+01:00,3,5,1434,1306,3777,5090,3159,5827,3077,8258,3511,6827,1528,1754,1750,3514,1432,5241,823,904,2581,3468,2180,3916,2120,5464,2470,4591,1055,1162,1023,2024,709,2925,54825,37412,1101,2,1550,0,0,17,1
2021-02-13T23:59:59+01:00,3,5,1432,1305,3769,5084,3152,5826,3074,8256,3508,6825,1527,1750,1750,3512,1430,5241,823,904,2581,3468,2180,3915,2118,5463,2469,4591,1053,1161,1023,2024,709,2925,54805,37407,1100,0,1527,0,0,17,0
2021-02-12T23:59:59+01:00,3,4,1398,1289,3731,5050,3130,5806,3052,8222,3489,6780,1510,1739,1740,3495,1421,5221,816,896,2548,3414,2146,3870,2088,5409,2451,4560,1052,1160,1022,2023,708,2923,54575,37086,1098,0,1391,0,0,16,0
2021-02-11T23:59:59+01:00,3,4,1351,1246,3617,4879,3039,5634,2954,7910,3387,6567,1449,1678,1673,3317,1337,4895,779,833,2293,2969,1920,3392,1856,4660,2179,4030,968,1090,936,1831,659,2652,53944,33047,132,0,852,0,0,12,0
2021-02-10T23:59:59+01:00,3,4,1330,1223,3558,4769,2973,5530,2912,7760,3333,6436,1431,1661,1646,3278,1324,4858,701,776,2001,2560,1710,2940,1617,4050,1922,3567,858,943,773,1459,531,2163,53295,28571,130,0,593,0,0,11,0
2021-02-09T23:59:59+01:00,3,3,1317,1205,3503,4699,2943,5461,2892,7667,3295,6368,1423,1646,1618,3255,1314,4845,650,698,1740,2204,1516,2550,1427,3540,1750,3199,826,909,750,1386,510,2050,52985,25705,125,0,336,0,0,11,0
2021-02-08T23:59:59+01:00,3,3,1303,1201,3474,4669,2923,5423,2871,7615,3275,6338,1413,1639,1609,3229,1312,4827,637,664,1588,1967,1375,2296,1293,3232,1590,2939,787,888,702,1280,478,1881,52684,23597,99,0,333,0,0,11,0
2021-02-07T23:59:59+01:00,3,3,1171,1158,3367,4613,2869,5380,2842,7575,3250,6298,1402,1622,1601,3206,1307,4794,490,518,1319,1612,1133,1845,1082,2640,1362,2415,681,760,620,1121,433,1665,52383,19696,71,0,0,0,0,7,0
2021-02-06T23:59:59+01:00,3,3,1167,1156,3365,4611,2864,5377,2835,7572,3246,6294,1400,1620,1600,3203,1306,4793,366,369,1118,1360,996,1541,937,2226,1195,1996,591,658,591,1104,430,1662,52337,17140,71,0,0,0,0,7,0
2021-02-05T23:59:59+01:00,3,1,1156,1145,3349,4590,2857,5350,2823,7528,3227,6248,1394,1612,1597,3196,1305,4793,263,207,933,1042,847,1169,762,1771,1016,1587,473,551,564,1084,427,1657,52096,14353,71,0,0,0,0,7,0
2021-02-04T23:59:59+01:00,3,1,1140,1127,3304,4542,2816,5274,2780,7397,3178,6162,1380,1597,1583,3163,1294,4766,134,82,628,667,556,746,520,1158,673,990,292,368,464,938,389,1506,51452,10111,48,0,0,0,0,7,0
2021-02-03T23:59:59+01:00,3,1,1118,1121,3278,4497,2787,5231,2759,7344,3148,6105,1371,1588,1559,3123,1288,4720,116,66,500,516,425,603,417,916,515,745,243,288,364,736,305,1175,50989,7930,45,0,0,0,0,7,0
2021-02-02T23:59:59+01:00,3,1,1097,1108,3241,4465,2757,5177,2732,7268,3112,6041,1348,1560,1525,3066,1263,4631,106,57,414,417,353,525,368,827,462,663,222,265,319,665,280,1054,50344,6997,44,0,0,0,0,7,0
2021-02-01T23:59:59+01:00,3,1,1081,1096,3222,4412,2726,5116,2700,7141,3081,5943,1328,1532,1500,3030,1247,4568,79,42,315,311,261,400,275,616,327,498,184,217,251,526,218,822,49677,5342,44,0,0,0,0,6,0
2021-01-31T23:59:59+01:00,3,1,1076,1086,3207,4383,2701,5072,2685,7085,3067,5898,1316,1515,1480,2966,1224,4490,69,41,289,286,235,350,254,574,297,459,162,199,211,430,177,666,49205,4699,44,0,0,0,0,6,0
2021-01-30T23:59:59+01:00,3,1,1075,1086,3204,4379,2700,5072,2684,7084,3067,5897,1316,1514,1479,2966,1224,4490,69,38,282,272,222,334,249,563,293,453,161,196,210,430,177,666,49194,4615,41,0,0,0,0,6,0
2021-01-29T23:59:59+01:00,3,1,1074,1085,3203,4375,2700,5070,2683,7082,3064,5895,1316,1514,1479,2965,1224,4490,65,34,264,258,199,312,233,546,282,445,155,192,206,424,176,664,49176,4455,41,0,0,0,0,6,0
2021-01-28T23:59:59+01:00,3,1,1053,1065,3136,4269,2646,4959,2625,6926,2996,5764,1302,1492,1463,2899,1202,4369,55,19,167,155,133,188,163,361,207,281,124,149,160,264,102,385,48128,2913,38,0,0,0,0,4,0
2021-01-27T23:59:59+01:00,3,1,1008,1027,3050,4125,2565,4779,2530,6644,2912,5564,1271,1449,1427,2810,1169,4229,26,8,101,71,62,93,84,211,117,147,94,115,116,195,77,277,46531,1794,28,0,0,0,0,4,0
2021-01-26T23:59:59+01:00,2,1,931,997,2934,3990,2486,4594,2448,6464,2841,5407,1245,1397,1333,2654,954,3827,26,8,96,70,61,92,82,211,115,146,92,114,116,195,77,277,44484,1778,17,0,0,0,0,4,0
2021-01-25T23:59:59+01:00,2,1,915,980,2855,3860,2440,4447,2388,6267,2782,5255,1227,1375,1319,2629,944,3794,26,8,95,70,59,91,82,211,115,144,92,114,116,195,77,277,43465,1772,12,0,0,0,0,3,0
2021-01-24T23:59:59+01:00,2,1,905,976,2835,3845,2430,4415,2362,6228,2749,5194,1214,1369,1310,2607,931,3760,26,8,95,70,59,91,82,211,114,144,91,114,116,195,77,277,43121,1770,9,0,0,0,0,3,0
2021-01-23T23:59:59+01:00,2,1,905,976,2835,3844,2430,4415,2361,6227,2748,5194,1212,1368,1310,2607,931,3760,26,8,95,70,59,91,82,211,114,144,91,114,116,195,77,275,43116,1768,8,0,0,0,0,2,0
2021-01-22T23:59:59+01:00,2,1,899,969,2803,3798,2396,4350,2330,6151,2727,5147,1210,1365,1309,2605,930,3757,26,8,95,70,59,91,82,211,114,144,91,114,116,195,77,275,42741,1768,8,0,0,0,0,0,0
2021-01-21T23:59:59+01:00,2,1,883,901,2545,3382,2195,3932,2148,5542,2503,4661,1158,1317,1265,2481,899,3598,22,8,83,64,55,74,68,169,94,133,81,98,98,145,65,212,39405,1469,8,0,0,0,0,0,0
2021-01-20T23:59:59+01:00,2,1,808,839,2233,2976,1988,3464,1916,4933,2246,4183,1046,1175,1107,2135,786,3135,22,8,83,64,55,73,68,169,93,133,81,98,98,145,64,212,34965,1466,8,0,0,0,0,0,0
2021-01-19T23:59:59+01:00,2,1,748,761,1942,2529,1745,3002,1679,4272,2002,3709,973,1079,984,1860,688,2785,11,3,50,45,36,45,35,100,44,77,36,37,48,77,39,137,30754,820,7,0,0,0,0,0,0
2021-01-18T23:59:59+01:00,2,1,678,704,1710,2129,1506,2524,1428,3584,1746,3202,890,992,885,1655,636,2519,5,2,19,11,13,20,17,54,17,33,19,22,25,53,28,75,26787,413,4,0,0,0,0,0,0
2021-01-17T23:59:59+01:00,1,1,495,542,1393,1725,1222,1987,1169,2842,1466,2574,748,839,736,1375,526,2150,0,1,3,2,0,0,0,0,0,0,0,0,0,0,0,0,21788,6,3,0,0,0,0,0,0
2021-01-16T23:59:59+01:00,1,0,372,395,1210,1476,1101,1699,1025,2438,1308,2164,659,737,706,1359,523,2149,0,0,0,0,0,0,0,0,0,0,0,0,0,0,0,0,19320,0,2,0,0,0,0,0,0
2021-01-15T23:59:59+01:00,1,0,266,232,1026,1173,951,1349,856,1984,1124,1762,538,626,668,1326,512,2109,0,0,0,0,0,0,0,0,0,0,0,0,0,0,0,0,16502,0,1,0,0,0,0,0,0
2021-01-14T23:59:59+01:00,0,0,151,102,709,785,658,874,618,1318,756,1139,348,437,555,1142,462,1880,0,0,0,0,0,0,0,0,0,0,0,0,0,0,0,0,11934,0,0,0,0,0,0,0,0
2021-01-13T23:59:59+01:00,0,0,127,81,598,615,534,706,500,1059,597,873,294,362,466,973,403,1612,0,0,0,0,0,0,0,0,0,0,0,0,0,0,0,0,9800,0,0,0,0,0,0,0,0
2021-01-12T23:59:59+01:00,0,0,116,65,514,526,455,604,434,929,526,769,259,313,382,780,337,1264,0,0,0,0,0,0,0,0,0,0,0,0,0,0,0,0,8273,0,0,0,0,0,0,0,0
2021-01-11T23:59:59+01:00,0,0,87,52,418,426,371,493,347,751,418,594,225,262,320,649,277,1065,0,0,0,0,0,0,0,0,0,0,0,0,0,0,0,0,6755,0,0,0,0,0,0,0,0
2021-01-10T23:59:59+01:00,0,0,73,45,352,352,305,409,290,652,348,527,196,233,260,516,220,834,0,0,0,0,0,0,0,0,0,0,0,0,0,0,0,0,5612,0,0,0,0,0,0,0,0
2021-01-09T23:59:59+01:00,0,0,73,43,337,332,280,385,282,636,340,520,195,232,259,514,220,834,0,0,0,0,0,0,0,0,0,0,0,0,0,0,0,0,5482,0,0,0,0,0,0,0,0
2021-01-08T23:59:59+01:00,0,0,69,37,303,298,234,344,254,594,312,481,177,212,234,456,199,733,0,0,0,0,0,0,0,0,0,0,0,0,0,0,0,0,4937,0,0,0,0,0,0,0,0
2021-01-07T23:59:59+01:00,0,0,58,25,213,199,165,244,194,427,241,344,148,173,180,297,127,462,0,0,0,0,0,0,0,0,0,0,0,0,0,0,0,0,3497,0,0,0,0,0,0,0,0
2021-01-06T23:59:59+01:00,0,0,47,16,163,120,118,163,144,299,178,244,118,141,139,231,88,329,0,0,0,0,0,0,0,0,0,0,0,0,0,0,0,0,2538,0,0,0,0,0,0,0,0
2021-01-05T23:59:59+01:00,0,0,29,8,97,72,63,95,86,215,117,152,107,131,130,213,87,308,0,0,0,0,0,0,0,0,0,0,0,0,0,0,0,0,1910,0,0,0,0,0,0,0,0
2021-01-04T23:59:59+01:00,0,0,27,8,97,71,59,92,86,215,117,150,107,130,130,213,87,308,0,0,0,0,0,0,0,0,0,0,0,0,0,0,0,0,1897,0,0,0,0,0,0,0,0
2021-01-03T23:59:59+01:00,0,0,27,8,97,71,59,92,86,215,116,150,106,130,130,213,87,308,0,0,0,0,0,0,0,0,0,0,0,0,0,0,0,0,1895,0,0,0,0,0,0,0,0
2021-01-02T23:59:59+01:00,0,0,27,8,97,71,59,92,86,215,115,150,106,130,130,213,87,307,0,0,0,0,0,0,0,0,0,0,0,0,0,0,0,0,1893,0,0,0,0,0,0,0,0
2021-01-01T23:59:59+01:00,0,0,27,8,97,71,59,92,86,215,114,149,106,130,130,213,87,307,0,0,0,0,0,0,0,0,0,0,0,0,0,0,0,0,1891,0,0,0,0,0,0,0,0
2020-12-31T23:59:59+01:00,0,0,27,8,97,71,59,92,86,215,113,149,106,130,130,213,87,307,0,0,0,0,0,0,0,0,0,0,0,0,0,0,0,0,1890,0,0,0,0,0,0,0,0
2020-12-30T23:59:59+01:00,0,0,27,8,97,71,58,92,86,215,113,149,106,130,130,213,86,307,0,0,0,0,0,0,0,0,0,0,0,0,0,0,0,0,1888,0,0,0,0,0,0,0,0
2020-12-29T23:59:59+01:00,0,0,15,2,65,53,36,61,50,138,64,89,49,54,72,125,56,208,0,0,0,0,0,0,0,0,0,0,0,0,0,0,0,0,1137,0,0,0,0,0,0,0,0
2020-12-28T23:59:59+01:00,0,0,5,2,36,26,23,30,21,67,25,41,21,23,26,48,28,74,0,0,0,0,0,0,0,0,0,0,0,0,0,0,0,0,496,0,0,0,0,0,0,0,0
2020-12-27T23:59:59+01:00,0,0,0,0,7,5,11,2,1,5,0,2,0,1,2,2,4,6,0,0,0,0,0,0,0,0,0,0,0,0,0,0,0,0,48,0,0,0,0,0,0,0,0
