Datum,<15_m,<15_w,15-24_1_m,15-24_1_w,25-34_1_m,25-34_1_w,35-44_1_m,35-44_1_w,45-54_1_m,45-54_1_w,55-64_1_m,55-64_1_w,65-74_1_m,65-74_1_w,75-84_1_m,75-84_1_w,>84_1_m,>84_1_w,<24_2_m,<24_2_w,25-34_2_m,25-34_2_w,35-44_2_m,35-44_2_w,45-54_2_m,45-54_2_w,55-64_2_m,55-64_2_w,65-74_2_m,65-74_2_w,75-84_2_m,75-84_2_w,>84_2_m,>84_2_w,bp_1,bp_2,mo_1,mo_2,az_1,az_2,ja,unb_1,unb_2
2021-09-04T23:59:59+02:00,8480,8171,59960,60274,102758,100331,94402,93897,91800,97268,91907,94030,55324,68752,43642,60537,10549,21317,53749,54032,96316,93332,88847,87438,87135,91947,88066,90168,53531,66521,42417,58609,10159,20329,789233,742918,133351,126841,158584,143438,82111,120,107
2021-09-03T23:59:59+02:00,8402,8101,59770,60097,102584,100184,94250,93748,91692,97153,91832,93978,55296,68725,43634,60522,10547,21310,53546,53860,96115,93126,88654,87237,86989,91781,87973,90091,53502,66488,42407,58591,10155,20326,788136,741709,133300,126623,158579,143403,81690,120,107
2021-09-02T23:59:59+02:00,8280,8012,59522,59858,102327,99942,94043,93522,91507,96988,91707,93880,55247,68664,43610,60490,10546,21296,53289,53611,95828,92850,88412,86967,86770,91578,87829,89974,53458,66408,42381,58556,10149,20313,786489,740123,133205,126319,158567,143285,81060,120,107
2021-09-01T23:59:59+02:00,8218,7928,59316,59656,102142,99777,93896,93373,91393,96863,91597,93799,55200,68612,43594,60466,10538,21278,53037,53397,95607,92643,88224,86750,86596,91418,87689,89865,53394,66323,42346,58515,10142,20296,785265,738728,133133,126066,158551,143167,80577,120,106
2021-08-31T23:59:59+02:00,8137,7852,59109,59424,101951,99605,93722,93214,91275,96750,91469,93720,55154,68561,43568,60428,10528,21263,52791,53152,95345,92409,88011,86515,86444,91266,87530,89762,53351,66257,42321,58466,10137,20278,783927,737291,133055,125764,158538,143057,80090,120,106
2021-08-30T23:59:59+02:00,8043,7776,58912,59245,101778,99463,93602,93080,91161,96647,91402,93643,55119,68533,43551,60394,10523,21248,52554,52971,95104,92179,87807,86287,86268,91126,87403,89641,53296,66181,42282,58404,10121,20249,782827,735908,133001,125453,158531,142909,79641,120,106
2021-08-29T23:59:59+02:00,7967,7701,58640,59009,101549,99273,93423,92910,91022,96530,91316,93554,55074,68483,43527,60364,10521,21239,52209,52670,94795,91899,87524,86037,86038,90935,87250,89518,53230,66106,42253,58366,10115,20233,781495,734056,132914,125124,158518,142767,79055,120,106
2021-08-28T23:59:59+02:00,7910,7637,58508,58899,101443,99166,93322,92829,90938,96456,91271,93525,55060,68470,43519,60359,10520,21237,52035,52525,94641,91770,87390,85929,85929,90849,87185,89475,53214,66086,42244,58358,10114,20232,780885,733258,132877,125023,158514,142742,78673,120,106
2021-08-27T23:59:59+02:00,7846,7553,58321,58715,101284,99006,93187,92706,90832,96353,91184,93470,55039,68441,43511,60343,10519,21234,51793,52291,94357,91498,87174,85731,85760,90698,87078,89378,53173,66050,42232,58333,10110,20229,779940,731719,132815,124826,158466,142707,78203,120,106
2021-08-26T23:59:59+02:00,7761,7455,58093,58475,101068,98792,92975,92486,90655,96178,91083,93375,54991,68382,43478,60316,10513,21222,51463,52014,94002,91157,86849,85425,85520,90446,86925,89249,53114,65963,42186,58290,10105,20217,778524,729857,132721,124429,158440,142577,77493,120,106
2021-08-25T23:59:59+02:00,7691,7366,57883,58294,100903,98658,92828,92308,90543,96056,90980,93300,54956,68338,43448,60273,10509,21200,51172,51772,93710,90908,86628,85183,85326,90259,86798,89125,53053,65884,42144,58224,10101,20190,777382,728195,132642,124117,158431,142507,76959,120,106
2021-08-24T23:59:59+02:00,7643,7317,57674,58087,100727,98493,92668,92151,90437,95936,90896,93235,54920,68284,43425,60231,10502,21176,50863,51518,93373,90625,86335,84936,85127,90077,86650,88971,52972,65792,42097,58160,10093,20167,776295,726423,132552,123824,158427,142290,76408,120,106
2021-08-23T23:59:59+02:00,7590,7268,57478,57894,100562,98340,92542,91998,90348,95851,90824,93151,54885,68241,43396,60205,10498,21159,50549,51257,93039,90356,86089,84667,84939,89914,86520,88848,52896,65701,42064,58111,10086,20149,775198,724579,132481,123544,158417,142114,76014,120,106
2021-08-22T23:59:59+02:00,7523,7212,57287,57716,100375,98192,92387,91869,90252,95735,90748,93086,54853,68197,43383,60181,10493,21145,50186,50913,92646,89966,85782,84373,84706,89682,86352,88726,52822,65601,42033,58052,10077,20127,774217,722300,132388,123241,158405,141901,75504,120,106
2021-08-21T23:59:59+02:00,7470,7174,57157,57596,100244,98090,92284,91766,90155,95677,90692,93051,54833,68176,43375,60164,10491,21142,49860,50615,92484,89826,85613,84222,84558,89559,86268,88666,52791,65579,42023,58037,10076,20121,773551,720805,132317,123013,158404,141860,75145,120,106
2021-08-20T23:59:59+02:00,7421,7121,57005,57427,100075,97937,92134,91632,90038,95557,90618,92991,54811,68154,43365,60147,10489,21138,49540,50290,92226,89566,85353,83985,84344,89357,86139,88558,52760,65538,42001,58013,10069,20115,772610,718896,132271,122806,158400,141793,74659,120,106
2021-08-19T23:59:59+02:00,7355,7061,56774,57202,99822,97718,91941,91449,89879,95399,90495,92890,54771,68097,43340,60116,10483,21125,49107,49861,91814,89177,84954,83586,84040,89053,85926,88377,52689,65433,41963,57954,10059,20097,771317,716258,132148,122367,158395,141590,73937,120,106
2021-08-18T23:59:59+02:00,7294,7007,56598,57047,99647,97550,91802,91293,89745,95281,90394,92795,54705,68035,43311,60072,10474,21105,48768,49507,91444,88860,84641,83258,83767,88801,85738,88208,52578,65323,41894,57865,10045,20067,770207,713927,132066,121978,158388,141355,73374,120,106
2021-08-17T23:59:59+02:00,7233,6956,56418,56895,99457,97378,91644,91152,89625,95153,90298,92706,54668,67988,43288,60045,10472,21090,48285,49100,90999,88437,84242,82905,83440,88515,85535,88010,52476,65201,41838,57790,10039,20045,769132,710963,131965,121573,158374,141067,72875,120,106
2021-08-16T23:59:59+02:00,7176,6889,56241,56730,99267,97207,91499,91000,89490,95038,90186,92610,54617,67927,43260,59997,10464,21077,47733,48541,90537,88005,83780,82514,83115,88225,85309,87812,52375,65088,41782,57712,10030,20009,768001,707518,131877,121132,158368,140840,72309,120,106
2021-08-15T23:59:59+02:00,7112,6840,56030,56548,99089,97035,91347,90866,89367,94936,90097,92552,54582,67886,43240,59968,10460,21070,46625,47441,89900,87328,83233,81987,82723,87841,85024,87608,52268,64966,41741,57654,10021,19989,766968,701812,131769,120504,158359,140662,71809,120,105
2021-08-14T23:59:59+02:00,7082,6810,55913,56458,98949,96936,91244,90791,89281,94868,90047,92508,54567,67870,43235,59961,10459,21069,46479,47305,89677,87152,83023,81785,82601,87743,84956,87564,52240,64935,41732,57643,10020,19987,766453,701028,131714,120185,158355,140610,71406,120,105
2021-08-13T23:59:59+02:00,7039,6766,55765,56335,98798,96813,91119,90657,89180,94756,89970,92447,54538,67821,43221,59939,10457,21063,46184,46997,89213,86763,82630,81414,82342,87509,84792,87428,52198,64869,41711,57619,10017,19976,765655,698853,131657,119640,158348,140532,70906,118,105
2021-08-12T23:59:59+02:00,7004,6716,55562,56177,98599,96639,90948,90498,89037,94619,89878,92371,54501,67769,43196,59905,10449,21046,45778,46614,88590,86203,82060,80878,81969,87192,84564,87255,52125,64769,41660,57560,10007,19959,764628,695968,131552,118811,158337,140281,70279,118,105
2021-08-11T23:59:59+02:00,6970,6662,55376,56012,98398,96464,90796,90365,88908,94509,89769,92270,54450,67712,43165,59867,10439,21031,45369,46164,87987,85552,81489,80375,81641,86890,84299,87019,52042,64634,41588,57439,9990,19916,763533,692867,131457,117873,158314,139951,69741,118,104
2021-08-10T23:59:59+02:00,6909,6616,55195,55856,98197,96324,90638,90217,88782,94398,89685,92195,54407,67667,43149,59828,10435,21018,44945,45707,87350,84947,80891,79839,81237,86511,84056,86806,51920,64529,41530,57354,9977,19885,762511,689590,131363,116934,158295,139640,69229,118,104
2021-08-09T23:59:59+02:00,6859,6559,55030,55693,98013,96178,90496,90082,88650,94305,89577,92136,54369,67620,43124,59796,10428,21004,44397,45161,86526,84277,80208,79258,80826,86169,83764,86586,51811,64398,41474,57254,9963,19842,761554,685827,131290,115878,158287,139297,68670,118,104
2021-08-08T23:59:59+02:00,6789,6492,54810,55509,97819,95997,90325,89923,88518,94193,89484,92063,54316,67575,43099,59762,10421,20983,43804,44563,85482,83358,79319,78456,80293,85698,83441,86290,51681,64247,41414,57164,9951,19816,760391,680814,131181,114699,158267,138989,68121,118,104
2021-08-07T23:59:59+02:00,6745,6443,54672,55385,97685,95888,90196,89822,88425,94135,89422,92023,54297,67549,43095,59752,10418,20978,42979,43697,85153,83031,78850,78018,79939,85350,83258,86149,51618,64164,41393,57128,9946,19807,759738,677164,131117,113555,158263,138883,67694,118,103
2021-08-06T23:59:59+02:00,6691,6394,54484,55243,97461,95710,90047,89693,88301,94022,89327,91954,54258,67522,43086,59726,10415,20974,42066,42822,84698,82578,78261,77465,79551,84972,83069,86002,51568,64100,41367,57096,9938,19795,758797,673249,131028,112280,158256,138749,67109,118,103
2021-08-05T23:59:59+02:00,6626,6326,54174,55002,97175,95451,89799,89484,88092,93839,89158,91824,54194,67434,43057,59674,10406,20955,40846,41678,83978,81917,77490,76676,78956,84414,82715,85701,51436,63942,41306,56997,9923,19763,757207,667749,130904,110665,158245,138208,66196,118,103
2021-08-04T23:59:59+02:00,6544,6275,53941,54823,96942,95247,89629,89319,87953,93702,89041,91726,54141,67382,43021,59629,10403,20945,40387,41198,82783,80876,76166,75535,78466,83965,82398,85454,51299,63805,41250,56913,9907,19738,755950,662605,130798,109164,158232,137756,65565,118,103
2021-08-03T23:59:59+02:00,6479,6212,53684,54632,96714,95059,89459,89160,87813,93559,88897,91606,54061,67301,42985,59571,10395,20937,39952,40791,81539,79742,74747,74346,77863,83401,81855,84965,51086,63602,41149,56757,9894,19702,754593,656823,130697,107465,158210,137051,64906,118,103
2021-08-02T23:59:59+02:00,6418,6149,53447,54435,96459,94844,89245,88991,87649,93416,88756,91491,53980,67231,42954,59523,10392,20917,39489,40325,80233,78639,73202,73137,77241,82833,81315,84484,50917,63401,41075,56638,9877,19668,753192,650814,130553,105703,158189,136453,64245,118,103
2021-08-01T23:59:59+02:00,6354,6064,53181,54173,96200,94576,89014,88821,87443,93273,88592,91381,53916,67147,42918,59472,10385,20910,38973,39834,78942,77557,71797,72036,76353,82082,80734,84020,50733,63165,40992,56533,9867,19644,751605,644666,130363,103804,158170,135845,63564,118,101
2021-07-31T23:59:59+02:00,6319,6025,53064,54083,96084,94484,88913,88755,87354,93202,88548,91345,53905,67138,42912,59468,10385,20909,38029,38829,78499,77117,71265,71484,75972,81755,80618,83924,50714,63132,40976,56522,9867,19641,751133,640034,130199,102932,158168,135750,63275,118,101
2021-07-30T23:59:59+02:00,6266,5990,52897,53943,95930,94313,88762,88609,87227,93089,88467,91276,53868,67108,42900,59450,10383,20907,37033,37786,77810,76477,70518,70753,75460,81230,80218,83603,50640,63044,40944,56462,9861,19629,750262,633896,129888,101800,158165,135544,62952,118,101
2021-07-29T23:59:59+02:00,6215,5932,52665,53764,95681,94090,88550,88402,87061,92918,88327,91150,53811,67045,42877,59415,10375,20887,35794,36573,76765,75603,69467,69800,74658,80484,79679,83178,50508,62881,40877,56367,9844,19602,749041,626179,129417,100250,158151,134989,62438,118,101
2021-07-28T23:59:59+02:00,6177,5880,52469,53600,95480,93889,88402,88222,86945,92779,88217,91057,53754,66973,42845,59367,10366,20858,35191,35995,75611,74635,68190,68692,73900,79774,79189,82727,50371,62680,40809,56265,9827,19564,747897,619900,128974,98842,158133,134205,62158,118,101
2021-07-27T23:59:59+02:00,6129,5841,52238,53380,95218,93683,88226,88041,86788,92629,88097,90960,53701,66901,42801,59305,10352,20810,34542,35266,74165,73402,66744,67477,73041,78925,78644,82218,50198,62472,40729,56144,9802,19521,746509,612690,128554,97390,158110,132971,61809,118,100
2021-07-26T23:59:59+02:00,6072,5790,52026,53178,94980,93491,88034,87877,86631,92495,87967,90862,53641,66822,42772,59251,10345,20789,33788,34466,72660,72070,65383,66241,71999,77943,78055,81688,50028,62258,40651,55997,9780,19476,745191,604684,128133,95864,158094,131905,61487,118,100
2021-07-25T23:59:59+02:00,6034,5748,51826,52987,94729,93265,87866,87693,86481,92367,87861,90766,53591,66759,42744,59207,10335,20753,33084,33726,71321,70866,64272,65229,70997,77038,77586,81243,49912,62075,40587,55910,9774,19442,743837,597767,127859,94298,158075,131112,61123,118,100
2021-07-24T23:59:59+02:00,5946,5692,51554,52698,94427,92954,87621,87480,86303,92213,87761,90687,53561,66725,42733,59184,10335,20747,32600,33251,70467,70181,63602,64677,70122,76340,77382,81092,49858,62033,40566,55885,9774,19440,741981,593409,127804,93368,158073,130988,60645,118,100
2021-07-23T23:59:59+02:00,5894,5637,51288,52429,94038,92677,87331,87266,86123,92033,87626,90593,53528,66678,42725,59166,10332,20741,32096,32636,69413,69338,62820,64015,69218,75494,76980,80766,49783,61935,40534,55847,9767,19426,739966,587869,127731,92207,158067,130811,60223,118,100
2021-07-22T23:59:59+02:00,5823,5573,50878,52031,93584,92239,86949,86937,85818,91736,87410,90413,53443,66584,42696,59108,10323,20716,31408,31932,68117,68350,61777,63136,67600,74144,76336,80260,49632,61731,40444,55737,9746,19388,736966,581508,127498,89454,158043,130045,59636,118,100
2021-07-21T23:59:59+02:00,5771,5522,50520,51659,93155,91831,86648,86639,85562,91492,87241,90230,53361,66502,42638,59041,10312,20688,30813,31306,66788,67313,60698,62241,65562,72459,75431,79517,49343,61422,40284,55549,9722,19332,734205,575264,127266,85152,158018,128959,59205,118,100
2021-07-20T23:59:59+02:00,5713,5459,50135,51272,92698,91371,86284,86321,85298,91241,87023,90036,53270,66367,42592,58982,10306,20663,30162,30679,65337,66136,59559,61287,64378,71401,74821,78965,49135,61189,40178,55392,9700,19271,731287,568254,127046,83492,157962,127934,58618,118,100
2021-07-19T23:59:59+02:00,5634,5385,49674,50821,92229,90902,85921,85993,85049,91030,86818,89862,53177,66248,42556,58904,10289,20627,29629,30116,64182,65084,58641,60424,63226,70365,74226,78451,48961,60992,40086,55247,9672,19226,728050,562506,126824,81690,157929,126746,58198,118,100
2021-07-18T23:59:59+02:00,5566,5316,48852,50012,91181,89874,85201,85386,84576,90606,86527,89572,53070,66100,42493,58809,10279,20596,29083,29539,63014,64018,57717,59511,62051,69340,73680,77953,48815,60831,40028,55164,9660,19198,721672,556698,126494,79673,157912,125942,57820,118,100
2021-07-17T23:59:59+02:00,5392,5130,48502,49684,91037,89741,85007,85227,84419,90471,86418,89489,53048,66073,42482,58797,10278,20593,28706,29171,62376,63425,57170,59087,61293,68605,73375,77712,48705,60714,39988,55106,9650,19187,720497,553714,126317,78706,157906,125324,56950,118,100
2021-07-16T23:59:59+02:00,5293,5039,48184,49403,90773,89523,84762,85027,84216,90287,86280,89381,53007,66042,42464,58783,10275,20588,28217,28682,61447,62520,56324,58399,60238,67570,72873,77294,48545,60526,39942,55038,9645,19178,719129,548786,126149,77384,157896,124588,56035,118,100
2021-07-15T23:59:59+02:00,5156,4907,47710,48997,90386,89153,84405,84648,83918,90013,86061,89213,52926,65952,42410,58715,10265,20561,27490,28072,60143,61472,55209,57417,58839,66263,72147,76711,48324,60268,39856,54910,9629,19123,716691,543033,125731,75196,157860,122930,54996,118,100
2021-07-14T23:59:59+02:00,5050,4794,47368,48622,90089,88863,84121,84338,83668,89773,85858,89058,52838,65844,42352,58626,10248,20531,26976,27533,59061,60486,54243,56579,57965,65419,71536,76129,48056,59990,39752,54737,9607,19079,714544,537667,125374,74282,157813,121246,54193,117,100
2021-07-13T23:59:59+02:00,4937,4677,46966,48246,89699,88507,83816,84037,83404,89517,85654,88893,52730,65740,42298,58562,10242,20511,26332,26883,57694,59305,53050,55594,56974,64508,70813,75493,47781,59669,39624,54561,9577,19029,712213,531367,125006,73182,157759,119210,53342,116,99
2021-07-12T23:59:59+02:00,4769,4508,46428,47740,89303,88175,83426,83722,83159,89262,85467,88735,52649,65645,42250,58497,10230,20496,25713,26241,56189,57962,51759,54535,55747,63369,70070,74875,47410,59242,39449,54340,9536,18964,709546,524111,124636,72155,157696,116867,52467,116,98
2021-07-11T23:59:59+02:00,4374,4136,45487,46824,88882,87747,83011,83337,82852,88975,85276,88589,52563,65555,42225,58441,10219,20479,25117,25679,54817,56704,50463,53495,54702,62337,69481,74326,47065,58860,39325,54165,9511,18922,705622,517505,124165,71147,157657,115082,51414,114,98
2021-07-10T23:59:59+02:00,4362,4121,45157,46489,88431,87269,82679,83025,82750,88878,85208,88531,52543,65532,42216,58427,10218,20475,24633,25154,53741,55768,49605,52914,54104,61769,69264,74139,46694,58441,39225,54060,9506,18911,704959,513215,123701,71063,157481,113761,50057,113,98
2021-07-09T23:59:59+02:00,4343,4108,44738,46057,87823,86720,82301,82687,82500,88694,85093,88438,52509,65503,42209,58414,10214,20466,23937,24387,52426,54532,48670,52034,53326,60917,68842,73740,46333,58035,39139,53969,9498,18899,703567,507061,123123,70659,157316,112414,48698,113,97
2021-07-08T23:59:59+02:00,4317,4082,44192,45577,86967,86020,81781,82180,82247,88456,84898,88285,52444,65436,42178,58368,10203,20450,22965,23469,50495,52976,47295,50884,52192,59795,68162,73106,45819,57483,39004,53806,9470,18830,701483,499379,122237,69393,157027,109881,47221,113,97
2021-07-07T23:59:59+02:00,4293,4054,43625,45008,86142,85257,81239,81703,81963,88164,84696,88124,52366,65337,42138,58306,10196,20430,22104,22580,48554,51300,45789,49749,50958,58619,67474,72573,45089,56747,38814,53567,9439,18772,699008,491267,121244,68280,156776,106780,45901,112,95
2021-07-06T23:59:59+02:00,4261,4034,43084,44493,85295,84528,80631,81114,81595,87836,84523,87950,52277,65256,42100,58243,10187,20405,21275,21729,46575,49513,44405,48499,49686,57286,66730,71854,44261,55976,38628,53328,9421,18716,696392,482330,120222,67200,156478,103824,44609,111,95
2021-07-05T23:59:59+02:00,4238,3997,41943,43525,83802,83447,79900,80501,81145,87419,84251,87689,52160,65120,42051,58165,10173,20377,20102,20688,44633,47922,43379,47536,48656,56326,66033,71238,43504,55114,38456,53104,9397,18677,693124,476367,119164,66331,156115,100736,41389,111,95
2021-07-04T23:59:59+02:00,4210,3976,40595,42334,82168,82132,79181,79893,80675,86994,83981,87493,52070,64994,42005,58114,10160,20348,18757,19486,42846,46410,42681,46797,47848,55469,65454,70671,42762,54271,38292,52912,9378,18629,690053,471735,118010,65402,155694,98119,37455,111,95
2021-07-03T23:59:59+02:00,3746,3561,39038,40808,81311,81481,78696,79403,80232,86517,83765,87323,52002,64893,41987,58062,10157,20342,17949,18798,41933,45719,42263,46416,47443,55070,65290,70506,42174,53544,38230,52813,9371,18619,686357,469805,116702,65302,155610,96529,34544,111,95
2021-07-02T23:59:59+02:00,3187,2989,37491,39329,80594,80756,78025,78704,79712,86015,83523,87123,51951,64807,41958,58015,10145,20329,17195,18085,40791,44764,41529,45723,46609,54286,64770,70059,41224,52339,38100,52624,9355,18600,681351,464764,115298,64840,155456,94038,32437,111,94
2021-07-01T23:59:59+02:00,2546,2445,35781,37682,79627,79899,77194,77875,79009,85380,83209,86844,51830,64648,41895,57911,10126,20301,16333,17196,39260,43530,40315,44657,45302,53158,64033,69486,40337,51203,37950,52417,9338,18568,675068,458422,113591,63188,155230,91273,30202,111,94
2021-06-30T23:59:59+02:00,2504,2414,34779,36681,77798,78399,75489,76376,78351,84833,82924,86551,51700,64488,41835,57815,10114,20274,15312,16235,37577,42304,39116,43546,44142,52103,63281,68861,39792,50521,37835,52222,9316,18533,669221,452313,111857,61848,155014,89396,27122,111,93
2021-06-29T23:59:59+02:00,2471,2381,33950,35797,76201,76914,73872,74958,77561,84114,82380,86062,51518,64269,41758,57684,10097,20238,14481,15339,36264,41164,38197,42726,42917,51051,62569,68277,39086,49587,37699,52004,9294,18490,662895,447155,109982,60011,154744,87448,24493,111,92
2021-06-28T23:59:59+02:00,2431,2348,33147,35000,74582,75506,72193,73557,76537,83326,81774,85563,51339,64042,41681,57577,10084,20204,13740,14596,35208,40146,37369,41994,41793,50056,61921,67731,38213,48500,37532,51783,9274,18443,656445,442333,108017,58497,154149,85249,22169,111,91
2021-06-27T23:59:59+02:00,2417,2333,32415,34260,73014,74137,70790,72351,75140,82206,81098,85010,51140,63825,41616,57460,10074,20175,13108,13969,34250,39393,36710,41389,40859,49207,61384,67287,37353,47471,37380,51606,9259,18412,650258,438442,106079,57733,153197,82990,19816,111,91
2021-06-26T23:59:59+02:00,1785,1726,31384,33163,72663,73822,70326,71888,74846,81894,81004,84928,51119,63797,41602,57450,10073,20172,12915,13763,33589,38849,36068,40967,40340,48872,60388,66285,36365,46336,37213,51392,9245,18379,645496,432472,105142,57681,153192,81051,19705,107,91
2021-06-25T23:59:59+02:00,1167,1128,30272,32002,72177,73296,69710,71191,74423,81450,80628,84605,51058,63711,41568,57407,10068,20158,12591,13377,32735,38050,35200,40144,39401,48034,59177,65051,35849,45637,37021,51091,9222,18336,639203,424055,103952,57234,153184,79993,19573,107,91
2021-06-24T23:59:59+02:00,567,569,28940,30692,71406,72552,68837,70307,73751,80822,80182,84241,50952,63582,41516,57338,10057,20124,11935,12683,31574,36750,33985,38876,38274,46924,57543,63675,35373,45117,36865,50903,9203,18276,631437,414739,102460,55684,153070,78106,19361,107,90
2021-06-23T23:59:59+02:00,540,536,28437,30152,70300,71571,67560,69170,73004,80135,79733,83839,50841,63408,41455,57242,10040,20093,11448,12157,30575,35502,33053,37652,37260,46045,55604,61965,34823,44552,36697,50676,9182,18211,625227,404995,100888,54618,152965,76852,18869,107,89
2021-06-22T23:59:59+02:00,517,520,27926,29574,69126,70544,66356,68140,72325,79430,79319,83474,50735,63281,41407,57158,10031,20068,11104,11761,29654,34566,32090,36764,36300,45155,53637,60131,34436,44077,36559,50435,9153,18154,618916,396482,99428,53045,152830,75729,18650,107,88
2021-06-21T23:59:59+02:00,485,486,27263,28915,67808,69377,65172,67009,71564,78651,78923,83081,50627,63172,41348,57071,10018,20026,10813,11451,29030,33983,31540,36197,35699,44568,51789,58472,33728,43277,36264,50013,9124,18078,612119,388921,97933,51847,152709,75058,18129,106,88
2021-06-20T23:59:59+02:00,400,405,26625,28257,66590,68244,64149,66067,70760,77910,78568,82746,50549,63047,41299,57003,10013,19993,10526,11190,28484,33482,31084,35704,35191,44044,49950,56682,33186,42596,36067,49678,9094,18018,605740,381514,96466,51094,152611,74593,17702,106,85
2021-06-19T23:59:59+02:00,368,371,26247,27892,65859,67673,63624,65571,69964,77256,78415,82621,50528,63022,41283,56987,10012,19993,10397,10997,28237,33164,30830,35383,34969,43783,48505,55288,32926,42249,35983,49541,9086,17990,601799,376119,95523,51082,152609,74405,17649,106,85
2021-06-18T23:59:59+02:00,341,337,25787,27434,64847,66938,62886,64958,69044,76418,78025,82285,50467,62946,41256,56951,10008,19985,10183,10762,27833,32739,30504,34971,34583,43392,46778,53626,32575,41737,35846,49330,9067,17956,596393,369284,94280,50795,152600,74195,17535,105,85
2021-06-17T23:59:59+02:00,312,306,25157,26832,63593,65939,61891,64145,67453,75016,77502,81885,50367,62793,41193,56868,9995,19957,9768,10409,27039,32054,29763,34292,33746,42690,45274,52133,32130,41110,35683,49076,9035,17906,590327,361869,91628,49654,152443,73811,16702,104,84
2021-06-16T23:59:59+02:00,278,268,24636,26255,62297,64815,60783,63163,65180,73097,76656,81229,50155,62583,41102,56756,9976,19926,9448,10158,26387,31381,29055,33669,33017,42056,44682,51569,31860,40749,35537,48877,9014,17865,584100,358173,87118,48948,152009,72303,15826,102,84
2021-06-15T23:59:59+02:00,239,237,23999,25573,60896,63611,59700,62179,64025,72013,76153,80809,50032,62435,41052,56659,9969,19896,9188,9890,25786,30646,28416,32911,32340,41332,43124,49943,31414,40196,35366,48644,8984,17801,577005,351472,85489,48056,151545,71043,15336,102,84
2021-06-14T23:59:59+02:00,217,205,23532,24988,59793,62555,58825,61328,62951,71006,75679,80416,49944,62312,41002,56587,9953,19870,8902,9591,25032,29756,27649,32074,31549,40515,41841,48606,31046,39697,35229,48419,8954,17750,571146,345336,83768,47032,151342,69362,14805,102,84
2021-06-13T23:59:59+02:00,212,190,23116,24522,58864,61650,58050,60543,61843,70035,75213,79988,49856,62196,40953,56528,9941,19840,8624,9293,24322,28913,26932,31233,30785,39664,40293,47028,30583,39089,35028,48115,8924,17661,566139,338297,81904,46252,151115,67584,14280,102,83
2021-06-12T23:59:59+02:00,199,173,22890,24258,58315,61150,57691,60264,61201,69392,75013,79875,49832,62165,40941,56514,9938,19836,8509,9177,23843,28327,26415,30664,30269,39105,39216,46054,30415,38910,34932,47950,8920,17650,563250,334096,80947,46249,151107,65696,14241,102,83
2021-06-11T23:59:59+02:00,181,158,22539,23846,57576,60338,57016,59635,60296,68460,74662,79567,49759,62092,40915,56478,9935,19830,8377,8989,23333,27653,25882,30006,29687,38471,38145,45046,30145,38555,34790,47727,8907,17623,558257,329257,79655,45989,151093,63840,14176,102,82
2021-06-10T23:59:59+02:00,166,141,22008,23288,56447,59410,56086,58817,59040,67288,74127,79164,49688,61983,40891,56427,9922,19802,8116,8742,22465,26708,24916,29067,28569,37542,36755,43879,29792,38077,34510,47294,8840,17548,552719,322359,77450,45280,150849,61534,13575,102,80
2021-06-09T23:59:59+02:00,145,127,21388,22739,55191,58315,55017,57905,58088,66382,73664,78769,49601,61883,40841,56365,9908,19772,7830,8478,21546,25841,23979,28173,27536,36594,35035,42094,29407,37577,34325,47024,8799,17458,546978,314922,76000,44554,150496,59626,12524,102,78
2021-06-08T23:59:59+02:00,123,109,20717,22058,53880,57185,53898,56930,57133,65524,73117,78334,49514,61759,40786,56273,9888,19742,7562,8245,20633,24945,22920,27309,26502,35637,33686,40792,29049,37069,34004,46571,8746,17375,540323,308619,75081,43788,150052,57155,11412,102,77
2021-06-07T23:59:59+02:00,106,91,20074,21462,52443,55932,52635,55953,55974,64540,72566,77934,49429,61653,40740,56209,9875,19714,7315,8026,19790,24120,21895,26495,25468,34766,32751,40011,28765,36679,33759,46144,8695,17284,533073,303999,74186,42971,149641,54592,10328,102,77
2021-06-06T23:59:59+02:00,99,85,19567,20927,51295,54841,51531,54977,55012,63586,72059,77531,49344,61577,40703,56146,9868,19698,7107,7827,19002,23227,20995,25622,24397,33783,31838,39195,28480,36341,33503,45754,8646,17209,526745,299436,73165,42232,149305,51654,9531,100,77
2021-06-05T23:59:59+02:00,93,77,19304,20638,50527,54094,50880,54476,54538,63102,71927,77417,49333,61562,40700,56142,9865,19698,6880,7415,18361,22151,20273,24505,23521,32538,30812,37877,28147,35878,33379,45580,8639,17189,522443,293134,73160,42193,149209,48284,9461,100,77
2021-06-04T23:59:59+02:00,83,71,18861,20057,49482,53090,50070,53608,53890,62318,71584,77088,49304,61525,40680,56128,9863,19691,6662,7105,17739,21301,19596,23516,22592,31269,29602,36544,27860,35515,33267,45405,8627,17169,515986,286716,72837,42124,149190,45575,9280,100,77
2021-06-03T23:59:59+02:00,72,60,18189,19384,47964,51793,48863,52488,52925,61305,71089,76628,49238,61421,40642,56083,9850,19667,6374,6715,17004,20258,18803,22370,21593,29855,28441,35066,27315,34736,33061,45080,8591,17094,508261,279987,71824,41378,148915,42356,8562,99,76
2021-06-02T23:59:59+02:00,67,56,17820,18882,46950,50814,48003,51744,52185,60556,70840,76416,49201,61385,40623,56055,9842,19653,6192,6475,16355,19579,17895,21620,20762,28916,27347,33664,26849,34132,32902,44830,8562,17024,502008,273718,71807,41363,148893,39666,8287,97,73
2021-06-01T23:59:59+02:00,56,50,17151,18163,45096,49077,46361,50289,50668,59114,70164,75816,49111,61274,40564,55982,9829,19604,5918,6166,15196,18678,16386,20659,19555,27674,26123,32272,26298,33441,32653,44483,8516,16920,492902,267237,70466,40797,148344,36271,6562,95,73
2021-05-31T23:59:59+02:00,54,46,16676,17681,43787,47939,45153,49191,49432,58004,69488,75308,49033,61171,40520,55913,9817,19568,5641,5847,14155,17847,14985,19740,18385,26567,24902,30930,25782,32725,32459,44186,8482,16821,486664,260944,69302,40252,147883,33350,4838,94,72
2021-05-30T23:59:59+02:00,47,45,16352,17290,42810,47006,44249,48286,48438,57008,68930,74763,48926,61016,40449,55799,9802,19525,5453,5604,13607,17148,14361,19046,17500,25600,23800,29758,25012,31775,32165,43767,8437,16732,480690,254976,68267,39453,147473,31052,4218,93,68
2021-05-29T23:59:59+02:00,47,45,16221,17173,42451,46689,43906,48021,48197,56819,68872,74707,48921,61009,40443,55796,9802,19525,5290,5364,13096,16336,13715,18196,16657,24434,22690,28458,24855,31544,32102,43674,8434,16725,478728,249382,68144,39453,147465,28456,4214,93,67
2021-05-28T23:59:59+02:00,46,43,15921,16868,41755,46060,43395,47459,47691,56279,68600,74411,48856,60928,40415,55747,9799,19520,5051,4980,12560,15419,13035,17333,15792,23197,21590,27024,24607,31177,32008,43540,8424,16708,474447,243351,67642,39348,147436,25508,4175,93,65
2021-05-27T23:59:59+02:00,43,39,15402,16348,40607,45080,42375,46575,46704,55394,68015,73978,48734,60768,40361,55675,9788,19479,4827,4644,11918,14591,12250,16394,14723,22004,20330,25516,24103,30436,31836,43278,8391,16626,468619,236003,66128,38544,146715,23449,3810,93,63
2021-05-26T23:59:59+02:00,41,38,14994,15922,39509,44163,41339,45693,45678,54516,67409,73470,48581,60591,40281,55507,9767,19431,4634,4448,11361,13829,11527,15544,13719,20871,18933,23926,23517,29654,31620,42934,8338,16525,463494,228740,64103,37681,145728,21386,3512,93,63
2021-05-25T23:59:59+02:00,41,37,14604,15519,38503,43275,40370,44837,44728,53599,66799,72940,48401,60355,40202,55376,9741,19377,4427,4246,10819,13183,10767,14762,12653,19634,17498,22419,22932,28874,31385,42611,8280,16432,458192,221375,62521,36741,144619,19468,3279,93,61
2021-05-24T23:59:59+02:00,40,36,14262,15196,37673,42538,39497,44164,43865,52815,66270,72456,48276,60179,40137,55253,9721,19333,4284,4119,10372,12720,10126,14174,11768,18801,16210,21158,22262,28040,31168,42281,8221,16342,453575,214463,61290,35801,143884,18855,2869,93,60
2021-05-23T23:59:59+02:00,36,36,14094,15023,37204,42165,39047,43759,43414,52410,66000,72228,48201,60088,40099,55207,9714,19309,4094,3979,9906,12244,9502,13565,10828,17985,15014,20093,21795,27472,30916,41990,8170,16257,450386,207463,60911,35719,143861,17788,2783,93,59
2021-05-22T23:59:59+02:00,34,34,13897,14807,36515,41598,38367,43303,42843,52002,64980,71216,47995,59831,40029,55094,9704,19288,3982,3684,9691,11829,9348,13237,10585,17539,14745,19693,21701,27354,30882,41950,8163,16248,443938,206239,60908,35716,143846,15867,2752,93,59
2021-05-21T23:59:59+02:00,33,33,13518,14405,35442,40681,37305,42372,41778,51105,63625,69932,47765,59494,39949,54947,9687,19255,3876,3588,9484,11563,9137,12973,10256,17211,14332,19322,21480,27068,30821,41860,8154,16240,434333,204291,60554,35410,143611,14873,2736,92,57
2021-05-20T23:59:59+02:00,31,33,12724,13680,34002,39223,35884,40964,40374,49907,62340,68782,47476,59151,39806,54765,9666,19204,3728,3407,8958,10961,8489,12264,9559,16364,13577,18357,20663,25950,30627,41562,8115,16153,424124,199924,58853,34565,142586,11831,2359,90,57
2021-05-19T23:59:59+02:00,31,32,12186,13115,32821,37799,34780,39583,39248,48946,60338,67015,46998,58594,39623,54503,9625,19098,3625,3274,8684,10584,8193,11889,9117,15856,12940,17694,19799,24819,30401,41259,8059,16038,413280,195677,57332,33751,141476,10593,2157,90,55
2021-05-18T23:59:59+02:00,28,32,11763,12672,31779,36780,33686,38668,38205,48012,58281,65157,46643,58145,39468,54263,9593,19039,3427,3111,8185,9978,7721,11343,8574,15188,12256,16924,18857,23587,30164,40916,8022,15933,404621,191582,55372,32909,140283,7792,1850,88,55
2021-05-17T23:59:59+02:00,26,31,11512,12396,31260,36221,33189,38108,37615,47379,56381,63447,45942,57322,39192,53865,9556,18966,3345,3002,7921,9696,7428,11044,8173,14775,11686,16321,17940,22455,29931,40597,7987,15859,397040,187207,54246,32162,139472,7176,1563,87,54
2021-05-16T23:59:59+02:00,26,31,11290,12142,30738,35716,32726,37615,37093,46807,54487,61621,45397,56624,38998,53545,9529,18911,3244,2903,7633,9404,7107,10699,7697,14311,11106,15737,17008,21305,29722,40307,7949,15790,390080,182922,53278,31316,138807,6589,1045,86,52
2021-05-15T23:59:59+02:00,26,31,11136,11939,30460,35383,32488,37294,36862,46543,52916,60142,45147,56318,38921,53407,9523,18883,3223,2884,7608,9375,7092,10678,7678,14298,11089,15715,16898,21089,29513,39999,7941,15780,384270,181931,53274,31315,138761,6537,1028,86,51
2021-05-14T23:59:59+02:00,26,31,10888,11659,29989,34874,32108,36830,36349,46069,51045,58311,44786,55817,38781,53200,9507,18843,3196,2865,7538,9302,7036,10606,7619,14239,10905,15515,16166,20021,29227,39513,7924,15740,376471,179013,52946,30975,138632,6397,978,86,51
2021-05-13T23:59:59+02:00,23,30,10604,11334,29341,34233,31509,36225,35676,45402,49575,56793,44357,55191,38610,52956,9480,18797,3128,2819,7411,9201,6949,10512,7515,14130,10579,15169,15107,18783,28841,38869,7881,15666,369379,175212,51928,30411,137877,6022,867,85,50
2021-05-12T23:59:59+02:00,23,28,10475,11191,29058,33915,31242,35932,35364,45087,49291,56485,44260,55086,38559,52878,9473,18759,3116,2793,7377,9165,6919,10477,7484,14091,10410,15013,14734,18350,28536,38386,7859,15619,366713,173157,51846,30401,137719,5978,744,84,50
2021-05-11T23:59:59+02:00,22,25,10129,10867,28204,33089,30411,35178,34502,44304,47557,54714,43805,54491,38385,52588,9435,18657,3029,2694,7132,8884,6694,10176,7269,13721,9929,14466,13752,17201,28121,37769,7821,15524,359796,169479,50141,29509,135824,4627,518,84,50
2021-05-10T23:59:59+02:00,21,25,9823,10590,27457,32387,29632,34475,33732,43534,46251,53448,43423,53980,38197,52283,9385,18544,2987,2648,7004,8760,6598,10056,7130,13539,9663,14159,13055,16341,27693,37158,7795,15443,353539,166661,49024,29126,134135,3788,408,81,47
2021-05-09T23:59:59+02:00,20,25,9589,10343,26775,31700,28963,33775,33009,42837,44725,51975,42922,53361,37997,51981,9348,18459,2939,2602,6881,8616,6491,9913,7018,13326,9347,13848,12258,15440,27329,36621,7775,15387,346453,163808,47949,28569,133004,3047,321,77,47
2021-05-08T23:59:59+02:00,20,25,9496,10276,26390,31399,28517,33461,32554,42533,43693,51146,42770,53198,37957,51919,9346,18453,2936,2598,6873,8611,6485,9905,7010,13314,9337,13836,12220,15378,26651,35672,7738,15311,341936,161938,47907,28542,132918,3034,315,77,47
2021-05-07T23:59:59+02:00,19,25,9354,10128,25919,31018,28065,33086,32048,42183,42653,50321,42498,52858,37845,51759,9334,18426,2889,2572,6820,8569,6429,9850,6959,13262,9164,13614,11588,14565,25710,34286,7690,15229,336805,157843,47600,28170,132760,2840,297,77,47
2021-05-06T23:59:59+02:00,17,24,8954,9839,25001,30249,27000,32279,30819,41364,41037,49107,42117,52310,37651,51516,9296,18353,2825,2526,6689,8422,6312,9721,6811,13074,8891,13315,10939,13701,24745,32903,7656,15168,328944,154052,46524,27216,131105,2100,284,76,47
2021-05-05T23:59:59+02:00,17,23,8588,9639,24118,29650,26136,31615,29731,40572,39057,47292,41672,51759,37444,51235,9239,18241,2784,2495,6570,8293,6210,9607,6709,12933,8645,13057,10229,12871,23731,31579,7627,15097,321091,150166,45672,26327,128989,1700,200,76,45
2021-05-04T23:59:59+02:00,17,22,8345,9412,23321,29002,25162,30875,28659,39737,37544,45826,41204,51176,37167,50887,9192,18120,2745,2473,6497,8221,6127,9540,6635,12850,8408,12837,9498,12015,22785,30335,7593,15034,314440,146439,44705,25521,126352,1495,95,76,44
2021-05-03T23:59:59+02:00,17,21,8142,9198,22621,28422,24322,30269,27752,39039,36585,45075,40856,50703,36952,50598,9142,18016,2700,2440,6426,8144,6047,9475,6545,12766,8180,12624,8755,11116,21869,29119,7562,14984,309572,142698,43928,24701,124100,1255,55,75,44
2021-05-02T23:59:59+02:00,17,21,7978,9033,21982,27843,23583,29678,26933,38416,35771,44439,40598,50374,36840,50412,9108,17959,2662,2417,6384,8102,6010,9440,6505,12725,7998,12451,8155,10378,21160,28251,7541,14966,304744,139511,43158,24425,122962,1120,47,74,43
2021-05-01T23:59:59+02:00,16,21,7825,8850,21609,27384,23101,29103,26289,37703,34947,43543,40335,49999,36742,50260,9102,17942,2656,2411,6358,8092,5995,9431,6487,12711,7981,12436,8118,10314,21121,28194,7537,14962,298636,139220,43157,24418,122857,1077,47,74,43
2021-04-30T23:59:59+02:00,16,20,7677,8672,21221,26954,22654,28533,25539,36925,33937,42578,40106,49679,36645,50106,9090,17921,2638,2398,6333,8074,5973,9414,6460,12691,7949,12402,8078,10244,21070,28111,7534,14953,292336,138908,43150,24345,122673,986,41,73,43
2021-04-29T23:59:59+02:00,15,20,7408,8432,20627,26378,21983,27849,24607,35960,32661,41243,39061,48277,36328,49630,9033,17793,2606,2364,6241,7964,5888,9312,6366,12549,7745,12126,7454,9519,20663,27595,7512,14879,283589,136844,42368,23115,121239,743,41,68,41
2021-04-28T23:59:59+02:00,14,18,7133,8214,20105,25905,21344,27249,23721,35113,31265,39791,37900,46688,35986,49138,8970,17651,2536,2316,6132,7842,5778,9181,6264,12399,7526,11855,6765,8674,20247,27020,7471,14808,274905,134395,41595,21820,119601,518,41,63,41
2021-04-27T23:59:59+02:00,13,18,6949,8036,19670,25480,20722,26712,22865,34333,30049,38465,36811,45245,35603,48567,8900,17524,2510,2291,6029,7745,5725,9082,6198,12275,7311,11656,6163,7935,19841,26522,7451,14785,267078,132294,40732,20874,118048,270,41,63,41
2021-04-26T23:59:59+02:00,12,18,6767,7871,19250,25056,20177,26184,22058,33576,28830,37227,35751,43824,35297,48082,8850,17400,2498,2281,5985,7703,5680,9042,6161,12231,7125,11491,5549,7203,19469,26074,7427,14758,259377,130330,39906,20030,116847,239,38,62,41
2021-04-25T23:59:59+02:00,12,17,6662,7737,18912,24785,19796,25844,21445,32957,27844,36271,34619,42392,34982,47652,8808,17318,2486,2274,5967,7679,5661,9025,6140,12206,7088,11464,5422,7022,19134,25610,7411,14714,252177,129709,39192,19289,116586,229,37,61,40
2021-04-24T23:59:59+02:00,12,17,6498,7561,18469,24352,19237,25306,20662,32155,26762,35222,34367,42078,34888,47487,8798,17306,2482,2268,5954,7669,5651,9014,6135,12202,7078,11457,5349,6911,19036,25469,7408,14706,246211,129254,39187,19249,115681,211,37,61,39
2021-04-23T23:59:59+02:00,12,17,6275,7360,18021,23878,18667,24694,19837,31340,25603,34025,33590,40904,34745,47252,8784,17283,2476,2250,5927,7645,5614,8975,6090,12158,7032,11405,5183,6634,18497,24842,7308,14537,238636,127410,38860,18901,114694,189,37,60,37
2021-04-22T23:59:59+02:00,11,16,6060,7152,17416,23290,17874,23911,18787,30314,24282,32593,32548,39551,34501,46896,8746,17205,2462,2235,5883,7591,5564,8891,6014,12080,6957,11334,4899,6214,17783,23968,7189,14343,229594,125244,37943,17936,113522,155,37,57,36
2021-04-21T23:59:59+02:00,11,15,5861,6971,16885,22819,17213,23307,17800,29416,22727,31001,31544,38319,34204,46458,8697,17117,2438,2218,5840,7536,5506,8816,5948,11980,6862,11254,4739,5940,17085,23118,7073,14161,220710,123153,37173,17166,112390,123,37,55,36
2021-04-20T23:59:59+02:00,10,14,5678,6775,16329,22343,16471,22648,16804,28414,21259,29531,30395,36829,33889,46019,8645,17022,2425,2203,5790,7498,5465,8771,5900,11914,6783,11189,4620,5783,16484,22344,6946,13981,211705,121463,36292,16450,110987,115,36,55,33
2021-04-19T23:59:59+02:00,10,14,5491,6618,15794,21912,15794,22088,15811,27536,19866,28128,29019,35191,33572,45540,8587,16904,2414,2188,5766,7465,5428,8737,5861,11868,6702,11113,4494,5622,15835,21633,6838,13819,202997,119818,35513,15784,109277,113,36,52,33
2021-04-18T23:59:59+02:00,9,14,5303,6477,15360,21588,15175,21526,14839,26748,18526,26990,27632,33540,33241,45118,8527,16815,2363,2142,5634,7343,5313,8623,5754,11717,6596,10993,4378,5435,15241,20965,6724,13637,194451,118169,34683,14513,108206,109,36,52,32
2021-04-17T23:59:59+02:00,9,13,5267,6442,15206,21512,14999,21441,14604,26569,18272,26769,27125,32998,33115,44970,8518,16800,2336,2102,5534,7189,5206,8464,5654,11529,6507,10860,4326,5372,15000,20671,6714,13624,193233,116411,34678,14509,106630,101,36,52,32
2021-04-16T23:59:59+02:00,9,13,5204,6388,15030,21362,14787,21281,14322,26322,17856,26358,26081,31767,32982,44760,8497,16777,2290,2052,5418,7001,5069,8280,5500,11286,6310,10637,4118,5138,14353,19877,6616,13479,189890,113156,34390,14108,105428,93,36,52,32
2021-04-15T23:59:59+02:00,7,12,5135,6311,14817,21148,14517,20991,13893,25970,17219,25726,24719,30158,32726,44437,8461,16697,2220,1968,5222,6764,4866,7959,5293,10969,6094,10352,3919,4888,13522,18794,6501,13312,185327,109329,33582,13164,103948,83,36,51,32
2021-04-14T23:59:59+02:00,7,12,5055,6240,14612,20947,14263,20767,13504,25636,16553,25108,23142,28371,32415,44034,8409,16603,2031,1848,5004,6501,4677,7708,5065,10719,5858,10067,3782,4677,12793,17876,6374,13098,180726,106227,32707,11708,102158,76,36,51,32
2021-04-13T23:59:59+02:00,7,12,5003,6192,14410,20815,14028,20587,13163,25341,15984,24605,21438,26525,32099,43619,8379,16497,1945,1795,4837,6312,4492,7487,4864,10464,5653,9831,3645,4511,12276,17260,6251,12937,176509,103836,31833,10591,100276,66,36,50,32
2021-04-12T23:59:59+02:00,7,11,4939,6126,14193,20617,13723,20323,12777,24925,15404,24052,19844,24582,31809,43258,8337,16423,1815,1705,4654,6153,4342,7311,4701,10271,5516,9672,3526,4356,11843,16748,6140,12774,172141,102147,30779,9251,98344,64,36,50,30
2021-04-11T23:59:59+02:00,7,11,4870,6051,13969,20418,13427,20111,12362,24575,14842,23543,18335,22808,31549,42915,8293,16343,1778,1669,4534,6040,4231,7187,4578,10140,5381,9540,3411,4236,11351,16138,6009,12567,167858,100395,29819,8273,96669,62,34,49,27
2021-04-10T23:59:59+02:00,7,11,4865,6043,13950,20404,13418,20100,12345,24557,14818,23524,17645,21886,31258,42497,8275,16316,1774,1657,4522,6029,4216,7173,4565,10126,5328,9474,3308,4123,10794,15303,5880,12369,166788,98250,29792,8273,95258,60,32,49,27
2021-04-09T23:59:59+02:00,7,11,4852,6026,13913,20354,13374,20052,12298,24503,14559,23270,16126,19997,30853,41851,8241,16273,1750,1646,4499,6012,4190,7146,4523,10091,5290,9425,3223,4004,9927,14314,5731,12171,164172,95806,29449,8025,92861,58,30,48,24
2021-04-08T23:59:59+02:00,7,11,4809,5998,13812,20279,13293,19972,12198,24399,14223,22911,14358,17786,30236,40842,8183,16152,1729,1633,4467,5959,4138,7061,4459,10010,5218,9348,3115,3901,9449,13711,5527,11926,160345,93960,28420,7589,90636,57,22,46,24
2021-04-07T23:59:59+02:00,7,11,4778,5969,13707,20196,13197,19886,12094,24297,13840,22551,12848,15933,29590,39869,8128,16054,1710,1621,4414,5892,4052,6987,4370,9926,5128,9248,3027,3806,8702,12617,5289,11521,155925,91405,27543,6815,89422,47,20,45,24
2021-04-06T23:59:59+02:00,7,11,4749,5943,13608,20129,13115,19825,12018,24232,13464,22200,11215,13925,28927,38899,8096,15983,1649,1567,4284,5764,3943,6863,4251,9776,5025,9119,2911,3684,7997,11686,5017,11156,151909,89018,26661,5589,87714,45,18,44,23
2021-04-05T23:59:59+02:00,7,10,4711,5915,13531,20062,13048,19757,11963,24152,13192,21948,9605,11977,28200,37847,8061,15921,1578,1498,4129,5614,3775,6707,4096,9627,4870,8990,2779,3567,7187,10724,4746,10767,148713,86646,25646,3927,85487,42,17,44,23
2021-04-04T23:59:59+02:00,7,10,4697,5898,13520,20042,13040,19739,11955,24132,13095,21878,8582,10717,27753,37207,8036,15864,1576,1495,4121,5608,3773,6702,4091,9622,4868,8982,2774,3558,6951,10258,4662,10642,146988,85686,25642,3927,83484,36,14,44,21
2021-04-03T23:59:59+02:00,7,10,4694,5888,13503,20022,13029,19729,11945,24122,13081,21860,7678,9649,26870,35965,7987,15752,1572,1491,4119,5603,3771,6699,4083,9610,4854,8969,2767,3545,6813,9995,4623,10561,144511,85079,25634,3927,81590,36,13,43,21
2021-04-02T23:59:59+02:00,7,10,4689,5870,13466,19996,12989,19686,11901,24074,13007,21793,7165,8900,25285,33865,7841,15483,1563,1475,4092,5579,3745,6658,4047,9549,4731,8682,2639,3390,6438,9599,4474,10359,140057,83253,25296,3700,80621,36,11,42,21
2021-04-01T23:59:59+02:00,6,9,4641,5811,13373,19850,12872,19535,11751,23918,12409,21345,6603,8193,23779,31894,7715,15246,1497,1429,3982,5455,3678,6587,3979,9483,4653,8578,2544,3249,5924,8913,4304,10085,135865,80985,24158,3295,78878,31,10,39,20
2021-03-31T23:59:59+02:00,6,9,4590,5756,13248,19696,12740,19381,11562,23739,12148,21085,6284,7822,22303,29943,7565,15017,1484,1418,3957,5432,3646,6559,3939,9436,4614,8525,2481,3174,5441,8265,4130,9845,131936,79214,23072,3076,77840,31,7,39,19
2021-03-30T23:59:59+02:00,6,9,4526,5691,13109,19546,12626,19206,11431,23574,11978,20946,6094,7605,20916,28215,7421,14814,1467,1382,3916,5399,3582,6489,3851,9322,4483,8354,2346,2969,5021,7710,3987,9589,128578,76992,22146,2834,76948,19,4,37,19
2021-03-29T23:59:59+02:00,6,9,4486,5653,12989,19453,12559,19122,11349,23472,11829,20811,5936,7406,19499,26535,7293,14613,1408,1341,3861,5354,3508,6419,3733,9178,4333,8164,2224,2828,4457,7041,3833,9313,125001,74335,21281,2622,76698,18,3,37,18
2021-03-28T23:59:59+02:00,6,9,4439,5589,12868,19315,12473,19028,11247,23375,11723,20710,5785,7201,18321,25029,7174,14418,1375,1297,3763,5246,3313,6193,3646,9061,4283,8108,2170,2764,3698,6019,3648,9045,122006,71277,20491,2323,76174,10,3,36,17
2021-03-27T23:59:59+01:00,6,9,4407,5538,12761,19150,12356,18863,11133,23170,11614,20560,5719,7118,18035,24683,7163,14403,1369,1294,3758,5242,3310,6186,3360,8711,4085,7810,2164,2761,3684,5985,3614,8983,120168,69969,20451,2323,76030,5,3,36,17
2021-03-26T23:59:59+01:00,6,8,4371,5485,12650,18959,12223,18661,10979,22940,11453,20349,5556,6904,17430,23888,7064,14253,1367,1293,3753,5235,3287,6168,3341,8691,3871,7361,1987,2355,3420,5701,3463,8749,117068,67704,20112,2316,75961,4,2,36,17
2021-03-25T23:59:59+01:00,6,8,4303,5397,12452,18720,12018,18332,10767,22612,11212,20022,5343,6620,16401,22582,6936,14064,1358,1283,3732,5209,3253,6140,3289,8654,3825,7317,1915,2242,2986,5018,3305,8444,113090,65735,19040,2215,75627,2,2,36,17
2021-03-24T23:59:59+01:00,6,8,4223,5286,12236,18266,11799,17918,10545,22220,10978,19649,5074,6273,15360,21365,6796,13840,1335,1270,3708,5163,3217,6076,3234,8584,3771,7244,1862,2183,2679,4684,3153,8169,109979,64341,17947,1972,73878,2,2,36,16
2021-03-23T23:59:59+01:00,6,8,4167,5221,12069,17922,11599,17564,10352,21855,10754,19360,4940,6076,14720,20550,6656,13667,1320,1264,3693,5144,3196,6058,3209,8533,3734,7201,1827,2124,2450,4415,2944,7847,107623,63010,17221,1930,72604,2,2,36,16
2021-03-22T23:59:59+01:00,6,8,4118,5143,11870,17589,11410,17236,10126,21527,10539,19054,4788,5869,14101,19835,6523,13481,1307,1255,3666,5111,3164,6021,3180,8477,3697,7156,1783,2068,2251,4164,2749,7514,105760,61754,16503,1790,70923,2,2,35,16
2021-03-21T23:59:59+01:00,6,8,4044,5020,11587,17178,11129,16829,9855,21072,10282,18699,4674,5697,13404,19044,6382,13273,1299,1254,3649,5095,3142,5988,3157,8447,3677,7134,1764,2041,2085,4002,2577,7246,103879,60754,15203,1785,69064,2,2,35,15
2021-03-20T23:59:59+01:00,5,8,4014,4951,11444,16843,11004,16511,9713,20769,10105,18415,4547,5537,12774,18094,6244,13057,1298,1253,3649,5093,3139,5987,3154,8441,3672,7129,1760,2036,2053,3940,2554,7205,101682,60560,15198,1785,67118,2,2,35,15
2021-03-19T23:59:59+01:00,5,7,3970,4870,11276,16481,10822,16156,9537,20389,9888,18055,4387,5342,11751,16883,6083,12846,1289,1246,3631,5064,3109,5910,3109,8347,3570,6954,1635,1923,1979,3875,2442,6997,98983,59281,14787,1781,64945,2,2,31,15
2021-03-18T23:59:59+01:00,5,7,3883,4767,11030,16055,10553,15711,9258,19920,9665,17712,4243,5176,11127,16015,5855,12579,1285,1235,3614,5029,3089,5866,3087,8291,3543,6907,1616,1890,1940,3805,2319,6787,97183,58595,13779,1690,62566,2,2,31,15
2021-03-17T23:59:59+01:00,5,7,3712,4652,10735,15635,10287,15351,9015,19558,9414,17364,4124,5009,10313,14772,5593,12156,1284,1232,3600,5011,3083,5846,3077,8257,3525,6883,1615,1866,1916,3776,2209,6600,94536,58086,12236,1676,60897,2,2,31,15
2021-03-16T23:59:59+01:00,5,7,3570,4527,10396,15170,10014,14981,8739,19114,9118,17000,3981,4843,9496,13648,5312,11797,1270,1229,3596,5004,3072,5842,3071,8246,3518,6869,1591,1841,1877,3725,2089,6421,92203,57647,11046,1596,58437,2,2,30,15
2021-03-15T23:59:59+01:00,5,7,3421,4411,10081,14702,9722,14522,8442,18640,8830,16587,3834,4673,8788,12583,5088,11476,1260,1221,3576,4992,3060,5818,3050,8207,3498,6826,1576,1828,1860,3691,1973,6235,90239,57059,9682,1595,55862,2,1,28,15
2021-03-14T23:59:59+01:00,5,7,3351,4322,9815,14267,9467,14118,8124,18148,8550,16192,3671,4487,7987,11348,4780,11021,1246,1215,3555,4974,3039,5776,3028,8127,3470,6758,1550,1777,1800,3564,1808,5846,87930,56531,8664,986,53041,2,0,25,15
2021-03-13T23:59:59+01:00,5,7,3273,4066,9501,13595,9221,13535,7897,17568,8343,15756,3559,4383,7796,11054,4732,10933,1246,1215,3555,4974,3039,5776,3027,8127,3469,6756,1546,1776,1798,3560,1807,5845,87274,56514,8664,986,49261,2,0,25,15
2021-03-12T23:59:59+01:00,5,7,3212,3929,9254,13055,8983,13005,7664,16932,7986,15004,3396,4213,7413,10646,4594,10744,1242,1212,3550,4960,3036,5773,3020,8119,3465,6750,1519,1747,1777,3542,1707,5667,85500,56085,8418,985,46099,2,0,25,15
2021-03-11T23:59:59+01:00,5,7,3061,3661,8877,12295,8679,12329,7331,16147,7644,14359,3238,4011,6858,9927,4404,10432,1223,1202,3517,4916,2993,5696,2985,7995,3414,6652,1474,1693,1698,3342,1509,5153,83049,55341,7972,108,42220,1,0,24,13
2021-03-10T23:59:59+01:00,5,7,2996,3554,8377,11784,7999,11846,7010,15656,7343,13768,3078,3854,6298,9230,4233,10157,1212,1188,3487,4858,2962,5620,2949,7855,3360,6530,1436,1653,1640,3246,1393,4874,81227,54166,7421,85,38524,0,0,23,13
2021-03-09T23:59:59+01:00,5,6,2891,3378,7693,11332,7101,11358,6591,15042,6978,13161,2848,3553,5790,8599,4077,9881,1207,1184,3465,4811,2935,5554,2932,7802,3342,6484,1421,1629,1605,3203,1288,4676,78933,53477,6062,51,35266,0,0,23,11
2021-03-08T23:59:59+01:00,5,6,2718,3142,7051,10786,6286,10879,6190,14513,6583,12593,2637,3342,5186,7860,3931,9613,1200,1178,3444,4745,2910,5478,2893,7707,3310,6408,1414,1620,1602,3195,1283,4673,76105,53001,4923,49,32271,0,0,22,11
2021-03-07T23:59:59+01:00,5,6,2606,3009,6720,10285,5875,10337,5894,14063,6343,12204,2539,3250,4421,6796,3714,9330,1197,1175,3441,4740,2905,5466,2889,7690,3302,6395,1409,1607,1581,3155,1268,4632,72850,52795,4092,47,30434,0,0,21,11
2021-03-06T23:59:59+01:00,5,5,2561,2867,6536,9831,5675,9920,5418,13207,5968,11463,2518,3223,4415,6785,3713,9327,1197,1174,3438,4735,2903,5465,2888,7689,3301,6392,1407,1604,1581,3153,1267,4632,71621,52769,4092,47,27703,0,0,21,11
2021-03-05T23:59:59+01:00,5,5,2469,2612,6323,9247,5461,9522,5241,12639,5583,10484,2292,2758,4036,6403,3574,9111,1185,1171,3420,4719,2898,5452,2880,7670,3289,6373,1393,1596,1580,3149,1262,4628,69289,52610,3859,47,24596,0,0,21,9
2021-03-04T23:59:59+01:00,5,5,2393,2407,6108,8811,5298,9179,5059,12218,5408,10106,2200,2588,3482,5578,3408,8773,1174,1156,3377,4620,2865,5385,2848,7572,3256,6298,1373,1589,1566,3135,1253,4617,67239,52032,3418,46,22348,0,0,21,7
2021-03-03T23:59:59+01:00,4,5,2335,2355,5938,8395,5127,8817,4845,11766,5218,9660,2118,2480,3078,5140,3249,8478,1154,1148,3342,4572,2828,5320,2808,7473,3208,6224,1353,1564,1547,3104,1247,4600,65811,51444,3174,43,20003,0,0,20,6
2021-03-02T23:59:59+01:00,4,5,2281,2267,5776,8060,4969,8561,4681,11364,5057,9341,2052,2389,2773,4783,3032,8156,1149,1139,3324,4551,2813,5294,2791,7424,3200,6196,1348,1553,1529,3087,1244,4594,64458,51188,2913,43,18160,0,0,20,6
2021-03-01T23:59:59+01:00,4,5,2255,2240,5672,7844,4869,8414,4597,11212,4955,9167,1997,2312,2477,4460,2844,7840,1143,1136,3310,4533,2801,5265,2775,7378,3186,6168,1342,1550,1522,3078,1241,4590,63191,50970,2692,43,17261,0,0,20,6
2021-02-28T23:59:59+01:00,3,5,2203,2197,5493,7583,4693,8193,4460,11026,4847,9040,1959,2249,2182,4158,2641,7531,1134,1130,3295,4523,2794,5258,2769,7364,3179,6154,1337,1547,1515,3061,1240,4558,62080,50811,2390,43,15973,0,0,20,5
2021-02-27T23:59:59+01:00,3,5,2116,1888,5317,7157,4594,7881,4377,10677,4775,8789,1931,2188,2152,4111,2621,7477,1130,1126,3293,4521,2789,5256,2765,7361,3174,6150,1335,1547,1515,3060,1239,4557,61842,50774,2390,40,13807,0,0,20,5
2021-02-26T23:59:59+01:00,3,5,2059,1810,5170,6917,4447,7621,4227,10411,4566,8506,1802,2080,2091,4072,2514,7297,1109,1113,3276,4487,2777,5216,2751,7308,3152,6096,1329,1536,1511,3052,1238,4555,60512,50463,2384,39,12682,0,0,20,5
2021-02-25T23:59:59+01:00,3,5,1942,1711,4844,6515,4018,7160,3941,9896,4331,8123,1744,2022,2058,4011,2404,7103,1093,1098,3239,4444,2747,5164,2705,7201,3112,6003,1319,1520,1495,3012,1225,4496,60036,49833,2277,37,9498,0,0,20,4
2021-02-24T23:59:59+01:00,3,5,1913,1651,4727,6301,3913,6945,3819,9653,4206,7963,1722,1990,2026,3969,2292,6905,1080,1093,3212,4382,2711,5098,2680,7117,3083,5932,1303,1503,1470,2964,1213,4427,59489,49239,2031,26,8463,0,0,20,4
2021-02-23T23:59:59+01:00,3,5,1689,1504,4353,5811,3632,6552,3597,9274,4050,7677,1693,1958,1982,3922,2179,6721,1061,1081,3174,4354,2683,5040,2654,7041,3048,5873,1283,1483,1443,2929,1203,4377,59034,48713,1984,12,5565,0,0,19,3
2021-02-22T23:59:59+01:00,3,5,1680,1485,4302,5752,3596,6489,3532,9181,3989,7582,1661,1931,1956,3870,2061,6524,1057,1068,3153,4309,2663,5001,2629,6981,3019,5820,1271,1469,1434,2919,1195,4368,58490,48347,1842,7,5248,0,0,19,3
2021-02-21T23:59:59+01:00,3,5,1668,1481,4272,5718,3553,6451,3491,9127,3945,7532,1652,1924,1951,3861,1941,6361,1051,1057,3132,4271,2634,4951,2614,6912,2990,5732,1257,1453,1414,2859,1171,4291,58147,47780,1836,7,4935,0,0,18,3
2021-02-20T23:59:59+01:00,3,5,1667,1480,4267,5715,3551,6450,3491,9126,3944,7531,1647,1922,1949,3857,1940,6361,1051,1057,3130,4269,2634,4951,2613,6911,2990,5732,1257,1452,1413,2859,1171,4291,58132,47772,1836,7,4920,0,0,18,3
2021-02-19T23:59:59+01:00,3,5,1649,1473,4254,5695,3540,6436,3480,9116,3934,7516,1621,1893,1928,3839,1840,6181,1050,1056,3129,4268,2633,4950,2613,6909,2987,5730,1257,1451,1413,2858,1171,4291,57713,47757,1831,7,4843,0,0,16,3
2021-02-18T23:59:59+01:00,3,5,1605,1442,4158,5584,3469,6334,3392,8952,3848,7376,1599,1858,1894,3770,1710,5984,1004,1013,2989,4043,2507,4678,2502,6571,2880,5465,1226,1408,1381,2772,1145,4142,57070,45718,1741,7,4156,0,0,16,2
2021-02-17T23:59:59+01:00,3,4,1583,1413,4062,5434,3384,6184,3274,8717,3721,7175,1547,1789,1822,3669,1593,5679,947,963,2836,3820,2390,4365,2375,6160,2751,5153,1177,1348,1335,2665,1098,3980,55862,43354,1730,7,3445,0,0,16,2
2021-02-16T23:59:59+01:00,3,4,1509,1346,3902,5236,3247,6002,3166,8485,3599,7009,1523,1764,1787,3639,1480,5472,861,931,2705,3662,2291,4154,2249,5838,2620,4899,1121,1256,1190,2364,843,3368,55173,40346,1713,4,2273,0,0,14,2
2021-02-15T23:59:59+01:00,3,4,1494,1328,3856,5150,3188,5915,3109,8370,3532,6903,1512,1750,1772,3616,1472,5452,826,909,2624,3533,2215,3974,2165,5560,2532,4686,1078,1192,1104,2190,779,3153,54708,38517,1711,2,1993,0,0,14,1
2021-02-14T23:59:59+01:00,3,4,1427,1300,3771,5073,3145,5806,3053,8216,3488,6794,1492,1719,1720,3489,1417,5205,817,903,2575,3465,2176,3906,2111,5440,2465,4579,1051,1156,1019,2018,708,2918,54465,37304,1100,2,1543,0,0,14,1
2021-02-13T23:59:59+01:00,3,4,1425,1299,3763,5068,3138,5805,3050,8214,3485,6792,1491,1715,1720,3487,1415,5205,817,903,2575,3465,2176,3905,2109,5439,2464,4579,1049,1155,1019,2018,708,2918,54445,37299,1099,0,1521,0,0,14,0
2021-02-12T23:59:59+01:00,3,3,1392,1283,3725,5034,3116,5785,3028,8181,3466,6747,1475,1704,1710,3470,1406,5186,810,895,2542,3411,2142,3860,2079,5385,2446,4548,1048,1154,1018,2017,707,2916,54218,36978,1097,0,1386,0,0,13,0
2021-02-11T23:59:59+01:00,3,3,1345,1240,3611,4863,3025,5613,2930,7869,3366,6535,1414,1643,1643,3292,1322,4860,773,832,2287,2966,1916,3382,1847,4640,2175,4019,964,1084,932,1825,658,2647,53588,32947,131,0,849,0,0,9,0
2021-02-10T23:59:59+01:00,3,3,1325,1217,3552,4753,2959,5509,2888,7719,3312,6404,1397,1626,1616,3253,1309,4823,696,775,1995,2557,1706,2932,1608,4032,1918,3557,854,937,769,1453,530,2157,52941,28476,129,0,590,0,0,8,0
2021-02-09T23:59:59+01:00,3,2,1312,1199,3497,4683,2929,5440,2868,7625,3275,6336,1390,1612,1588,3231,1299,4810,648,697,1734,2201,1512,2543,1423,3531,1746,3192,822,903,746,1381,509,2044,52632,25632,124,0,335,0,0,8,0
2021-02-08T23:59:59+01:00,3,2,1298,1195,3468,4653,2909,5402,2847,7573,3256,6306,1380,1605,1579,3205,1297,4792,635,663,1583,1964,1371,2289,1289,3223,1586,2932,783,882,698,1275,477,1875,52332,23525,98,0,332,0,0,8,0
2021-02-07T23:59:59+01:00,3,2,1166,1152,3361,4598,2855,5360,2820,7534,3231,6267,1370,1589,1571,3182,1292,4760,488,517,1314,1608,1129,1839,1080,2632,1358,2411,677,756,616,1116,432,1659,52038,19632,70,0,0,0,0,5,0
2021-02-06T23:59:59+01:00,3,2,1162,1150,3359,4596,2851,5357,2813,7531,3227,6263,1368,1587,1570,3179,1291,4759,364,368,1114,1356,992,1535,936,2218,1192,1992,588,654,588,1099,429,1656,51993,17081,70,0,0,0,0,5,0
2021-02-05T23:59:59+01:00,3,1,1151,1139,3343,4575,2844,5330,2802,7486,3208,6217,1362,1579,1567,3172,1290,4759,262,206,929,1038,843,1163,760,1765,1014,1583,471,548,561,1079,426,1652,51753,14300,70,0,0,0,0,5,0
2021-02-04T23:59:59+01:00,3,1,1135,1122,3298,4527,2803,5254,2759,7355,3160,6133,1349,1564,1553,3141,1280,4732,134,81,624,664,552,740,518,1152,672,989,289,365,461,933,388,1501,51117,10063,47,0,0,0,0,5,0
2021-02-03T23:59:59+01:00,3,1,1113,1116,3272,4482,2774,5211,2738,7303,3130,6076,1340,1555,1529,3101,1275,4687,116,65,496,513,421,597,416,910,514,744,240,285,361,732,304,1170,50656,7884,45,0,0,0,0,5,0
2021-02-02T23:59:59+01:00,3,1,1092,1103,3234,4451,2744,5157,2712,7228,3096,6012,1317,1527,1495,3044,1250,4598,106,56,412,415,349,519,367,821,461,662,219,262,316,662,279,1049,50015,6955,44,0,0,0,0,5,0
2021-02-01T23:59:59+01:00,3,1,1076,1092,3214,4399,2713,5096,2680,7101,3066,5915,1297,1499,1471,3008,1234,4535,79,41,314,310,257,394,274,612,327,497,181,214,250,525,217,818,49352,5310,44,0,0,0,0,4,0
2021-01-31T23:59:59+01:00,3,1,1071,1082,3199,4370,2689,5052,2665,7045,3052,5871,1286,1482,1451,2944,1211,4457,69,40,288,286,231,347,253,571,297,458,162,196,210,429,176,662,48883,4675,44,0,0,0,0,4,0
2021-01-30T23:59:59+01:00,3,1,1070,1082,3196,4366,2688,5052,2664,7044,3052,5870,1286,1481,1450,2944,1211,4457,69,37,281,272,218,331,248,560,293,452,161,193,209,429,176,662,48872,4591,41,0,0,0,0,4,0
2021-01-29T23:59:59+01:00,3,1,1069,1081,3195,4362,2688,5050,2664,7042,3049,5868,1286,1481,1450,2943,1211,4457,65,33,263,258,195,311,232,543,282,444,155,189,205,423,175,660,48855,4433,41,0,0,0,0,4,0
2021-01-28T23:59:59+01:00,3,1,1049,1062,3128,4257,2634,4939,2606,6886,2982,5737,1272,1459,1435,2877,1189,4337,55,18,166,154,129,187,162,358,207,281,124,146,159,264,102,383,47813,2895,38,0,0,0,0,2,0
2021-01-27T23:59:59+01:00,3,1,1004,1024,3042,4113,2553,4759,2511,6604,2898,5537,1242,1417,1399,2788,1156,4197,26,7,100,71,58,92,83,209,117,147,94,114,115,195,77,275,46218,1780,28,0,0,0,0,2,0
2021-01-26T23:59:59+01:00,2,1,927,994,2926,3978,2474,4574,2429,6424,2827,5381,1216,1367,1308,2634,942,3798,26,7,95,70,57,91,81,209,115,146,92,113,115,195,77,275,44183,1764,17,0,0,0,0,2,0
2021-01-25T23:59:59+01:00,2,1,911,977,2847,3849,2428,4426,2369,6227,2768,5230,1198,1345,1294,2609,932,3765,26,7,94,70,55,91,81,209,115,144,92,113,115,195,77,275,43165,1759,12,0,0,0,0,1,0
2021-01-24T23:59:59+01:00,2,1,901,973,2827,3834,2418,4394,2343,6188,2735,5169,1185,1339,1285,2587,919,3731,26,7,94,70,55,91,81,209,114,144,91,113,115,195,77,275,42821,1757,9,0,0,0,0,1,0
2021-01-23T23:59:59+01:00,2,1,901,973,2827,3833,2418,4394,2342,6187,2734,5169,1183,1338,1285,2587,919,3731,26,7,94,70,55,91,81,209,114,144,91,113,115,195,77,273,42816,1755,8,0,0,0,0,0,0
2021-01-22T23:59:59+01:00,2,1,895,966,2795,3787,2384,4329,2311,6112,2713,5122,1182,1337,1284,2585,918,3728,26,7,94,70,55,91,81,209,114,144,91,113,115,195,77,273,42443,1755,8,0,0,0,0,0,0
2021-01-21T23:59:59+01:00,2,1,880,898,2537,3371,2183,3911,2131,5503,2489,4636,1131,1291,1240,2464,888,3576,22,7,83,64,51,74,68,169,94,133,81,98,98,145,65,212,39124,1464,8,0,0,0,0,0,0
2021-01-20T23:59:59+01:00,2,1,805,836,2225,2965,1976,3444,1899,4894,2233,4159,1019,1151,1082,2118,775,3113,22,7,83,64,51,73,68,169,93,133,81,98,98,145,64,212,34689,1461,8,0,0,0,0,0,0
2021-01-19T23:59:59+01:00,2,1,745,758,1934,2518,1733,2982,1663,4235,1990,3687,946,1056,962,1844,678,2764,11,3,50,45,32,45,35,100,44,77,36,37,48,77,39,137,30491,816,7,0,0,0,0,0,0
2021-01-18T23:59:59+01:00,2,1,675,702,1705,2119,1495,2506,1415,3549,1734,3181,864,970,864,1640,626,2498,5,2,19,11,13,20,17,54,17,33,19,22,25,53,28,75,26542,413,4,0,0,0,0,0,0
2021-01-17T23:59:59+01:00,1,1,495,542,1388,1716,1214,1972,1159,2814,1454,2558,725,818,716,1360,516,2129,0,1,3,2,0,0,0,0,0,0,0,0,0,0,0,0,21575,6,3,0,0,0,0,0,0
2021-01-16T23:59:59+01:00,1,0,372,395,1206,1469,1094,1685,1018,2415,1297,2151,638,720,688,1344,514,2128,0,0,0,0,0,0,0,0,0,0,0,0,0,0,0,0,19133,0,2,0,0,0,0,0,0
2021-01-15T23:59:59+01:00,1,0,266,232,1022,1167,945,1337,849,1966,1117,1750,521,610,650,1311,503,2088,0,0,0,0,0,0,0,0,0,0,0,0,0,0,0,0,16334,0,1,0,0,0,0,0,0
2021-01-14T23:59:59+01:00,0,0,151,102,706,779,652,866,613,1307,752,1131,334,423,541,1129,453,1864,0,0,0,0,0,0,0,0,0,0,0,0,0,0,0,0,11803,0,0,0,0,0,0,0,0
2021-01-13T23:59:59+01:00,0,0,127,81,595,609,528,698,496,1051,594,866,281,349,455,961,395,1596,0,0,0,0,0,0,0,0,0,0,0,0,0,0,0,0,9682,0,0,0,0,0,0,0,0
2021-01-12T23:59:59+01:00,0,0,116,65,511,521,449,596,431,921,523,763,246,300,371,769,329,1248,0,0,0,0,0,0,0,0,0,0,0,0,0,0,0,0,8159,0,0,0,0,0,0,0,0
2021-01-11T23:59:59+01:00,0,0,87,52,417,422,365,485,345,744,416,590,212,249,311,640,270,1051,0,0,0,0,0,0,0,0,0,0,0,0,0,0,0,0,6656,0,0,0,0,0,0,0,0
2021-01-10T23:59:59+01:00,0,0,73,45,352,349,299,404,289,647,346,523,186,221,251,508,213,820,0,0,0,0,0,0,0,0,0,0,0,0,0,0,0,0,5526,0,0,0,0,0,0,0,0
2021-01-09T23:59:59+01:00,0,0,73,43,337,329,275,382,281,631,338,516,185,220,250,506,213,820,0,0,0,0,0,0,0,0,0,0,0,0,0,0,0,0,5399,0,0,0,0,0,0,0,0
2021-01-08T23:59:59+01:00,0,0,69,37,303,296,229,341,253,589,311,477,167,200,225,448,192,720,0,0,0,0,0,0,0,0,0,0,0,0,0,0,0,0,4857,0,0,0,0,0,0,0,0
2021-01-07T23:59:59+01:00,0,0,58,25,213,198,160,242,194,422,240,341,138,161,171,290,121,449,0,0,0,0,0,0,0,0,0,0,0,0,0,0,0,0,3423,0,0,0,0,0,0,0,0
2021-01-06T23:59:59+01:00,0,0,47,16,163,120,113,161,144,295,177,241,108,129,130,224,82,316,0,0,0,0,0,0,0,0,0,0,0,0,0,0,0,0,2466,0,0,0,0,0,0,0,0
2021-01-05T23:59:59+01:00,0,0,29,8,97,72,58,94,86,212,116,149,98,119,121,206,81,295,0,0,0,0,0,0,0,0,0,0,0,0,0,0,0,0,1841,0,0,0,0,0,0,0,0
2021-01-04T23:59:59+01:00,0,0,27,8,97,71,55,92,86,212,116,147,98,118,121,206,81,295,0,0,0,0,0,0,0,0,0,0,0,0,0,0,0,0,1830,0,0,0,0,0,0,0,0
2021-01-03T23:59:59+01:00,0,0,27,8,97,71,55,92,86,212,115,147,97,118,121,206,81,295,0,0,0,0,0,0,0,0,0,0,0,0,0,0,0,0,1828,0,0,0,0,0,0,0,0
2021-01-02T23:59:59+01:00,0,0,27,8,97,71,55,92,86,212,114,147,97,118,121,206,81,294,0,0,0,0,0,0,0,0,0,0,0,0,0,0,0,0,1826,0,0,0,0,0,0,0,0
2021-01-01T23:59:59+01:00,0,0,27,8,97,71,55,92,86,212,113,146,97,118,121,206,81,294,0,0,0,0,0,0,0,0,0,0,0,0,0,0,0,0,1824,0,0,0,0,0,0,0,0
2020-12-31T23:59:59+01:00,0,0,27,8,97,71,55,92,86,212,112,146,97,118,121,206,81,294,0,0,0,0,0,0,0,0,0,0,0,0,0,0,0,0,1823,0,0,0,0,0,0,0,0
2020-12-30T23:59:59+01:00,0,0,27,8,97,71,54,92,86,212,112,146,97,118,121,206,80,294,0,0,0,0,0,0,0,0,0,0,0,0,0,0,0,0,1821,0,0,0,0,0,0,0,0
2020-12-29T23:59:59+01:00,0,0,15,2,65,53,32,61,50,138,64,89,47,51,68,121,51,199,0,0,0,0,0,0,0,0,0,0,0,0,0,0,0,0,1106,0,0,0,0,0,0,0,0
2020-12-28T23:59:59+01:00,0,0,5,2,36,26,19,30,21,67,25,41,20,22,26,47,28,74,0,0,0,0,0,0,0,0,0,0,0,0,0,0,0,0,489,0,0,0,0,0,0,0,0
2020-12-27T23:59:59+01:00,0,0,0,0,7,5,7,2,1,5,0,2,0,1,2,2,4,6,0,0,0,0,0,0,0,0,0,0,0,0,0,0,0,0,44,0,0,0,0,0,0,0,0
