Datum,<15_1_m,<15_1_w,15-24_1_m,15-24_1_w,25-34_1_m,25-34_1_w,35-44_1_m,35-44_1_w,45-54_1_m,45-54_1_w,55-64_1_m,55-64_1_w,65-74_1_m,65-74_1_w,75-84_1_m,75-84_1_w,>84_1_m,>84_1_w,<15_2_m,<15_2_w,15-24_2_m,15-24_2_w,25-34_2_m,25-34_2_w,35-44_2_m,35-44_2_w,45-54_2_m,45-54_2_w,55-64_2_m,55-64_2_w,65-74_2_m,65-74_2_w,75-84_2_m,75-84_2_w,>84_2_m,>84_2_w,bp_1,bp_2,mo_1,mo_2,az_1,az_2,ja,unb_1,unb_2
2021-11-14T23:59:59+01:00,13920,13143,76653,75633,118170,113794,106109,104702,100728,105531,97725,99162,57748,71540,44876,62362,11130,22644,10997,10540,67585,67612,108477,104615,98246,96924,94437,99265,93261,94833,55894,69278,43688,60528,10667,21511,896120,827431,139111,133411,158910,145986,101259,257,271
2021-11-13T23:59:59+01:00,13799,13032,76358,75367,117889,113575,105891,104497,100574,105416,97657,99091,57732,71520,44873,62354,11130,22643,10968,10519,67483,67506,108370,104517,98162,96850,94381,99216,93228,94807,55886,69269,43686,60522,10667,21509,894116,826765,139049,133366,158902,145983,101161,257,271
2021-11-12T23:59:59+01:00,13630,12868,76013,75059,117602,113317,105621,104286,100371,105252,97535,98990,57705,71492,44863,62340,11129,22643,10919,10480,67361,67376,108257,104425,98062,96753,94290,99136,93180,94760,55875,69253,43681,60515,10666,21509,891553,825827,138989,133321,158900,145976,101103,257,271
2021-11-11T23:59:59+01:00,13417,12672,75547,74656,117169,112888,105256,103916,100122,105014,97381,98841,57640,71401,44846,62285,11122,22629,10766,10358,67158,67208,108107,104235,97909,96589,94180,99014,93113,94683,55840,69220,43660,60491,10665,21493,887864,824197,138870,133248,158890,145967,101006,257,271
2021-11-10T23:59:59+01:00,13291,12559,75154,74355,116818,112554,104972,103649,99937,104812,97239,98721,57587,71334,44824,62243,11115,22614,10691,10295,67002,67058,107963,104091,97802,96449,94088,98913,93039,94617,55796,69178,43641,60459,10658,21479,885073,822902,138761,133194,158876,145958,100894,257,271
2021-11-09T23:59:59+01:00,13180,12443,74670,74014,116353,112232,104698,103386,99703,104608,97093,98595,57534,71285,44800,62210,11111,22602,10581,10204,66836,66922,107806,103939,97669,96343,94013,98825,92979,94556,55766,69143,43628,60438,10651,21469,882025,821630,138655,133135,158872,145944,100789,257,270
2021-11-08T23:59:59+01:00,13059,12350,74163,73679,115932,111853,104382,103096,99474,104412,96961,98475,57475,71221,44775,62176,11105,22589,10539,10151,66698,66804,107658,103810,97576,96233,93944,98736,92930,94485,55731,69097,43620,60414,10648,21464,878930,820594,138536,133062,158861,145938,100674,257,270
2021-11-07T23:59:59+01:00,12960,12244,73737,73389,115508,111482,104048,102806,99258,104223,96825,98350,57421,71165,44745,62147,11101,22580,10487,10109,66566,66678,107507,103653,97463,96100,93868,98641,92865,94418,55698,69051,43596,60391,10644,21455,875994,819447,138401,132989,158856,145923,100561,257,270
2021-11-06T23:59:59+01:00,12870,12171,73490,73141,115198,111271,103832,102607,99089,104093,96750,98283,57408,71143,44738,62133,11100,22580,10462,10085,66480,66592,107394,103581,97391,96039,93827,98592,92837,94399,55694,69042,43593,60384,10642,21454,874071,818875,138336,132960,158853,145923,100460,257,270
2021-11-05T23:59:59+01:00,12755,12061,73236,72908,114926,111017,103597,102391,98902,103935,96645,98191,57391,71115,44730,62119,11099,22577,10382,10016,66373,66483,107286,103473,97308,95950,93756,98516,92790,94360,55684,69026,43589,60379,10641,21452,871944,818000,138266,132918,158850,145919,100357,257,270
2021-11-04T23:59:59+01:00,12647,11956,73049,72665,114665,110782,103388,102181,98719,103776,96539,98094,57352,71075,44720,62092,11096,22569,10287,9928,66235,66348,107164,103308,97213,95819,93668,98426,92720,94286,55653,68993,43576,60343,10637,21444,869876,816743,138195,132850,158846,145915,100270,257,270
2021-11-03T23:59:59+01:00,12585,11898,72892,72518,114428,110587,103233,102046,98613,103649,96452,98022,57324,71047,44707,62071,11093,22558,10243,9888,66089,66234,107046,103177,97109,95717,93591,98373,92666,94232,55635,68962,43559,60311,10631,21428,868357,815717,138150,132796,158844,145913,100195,256,270
2021-11-02T23:59:59+01:00,12547,11861,72691,72381,114174,110386,103033,101911,98460,103543,96363,97939,57298,71012,44696,62055,11089,22543,10122,9796,65911,66101,106890,103036,97008,95600,93508,98295,92605,94169,55609,68931,43546,60276,10627,21411,866804,814460,138077,132725,158842,145905,100081,256,270
2021-11-01T23:59:59+01:00,12462,11787,72474,72224,113936,110200,102818,101766,98295,103426,96281,97883,57277,70977,44683,62034,11086,22535,10062,9733,65752,65954,106748,102899,96891,95502,93427,98209,92543,94114,55585,68896,43533,60256,10624,21400,865189,813360,137986,132647,158839,145900,99951,256,270
2021-10-31T23:59:59+01:00,12425,11765,72349,72141,113780,110125,102665,101678,98206,103369,96242,97853,57266,70971,44681,62030,11086,22534,10029,9713,65662,65914,106663,102842,96824,95463,93389,98185,92520,94098,55578,68891,43531,60254,10621,21396,864371,812959,137944,132614,158838,145896,99834,256,270
2021-10-30T23:59:59+02:00,12394,11746,72235,72061,113585,110036,102529,101590,98095,103268,96179,97826,57254,70955,44676,62024,11085,22531,10000,9706,65583,65858,106579,102786,96754,95414,93345,98137,92495,94087,55572,68886,43530,60250,10618,21393,863426,812548,137907,132562,158837,145893,99720,256,270
2021-10-29T23:59:59+02:00,12355,11708,72055,71935,113335,109864,102305,101443,97936,103171,96094,97774,57241,70944,44671,62014,11085,22527,9963,9673,65453,65746,106433,102684,96643,95326,93255,98061,92438,94045,55558,68873,43527,60245,10618,21393,862096,811759,137840,132507,158835,145891,99507,256,270
2021-10-28T23:59:59+02:00,12264,11650,71841,71756,113040,109615,102075,101276,97763,103024,95989,97691,57219,70912,44661,61998,11083,22521,9893,9616,65255,65538,106237,102479,96483,95157,93136,97942,92355,93998,55532,68822,43519,60226,10617,21386,860383,810379,137758,132430,158831,145885,99227,256,270
2021-10-27T23:59:59+02:00,12212,11591,71681,71595,112849,109418,101910,101137,97642,102912,95901,97632,57194,70871,44641,61973,11081,22516,9810,9550,65100,65377,106105,102351,96372,95061,93047,97852,92298,93942,55500,68783,43507,60203,10611,21374,859004,809294,137677,132337,158829,145875,99067,256,270
2021-10-26T23:59:59+02:00,12140,11506,71457,71381,112621,109219,101726,101007,97503,102805,95828,97568,57161,70845,44629,61955,11080,22508,9740,9465,64908,65183,105934,102200,96242,94924,92951,97768,92225,93876,55477,68746,43492,60171,10608,21362,857477,807989,137584,132263,158823,145874,98876,256,270
2021-10-25T23:59:59+02:00,12098,11484,71337,71290,112504,109117,101636,100933,97423,102739,95794,97536,57155,70837,44628,61947,11077,22505,9725,9450,64828,65117,105869,102153,96208,94892,92912,97742,92202,93863,55471,68739,43491,60169,10608,21358,856708,807632,137547,132240,158822,145871,98784,256,270
2021-10-24T23:59:59+02:00,12026,11422,71156,71122,112241,108941,101460,100771,97272,102611,95714,97458,57127,70800,44616,61939,11076,22502,9664,9395,64632,64928,105674,101996,96063,94765,92808,97641,92146,93805,55439,68702,43483,60145,10606,21354,855245,806429,137482,132153,158822,145868,98526,256,270
2021-10-23T23:59:59+02:00,12001,11395,71054,71038,112118,108843,101366,100689,97212,102562,95669,97435,57115,70787,44615,61938,11076,22502,9629,9356,64553,64840,105580,101936,96002,94711,92753,97588,92115,93778,55422,68691,43482,60142,10605,21354,854562,805887,137436,132097,158821,145866,98417,256,270
2021-10-22T23:59:59+02:00,11927,11353,70895,70906,111901,108689,101209,100574,97099,102463,95609,97382,57104,70770,44613,61930,11076,22500,9541,9271,64383,64660,105401,101794,95872,94594,92657,97503,92062,93724,55409,68680,43479,60129,10604,21352,853432,804773,137375,132021,158821,145859,98192,256,270
2021-10-21T23:59:59+02:00,11798,11226,70706,70754,111731,108508,101045,100411,96951,102352,95524,97319,57082,70738,44598,61907,11071,22486,9445,9153,64165,64441,105212,101579,95719,94397,92533,97392,91989,93651,55384,68644,43466,60100,10602,21342,851892,803175,137309,131912,158818,145849,98008,256,270
2021-10-20T23:59:59+02:00,11753,11177,70586,70626,111587,108374,100934,100326,96862,102272,95463,97265,57052,70702,44583,61888,11066,22470,9324,9057,63970,64258,105088,101416,95606,94258,92437,97285,91915,93599,55355,68590,43440,60067,10586,21313,850838,801705,137259,131852,158816,145844,97893,256,270
2021-10-19T23:59:59+02:00,11652,11085,70444,70493,111460,108249,100850,100248,96794,102214,95409,97213,57029,70666,44573,61867,11062,22455,9230,8964,63752,64055,104923,101255,95491,94136,92358,97189,91865,93542,55323,68548,43422,60026,10576,21298,849781,800298,137208,131767,158812,145837,97782,256,269
2021-10-18T23:59:59+02:00,11603,11048,70327,70406,111335,108151,100760,100172,96741,102164,95362,97168,57004,70639,44556,61844,11055,22443,9179,8914,63608,63906,104803,101091,95396,94021,92292,97107,91807,93485,55297,68516,43410,60000,10572,21295,848975,799212,137126,131695,158807,145833,97690,256,269
2021-10-17T23:59:59+02:00,11559,11008,70177,70276,111213,108038,100654,100097,96691,102110,95323,97116,56982,70618,44550,61829,11053,22438,9125,8862,63375,63651,104641,100950,95271,93886,92196,97024,91750,93423,55274,68484,43401,59983,10568,21289,848081,797870,137077,131600,158805,145825,97589,256,269
2021-10-16T23:59:59+02:00,11540,10987,70121,70228,111159,107994,100630,100072,96658,102083,95305,97107,56981,70615,44549,61827,11051,22438,9096,8830,63280,63564,104576,100895,95224,93824,92165,96993,91729,93405,55269,68478,43399,59980,10568,21288,847751,797379,137067,131549,158805,145824,97542,256,269
2021-10-15T23:59:59+02:00,11485,10947,70010,70143,111048,107904,100562,99998,96602,102031,95277,97076,56974,70613,44549,61821,11050,22438,9046,8754,63143,63378,104466,100781,95132,93724,92087,96911,91681,93367,55260,68456,43394,59969,10568,21286,847061,796396,137044,131477,158804,145822,97439,256,269
2021-10-14T23:59:59+02:00,11383,10851,69830,69964,110915,107762,100448,99905,96509,101950,95223,97018,56953,70578,44537,61797,11047,22432,8920,8616,62845,63093,104313,100570,94987,93526,91966,96780,91607,93290,55222,68405,43376,59942,10564,21278,845823,794524,136967,131355,158795,145816,97336,256,269
2021-10-13T23:59:59+02:00,11284,10784,69683,69850,110804,107655,100356,99811,96429,101865,95175,96962,56918,70535,44522,61768,11042,22416,8882,8579,62683,62944,104179,100431,94882,93381,91878,96694,91547,93219,55184,68362,43355,59912,10555,21268,844797,793385,136896,131280,158791,145807,97194,256,269
2021-10-12T23:59:59+02:00,11143,10675,69503,69715,110706,107540,100259,99718,96368,101806,95133,96916,56904,70503,44512,61753,11038,22410,8820,8532,62522,62783,104048,100303,94766,93261,91790,96624,91488,93163,55132,68328,43343,59890,10551,21256,843724,792236,136831,131218,158787,145801,97079,255,266
2021-10-11T23:59:59+02:00,11072,10613,69358,69598,110589,107433,100173,99640,96306,101731,95078,96876,56876,70474,44492,61732,11033,22397,8782,8499,62347,62615,103922,100179,94671,93163,91718,96537,91437,93115,55095,68285,43328,59864,10542,21248,842759,791175,136763,131131,158784,145791,96984,255,266
2021-10-10T23:59:59+02:00,11001,10562,69202,69487,110452,107296,100079,99550,96239,101654,95033,96840,56858,70453,44486,61720,11025,22394,8746,8465,62160,62466,103762,100020,94566,93029,91628,96432,91360,93073,55069,68261,43319,59851,10539,21239,841826,790037,136714,131071,158780,145781,96830,255,266
2021-10-09T23:59:59+02:00,10976,10544,69116,69429,110387,107252,100041,99509,96203,101622,95018,96826,56852,70447,44485,61719,11025,22394,8711,8424,62071,62388,103677,99944,94509,92971,91586,96387,91339,93052,55063,68250,43314,59843,10538,21238,841447,789496,136685,131012,158778,145777,96754,255,266
2021-10-08T23:59:59+02:00,10902,10489,68973,69332,110251,107147,99970,99416,96139,101573,94971,96780,56840,70431,44482,61716,11025,22393,8650,8337,61901,62200,103544,99794,94395,92853,91502,96293,91291,93012,55046,68237,43308,59834,10536,21237,840619,788393,136636,130925,158777,145770,96616,255,266
2021-10-07T23:59:59+02:00,10823,10412,68773,69152,110072,106970,99834,99273,96051,101454,94898,96713,56818,70394,44469,61695,11021,22380,8520,8213,61619,61947,103350,99575,94247,92637,91395,96158,91218,92939,55014,68188,43293,59802,10529,21227,839226,786589,136566,130801,158775,145762,96453,255,266
2021-10-06T23:59:59+02:00,10754,10355,68601,69007,109943,106827,99739,99165,95967,101392,94853,96664,56781,70352,44458,61675,11018,22366,8477,8163,61434,61776,103215,99428,94136,92520,91320,96058,91143,92863,54983,68148,43279,59775,10524,21210,838163,785403,136500,130736,158774,145751,96296,255,266
2021-10-05T23:59:59+02:00,10649,10267,68429,68868,109797,106682,99627,99036,95904,101313,94808,96611,56763,70324,44449,61639,11013,22353,8443,8120,61236,61602,103064,99241,94021,92370,91225,95973,91082,92792,54956,68104,43266,59758,10521,21197,836996,784141,136430,130669,158773,145746,96149,255,266
2021-10-04T23:59:59+02:00,10611,10237,68255,68699,109634,106529,99528,98925,95810,101227,94754,96553,56727,70277,44434,61609,11012,22331,8410,8087,61081,61420,102921,99101,93888,92249,91134,95879,91020,92742,54920,68062,43242,59725,10515,21177,835914,783037,136358,130609,158771,145735,95926,254,266
2021-10-03T23:59:59+02:00,10547,10182,68045,68517,109466,106373,99406,98817,95723,101127,94689,96499,56696,70243,44426,61584,11012,22326,8349,8052,60879,61264,102733,98924,93751,92090,91037,95767,90945,92685,54884,68018,43225,59700,10513,21169,834747,781775,136285,130522,158767,145726,95696,254,266
2021-10-02T23:59:59+02:00,10521,10156,67942,68418,109377,106303,99342,98755,95672,101079,94667,96478,56685,70225,44426,61583,11011,22324,8309,8018,60762,61149,102660,98850,93684,92024,90990,95718,90919,92663,54877,68001,43224,59696,10512,21169,834200,781184,136222,130475,158765,145706,95594,254,266
2021-10-01T23:59:59+02:00,10436,10053,67788,68251,109191,106160,99218,98642,95591,101010,94611,96437,56668,70207,44423,61571,11009,22322,8197,7909,60563,60919,102491,98695,93552,91881,90884,95609,90857,92606,54860,67972,43221,59687,10511,21166,833113,779895,136164,130388,158763,145666,95365,254,266
2021-09-30T23:59:59+02:00,10358,9982,67559,68027,108982,105923,99040,98447,95455,100866,94518,96334,56632,70161,44405,61540,11005,22307,8088,7788,60310,60654,102285,98485,93365,91670,90743,95460,90768,92512,54833,67923,43206,59654,10501,21151,831487,778206,136074,130270,158757,145617,95037,254,266
2021-09-29T23:59:59+02:00,10279,9925,67360,67837,108786,105724,98886,98284,95330,100755,94434,96263,56591,70106,44389,61505,11000,22288,8030,7729,60129,60485,102097,98306,93229,91503,90630,95352,90697,92431,54799,67875,43187,59608,10498,21136,830070,776959,136009,130191,158753,145582,94724,254,265
2021-09-28T23:59:59+02:00,10195,9848,67170,67630,108581,105558,98738,98128,95220,100644,94349,96184,56551,70067,44377,61467,10993,22261,7980,7682,59940,60301,101907,98152,93096,91368,90507,95223,90618,92362,54768,67838,43170,59580,10489,21121,828679,775785,135947,130105,158751,145549,94398,254,265
2021-09-27T23:59:59+02:00,10066,9716,66925,67381,108370,105385,98604,97978,95131,100532,94271,96112,56523,70020,44363,61437,10988,22250,7942,7628,59733,60113,101720,98015,92956,91227,90405,95110,90546,92285,54731,67782,43148,59554,10481,21110,827272,774706,135861,130025,158750,145507,93983,254,265
2021-09-26T23:59:59+02:00,9945,9622,66685,67150,108140,105192,98437,97833,95012,100408,94187,96031,56485,69986,44349,61414,10983,22237,7889,7582,59489,59917,101516,97833,92810,91062,90297,94992,90473,92208,54702,67754,43134,59526,10476,21095,825834,773561,135781,129930,158744,145448,93551,254,265
2021-09-25T23:59:59+02:00,9907,9582,66565,67027,108037,105102,98363,97773,94955,100355,94156,96002,56481,69978,44347,61411,10982,22237,7849,7543,59375,59800,101414,97740,92729,90992,90255,94926,90437,92186,54690,67743,43130,59522,10476,21095,825280,773008,135719,129878,158744,145420,93331,254,265
2021-09-24T23:59:59+02:00,9846,9521,66404,66844,107866,104929,98215,97624,94834,100251,94087,95948,56466,69961,44339,61398,10982,22235,7751,7431,59155,59570,101229,97546,92600,90844,90145,94819,90352,92120,54669,67721,43128,59517,10475,21092,824255,771813,135648,129812,158744,145358,92916,254,265
2021-09-23T23:59:59+02:00,9754,9398,66080,66508,107600,104673,98022,97394,94673,100087,93984,95838,56420,69902,44315,61369,10976,22206,7635,7311,58859,59288,100985,97312,92411,90635,90010,94666,90255,92015,54620,67672,43106,59489,10474,21069,822454,770264,135527,129702,158738,145289,92292,254,265
2021-09-22T23:59:59+02:00,9684,9318,65746,66183,107394,104457,97825,97188,94517,99952,93855,95740,56373,69833,44281,61325,10965,22184,7579,7270,58681,59108,100806,97143,92232,90498,89894,94547,90147,91939,54586,67627,43078,59457,10468,21054,820699,769233,135414,129625,158733,145206,91785,254,265
2021-09-21T23:59:59+02:00,9597,9230,65517,65936,107186,104277,97652,97030,94402,99843,93775,95670,56324,69782,44263,61282,10958,22170,7541,7233,58488,58924,100614,96986,92090,90366,89806,94458,90056,91865,54548,67570,43058,59419,10459,21036,819246,768182,135332,129530,158730,145143,91397,254,265
2021-09-20T23:59:59+02:00,9536,9173,65233,65627,106985,104093,97493,96862,94295,99744,93709,95594,56284,69739,44242,61240,10953,22159,7484,7178,58297,58771,100429,96841,91939,90213,89665,94358,89975,91794,54501,67532,43031,59383,10453,21019,817822,767181,135252,129448,158724,144996,90973,254,265
2021-09-19T23:59:59+02:00,9485,9129,64953,65452,106756,103900,97344,96694,94155,99643,93606,95518,56255,69686,44232,61216,10951,22148,7446,7136,58056,58576,100184,96666,91754,90046,89481,94187,89857,91710,54464,67471,43013,59349,10452,21006,816496,765978,135169,129330,158720,144733,90548,254,265
2021-09-18T23:59:59+02:00,9452,9084,64859,65349,106637,103804,97233,96606,94089,99573,93572,95490,56247,69677,44228,61211,10949,22147,7406,7095,57934,58456,100078,96567,91632,89965,89410,94124,89821,91680,54454,67466,43006,59346,10450,21002,815923,765343,135078,129265,158718,144721,90298,254,265
2021-09-17T23:59:59+02:00,9373,8997,64662,65188,106460,103646,97064,96453,93960,99475,93500,95414,56231,69650,44217,61205,10943,22141,7315,6996,57727,58220,99889,96406,91477,89846,89293,94018,89744,91618,54439,67440,42998,59339,10450,20999,814819,764210,134989,129168,158714,144704,89867,254,265
2021-09-16T23:59:59+02:00,9283,8889,64384,64887,106181,103389,96829,96216,93773,99298,93398,95322,56180,69595,44204,61177,10936,22127,7224,6885,57477,57949,99618,96176,91283,89633,89118,93856,89643,91531,54393,67389,42975,59318,10445,20988,813011,762704,134900,129031,158704,144641,89262,254,263
2021-09-15T23:59:59+02:00,9213,8834,64031,64593,105981,103177,96622,96023,93638,99137,93297,95236,56143,69538,44169,61147,10931,22100,7175,6836,57300,57789,99425,96015,91113,89476,89014,93744,89539,91466,54361,67343,42950,59286,10441,20968,811266,761650,134845,128914,158700,144607,88807,254,263
2021-09-14T23:59:59+02:00,9171,8785,63742,64384,105742,102959,96425,95843,93506,98998,93181,95150,56098,69480,44144,61110,10926,22084,7133,6800,57097,57607,99246,95829,90945,89313,88881,93633,89459,91394,54325,67303,42928,59259,10436,20953,809730,760609,134775,128823,158692,144508,88339,254,262
2021-09-13T23:59:59+02:00,9135,8751,63446,64119,105513,102728,96256,95676,93362,98863,93095,95053,56047,69426,44127,61076,10919,22072,7101,6763,56890,57423,99048,95638,90792,89157,88748,93527,89373,91320,54288,67257,42908,59230,10433,20936,808223,759513,134685,128709,158682,144466,87882,254,262
2021-09-12T23:59:59+02:00,9082,8703,63133,63874,105266,102480,96045,95448,93201,98735,92998,94972,55996,69376,44110,61045,10915,22061,7063,6733,56690,57262,98805,95430,90623,88988,88616,93411,89276,91244,54245,67200,42886,59201,10429,20919,806686,758485,134585,128580,158678,144395,87299,254,262
2021-09-11T23:59:59+02:00,9035,8670,63013,63741,105122,102362,95942,95339,93115,98656,92959,94940,55981,69361,44105,61033,10915,22060,7010,6707,56542,57171,98654,95325,90524,88891,88517,93345,89239,91218,54235,67180,42882,59191,10429,20918,806001,757891,134530,128500,158676,144376,86950,254,261
2021-09-10T23:59:59+02:00,8941,8559,62772,63476,104922,102149,95769,95149,92970,98530,92864,94868,55946,69332,44091,61015,10915,22058,6930,6629,56295,56962,98456,95140,90342,88706,88384,93215,89153,91147,54213,67159,42869,59172,10429,20914,804611,756726,134466,128383,158673,144361,86384,254,261
2021-09-09T23:59:59+02:00,8843,8460,62454,63198,104645,101828,95531,94860,92792,98305,92729,94752,55906,69267,44070,60986,10905,22037,6827,6526,56041,56737,98203,94891,90111,88473,88222,93061,89010,91063,54170,67110,42848,59143,10423,20908,802630,755307,134361,128197,158669,144287,85716,254,260
2021-09-08T23:59:59+02:00,8783,8409,62231,62963,104420,101591,95339,94636,92623,98134,92613,94620,55871,69200,44036,60947,10892,22013,6796,6496,55880,56580,98013,94682,89951,88277,88062,92918,88892,90958,54132,67048,42812,59103,10411,20874,801132,754290,134253,128049,158658,144200,85086,254,260
2021-09-07T23:59:59+02:00,8732,8356,61992,62745,104196,101353,95155,94446,92479,97993,92512,94543,55837,69151,44007,60892,10883,21990,6750,6460,55683,56413,97795,94487,89765,88114,87930,92808,88795,90868,54090,67002,42787,59071,10406,20855,799643,753202,134147,127921,158653,144070,84627,254,259
2021-09-06T23:59:59+02:00,8690,8313,61783,62569,103989,101180,95014,94285,92361,97861,92423,94467,55779,69092,43985,60863,10876,21957,6707,6423,55511,56245,97592,94322,89595,87956,87803,92681,88696,90787,54037,66953,42766,59026,10396,20831,798391,752092,134056,127786,158643,143985,84205,254,259
2021-09-05T23:59:59+02:00,8629,8263,61567,62363,103820,100993,94858,94115,92235,97747,92346,94399,55751,69051,43975,60842,10871,21950,6654,6367,55305,56042,97394,94123,89407,87793,87660,92554,88613,90701,53989,66904,42749,59003,10391,20815,797190,750923,133975,127615,158640,143889,83778,254,259
2021-09-04T23:59:59+02:00,8578,8233,61448,62252,103730,100895,94756,94028,92177,97679,92311,94374,55741,69040,43968,60832,10871,21949,6626,6323,55180,55927,97273,93997,89290,87694,87592,92473,88563,90667,53974,66893,42743,58992,10391,20814,796588,750271,133927,127492,158636,143871,83519,254,259
2021-09-03T23:59:59+02:00,8500,8158,61254,62067,103556,100737,94604,93880,92071,97566,92239,94323,55713,69013,43960,60817,10869,21941,6559,6257,54971,55742,97073,93780,89099,87499,87447,92303,88470,90589,53942,66859,42732,58973,10387,20811,795461,749020,133873,127265,158628,143835,83114,254,259
2021-09-02T23:59:59+02:00,8379,8066,60993,61818,103298,100490,94402,93657,91882,97397,92120,94223,55665,68955,43937,60782,10864,21919,6460,6175,54701,55482,96774,93496,88851,87224,87223,92093,88326,90473,53897,66777,42701,58922,10377,20774,793783,747351,133761,126908,158616,143714,82494,254,259
2021-09-01T23:59:59+02:00,8314,7984,60780,61604,103099,100319,94253,93503,91762,97270,92014,94148,55621,68905,43919,60758,10856,21901,6403,6112,54444,55260,96546,93274,88655,87010,87045,91927,88185,90363,53832,66687,42663,58879,10368,20753,792521,745897,133685,126648,158600,143595,82011,254,255
2021-08-31T23:59:59+02:00,8232,7908,60570,61349,102893,100132,94074,93342,91639,97152,91887,94066,55575,68853,43893,60718,10845,21885,6341,6042,54190,54996,96274,93027,88437,86775,86887,91767,88022,90257,53788,66614,42637,58824,10360,20734,791131,744396,133605,126341,158589,143485,81495,254,255
2021-08-30T23:59:59+02:00,8136,7832,60364,61162,102712,99985,93952,93206,91520,97049,91817,93987,55541,68822,43877,60684,10840,21869,6269,5977,53937,54801,96030,92792,88221,86544,86707,91624,87895,90132,53730,66534,42596,58761,10343,20705,790006,742954,133547,126028,158582,143337,81026,254,253
2021-08-29T23:59:59+02:00,8060,7754,60088,60921,102473,99788,93767,93032,91382,96932,91727,93897,55496,68772,43853,60654,10838,21860,6161,5866,53585,54491,95711,92500,87931,86286,86473,91428,87742,90005,53662,66459,42566,58721,10337,20688,788644,741043,133456,125692,158567,143191,80433,254,253
2021-08-28T23:59:59+02:00,8003,7688,59948,60809,102365,99679,93664,92948,91297,96858,91681,93867,55482,68759,43845,60650,10837,21858,6122,5799,53407,54342,95549,92367,87797,86175,86362,91341,87673,89962,53645,66438,42557,58714,10335,20687,788020,740223,133417,125587,158563,143165,80044,254,253
2021-08-27T23:59:59+02:00,7937,7602,59764,60615,102193,99511,93523,92820,91184,96752,91594,93808,55460,68730,43836,60633,10836,21855,6043,5728,53164,54094,95253,92089,87574,85967,86185,91183,87565,89863,53603,66402,42542,58688,10330,20684,787028,738639,133355,125386,158525,143128,79551,254,253
2021-08-26T23:59:59+02:00,7851,7503,59522,60366,101962,99291,93303,92595,91004,96571,91488,93711,55409,68666,43803,60606,10830,21843,5971,5661,52822,53806,94884,91736,87236,85657,85943,90923,87408,89731,53538,66313,42496,58645,10323,20672,785536,736707,133257,124977,158502,142995,78835,254,251
2021-08-25T23:59:59+02:00,7778,7413,59291,60169,101789,99150,93151,92412,90884,96449,91379,93631,55370,68614,43769,60562,10825,21820,5899,5601,52516,53555,94579,91479,87011,85411,85745,90735,87276,89605,53471,66229,42448,58577,10317,20642,784316,734972,133175,124667,158491,142926,78281,253,250
2021-08-24T23:59:59+02:00,7728,7361,59071,59951,101603,98977,92985,92250,90772,96321,91294,93560,55332,68560,43743,60519,10819,21795,5854,5534,52192,53293,94227,91195,86708,85161,85536,90545,87124,89446,53386,66134,42401,58511,10309,20620,783177,733155,133084,124363,158484,142705,77703,253,250
2021-08-23T23:59:59+02:00,7672,7307,58863,59741,101433,98819,92855,92088,90677,96236,91218,93475,55294,68517,43714,60493,10815,21776,5791,5472,51869,53021,93885,90913,86464,84885,85341,90374,86988,89319,53306,66043,42367,58461,10302,20602,782017,731251,133011,124075,158474,142530,77298,253,249
2021-08-22T23:59:59+02:00,7600,7252,58668,59557,101229,98658,92696,91952,90582,96120,91138,93407,55258,68470,43700,60469,10809,21762,5710,5389,51498,52669,93482,90511,86152,84579,85104,90147,86818,89194,53227,65938,42335,58400,10294,20581,780985,728930,132908,123761,158462,142313,76779,253,245
2021-08-21T23:59:59+02:00,7547,7214,58532,59433,101093,98553,92590,91848,90483,96059,91080,93372,55238,68448,43692,60452,10807,21759,5518,5201,51162,52367,93314,90362,85981,84421,84957,90021,86732,89131,53196,65914,42325,58384,10293,20575,780306,727398,132832,123532,158461,142271,76408,253,245
2021-08-20T23:59:59+02:00,7495,7162,58377,59258,100921,98398,92441,91714,90367,95934,91002,93310,55216,68423,43682,60435,10805,21754,5392,5099,50826,52017,93052,90089,85717,84187,84742,89816,86598,89019,53165,65873,42302,58360,10286,20568,779351,725421,132782,123323,158455,142205,75914,252,245
2021-08-19T23:59:59+02:00,7428,7101,58126,59023,100645,98171,92234,91522,90207,95768,90874,93207,55173,68364,43657,60404,10798,21740,5275,4974,50382,51577,92619,89684,85311,83780,84430,89501,86383,88836,53094,65765,42263,58298,10276,20550,777983,722707,132648,122878,158448,141998,75171,252,244
2021-08-18T23:59:59+02:00,7364,7046,57938,58862,100458,97990,92086,91358,90067,95646,90773,93111,55106,68300,43628,60359,10788,21720,5180,4874,50027,51204,92240,89354,84986,83448,84151,89251,86192,88663,52980,65650,42192,58206,10261,20521,776818,720300,132559,122487,158441,141758,74591,251,244
2021-08-17T23:59:59+02:00,7302,6995,57749,58703,100263,97814,91919,91208,89944,95514,90676,93019,55067,68253,43604,60331,10786,21705,5059,4741,49531,50779,91788,88933,84584,83090,83820,88954,85985,88460,52877,65525,42134,58129,10255,20497,775695,717268,132455,122077,158428,141468,74084,250,244
2021-08-16T23:59:59+02:00,7242,6929,57564,58524,100060,97639,91771,91048,89803,95395,90561,92922,55015,68191,43574,60280,10779,21691,4849,4557,48961,50196,91313,88477,84115,82689,83487,88658,85755,88255,52773,65411,42075,58051,10246,20459,774518,713713,132364,121633,158421,141242,73495,250,244
2021-08-15T23:59:59+02:00,7176,6881,57341,58333,99875,97455,91612,90905,89678,95289,90473,92863,54978,68150,43554,60251,10775,21684,4450,4158,47839,49050,90669,87786,83558,82144,83093,88270,85467,88049,52665,65288,42031,57992,10237,20440,773429,707889,132252,121003,158413,141062,72989,250,243
2021-08-14T23:59:59+02:00,7144,6848,57218,58244,99732,97354,91505,90828,89590,95220,90422,92818,54962,68133,43549,60244,10774,21683,4421,4135,47683,48906,90437,87612,83341,81935,82968,88169,85397,88005,52637,65257,42022,57981,10236,20438,772896,707067,132195,120679,158408,141012,72579,250,243
2021-08-13T23:59:59+02:00,7097,6803,57062,58110,99573,97226,91375,90689,89484,95105,90341,92754,54932,68082,43535,60220,10772,21676,4362,4074,47375,48582,89954,87204,82938,81557,82704,87935,85225,87864,52593,65189,42000,57956,10233,20426,772057,704822,132135,120120,158401,140931,72055,248,243
2021-08-12T23:59:59+02:00,7062,6753,56856,57946,99358,97049,91199,90522,89338,94961,90246,92673,54895,68029,43509,60186,10764,21659,4310,4011,46954,48186,89303,86632,82355,81006,82327,87607,84994,87683,52518,65086,41947,57897,10223,20408,770984,701830,132031,119281,158389,140681,71413,248,242
2021-08-11T23:59:59+02:00,7026,6698,56668,57775,99147,96868,91041,90382,89206,94844,90135,92571,54844,67968,43477,60147,10754,21644,4236,3962,46534,47723,88672,85979,81770,80496,81989,87299,84723,87440,52430,64944,41875,57772,10204,20359,769851,698638,131933,118324,158366,140344,70860,245,241
2021-08-10T23:59:59+02:00,6965,6650,56481,57608,98925,96718,90884,90231,89078,94730,90051,92494,54800,67921,43461,60107,10750,21631,4171,3897,46094,47245,88024,85347,81162,79952,81578,86918,84477,87221,52309,64834,41815,57689,10190,20328,768784,695272,131838,117381,158347,140026,70331,245,241
2021-08-09T23:59:59+02:00,6913,6591,56308,57447,98732,96561,90728,90093,88938,94632,89941,92430,54760,67872,43436,60072,10743,21616,4102,3819,45524,46676,87190,84669,80473,79364,81164,86567,84185,86996,52198,64701,41759,57588,10176,20286,767750,691423,131765,116319,158337,139680,69777,244,238
2021-08-08T23:59:59+02:00,6842,6522,56084,57258,98519,96371,90546,89927,88800,94510,89846,92355,54705,67824,43410,60038,10736,21596,4046,3758,44919,46061,86119,83728,79568,78552,80618,86089,83852,86695,52064,64547,41695,57498,10163,20260,766524,686280,131650,115134,158317,139367,69214,243,237
2021-08-07T23:59:59+02:00,6798,6471,55940,57134,98378,96255,90415,89825,88705,94452,89784,92314,54686,67797,43407,60028,10733,21591,3585,3383,44077,45168,85779,83387,79090,78111,80256,85737,83671,86550,52001,64463,41674,57462,10158,20251,765851,682539,131588,113987,158312,139263,68778,243,236
2021-08-06T23:59:59+02:00,6742,6422,55749,56981,98146,96069,90262,89694,88578,94337,89686,92243,54646,67769,43398,60001,10730,21587,3201,2984,43155,44273,85307,82918,78504,77555,79866,85351,83480,86403,51949,64398,41648,57430,10150,20238,764879,678558,131489,112707,158305,139127,68183,243,235
2021-08-05T23:59:59+02:00,6675,6350,55429,56730,97842,95798,89997,89473,88363,94144,89515,92107,54581,67679,43369,59949,10721,21569,2684,2536,41905,43099,84568,82232,77717,76753,79268,84785,83121,86101,51818,64239,41588,57327,10135,20205,763207,672954,131361,111065,158292,138581,67247,243,234
2021-08-04T23:59:59+02:00,6594,6300,55183,56539,97576,95584,89807,89305,88220,94005,89396,92008,54528,67628,43331,59902,10717,21559,2612,2476,41418,42602,83324,81180,76366,75609,78777,84328,82801,85853,51677,64101,41530,57239,10119,20179,761903,667732,131253,109551,158278,138110,66564,243,234
2021-08-03T23:59:59+02:00,6528,6234,54925,56344,97341,95390,89628,89139,88076,93860,89249,91886,54451,67548,43294,59844,10709,21551,2557,2434,40977,42169,82078,80040,74940,74418,78167,83760,82253,85360,51463,63898,41429,57083,10106,20143,760517,661890,131148,107850,158253,137406,65895,243,234
2021-08-02T23:59:59+02:00,6466,6171,54686,56142,97078,95166,89403,88964,87904,93718,89106,91773,54368,67475,43261,59791,10706,21531,2506,2370,40493,41665,80747,78927,73385,73208,77536,83195,81710,84875,51293,63694,41354,56962,10089,20109,759079,655777,130998,106090,158230,136800,65219,242,232
2021-08-01T23:59:59+02:00,6399,6086,54416,55876,96810,94897,89166,88788,87699,93572,88941,91663,54299,67389,43224,59739,10699,21524,2427,2317,39972,41166,79452,77845,71971,72105,76639,82443,81124,84409,51102,63456,41266,56857,10078,20085,757468,649583,130802,104187,158204,136185,64531,239,228
2021-07-31T23:59:59+02:00,6363,6048,54293,55782,96688,94802,89063,88721,87608,93500,88896,91627,54287,67379,43218,59735,10699,21523,1902,1867,39010,40137,79001,77403,71434,71550,76255,82115,81009,84313,51083,63422,41250,56845,10078,20082,756982,644890,130632,103313,158201,136090,64235,239,228
2021-07-30T23:59:59+02:00,6308,6013,54115,55635,96529,94624,88904,88572,87476,93385,88813,91557,54250,67348,43205,59717,10697,21521,1435,1417,37995,39074,78292,76745,70673,70815,75741,81588,80607,83988,51006,63333,41216,56785,10072,20070,756076,638672,130316,102173,158196,135880,63900,238,227
2021-07-29T23:59:59+02:00,6257,5954,53877,55450,96267,94396,88691,88363,87304,93209,88673,91430,54191,67284,43182,59678,10688,21500,948,951,36743,37830,77231,75872,69621,69864,74933,80826,80069,83559,50873,63168,41149,56689,10055,20043,754826,630882,129834,100617,158179,135323,63375,237,227
2021-07-28T23:59:59+02:00,6220,5901,53673,55279,96059,94189,88539,88182,87191,93068,88560,91333,54133,67209,43148,59630,10678,21470,907,901,36129,37220,76059,74893,68340,68761,74170,80109,79577,83098,50731,62966,41081,56584,10039,20002,753640,624519,129389,99201,158162,134531,63091,237,225
2021-07-27T23:59:59+02:00,6170,5859,53437,55056,95798,93979,88355,87996,87033,92912,88436,91235,54080,67133,43107,59567,10664,21422,846,845,35469,36448,74594,73643,66886,67541,73303,79263,79034,82577,50557,62753,41002,56463,10014,19960,752218,617183,128958,97747,158139,133300,62744,237,224
2021-07-26T23:59:59+02:00,6113,5806,53216,54848,95553,93788,88159,87826,86869,92775,88307,91133,54020,67053,43078,59510,10657,21400,790,786,34697,35606,73073,72310,65514,66301,72256,78269,78440,82045,50385,62537,40923,56313,9992,19915,750867,609081,128534,96216,158121,132221,62410,236,224
2021-07-25T23:59:59+02:00,6075,5762,53008,54642,95297,93558,87983,87632,86711,92643,88198,91035,53969,66989,43050,59466,10647,21365,678,677,33992,34840,71724,71100,64403,65286,71256,77356,77964,81590,50266,62349,40858,56225,9986,19880,749453,602089,128259,94657,158099,131420,62040,236,224
2021-07-24T23:59:59+02:00,5988,5705,52732,54345,94987,93245,87737,87423,86535,92486,88098,90954,53940,66955,43038,59443,10647,21359,629,626,33481,34341,70854,70402,63736,64728,70377,76656,77760,81439,50211,62306,40836,56200,9986,19878,747575,597651,128205,93721,158098,131291,61559,236,224
2021-07-23T23:59:59+02:00,5935,5649,52458,54073,94583,92957,87434,87205,86353,92308,87956,90861,53904,66907,43030,59425,10644,21353,576,581,32949,33678,69787,69539,62954,64058,69471,75805,77358,81109,50135,62207,40804,56161,9979,19864,745509,591990,128131,92562,158092,131116,61123,236,224
2021-07-22T23:59:59+02:00,5865,5586,52039,53671,94100,92507,87047,86867,86042,92008,87744,90674,53819,66813,43001,59365,10636,21327,501,518,32233,32942,68471,68543,61906,63179,67853,74447,76702,80594,49983,61999,40712,56046,9958,19824,742444,585507,127898,89807,158065,130349,60525,235,223
2021-07-21T23:59:59+02:00,5812,5532,51666,53284,93664,92090,86737,86567,85787,91763,87570,90486,53734,66728,42942,59298,10625,21299,451,460,31612,32281,67136,67500,60814,62285,65812,72753,75796,79848,49693,61689,40551,55858,9934,19768,739628,579201,127659,85480,158034,129254,60083,235,223
2021-07-20T23:59:59+02:00,5753,5468,51276,52888,93201,91620,86370,86240,85519,91507,87347,90289,53642,66594,42893,59240,10618,21274,404,416,30947,31616,65669,66304,59683,61320,64634,71691,75179,79289,49487,61458,40445,55699,9910,19707,736653,572126,127437,83795,157979,128224,59490,235,223
2021-07-19T23:59:59+02:00,5676,5394,50804,52427,92729,91140,85999,85907,85270,91294,87141,90110,53549,66473,42857,59160,10600,21239,360,363,30398,31028,64504,65246,58766,60461,63481,70655,74577,78772,49313,61261,40354,55552,9882,19663,733375,566331,127208,81986,157943,127033,59063,235,223
2021-07-18T23:59:59+02:00,5606,5324,49978,51610,91652,90085,85267,85293,84789,90860,86848,89818,53443,66326,42794,59064,10590,21208,324,319,29850,30438,63312,64174,57841,59543,62305,69626,74026,78273,49165,61098,40296,55468,9870,19634,726897,560481,126877,79957,157926,126226,58676,234,222
2021-07-17T23:59:59+02:00,5432,5137,49625,51276,91509,89950,85072,85134,84630,90722,86741,89736,53423,66299,42783,59052,10589,21205,272,264,29460,30050,62667,63572,57281,59119,61551,68890,73719,78030,49054,60980,40257,55410,9860,19623,725718,557442,126699,78989,157922,125610,57796,234,222
2021-07-16T23:59:59+02:00,5331,5046,49299,50979,91245,89725,84824,84936,84431,90538,86603,89629,53381,66266,42765,59038,10586,21200,237,229,28957,29542,61724,62657,56435,58431,60497,67853,73218,77609,48892,60791,40210,55341,9855,19614,724333,552465,126526,77668,157915,124868,56869,233,222
2021-07-15T23:59:59+02:00,5195,4912,48820,50564,90843,89342,84465,84557,84128,90260,86379,89460,53298,66175,42711,58968,10576,21172,188,196,28227,28909,60406,61586,55302,57444,59084,66539,72479,77019,48659,60528,40121,55209,9839,19559,721846,546619,126107,75461,157880,123193,55799,232,222
2021-07-14T23:59:59+02:00,5089,4797,48463,50188,90539,89045,84173,84242,83879,90022,86179,89302,53209,66068,42653,58879,10559,21142,169,173,27691,28334,59307,60589,54333,56597,58207,65687,71869,76430,48390,60250,40015,55034,9816,19515,719671,541175,125748,74537,157836,121492,54981,231,221
2021-07-13T23:59:59+02:00,4977,4680,48053,49804,90142,88689,83866,83933,83609,89760,85971,89134,53098,65963,42598,58815,10553,21121,153,163,27020,27650,57934,59400,53138,55606,57218,64773,71142,75791,48112,59926,39886,54855,9784,19463,717291,534810,125375,73420,157780,119436,54128,230,220
2021-07-12T23:59:59+02:00,4806,4510,47496,49283,89746,88350,83470,83613,83359,89498,85781,88973,53017,65868,42551,58752,10541,21106,144,155,26384,26984,56430,58048,51851,54544,55995,63627,70396,75169,47737,59497,39711,54632,9742,19398,714557,527499,125007,72398,157719,117083,53245,230,219
2021-07-11T23:59:59+02:00,4412,4136,46546,48354,89315,87917,83055,83226,83049,89210,85585,88823,52929,65775,42525,58696,10530,21089,132,147,25778,26417,55052,56788,50554,53497,54955,62595,69802,74617,47389,59115,39586,54457,9717,19356,710584,520866,124535,71391,157679,115293,52186,226,218
2021-07-10T23:59:59+02:00,4399,4123,46214,48006,88862,87435,82724,82915,82943,89110,85519,88766,52908,65752,42516,58682,10529,21085,129,139,25288,25876,53960,55840,49692,52912,54355,62027,69587,74431,47021,58697,39486,54353,9712,19345,709911,516536,124067,71306,157503,113971,50819,225,218
2021-07-09T23:59:59+02:00,4379,4111,45790,47562,88240,86873,82347,82571,82694,88920,85405,88674,52872,65723,42509,58669,10525,21076,123,124,24584,25099,52632,54607,48748,52031,53575,61176,69164,74025,46662,58287,39398,54263,9705,19333,708483,510346,123479,70900,157339,112620,49452,224,218
2021-07-08T23:59:59+02:00,4349,4084,45237,47058,87377,86159,81812,82054,82440,88676,85212,88520,52804,65656,42477,58622,10514,21060,115,107,23587,24149,50687,53024,47362,50879,52435,60046,68474,73388,46141,57728,39261,54099,9677,19265,706345,502575,122584,69620,157050,110079,47933,223,217
2021-07-07T23:59:59+02:00,4326,4057,44655,46461,86533,85394,81255,81571,82155,88379,85003,88356,52726,65556,42434,58558,10506,21040,103,92,22688,23230,48734,51334,45844,49742,51191,58864,67769,72853,45402,56985,39066,53861,9644,19207,703812,494364,121583,68509,156795,106964,46557,220,215
2021-07-06T23:59:59+02:00,4293,4036,44106,45936,85665,84656,80638,80977,81784,88048,84826,88180,52637,65476,42396,58496,10497,21015,94,82,21845,22350,46728,49551,44455,48491,49908,57523,67025,72133,44571,56210,38881,53622,9626,19152,701144,485360,120563,67429,156495,103999,45244,218,215
2021-07-05T23:59:59+02:00,4271,4000,42943,44935,84147,83554,79911,80356,81326,87624,84549,87915,52522,65340,42345,58418,10483,20987,83,70,20651,21273,44764,47945,43435,47530,48880,56560,66326,71515,43807,55348,38706,53397,9601,19112,697800,479349,119508,66557,156130,100908,41974,216,215
2021-07-04T23:59:59+02:00,4243,3977,41578,43704,82505,82244,79183,79753,80853,87200,84275,87711,52430,65215,42302,58366,10470,20958,80,63,19296,20062,42972,46428,42735,46785,48066,55706,65746,70945,43063,54495,38543,53206,9581,19065,694662,474680,118353,65621,155707,98291,38031,216,214
2021-07-03T23:59:59+02:00,3776,3562,39995,42136,81634,81585,78696,79267,80409,86723,84058,87539,52362,65114,42284,58314,10467,20952,76,62,18487,19367,42051,45732,42317,46408,47660,55306,65582,70779,42475,53766,38480,53106,9574,19055,690881,472737,117045,65522,155622,96699,35111,216,214
2021-07-02T23:59:59+02:00,3218,2990,38436,40630,80897,80859,78028,78560,79889,86220,83816,87335,52311,65028,42256,58267,10455,20939,67,54,17714,18630,40892,44767,41581,45709,46825,54523,65061,70328,41521,52559,38350,52918,9558,19036,685814,467642,115642,65051,155472,94194,32993,215,213
2021-07-01T23:59:59+02:00,2569,2443,36711,38958,79914,79985,77189,77727,79184,85583,83501,87058,52186,64872,42193,58166,10437,20909,56,42,16821,17689,39345,43526,40367,44648,45522,53390,64317,69747,40629,51418,38200,52708,9541,19004,679451,461186,113914,63400,155252,91417,30755,215,212
2021-06-30T23:59:59+02:00,2527,2413,35693,37932,78070,78481,75491,76238,78538,85034,83216,86765,52055,64711,42133,58069,10425,20882,47,32,15778,16698,37665,42300,39167,43543,44366,52325,63561,69115,40084,50731,38081,52508,9519,18968,673573,455023,112175,62059,155040,89524,27672,215,210
2021-06-29T23:59:59+02:00,2490,2381,34855,37022,76465,76991,73877,74824,77738,84317,82670,86272,51872,64492,42057,57938,10408,20846,34,23,14941,15785,36349,41155,38254,42717,43145,51270,62844,68530,39372,49793,37945,52289,9497,18924,667190,449817,110299,60226,154771,87573,25042,215,209
2021-06-28T23:59:59+02:00,2449,2346,34026,36195,74848,75579,72194,73427,76717,83530,82066,85773,51697,64264,41980,57832,10395,20814,25,18,14189,15020,35293,40129,37432,41987,42019,50274,62190,67982,38495,48706,37778,52066,9477,18879,660688,444954,108339,58712,154175,85367,22717,215,209
2021-06-27T23:59:59+02:00,2434,2331,33285,35442,73281,74209,70786,72218,75321,82410,81388,85218,51500,64047,41915,57714,10385,20785,20,18,13549,14379,34330,39369,36775,41388,41082,49423,61648,67539,37630,47673,37626,51887,9462,18848,654466,441030,106407,57944,153222,83104,20361,214,207
2021-06-26T23:59:59+02:00,1796,1723,32239,34326,72919,73887,70320,71754,75029,82099,81295,85140,51480,64021,41901,57704,10384,20782,20,17,13354,14167,33661,38826,36128,40965,40560,49088,60655,66530,36633,46538,37458,51674,9448,18815,649650,435030,105469,57889,153218,81162,20250,213,206
2021-06-25T23:59:59+02:00,1176,1127,31110,33136,72416,73354,69707,71061,74601,81651,80915,84815,51418,63934,41868,57661,10379,20768,17,16,13016,13774,32807,38032,35260,40145,39606,48248,59441,65295,36118,45838,37266,51373,9425,18774,643281,426593,104275,57440,153213,80097,20116,213,205
2021-06-24T23:59:59+02:00,564,569,29760,31806,71628,72595,68833,70178,73926,81018,80466,84452,51310,63805,41816,57591,10368,20735,14,13,12343,13057,31625,36734,34038,38877,38467,47131,57803,63920,35638,45321,37109,51183,9406,18715,635422,417208,102789,55879,153101,78208,19897,212,202
2021-06-23T23:59:59+02:00,537,536,29250,31242,70512,71611,67563,69037,73176,80329,80016,84047,51198,63631,41758,57495,10352,20703,12,12,11843,12519,30629,35494,33102,37654,37442,46250,55858,62199,35085,44755,36941,50957,9385,18650,629166,407404,101208,54818,152998,76954,19410,212,201
2021-06-22T23:59:59+02:00,514,519,28725,30636,69337,70575,66356,68009,72498,79624,79603,83676,51091,63505,41711,57410,10343,20677,10,11,11491,12097,29713,34563,32147,36760,36482,45345,53879,60357,34699,44279,36803,50715,9356,18592,622803,398836,99744,53244,152864,75834,19187,212,198
2021-06-21T23:59:59+02:00,482,485,28052,29944,68019,69394,65168,66879,71741,78844,79208,83283,50984,63394,41653,57322,10329,20636,9,11,11195,11777,29088,33976,31598,36191,35874,44754,52032,58698,33988,43476,36507,50292,9327,18516,615959,391247,98243,52048,152741,75153,18664,211,197
2021-06-20T23:59:59+02:00,397,404,27416,29272,66789,68254,64152,65945,70935,78103,78858,82944,50907,63266,41604,57255,10324,20603,5,10,10904,11507,28536,33473,31141,35700,35360,44231,50183,56900,33445,42794,36310,49958,9297,18456,609559,383806,96783,51296,152642,74681,18234,211,193
2021-06-19T23:59:59+02:00,365,369,27027,28895,66056,67684,63625,65438,70136,77449,78707,82820,50886,63240,41588,57239,10323,20603,5,9,10768,11306,28282,33152,30885,35374,35135,43969,48735,55506,33185,42446,36226,49818,9289,18428,605590,378388,95841,51284,152642,74486,18167,211,193
2021-06-18T23:59:59+02:00,337,335,26563,28417,65038,66943,62886,64826,69213,76612,78318,82489,50823,63166,41561,57203,10319,20595,5,9,10549,11062,27884,32727,30554,34962,34743,43570,46992,53824,32831,41931,36089,49608,9270,18394,600150,371509,94599,50994,152636,74260,18049,211,192
2021-06-17T23:59:59+02:00,307,304,25915,27794,63766,65946,61886,64017,67623,75204,77794,82083,50722,63012,41498,57122,10306,20568,5,9,10126,10696,27092,32027,29811,34282,33905,42864,45475,52325,32381,41298,35925,49352,9239,18344,594030,364035,91941,49848,152474,73869,17213,210,191
2021-06-16T23:59:59+02:00,272,265,25376,27184,62461,64813,60776,63049,65358,73276,76950,81427,50509,62804,41407,57010,10287,20535,5,7,9800,10427,26439,31352,29107,33659,33174,42227,44879,51758,32109,40932,35779,49153,9218,18303,587730,360317,87427,49139,152062,72347,16334,207,191
2021-06-15T23:59:59+02:00,233,234,24721,26457,61051,63584,59697,62067,64202,72188,76442,81007,50385,62654,41357,56915,10280,20506,5,7,9527,10143,25834,30615,28471,32903,32492,41503,43319,50124,31657,40375,35607,48919,9188,18238,580538,353574,85799,48240,151608,71092,15830,206,191
2021-06-14T23:59:59+02:00,210,202,24238,25849,59942,62537,58823,61223,63125,71183,75967,80616,50297,62531,41307,56844,10265,20481,4,7,9230,9841,25084,29726,27711,32067,31704,40688,42029,48779,31286,39874,35471,48698,9158,18186,574648,347414,84084,47222,151403,69417,15300,206,190
2021-06-13T23:59:59+02:00,205,187,23824,25377,58999,61631,58052,60435,62018,70215,75501,80194,50208,62416,41256,56784,10254,20451,4,7,8942,9534,24373,28882,27002,31227,30946,39832,40468,47189,30819,39260,35270,48392,9128,18096,569629,340335,82230,46441,151177,67640,14766,206,189
2021-06-12T23:59:59+02:00,192,169,23560,25087,58436,61123,57693,60155,61373,69578,75300,80082,50183,62384,41244,56770,10251,20447,4,7,8821,9414,23896,28304,26479,30650,30416,39270,39368,46215,30650,39081,35175,48227,9124,18085,566659,336078,81274,46438,151169,65761,14720,206,189
2021-06-11T23:59:59+02:00,173,154,23184,24644,57684,60304,57018,59526,60464,68647,74954,79777,50108,62309,41218,56734,10249,20441,4,6,8675,9216,23379,27631,25947,29992,29829,38630,38289,45203,30384,38724,35032,48006,9111,18058,561604,331211,79984,46179,151156,63898,14640,205,188
2021-06-10T23:59:59+02:00,158,137,22640,24054,56540,59365,56090,58709,59201,67473,74414,79378,50036,62202,41194,56685,10234,20412,4,6,8408,8960,22506,26687,24985,29051,28707,37691,36898,44038,30027,38243,34752,47572,9044,17982,556007,324291,77772,45471,150916,61589,14023,205,187
2021-06-09T23:59:59+02:00,138,122,22004,23449,55280,58259,55012,57795,58250,66563,73952,78984,49948,62103,41142,56623,10220,20381,4,5,8107,8697,21573,25820,24055,28170,27672,36736,35176,42245,29637,37740,34565,47302,9002,17891,550189,316832,76310,44738,150565,59683,12958,204,186
2021-06-08T23:59:59+02:00,116,104,21321,22723,53969,57127,53894,56812,57291,65708,73407,78550,49859,61979,41087,56532,10202,20351,3,4,7840,8446,20680,24932,23001,27305,26632,35773,33812,40938,29281,37234,34244,46843,8951,17807,543484,310518,75374,43966,150125,57213,11845,204,184
2021-06-07T23:59:59+02:00,99,87,20663,22083,52525,55868,52635,55833,56136,64720,72854,78145,49773,61871,41041,56469,10189,20325,2,3,7581,8221,19842,24114,21980,26496,25597,34899,32876,40152,28997,36839,33995,46417,8900,17716,536174,305881,74470,43147,149716,54663,10752,204,184
2021-06-06T23:59:59+02:00,92,82,20149,21548,51376,54756,51523,54854,55171,63768,72343,77739,49685,61792,41005,56406,10181,20309,2,3,7366,8024,19059,23219,21079,25623,24527,33912,31959,39334,28708,36497,33741,46026,8849,17642,529831,301323,73444,42405,149379,51739,9922,203,181
2021-06-05T23:59:59+02:00,86,74,19872,21234,50590,53997,50870,54350,54698,63292,72213,77627,49675,61779,41001,56403,10178,20309,2,3,7134,7611,18416,22156,20355,24511,23655,32656,30920,38014,28373,36031,33616,45851,8842,17622,525459,295025,73438,42367,149306,48354,9842,203,180
2021-06-04T23:59:59+02:00,76,68,19417,20645,49521,52980,50049,53484,54042,62504,71872,77301,49647,61742,40981,56388,10176,20304,2,2,6907,7291,17786,21307,19667,23511,22716,31374,29695,36673,28084,35663,33502,45675,8830,17601,518964,288542,73109,42298,149290,45635,9632,202,179
2021-06-03T23:59:59+02:00,66,57,18731,19943,47997,51677,48828,52350,53066,61477,71368,76842,49579,61639,40943,56340,10163,20279,2,2,6613,6891,17049,20257,18865,22363,21710,29944,28526,35183,27542,34878,33296,45347,8793,17526,511162,281789,72095,41543,149017,42408,8871,200,176
2021-06-02T23:59:59+02:00,61,53,18346,19420,46973,50682,47944,51584,52313,60714,71117,76629,49540,61604,40924,56311,10155,20265,1,2,6423,6654,16411,19562,17941,21602,20861,28993,27431,33772,27077,34271,33135,45096,8764,17456,504849,275501,72076,41529,148998,39738,8515,197,169
2021-06-01T23:59:59+02:00,51,47,17658,18672,45108,48946,46289,50126,50794,59252,70438,76028,49446,61492,40866,56239,10143,20217,1,1,6142,6335,15255,18661,16429,20635,19643,27738,26203,32373,26517,33573,32884,44744,8718,17354,495725,268986,70707,40956,148451,36363,6737,192,164
2021-05-31T23:59:59+02:00,49,43,17173,18173,43803,47800,45073,49012,49556,58124,69754,75517,49363,61390,40821,56173,10131,20179,1,1,5864,5999,14213,17825,15020,19710,18463,26620,24972,31029,25996,32854,32689,44446,8684,17253,489469,262675,69543,40411,147985,33445,4946,191,162
2021-05-30T23:59:59+02:00,43,42,16838,17777,42835,46859,44165,48108,48549,57125,69201,74972,49257,61235,40749,56057,10115,20136,1,1,5671,5754,13665,17116,14391,19010,17560,25645,23870,29855,25224,31902,32391,44027,8639,17164,483519,256694,68512,39610,147575,31162,4267,190,153
2021-05-29T23:59:59+02:00,43,41,16703,17649,42470,46539,43821,47842,48309,56934,69143,74919,49251,61228,40742,56053,10115,20135,1,1,5507,5511,13156,16315,13745,18162,16716,24477,22753,28554,25064,31668,32326,43932,8636,17157,481533,251091,68389,39610,147569,28572,4257,189,151
2021-05-28T23:59:59+02:00,42,39,16401,17340,41761,45911,43310,47275,47800,56401,68865,74625,49185,61145,40715,56003,10112,20130,1,1,5261,5124,12621,15400,13064,17297,15852,23241,21651,27114,24812,31301,32231,43799,8626,17141,477226,245032,67882,39506,147545,25635,4218,189,146
2021-05-27T23:59:59+02:00,39,36,15870,16785,40607,44921,42292,46380,46811,55509,68286,74187,49063,60985,40661,55932,10101,20091,1,1,5018,4775,11977,14578,12279,16363,14781,22050,20391,25603,24307,30563,32059,43538,8592,17058,471320,237671,66368,38699,146827,23568,3854,187,142
2021-05-26T23:59:59+02:00,37,35,15456,16344,39508,43995,41254,45506,45781,54631,67679,73675,48911,60803,40577,55767,10079,20043,1,1,4824,4573,11421,13817,11561,15514,13769,20918,18991,24006,23721,29774,31841,43192,8538,16956,466152,230391,64347,37827,145839,21502,3556,187,142
2021-05-25T23:59:59+02:00,37,34,15050,15925,38501,43106,40286,44656,44828,53706,67059,73143,48727,60562,40498,55632,10054,19990,1,1,4604,4366,10880,13173,10795,14744,12696,19678,17556,22500,23133,28994,31604,42865,8481,16861,460803,223013,62767,36883,144729,19589,3308,187,139
2021-05-24T23:59:59+02:00,37,33,14702,15597,37663,42366,39418,43983,43968,52916,66524,72659,48603,60384,40435,55508,10034,19945,1,1,4456,4237,10435,12705,10159,14162,11805,18844,16267,21231,22456,28158,31386,42533,8422,16772,456179,216085,61528,35940,143986,18971,2896,186,138
2021-05-23T23:59:59+02:00,33,33,14535,15417,37197,41990,38966,43580,43518,52509,66253,72431,48519,60292,40396,55461,10027,19921,1,1,4267,4096,9968,12229,9539,13558,10858,18026,15067,20165,21982,27584,31132,42241,8371,16686,452975,209064,61146,35858,143964,17904,2808,185,137
2021-05-22T23:59:59+02:00,31,31,14338,15201,36503,41424,38279,43124,42943,52095,65234,71413,48312,60033,40324,55346,10017,19900,1,1,4155,3799,9752,11811,9385,13235,10616,17580,14795,19763,21888,27467,31098,42199,8364,16677,446495,207831,61142,35855,143949,15986,2777,185,137
2021-05-21T23:59:59+02:00,30,30,13950,14787,35433,40514,37218,42202,41874,51191,63877,70121,48082,59697,40244,55197,10000,19867,1,1,4044,3700,9545,11545,9170,12967,10280,17249,14379,19391,21667,27181,31036,42108,8355,16669,436879,205865,60781,35549,143712,14982,2759,183,133
2021-05-20T23:59:59+02:00,27,30,13137,14042,33993,39068,35799,40806,40469,49989,62581,68971,47788,59357,40097,55015,9979,19817,1,1,3886,3522,9018,10938,8518,12256,9579,16399,13626,18426,20846,26059,30841,41810,8316,16582,426639,201487,59078,34701,142692,11929,2375,181,132
2021-05-19T23:59:59+02:00,27,29,12593,13464,32815,37659,34700,39428,39337,49027,60573,67199,47307,58800,39910,54750,9936,19711,1,1,3780,3382,8738,10565,8222,11883,9138,15892,12988,17762,19979,24928,30614,41505,8259,16467,415774,197238,57563,33887,141578,10680,2171,179,128
2021-05-18T23:59:59+02:00,25,29,12164,13002,31774,36646,33620,38515,38296,48093,58507,65331,46953,58354,39755,54510,9904,19651,1,1,3577,3214,8241,9970,7753,11342,8587,15220,12306,16992,19036,23694,30377,41163,8221,16361,407084,193127,55609,33045,140387,7883,1873,176,128
2021-05-17T23:59:59+02:00,23,28,11908,12717,31254,36090,33126,37953,37702,47460,56609,63621,46249,57531,39477,54111,9867,19578,1,1,3489,3104,7974,9693,7454,11044,8185,14805,11732,16385,18112,22558,30142,40842,8186,16286,399489,188735,54480,32299,139578,7254,1583,174,122
2021-05-16T23:59:59+02:00,23,28,11688,12461,30725,35587,32663,37461,37180,46886,54711,61788,45700,56834,39283,53793,9839,19522,1,1,3390,3001,7684,9397,7131,10702,7716,14338,11149,15797,17182,21405,29932,40551,8148,16217,392511,184441,53510,31449,138911,6664,1068,172,120
2021-05-15T23:59:59+02:00,23,28,11527,12253,30446,35254,32425,37141,36951,46622,53141,60307,45449,56529,39206,53654,9833,19494,1,1,3367,2981,7657,9367,7116,10681,7697,14323,11130,15772,17070,21189,29721,40241,8140,16207,386690,183434,53506,31448,138865,6610,1051,171,118
2021-05-14T23:59:59+02:00,23,28,11275,11962,29969,34741,32044,36678,36431,46146,51255,58466,45087,56027,39066,53448,9817,19454,1,1,3337,2955,7586,9294,7055,10606,7633,14261,10946,15571,16332,20118,29435,39750,8123,16167,378843,180475,53175,31109,138729,6469,1000,170,118
2021-05-13T23:59:59+02:00,21,27,10981,11622,29318,34090,31439,36074,35751,45469,49775,56948,44654,55400,38895,53201,9790,19407,1,1,3257,2904,7455,9188,6965,10511,7529,14150,10612,15222,15269,18872,29048,39109,8080,16092,371679,176645,52159,30545,137977,6080,880,167,115
2021-05-12T23:59:59+02:00,20,25,10847,11474,29030,33767,31171,35779,35432,45152,49491,56635,44558,55292,38843,53124,9783,19368,1,0,3243,2877,7421,9152,6933,10475,7497,14108,10441,15064,14887,18435,28741,38622,8058,16045,368975,174557,52071,30534,137820,6035,759,166,115
2021-05-11T23:59:59+02:00,19,22,10481,11139,28169,32947,30348,35021,34569,44365,47749,54857,44101,54691,38669,52836,9745,19265,1,0,3150,2780,7176,8873,6704,10173,7280,13739,9962,14516,13895,17285,28322,38003,8020,15951,362016,170855,50361,29634,135919,4694,532,165,115
2021-05-10T23:59:59+02:00,18,22,10169,10849,27426,32245,29571,34326,33799,43594,46442,53583,43715,54183,38482,52533,9695,19151,1,0,3106,2733,7046,8748,6607,10053,7135,13559,9693,14212,13192,16416,27893,37387,7995,15870,355752,168014,49241,29251,134228,3851,419,163,111
2021-05-09T23:59:59+02:00,17,22,9924,10593,26736,31552,28911,33631,33077,42897,44902,52098,43214,53558,38284,52228,9658,19065,1,0,3058,2685,6919,8609,6502,9914,7020,13345,9380,13897,12393,15515,27525,36845,7975,15814,348626,165140,48169,28700,133081,3114,333,158,110
2021-05-08T23:59:59+02:00,17,22,9831,10520,26354,31250,28456,33311,32608,42589,43848,51268,43060,53395,38245,52168,9655,19059,1,0,3053,2680,6909,8603,6497,9905,7011,13333,9370,13884,12356,15452,26844,35892,7938,15738,344048,163260,48129,28672,132994,3097,327,158,110
2021-05-07T23:59:59+02:00,16,22,9683,10369,25879,30866,27998,32930,32101,42235,42802,50439,42789,53052,38135,52012,9643,19032,1,0,2984,2650,6845,8557,6440,9850,6959,13280,9196,13661,11723,14642,25896,34497,7891,15656,338886,159134,47821,28299,132835,2878,307,154,110
2021-05-06T23:59:59+02:00,14,21,9272,10072,24964,30096,26934,32127,30873,41405,41185,49222,42404,52501,37940,51770,9605,18958,1,0,2908,2601,6715,8412,6320,9720,6810,13091,8923,13356,11067,13772,24928,33112,7856,15594,331015,155318,46744,27339,131163,2128,291,150,110
2021-05-05T23:59:59+02:00,14,20,8892,9870,24080,29491,26079,31474,29788,40615,39202,47404,41956,51952,37732,51486,9548,18845,1,0,2863,2568,6594,8280,6220,9606,6707,12946,8677,13095,10351,12937,23910,31784,7827,15522,323149,151398,45892,26449,129047,1723,210,150,108
2021-05-04T23:59:59+02:00,14,19,8650,9626,23297,28844,25103,30735,28716,39775,37675,45935,41483,51365,37455,51140,9497,18722,1,0,2820,2545,6521,8208,6135,9535,6629,12858,8439,12872,9614,12072,22963,30535,7793,15459,316466,147629,44920,25643,126409,1513,107,149,107
2021-05-03T23:59:59+02:00,14,18,8435,9411,22599,28265,24270,30130,27808,39075,36716,45183,41134,50894,37239,50849,9445,18620,1,0,2771,2509,6449,8130,6055,9465,6539,12775,8211,12654,8853,11169,22041,29315,7762,15408,311589,143850,44145,24819,124158,1269,68,145,101
2021-05-02T23:59:59+02:00,14,18,8266,9246,21962,27688,23538,29537,26991,38454,35897,44545,40876,50565,37127,50662,9410,18563,1,0,2734,2485,6407,8089,6016,9430,6496,12733,8030,12480,8251,10428,21329,28445,7741,15389,306763,140651,43378,24542,123020,1136,59,139,96
2021-05-01T23:59:59+02:00,13,18,8109,9059,21586,27237,23058,28966,26348,37735,35069,43651,40609,50188,37028,50509,9404,18546,1,0,2728,2478,6382,8078,5999,9421,6478,12720,8014,12463,8214,10363,21291,28388,7737,15385,300645,140357,43376,24535,122915,1094,58,139,96
2021-04-30T23:59:59+02:00,13,17,7958,8875,21197,26813,22608,28396,25592,36946,34051,42678,40378,49866,36930,50355,9392,18523,1,0,2704,2464,6356,8060,5977,9401,6449,12698,7980,12430,8173,10294,21241,28305,7734,15375,294298,140042,43369,24458,122732,997,51,138,94
2021-04-29T23:59:59+02:00,12,17,7674,8633,20600,26235,21940,27716,24662,35981,32773,41335,39332,48462,36613,49882,9334,18395,1,0,2668,2426,6264,7950,5888,9299,6354,12557,7776,12155,7546,9565,20830,27788,7710,15300,285532,137963,42582,23225,121298,747,51,133,91
2021-04-28T23:59:59+02:00,11,16,7389,8415,20080,25771,21301,27121,23779,35133,31372,39881,38165,46868,36270,49388,9272,18253,1,0,2596,2377,6148,7827,5776,9165,6249,12400,7552,11879,6849,8714,20412,27205,7670,15229,276845,135475,41804,21918,119655,518,51,130,87
2021-04-27T23:59:59+02:00,10,16,7198,8234,19655,25341,20677,26584,22920,34349,30152,38551,37069,45420,35888,48818,9202,18126,1,0,2569,2353,6047,7728,5723,9067,6181,12274,7338,11684,6242,7978,20011,26703,7650,15206,268995,133380,40936,20969,118100,271,51,128,84
2021-04-26T23:59:59+02:00,9,16,7014,8065,19235,24918,20129,26060,22109,33591,28936,37312,36008,43995,35580,48330,9151,17998,1,0,2555,2342,6001,7686,5678,9028,6143,12229,7150,11521,5629,7244,19636,26258,7627,15178,261280,131413,40111,20123,116894,239,47,124,84
2021-04-25T23:59:59+02:00,9,15,6906,7929,18899,24645,19749,25720,21498,32965,27945,36351,34869,42562,35261,47900,9109,17916,1,0,2540,2333,5983,7659,5659,9009,6123,12202,7111,11494,5501,7060,19299,25793,7611,15133,254052,130775,39394,19379,116633,227,46,123,84
2021-04-24T23:59:59+02:00,9,15,6738,7748,18457,24220,19196,25184,20712,32163,26857,35296,34619,42248,35168,47735,9099,17904,1,0,2536,2326,5971,7649,5648,8999,6118,12198,7101,11487,5426,6945,19203,25651,7608,15125,248078,130314,39389,19338,115732,211,46,123,83
2021-04-23T23:59:59+02:00,9,15,6507,7545,18010,23742,18626,24570,19883,31347,25692,34094,33837,41077,35024,47502,9085,17881,1,0,2530,2307,5944,7628,5609,8959,6071,12152,7055,11435,5262,6667,18663,25020,7508,14955,240477,128460,39058,18990,114743,189,45,123,82
2021-04-22T23:59:59+02:00,8,14,6290,7336,17402,23154,17833,23788,18834,30322,24365,32653,32795,39721,34779,47144,9045,17802,1,0,2514,2291,5896,7575,5558,8873,5992,12073,6978,11364,4975,6244,17946,24144,7387,14759,231418,126275,38131,18017,113571,154,45,120,79
2021-04-21T23:59:59+02:00,8,13,6089,7152,16873,22683,17174,23182,17843,29420,22810,31057,31787,38481,34481,46702,8996,17713,1,0,2490,2274,5852,7517,5498,8798,5926,11971,6883,11284,4814,5971,17245,23291,7271,14576,222508,124175,37356,17243,112436,122,45,119,77
2021-04-20T23:59:59+02:00,7,12,5901,6955,16309,22209,16424,22529,16843,28416,21334,29583,30633,36987,34163,46256,8942,17613,1,0,2476,2260,5803,7478,5454,8752,5879,11902,6805,11220,4697,5814,16641,22515,7144,14395,213461,122480,36467,16525,111026,114,44,118,73
2021-04-19T23:59:59+02:00,7,12,5714,6793,15779,21785,15746,21976,15843,27539,19939,28176,29245,35339,33844,45770,8882,17495,1,0,2465,2243,5779,7444,5417,8719,5840,11856,6724,11143,4568,5654,15996,21797,7036,14233,204720,120829,35686,15858,109321,111,44,113,73
2021-04-18T23:59:59+02:00,6,12,5525,6651,15346,21459,15125,21413,14869,26742,18602,27037,27853,33686,33508,45344,8820,17406,1,0,2415,2197,5647,7318,5301,8606,5734,11704,6618,11025,4448,5468,15406,21131,6920,14051,196146,119179,34853,14589,108250,107,44,111,71
2021-04-17T23:59:59+02:00,6,11,5488,6614,15192,21383,14950,21328,14634,26564,18347,26816,27347,33140,33383,45196,8811,17391,1,0,2388,2158,5547,7164,5196,8450,5634,11517,6530,10894,4395,5405,15160,20837,6910,14037,194922,117424,34848,14585,106676,99,44,111,71
2021-04-16T23:59:59+02:00,6,11,5423,6558,15009,21230,14738,21167,14346,26317,17930,26403,26301,31910,33247,44987,8791,17368,1,0,2344,2108,5433,6976,5055,8269,5484,11274,6328,10670,4192,5170,14509,20044,6813,13892,191555,114171,34562,14186,105470,91,44,111,70
2021-04-15T23:59:59+02:00,6,10,5350,6478,14794,21017,14469,20884,13914,25965,17290,25773,24932,30292,32988,44662,8756,17286,1,0,2271,2023,5237,6740,4859,7953,5278,10954,6114,10384,3990,4918,13676,18961,6698,13725,186974,110345,33752,13242,103986,82,44,110,69
2021-04-14T23:59:59+02:00,6,10,5269,6408,14588,20816,14215,20660,13529,25631,16622,25150,23349,28502,32675,44261,8701,17192,1,0,2078,1901,5017,6479,4673,7704,5052,10705,5881,10094,3855,4711,12943,18040,6569,13511,182361,107235,32880,11789,102191,77,44,108,69
2021-04-13T23:59:59+02:00,6,10,5214,6358,14381,20686,13973,20477,13185,25332,16048,24645,21633,26644,32356,43844,8671,17083,1,0,1991,1848,4848,6289,4486,7477,4852,10450,5671,9855,3712,4543,12423,17425,6442,13348,178105,104808,32000,10673,100289,67,44,108,69
2021-04-12T23:59:59+02:00,6,9,5152,6289,14162,20492,13669,20215,12795,24915,15467,24095,20022,24697,32065,43481,8629,17008,1,0,1863,1753,4665,6128,4335,7300,4690,10257,5534,9696,3592,4386,11989,16914,6330,13186,173721,103113,30945,9331,98352,65,44,106,66
2021-04-11T23:59:59+02:00,6,9,5081,6212,13941,20294,13371,20003,12376,24561,14899,23580,18510,22914,31804,43139,8584,16926,1,0,1824,1714,4545,6016,4224,7174,4567,10126,5398,9565,3476,4265,11495,16303,6197,12978,169416,101351,29985,8350,96666,63,42,101,62
2021-04-10T23:59:59+02:00,6,9,5076,6203,13923,20278,13361,19991,12358,24542,14873,23558,17818,21990,31513,42720,8566,16899,1,0,1819,1700,4530,6005,4208,7159,4554,10112,5345,9497,3371,4150,10939,15472,6066,12780,168334,99196,29957,8350,95253,61,39,101,62
2021-04-09T23:59:59+02:00,6,9,5062,6183,13881,20230,13312,19936,12307,24483,14608,23303,16295,20094,31107,42073,8532,16856,1,0,1792,1681,4507,5988,4181,7132,4510,10074,5308,9449,3284,4029,10070,14483,5917,12581,165688,96731,29616,8100,92838,59,37,98,60
2021-04-08T23:59:59+02:00,6,9,5016,6154,13780,20155,13231,19855,12203,24378,14268,22942,14518,17876,30486,41067,8469,16732,1,0,1767,1666,4477,5935,4130,7046,4445,9993,5234,9372,3175,3924,9591,13875,5711,12334,161830,94867,28584,7665,90605,58,30,96,56
2021-04-07T23:59:59+02:00,6,9,4983,6122,13668,20069,13132,19765,12095,24269,13883,22577,12989,16018,29837,40083,8415,16631,1,0,1748,1652,4423,5866,4043,6972,4356,9909,5145,9271,3084,3829,8830,12775,5471,11927,157341,92283,27704,6887,89383,50,28,95,54
2021-04-06T23:59:59+02:00,6,9,4952,6098,13568,20003,13049,19707,12017,24205,13505,22227,11351,14011,29176,39112,8383,16560,1,0,1684,1597,4292,5737,3933,6849,4237,9759,5040,9139,2968,3709,8122,11840,5196,11560,153323,89890,26825,5645,87672,48,26,93,54
2021-04-05T23:59:59+02:00,6,8,4913,6068,13494,19936,12979,19637,11960,24125,13229,21974,9735,12057,28449,38059,8348,16497,1,0,1614,1529,4138,5585,3764,6692,4085,9608,4885,9009,2837,3592,7304,10870,4926,11168,150104,87504,25810,3982,85450,45,22,88,54
2021-04-04T23:59:59+02:00,6,8,4895,6050,13484,19911,12969,19618,11953,24105,13130,21901,8709,10794,27998,37418,8323,16440,1,0,1611,1526,4130,5579,3763,6687,4080,9604,4883,9000,2832,3583,7066,10400,4843,11042,148359,86538,25805,3981,83441,39,20,87,52
2021-04-03T23:59:59+02:00,6,8,4892,6040,13466,19892,12957,19608,11943,24095,13116,21883,7800,9726,27116,36173,8273,16328,1,0,1607,1522,4128,5574,3762,6684,4072,9592,4869,8986,2825,3569,6924,10133,4804,10960,145880,85922,25797,3981,81540,38,19,86,52
2021-04-02T23:59:59+02:00,6,8,4887,6020,13430,19865,12918,19563,11897,24046,13042,21816,7287,8977,25527,34070,8128,16058,1,0,1596,1506,4103,5549,3737,6644,4036,9531,4747,8702,2696,3412,6549,9733,4655,10754,141419,84092,25455,3753,80568,38,17,86,51
2021-04-01T23:59:59+02:00,5,8,4837,5960,13335,19722,12801,19411,11749,23892,12442,21371,6723,8264,24018,32099,8002,15817,1,0,1532,1458,3991,5428,3671,6572,3968,9464,4668,8597,2599,3270,6033,9049,4477,10477,137220,81813,24316,3344,78821,34,16,83,48
2021-03-31T23:59:59+02:00,5,8,4785,5903,13211,19567,12666,19255,11560,23712,12183,21109,6401,7890,22534,30141,7849,15587,1,0,1519,1447,3966,5404,3638,6544,3931,9417,4628,8540,2535,3194,5543,8400,4298,10238,133274,80021,23221,3127,77775,34,13,83,48
2021-03-30T23:59:59+02:00,5,8,4719,5835,13074,19417,12554,19075,11431,23548,12015,20971,6211,7676,21143,28406,7704,15381,1,0,1502,1411,3925,5370,3573,6472,3840,9304,4496,8370,2396,2990,5119,7841,4154,9982,129903,77785,22293,2884,76888,22,8,81,47
2021-03-29T23:59:59+02:00,5,8,4678,5792,12953,19322,12485,18991,11350,23439,11863,20838,6052,7477,19713,26723,7577,15178,1,0,1444,1370,3870,5323,3499,6403,3720,9160,4341,8177,2272,2850,4553,7166,3997,9705,126297,75109,21426,2669,76633,21,7,81,45
2021-03-28T23:59:59+02:00,5,8,4630,5723,12831,19180,12401,18898,11248,23339,11754,20733,5900,7269,18529,25215,7457,14981,1,0,1411,1328,3771,5215,3305,6176,3632,9042,4288,8120,2219,2785,3796,6148,3811,9434,123284,72048,20630,2371,76102,14,7,78,42
2021-03-27T23:59:59+01:00,5,8,4597,5673,12722,19016,12285,18736,11131,23135,11645,20586,5833,7183,18240,24868,7446,14963,1,0,1404,1325,3766,5211,3302,6169,3347,8691,4089,7822,2213,2782,3783,6113,3774,9369,121444,70733,20590,2371,75954,10,7,77,40
2021-03-26T23:59:59+01:00,5,7,4558,5616,12610,18824,12150,18536,10979,22904,11482,20372,5667,6969,17630,24075,7347,14812,1,0,1402,1323,3761,5204,3278,6151,3327,8671,3875,7372,2034,2376,3519,5827,3622,9130,118337,68455,20249,2364,75875,8,6,76,40
2021-03-25T23:59:59+01:00,5,7,4482,5523,12413,18582,11949,18214,10770,22576,11242,20046,5451,6681,16598,22768,7219,14621,1,0,1393,1311,3742,5179,3244,6124,3275,8633,3827,7330,1961,2263,3083,5142,3460,8822,114365,66475,19174,2264,75527,6,6,75,39
2021-03-24T23:59:59+01:00,5,7,4399,5411,12192,18128,11730,17800,10545,22184,11009,19672,5180,6332,15555,21551,7077,14393,1,0,1370,1297,3717,5135,3208,6060,3221,8561,3775,7256,1906,2206,2774,4807,3307,8548,111250,65079,18081,2022,73758,6,6,75,36
2021-03-23T23:59:59+01:00,5,7,4342,5342,12024,17786,11527,17445,10354,21817,10780,19381,5040,6133,14912,20733,6937,14218,1,0,1353,1289,3700,5114,3187,6043,3195,8510,3735,7213,1868,2147,2542,4532,3095,8219,108867,63716,17348,1980,72487,5,6,75,36
2021-03-22T23:59:59+01:00,5,7,4290,5265,11824,17451,11340,17121,10130,21493,10566,19077,4889,5923,14293,20018,6805,14034,1,0,1340,1279,3669,5081,3155,6006,3168,8453,3698,7168,1823,2092,2345,4278,2897,7881,106999,62450,16627,1839,70825,4,6,74,35
2021-03-21T23:59:59+01:00,5,7,4217,5140,11542,17037,11058,16719,9860,21038,10308,18720,4775,5751,13597,19226,6661,13827,1,0,1331,1278,3652,5065,3134,5973,3145,8426,3679,7144,1803,2062,2176,4115,2725,7609,105112,61443,15327,1834,68970,4,5,74,32
2021-03-20T23:59:59+01:00,4,7,4188,5070,11400,16708,10935,16405,9719,20742,10133,18438,4647,5591,12968,18280,6520,13610,1,0,1330,1277,3651,5063,3131,5972,3142,8421,3673,7139,1799,2057,2144,4053,2699,7566,102916,61243,15322,1834,67048,4,5,74,32
2021-03-19T23:59:59+01:00,4,6,4142,4988,11232,16345,10750,16052,9542,20361,9913,18079,4489,5395,11940,17073,6357,13399,1,0,1322,1270,3634,5034,3101,5894,3097,8326,3569,6962,1673,1946,2068,3987,2589,7357,100208,59959,14912,1830,64871,4,5,71,32
2021-03-18T23:59:59+01:00,4,6,4054,4882,10984,15919,10487,15606,9261,19894,9688,17736,4343,5229,11313,16202,6126,13132,1,0,1318,1259,3617,4999,3081,5850,3076,8270,3542,6913,1653,1913,2032,3921,2462,7146,98400,59274,13904,1739,62487,4,5,70,31
2021-03-17T23:59:59+01:00,4,6,3877,4766,10686,15507,10228,15248,9019,19531,9434,17387,4222,5062,10496,14960,5862,12707,1,0,1317,1256,3604,4982,3074,5830,3066,8236,3525,6890,1650,1889,2008,3891,2350,6961,95741,58765,12358,1725,60828,4,5,70,31
2021-03-16T23:59:59+01:00,4,6,3732,4640,10350,15044,9959,14878,8742,19086,9137,17020,4081,4894,9675,13834,5581,12349,1,0,1304,1253,3600,4975,3064,5825,3060,8224,3517,6876,1623,1863,1969,3840,2229,6779,93409,58316,11163,1647,58368,4,4,68,31
2021-03-15T23:59:59+01:00,4,6,3585,4520,10035,14582,9667,14421,8443,18611,8847,16611,3934,4726,8957,12767,5353,12023,1,0,1294,1245,3579,4963,3052,5801,3038,8185,3497,6834,1608,1849,1950,3808,2112,6590,91432,57724,9799,1644,55795,4,3,63,31
2021-03-14T23:59:59+01:00,4,6,3513,4428,9778,14153,9416,14024,8123,18120,8565,16217,3772,4539,8149,11527,5042,11558,1,0,1280,1238,3558,4945,3031,5759,3016,8106,3469,6766,1581,1795,1889,3680,1944,6191,89100,57192,8776,1021,52996,4,1,61,31
2021-03-13T23:59:59+01:00,4,6,3430,4170,9463,13487,9167,13441,7894,17535,8354,15777,3660,4432,7954,11230,4990,11466,1,0,1280,1238,3558,4945,3030,5758,3015,8105,3466,6764,1578,1794,1887,3676,1943,6190,88423,57172,8775,1021,49200,4,1,61,30
2021-03-12T23:59:59+01:00,4,6,3364,4021,9215,12954,8929,12915,7660,16898,7994,15024,3495,4261,7566,10820,4850,11276,1,0,1276,1235,3553,4931,3027,5753,3008,8097,3462,6758,1551,1765,1865,3659,1845,6009,86627,56741,8525,1019,46039,4,1,60,30
2021-03-11T23:59:59+01:00,4,6,3205,3748,8834,12197,8623,12241,7326,16111,7646,14374,3332,4056,7003,10098,4654,10969,1,0,1257,1224,3521,4887,2982,5674,2973,7974,3410,6659,1505,1711,1781,3454,1641,5474,84159,55980,8069,118,42144,3,1,54,26
2021-03-10T23:59:59+01:00,4,6,3136,3640,8344,11693,7945,11764,7007,15617,7347,13778,3175,3895,6435,9402,4477,10692,1,0,1246,1210,3491,4830,2949,5597,2937,7836,3356,6536,1463,1668,1719,3356,1519,5187,82314,54781,7513,95,38476,0,1,53,24
2021-03-09T23:59:59+01:00,4,5,3028,3461,7669,11248,7066,11288,6589,15006,6981,13172,2939,3595,5922,8761,4319,10408,1,0,1241,1207,3468,4784,2922,5532,2920,7784,3337,6490,1449,1644,1683,3314,1407,4981,79994,54081,6142,60,35271,0,1,53,22
2021-03-08T23:59:59+01:00,4,5,2854,3222,7039,10706,6257,10809,6187,14485,6583,12601,2724,3384,5315,8023,4169,10136,1,0,1235,1200,3446,4720,2897,5455,2881,7689,3305,6415,1442,1635,1680,3305,1402,4978,77164,53605,4993,58,32295,0,1,50,22
2021-03-07T23:59:59+01:00,4,5,2741,3088,6710,10210,5849,10267,5893,14038,6338,12209,2624,3291,4553,6961,3953,9852,1,0,1231,1197,3442,4715,2892,5443,2877,7672,3297,6401,1436,1621,1657,3264,1385,4934,73907,53387,4161,55,30472,0,1,45,22
2021-03-06T23:59:59+01:00,4,5,2696,2945,6526,9763,5650,9851,5418,13179,5961,11472,2602,3263,4547,6950,3950,9849,1,0,1231,1196,3438,4709,2890,5442,2876,7671,3296,6398,1435,1618,1657,3262,1384,4934,72676,53361,4161,55,27750,0,1,43,21
2021-03-05T23:59:59+01:00,4,5,2597,2685,6313,9186,5435,9458,5240,12612,5582,10488,2373,2795,4166,6568,3812,9628,1,0,1217,1193,3422,4693,2885,5429,2867,7653,3284,6379,1421,1610,1656,3258,1379,4930,70335,53202,3925,55,24643,0,1,43,19
2021-03-04T23:59:59+01:00,4,5,2515,2475,6100,8756,5277,9118,5058,12187,5404,10111,2277,2625,3607,5742,3641,9282,1,0,1205,1177,3378,4595,2853,5361,2835,7556,3253,6304,1401,1602,1642,3244,1369,4919,68264,52624,3478,54,22399,0,1,42,16
2021-03-03T23:59:59+01:00,3,5,2456,2418,5928,8344,5108,8753,4842,11737,5216,9665,2194,2519,3199,5300,3480,8986,1,0,1184,1167,3343,4549,2816,5295,2793,7457,3204,6228,1381,1575,1622,3213,1363,4901,66827,52027,3233,50,20051,0,1,41,14
2021-03-02T23:59:59+01:00,3,5,2399,2324,5770,8012,4950,8499,4677,11338,5052,9345,2124,2429,2894,4940,3261,8660,1,0,1179,1156,3324,4527,2801,5268,2776,7408,3196,6200,1376,1565,1604,3193,1360,4896,65450,51767,2973,49,18218,0,0,41,14
2021-03-01T23:59:59+01:00,3,5,2372,2293,5664,7795,4851,8354,4591,11185,4950,9170,2067,2351,2594,4616,3070,8340,1,0,1173,1153,3309,4509,2789,5239,2759,7362,3180,6172,1370,1562,1597,3184,1357,4890,64172,51543,2749,49,17311,0,0,39,14
2021-02-28T23:59:59+01:00,2,5,2319,2248,5482,7534,4678,8134,4453,10999,4839,9040,2027,2286,2297,4314,2866,8024,1,0,1164,1147,3295,4499,2782,5232,2754,7348,3173,6158,1365,1559,1589,3164,1356,4857,63044,51381,2444,49,16020,0,0,39,13
2021-02-27T23:59:59+01:00,2,5,2229,1936,5309,7110,4579,7826,4371,10653,4766,8790,1999,2227,2266,4268,2844,7972,1,0,1160,1143,3293,4497,2777,5230,2750,7345,3168,6154,1364,1559,1588,3161,1355,4856,62804,51342,2444,46,13865,0,0,39,13
2021-02-26T23:59:59+01:00,2,5,2162,1857,5164,6875,4432,7567,4219,10387,4556,8504,1870,2119,2206,4228,2735,7789,1,0,1139,1130,3277,4463,2765,5190,2739,7293,3147,6100,1358,1548,1584,3153,1354,4854,61469,51037,2438,45,12731,0,0,39,13
2021-02-25T23:59:59+01:00,2,5,2029,1753,4840,6469,4004,7116,3934,9870,4322,8122,1811,2060,2175,4170,2618,7594,1,0,1120,1112,3237,4417,2735,5139,2693,7187,3107,6007,1347,1532,1567,3112,1340,4795,60987,50393,2332,43,9537,0,0,38,12
2021-02-24T23:59:59+01:00,2,5,1995,1687,4723,6255,3900,6904,3813,9628,4199,7963,1788,2027,2144,4127,2503,7394,1,0,1107,1107,3207,4354,2700,5074,2667,7102,3078,5936,1331,1515,1543,3062,1328,4726,60437,49796,2087,31,8495,0,0,38,11
2021-02-23T23:59:59+01:00,2,5,1765,1543,4353,5769,3619,6518,3591,9248,4043,7680,1757,1994,2099,4079,2389,7209,1,0,1088,1095,3171,4326,2672,5016,2642,7026,3042,5877,1311,1495,1516,3027,1318,4671,59971,49266,2040,17,5614,0,0,38,11
2021-02-22T23:59:59+01:00,2,5,1755,1524,4303,5710,3583,6457,3524,9152,3982,7585,1723,1967,2073,4028,2268,7011,1,0,1082,1081,3149,4282,2652,4977,2617,6967,3012,5824,1299,1481,1505,3016,1310,4662,59423,48896,1899,10,5293,0,0,37,11
2021-02-21T23:59:59+01:00,2,5,1743,1518,4273,5676,3539,6419,3484,9099,3938,7534,1713,1959,2068,4018,2144,6844,1,0,1074,1070,3128,4242,2622,4926,2602,6899,2983,5737,1286,1465,1481,2955,1281,4581,59067,48314,1893,8,4980,0,0,36,11
2021-02-20T23:59:59+01:00,2,5,1739,1517,4266,5673,3536,6417,3484,9097,3935,7533,1708,1957,2066,4014,2143,6844,1,0,1074,1070,3126,4240,2622,4926,2601,6898,2983,5737,1286,1464,1480,2955,1281,4581,59048,48306,1893,8,4960,0,0,35,11
2021-02-19T23:59:59+01:00,2,5,1710,1507,4252,5654,3525,6403,3473,9087,3926,7517,1681,1928,2045,3996,2043,6660,1,0,1073,1068,3125,4239,2621,4925,2601,6895,2980,5735,1286,1463,1480,2953,1281,4581,58623,48289,1887,8,4870,0,0,34,10
2021-02-18T23:59:59+01:00,2,5,1658,1474,4158,5542,3453,6299,3385,8922,3838,7374,1658,1893,2012,3924,1910,6460,1,0,1024,1026,2985,4021,2494,4657,2491,6557,2872,5470,1253,1420,1448,2866,1252,4426,57966,46246,1797,8,4172,0,0,32,9
2021-02-17T23:59:59+01:00,2,4,1635,1444,4061,5393,3369,6146,3267,8687,3712,7172,1603,1821,1934,3819,1784,6145,0,0,966,977,2837,3799,2378,4348,2367,6147,2743,5158,1202,1357,1400,2753,1202,4248,56723,43866,1787,7,3458,0,0,30,9
2021-02-16T23:59:59+01:00,2,4,1558,1377,3899,5203,3234,5965,3158,8454,3590,7009,1579,1796,1899,3790,1663,5933,0,0,879,946,2705,3644,2281,4138,2242,5826,2613,4906,1145,1263,1253,2448,935,3618,56025,40831,1771,4,2290,0,0,27,7
2021-02-15T23:59:59+01:00,2,4,1539,1358,3850,5117,3174,5879,3101,8340,3524,6904,1567,1781,1884,3767,1654,5910,0,0,843,923,2625,3515,2207,3959,2162,5548,2525,4696,1100,1198,1160,2269,864,3388,55555,38974,1767,2,2007,0,0,26,6
2021-02-14T23:59:59+01:00,2,4,1474,1329,3769,5043,3131,5774,3046,8187,3481,6795,1547,1749,1830,3636,1595,5651,0,0,834,917,2575,3447,2167,3891,2108,5428,2459,4590,1072,1159,1070,2092,788,3138,55313,37728,1138,2,1566,0,0,26,5
2021-02-13T23:59:59+01:00,2,4,1470,1328,3760,5037,3124,5773,3042,8185,3478,6793,1546,1745,1830,3634,1593,5651,0,0,834,917,2575,3447,2167,3890,2106,5427,2458,4590,1069,1158,1069,2092,788,3138,55290,37723,1137,0,1542,0,0,26,2
2021-02-12T23:59:59+01:00,2,3,1432,1309,3723,5004,3101,5753,3020,8153,3459,6749,1530,1735,1820,3617,1584,5630,0,0,826,910,2542,3394,2133,3845,2076,5374,2440,4559,1068,1157,1068,2091,787,3136,55065,37404,1134,0,1400,0,0,25,2
2021-02-11T23:59:59+01:00,2,3,1378,1261,3608,4834,3009,5578,2922,7844,3360,6537,1470,1675,1750,3433,1492,5284,0,0,786,845,2286,2948,1905,3370,1845,4629,2168,4028,978,1085,970,1892,728,2853,54424,33316,140,0,853,0,0,23,0
2021-02-10T23:59:59+01:00,2,3,1352,1238,3546,4730,2946,5473,2879,7694,3307,6404,1451,1657,1722,3395,1478,5245,0,0,703,785,1993,2539,1694,2926,1608,4020,1909,3569,866,939,799,1513,583,2329,53774,28775,138,0,589,0,0,21,0
2021-02-09T23:59:59+01:00,2,2,1340,1219,3491,4661,2917,5404,2858,7602,3270,6335,1443,1641,1694,3372,1468,5232,0,0,653,705,1730,2191,1502,2540,1423,3520,1737,3208,834,906,774,1435,561,2213,53463,25932,133,0,334,0,0,21,0
2021-02-08T23:59:59+01:00,2,2,1326,1215,3462,4630,2898,5365,2837,7551,3250,6306,1431,1634,1684,3346,1466,5213,0,0,638,668,1579,1955,1361,2283,1291,3212,1579,2945,794,885,726,1328,528,2038,53161,23810,107,0,331,0,0,19,0
2021-02-07T23:59:59+01:00,2,2,1193,1172,3358,4575,2844,5322,2810,7513,3225,6268,1421,1617,1675,3322,1459,5180,0,0,493,522,1312,1598,1120,1833,1079,2622,1350,2422,690,756,645,1167,482,1810,52864,19901,79,0,0,0,0,15,0
2021-02-06T23:59:59+01:00,2,2,1189,1170,3356,4573,2840,5320,2803,7510,3221,6265,1420,1615,1674,3318,1458,5179,0,0,370,371,1112,1351,984,1529,937,2215,1184,2006,602,657,617,1149,480,1807,52821,17371,79,0,0,0,0,15,0
2021-02-05T23:59:59+01:00,2,1,1177,1159,3341,4551,2833,5293,2793,7468,3203,6219,1414,1607,1671,3312,1457,5179,0,0,270,212,927,1036,838,1159,762,1766,1009,1596,486,552,590,1129,477,1803,52586,14612,79,0,0,0,0,15,0
2021-02-04T23:59:59+01:00,2,1,1161,1140,3295,4500,2793,5218,2751,7339,3155,6135,1400,1592,1657,3278,1447,5151,0,0,141,86,626,667,548,741,523,1160,668,998,305,371,485,982,432,1639,51944,10372,56,0,0,0,0,15,0
2021-02-03T23:59:59+01:00,2,1,1139,1134,3268,4457,2764,5177,2728,7290,3125,6079,1390,1581,1631,3238,1440,5098,0,0,120,70,496,516,416,598,418,914,512,751,252,291,380,767,334,1275,51477,8110,51,0,0,0,0,14,0
2021-02-02T23:59:59+01:00,2,1,1117,1120,3232,4426,2732,5124,2703,7216,3090,6016,1365,1553,1595,3182,1414,5002,0,0,111,61,414,417,345,519,368,824,459,669,232,268,334,694,306,1139,50827,7160,50,0,0,0,0,13,0
2021-02-01T23:59:59+01:00,2,1,1101,1109,3212,4374,2704,5063,2672,7090,3059,5921,1345,1524,1569,3144,1397,4937,0,0,83,46,314,312,253,392,276,617,328,504,193,219,262,554,238,892,50162,5483,50,0,0,0,0,12,0
2021-01-31T23:59:59+01:00,2,1,1094,1099,3197,4344,2679,5019,2656,7035,3046,5877,1333,1507,1546,3078,1369,4852,0,0,73,44,288,288,228,345,254,573,298,464,172,200,216,453,195,724,49672,4815,50,0,0,0,0,12,0
2021-01-30T23:59:59+01:00,2,1,1093,1099,3194,4340,2678,5019,2655,7034,3046,5876,1333,1506,1545,3078,1369,4852,0,0,72,40,279,274,215,330,249,562,294,458,171,197,215,453,195,724,49661,4728,47,0,0,0,0,12,0
2021-01-29T23:59:59+01:00,2,1,1092,1097,3193,4337,2678,5017,2655,7032,3043,5874,1333,1506,1545,3077,1369,4852,0,0,65,36,261,259,192,310,233,545,283,448,165,193,211,447,194,722,49644,4564,47,0,0,0,0,12,0
2021-01-28T23:59:59+01:00,2,1,1070,1078,3126,4235,2624,4908,2597,6876,2977,5743,1317,1484,1529,3009,1346,4726,0,0,55,19,165,155,128,187,164,360,208,284,132,150,165,284,117,433,48594,3006,44,0,0,0,0,10,0
2021-01-27T23:59:59+01:00,2,1,1024,1039,3043,4093,2543,4730,2503,6594,2893,5542,1285,1439,1488,2915,1309,4574,0,0,26,7,101,72,59,92,85,211,119,150,101,118,121,214,90,313,46973,1879,34,0,0,0,0,10,0
2021-01-26T23:59:59+01:00,1,1,947,1011,2926,3959,2464,4546,2421,6415,2823,5387,1258,1389,1398,2762,1085,4169,0,0,25,7,96,71,58,91,83,211,117,149,99,117,120,214,90,313,44932,1861,22,0,0,0,0,8,0
2021-01-25T23:59:59+01:00,1,1,929,994,2845,3831,2420,4399,2361,6220,2764,5237,1239,1367,1384,2735,1072,4133,0,0,25,7,94,71,56,89,83,211,117,147,99,116,120,214,90,313,43910,1852,15,0,0,0,0,7,0
2021-01-24T23:59:59+01:00,1,1,919,990,2825,3815,2409,4367,2335,6181,2731,5176,1226,1360,1375,2711,1058,4099,0,0,25,7,94,71,56,88,83,210,116,147,98,116,120,214,90,313,43561,1848,11,0,0,0,0,7,0
2021-01-23T23:59:59+01:00,1,1,919,990,2825,3814,2409,4366,2334,6180,2730,5176,1223,1359,1374,2711,1058,4099,0,0,25,6,94,71,56,88,83,210,116,147,98,116,120,214,90,311,43556,1845,9,0,0,0,0,4,0
2021-01-22T23:59:59+01:00,1,1,912,983,2794,3768,2375,4301,2302,6105,2709,5129,1221,1357,1373,2709,1057,4096,0,0,25,6,94,70,56,88,83,210,116,147,98,116,120,214,90,311,43182,1844,9,0,0,0,0,2,0
2021-01-21T23:59:59+01:00,1,1,896,915,2536,3357,2173,3884,2121,5494,2485,4646,1164,1311,1323,2589,1021,3938,0,0,21,6,83,64,52,72,70,170,96,134,88,100,100,154,74,235,39845,1519,9,0,0,0,0,1,0
2021-01-20T23:59:59+01:00,1,1,815,850,2226,2950,1967,3423,1890,4886,2230,4171,1050,1171,1151,2235,886,3414,0,0,21,6,83,64,52,71,69,170,95,134,88,100,100,154,72,235,35308,1514,9,0,0,0,0,0,0
2021-01-19T23:59:59+01:00,1,1,752,771,1932,2503,1727,2966,1656,4226,1986,3697,976,1074,1023,1946,778,3032,0,0,10,3,50,46,33,44,35,100,44,77,40,37,50,83,44,152,31040,848,7,0,0,0,0,0,0
2021-01-18T23:59:59+01:00,1,1,677,711,1702,2107,1489,2493,1410,3542,1733,3193,890,988,917,1730,722,2749,0,0,5,2,19,11,13,21,17,54,17,33,20,22,26,56,31,82,27051,429,4,0,0,0,0,0,0
2021-01-17T23:59:59+01:00,0,1,499,550,1386,1705,1211,1962,1156,2809,1451,2570,749,831,763,1438,598,2354,0,0,0,1,4,2,0,0,0,0,0,0,1,0,0,0,0,0,22030,8,3,0,0,0,0,0,0
2021-01-16T23:59:59+01:00,0,0,379,400,1204,1461,1091,1676,1016,2412,1293,2163,662,734,735,1421,596,2353,0,0,0,0,0,0,0,0,0,0,0,0,0,0,0,0,0,0,19594,0,2,0,0,0,0,0,0
2021-01-15T23:59:59+01:00,0,0,276,239,1019,1163,942,1331,848,1967,1116,1761,543,623,696,1386,583,2312,0,0,0,0,0,0,0,0,0,0,0,0,0,0,0,0,0,0,16804,0,1,0,0,0,0,0,0
2021-01-14T23:59:59+01:00,0,0,159,106,706,781,650,864,613,1310,752,1140,353,434,571,1199,523,2061,0,0,0,0,0,0,0,0,0,0,0,0,0,0,0,0,0,0,12222,0,0,0,0,0,0,0,0
2021-01-13T23:59:59+01:00,0,0,133,86,596,614,526,698,496,1052,595,874,297,358,482,1014,450,1756,0,0,0,0,0,0,0,0,0,0,0,0,0,0,0,0,0,0,10027,0,0,0,0,0,0,0,0
2021-01-12T23:59:59+01:00,0,0,123,70,512,524,450,597,430,921,524,768,262,309,394,817,376,1371,0,0,0,0,0,0,0,0,0,0,0,0,0,0,0,0,0,0,8448,0,0,0,0,0,0,0,0
2021-01-11T23:59:59+01:00,0,0,94,57,416,430,365,485,345,745,419,595,228,258,327,684,307,1158,0,0,0,0,0,0,0,0,0,0,0,0,0,0,0,0,0,0,6913,0,0,0,0,0,0,0,0
2021-01-10T23:59:59+01:00,0,0,79,49,352,357,298,402,292,648,349,527,199,227,262,544,245,903,0,0,0,0,0,0,0,0,0,0,0,0,0,0,0,0,0,0,5733,0,0,0,0,0,0,0,0
2021-01-09T23:59:59+01:00,0,0,78,47,336,336,274,381,284,632,341,520,198,226,261,542,245,903,0,0,0,0,0,0,0,0,0,0,0,0,0,0,0,0,0,0,5604,0,0,0,0,0,0,0,0
2021-01-08T23:59:59+01:00,0,0,72,39,301,301,229,340,255,589,314,480,180,206,236,482,224,799,0,0,0,0,0,0,0,0,0,0,0,0,0,0,0,0,0,0,5047,0,0,0,0,0,0,0,0
2021-01-07T23:59:59+01:00,0,0,58,25,211,199,160,241,196,424,244,343,150,167,181,317,150,513,0,0,0,0,0,0,0,0,0,0,0,0,0,0,0,0,0,0,3579,0,0,0,0,0,0,0,0
2021-01-06T23:59:59+01:00,0,0,46,15,164,120,113,160,145,297,179,244,118,135,139,250,107,367,0,0,0,0,0,0,0,0,0,0,0,0,0,0,0,0,0,0,2599,0,0,0,0,0,0,0,0
2021-01-05T23:59:59+01:00,0,0,28,8,98,73,59,93,88,214,118,152,108,125,130,231,106,341,0,0,0,0,0,0,0,0,0,0,0,0,0,0,0,0,0,0,1972,0,0,0,0,0,0,0,0
2021-01-04T23:59:59+01:00,0,0,26,8,97,72,56,90,88,214,118,150,108,123,129,231,106,341,0,0,0,0,0,0,0,0,0,0,0,0,0,0,0,0,0,0,1957,0,0,0,0,0,0,0,0
2021-01-03T23:59:59+01:00,0,0,26,8,97,71,56,89,88,213,117,150,107,123,129,231,106,341,0,0,0,0,0,0,0,0,0,0,0,0,0,0,0,0,0,0,1952,0,0,0,0,0,0,0,0
2021-01-02T23:59:59+01:00,0,0,26,7,97,71,56,89,87,213,116,150,107,123,129,231,106,340,0,0,0,0,0,0,0,0,0,0,0,0,0,0,0,0,0,0,1948,0,0,0,0,0,0,0,0
2021-01-01T23:59:59+01:00,0,0,26,7,97,71,56,89,87,213,115,149,107,123,129,231,106,340,0,0,0,0,0,0,0,0,0,0,0,0,0,0,0,0,0,0,1946,0,0,0,0,0,0,0,0
2020-12-31T23:59:59+01:00,0,0,26,7,97,71,56,89,87,213,114,149,107,123,129,231,106,340,0,0,0,0,0,0,0,0,0,0,0,0,0,0,0,0,0,0,1945,0,0,0,0,0,0,0,0
2020-12-30T23:59:59+01:00,0,0,26,7,97,71,55,89,86,213,114,149,107,123,129,231,105,340,0,0,0,0,0,0,0,0,0,0,0,0,0,0,0,0,0,0,1942,0,0,0,0,0,0,0,0
2020-12-29T23:59:59+01:00,0,0,14,2,65,54,33,60,50,138,64,91,53,54,74,142,65,232,0,0,0,0,0,0,0,0,0,0,0,0,0,0,0,0,0,0,1191,0,0,0,0,0,0,0,0
2020-12-28T23:59:59+01:00,0,0,5,2,36,26,20,30,21,67,25,41,23,22,27,51,34,82,0,0,0,0,0,0,0,0,0,0,0,0,0,0,0,0,0,0,512,0,0,0,0,0,0,0,0
2020-12-27T23:59:59+01:00,0,0,1,0,8,6,8,2,1,5,0,2,1,1,2,2,4,6,0,0,0,0,0,0,0,0,0,0,0,0,0,0,0,0,0,0,49,0,0,0,0,0,0,0,0
