Datum,<15_m,<15_w,15-24_1_m,15-24_1_w,25-34_1_m,25-34_1_w,35-44_1_m,35-44_1_w,45-54_1_m,45-54_1_w,55-64_1_m,55-64_1_w,65-74_1_m,65-74_1_w,75-84_1_m,75-84_1_w,>84_1_m,>84_1_w,<24_2_m,<24_2_w,25-34_2_m,25-34_2_w,35-44_2_m,35-44_2_w,45-54_2_m,45-54_2_w,55-64_2_m,55-64_2_w,65-74_2_m,65-74_2_w,75-84_2_m,75-84_2_w,>84_2_m,>84_2_w,bp_1,bp_2,mo_1,mo_2,az_1,az_2,ja,unb_1,unb_2
2021-09-18T23:59:59+02:00,9356,9030,63404,63421,105819,103482,97101,96841,94036,99536,93433,95402,56031,69617,44078,61101,10685,21615,56589,56657,99257,96122,91389,90022,89241,93969,89580,91434,54216,67330,42849,59147,10277,20626,810979,760400,134852,128924,159089,144643,88975,155,147
2021-09-17T23:59:59+02:00,9278,8946,63224,63266,105647,103331,96931,96687,93904,99440,93358,95324,56015,69589,44067,61095,10679,21609,56392,56434,99088,95978,91245,89911,89130,93867,89503,91370,54201,67303,42841,59139,10277,20623,809893,759345,134767,128835,159085,144627,88552,155,147
2021-09-16T23:59:59+02:00,9190,8840,62959,62983,105381,103084,96703,96455,93722,99265,93259,95236,55963,69535,44056,61071,10674,21598,56152,56178,98832,95758,91059,89707,88956,93712,89402,91286,54153,67254,42822,59120,10271,20612,808159,757910,134682,128694,159076,144566,87964,155,147
2021-09-15T23:59:59+02:00,9120,8787,62622,62701,105184,102874,96498,96262,93587,99108,93157,95152,55926,69480,44017,61038,10669,21577,55995,56031,98646,95600,90891,89554,88850,93599,89302,91226,54120,67209,42798,59086,10266,20599,806436,756901,134629,128576,159072,144531,87528,155,147
2021-09-14T23:59:59+02:00,9077,8734,62345,62504,104957,102666,96310,96083,93456,98968,93042,95070,55881,69425,43993,60999,10663,21561,55807,55858,98472,95419,90732,89393,88722,93490,89218,91156,54084,67169,42776,59059,10261,20584,804941,755895,134560,128484,159063,144434,87076,155,147
2021-09-13T23:59:59+02:00,9043,8701,62058,62249,104731,102445,96139,95915,93313,98833,92957,94973,55831,69371,43976,60967,10656,21549,55606,55687,98288,95234,90582,89243,88595,93383,89132,91082,54048,67123,42756,59030,10255,20567,803451,754837,134476,128371,159053,144391,86633,155,147
2021-09-12T23:59:59+02:00,8992,8654,61760,62014,104493,102202,95934,95694,93154,98703,92862,94892,55781,69323,43961,60936,10651,21538,55413,55532,98053,95026,90419,89082,88461,93266,89037,91007,54006,67069,42735,59001,10250,20549,801963,753839,134379,128244,159049,144319,86058,155,147
2021-09-11T23:59:59+02:00,8944,8620,61640,61886,104355,102087,95832,95585,93068,98625,92823,94861,55766,69309,43956,60924,10651,21537,55268,55441,97907,94925,90318,88985,88361,93199,89002,90981,53996,67050,42731,58991,10250,20548,801297,753254,134321,128167,159048,144301,85708,155,147
2021-09-10T23:59:59+02:00,8847,8510,61407,61625,104163,101884,95662,95396,92925,98499,92729,94790,55734,69281,43942,60906,10651,21535,55033,55239,97717,94740,90132,88802,88226,93072,88917,90911,53974,67029,42718,58972,10250,20544,799938,752113,134258,128052,159046,144285,85149,155,147
2021-09-09T23:59:59+02:00,8751,8413,61110,61372,103900,101581,95439,95107,92751,98281,92593,94677,55696,69220,43922,60876,10641,21514,54788,55027,97477,94497,89919,88575,88068,92918,88780,90823,53929,66983,42698,58941,10244,20538,798051,750740,134155,127872,159044,144212,84499,155,147
2021-09-08T23:59:59+02:00,8696,8365,60908,61154,103705,101350,95257,94888,92594,98119,92480,94550,55662,69154,43887,60836,10628,21490,54642,54877,97304,94298,89769,88387,87913,92779,88659,90715,53887,66920,42659,58898,10232,20501,796642,749747,134049,127724,159034,144126,83903,155,147
2021-09-07T23:59:59+02:00,8645,8316,60690,60947,103484,101121,95068,94702,92453,97980,92380,94477,55628,69104,43858,60781,10618,21467,54458,54713,97086,94105,89584,88223,87788,92674,88563,90626,53845,66872,42631,58867,10226,20483,795199,748677,133946,127599,159030,143999,83449,155,147
2021-09-06T23:59:59+02:00,8607,8275,60494,60787,103293,100957,94938,94546,92341,97856,92297,94406,55575,69045,43837,60753,10611,21434,54298,54546,96901,93945,89424,88064,87661,92549,88467,90545,53794,66825,42610,58822,10216,20458,794026,747596,133856,127460,159019,143915,83056,155,147
2021-09-05T23:59:59+02:00,8553,8226,60292,60593,103143,100780,94794,94384,92220,97743,92221,94336,55549,69003,43826,60732,10606,21426,54098,54353,96715,93750,89239,87907,87523,92426,88385,90459,53742,66773,42591,58799,10210,20440,792883,746449,133784,127287,159016,143821,82649,155,147
2021-09-04T23:59:59+02:00,8502,8197,60184,60489,103059,100683,94695,94301,92166,97679,92187,94310,55540,68992,43820,60722,10606,21425,53976,54242,96600,93624,89124,87808,87455,92348,88338,90426,53728,66762,42584,58788,10210,20439,792312,745805,133734,127165,159011,143803,82405,155,147
2021-09-03T23:59:59+02:00,8425,8125,60003,60315,102892,100536,94551,94164,92064,97564,92115,94259,55513,68966,43812,60708,10604,21419,53770,54062,96404,93415,88932,87613,87311,92172,88242,90346,53696,66730,42573,58769,10206,20436,791249,744563,133683,126934,159003,143767,82005,155,147
2021-09-02T23:59:59+02:00,8311,8042,59769,60082,102652,100308,94365,93949,91882,97409,92000,94163,55468,68908,43789,60673,10598,21397,53512,53811,96120,93147,88699,87343,87090,91970,88101,90230,53651,66649,42542,58718,10196,20400,789681,742945,133577,126580,158991,143649,81420,155,147
2021-09-01T23:59:59+02:00,8249,7962,59564,59874,102468,100140,94216,93795,91764,97281,91898,94089,55425,68858,43771,60650,10590,21378,53259,53600,95899,92934,88509,87125,86915,91808,87962,90123,53586,66563,42504,58674,10186,20380,788444,741521,133506,126324,158975,143530,80951,155,144
2021-08-31T23:59:59+02:00,8171,7888,59361,59648,102289,99967,94047,93644,91647,97169,91776,94008,55379,68807,43745,60610,10580,21362,53011,53356,95645,92695,88296,86892,86760,91648,87803,90017,53539,66487,42471,58618,10178,20359,787136,740027,133428,126019,158962,143420,80476,155,144
2021-08-30T23:59:59+02:00,8075,7811,59166,59471,102123,99830,93934,93515,91532,97067,91711,93932,55345,68780,43728,60576,10575,21346,52775,53172,95405,92465,88094,86664,86584,91505,87678,89894,53483,66409,42431,58554,10161,20330,786052,738622,133373,125703,158955,143271,80040,155,144
2021-08-29T23:59:59+02:00,7999,7736,58890,59234,101894,99640,93754,93345,91391,96948,91624,93843,55300,68730,43704,60546,10573,21336,52425,52871,95096,92183,87810,86406,86350,91312,87524,89770,53414,66334,42401,58514,10154,20313,784716,736751,133285,125371,158941,143127,79448,155,144
2021-08-28T23:59:59+02:00,7942,7672,58757,59124,101788,99533,93652,93263,91307,96872,91579,93814,55286,68717,43696,60541,10572,21334,52250,52726,94940,92054,87675,86298,86241,91224,87455,89727,53397,66313,42392,58506,10152,20312,784105,735943,133248,125270,158937,143102,79062,155,144
2021-08-27T23:59:59+02:00,7877,7587,58570,58940,101626,99373,93515,93139,91200,96767,91490,93758,55263,68688,43687,60524,10571,21329,52002,52488,94653,91782,87457,86096,86070,91071,87345,89627,53355,66277,42378,58481,10147,20309,783150,734385,133185,125071,158890,143065,78582,155,144
2021-08-26T23:59:59+02:00,7791,7489,58341,58699,101409,99156,93301,92917,91020,96590,91385,93660,55215,68627,43653,60496,10565,21317,51669,52211,94297,91436,87127,85786,85827,90818,87189,89497,53295,66188,42331,58438,10140,20297,781715,732502,133088,124672,158865,142932,77866,155,143
2021-08-25T23:59:59+02:00,7720,7400,58124,58515,101243,99021,93151,92735,90906,96468,91278,93584,55176,68580,43619,60452,10561,21293,51377,51968,94002,91186,86904,85541,85628,90629,87056,89371,53227,66103,42282,58369,10135,20265,780552,730804,133009,124360,158856,142862,77311,155,142
2021-08-24T23:59:59+02:00,7671,7350,57912,58306,101066,98854,92989,92574,90798,96347,91194,93514,55138,68525,43593,60409,10554,21268,51064,51714,93663,90903,86610,85285,85426,90440,86905,89213,53142,66010,42233,58302,10126,20242,779446,729005,132918,124059,158850,142645,76750,155,142
2021-08-23T23:59:59+02:00,7616,7299,57715,58111,100899,98701,92862,92420,90704,96262,91120,93430,55103,68482,43564,60383,10550,21250,50749,51450,93325,90632,86362,85014,85232,90274,86774,89090,53065,65917,42197,58252,10119,20224,778336,727140,132847,123777,158840,142467,76350,155,141
2021-08-22T23:59:59+02:00,7549,7242,57524,57931,100707,98549,92704,92290,90608,96144,91042,93365,55069,68437,43550,60359,10545,21236,50384,51101,92929,90237,86054,84718,84996,90043,86605,88967,52989,65813,42161,58189,10105,20192,777341,724821,132748,123470,158828,142252,75836,155,139
2021-08-21T23:59:59+02:00,7496,7204,57394,57809,100575,98444,92601,92187,90510,96085,90986,93330,55048,68416,43542,60342,10543,21233,50056,50800,92767,90093,85884,84562,84848,89920,86520,88905,52957,65790,42151,58174,10104,20186,776670,723313,132677,123239,158827,142211,75473,155,139
2021-08-20T23:59:59+02:00,7445,7151,57237,57639,100405,98291,92448,92051,90393,95963,90912,93270,55026,68393,43532,60325,10541,21228,49734,50472,92506,89831,85621,84322,84631,89717,86389,88795,52925,65749,42128,58150,10097,20179,775719,721382,132629,123031,158822,142144,74982,155,139
2021-08-19T23:59:59+02:00,7379,7091,57000,57412,100149,98067,92250,91867,90233,95803,90789,93169,54984,68335,43507,60294,10534,21214,49297,50042,92090,89441,85219,83921,84323,89407,86175,88611,52854,65643,42090,58090,10087,20161,774408,718726,132502,122588,158816,141939,74253,155,138
2021-08-18T23:59:59+02:00,7317,7036,56822,57254,99971,97897,92107,91711,90096,95680,90687,93074,54916,68272,43478,60248,10524,21194,48955,49686,91717,89121,84902,83593,84044,89153,85986,88440,52738,65526,42020,57998,10072,20131,773276,716364,132417,122196,158809,141700,73684,155,138
2021-08-17T23:59:59+02:00,7255,6985,56641,57102,99779,97722,91946,91567,89974,95551,90591,92982,54879,68224,43453,60221,10522,21179,48471,49277,91271,88697,84500,83238,83714,88862,85782,88239,52635,65401,41962,57923,10066,20107,772181,713374,132315,121789,158796,141410,73183,155,138
2021-08-16T23:59:59+02:00,7195,6918,56463,56934,99589,97549,91799,91413,89836,95436,90478,92885,54828,68163,43424,60171,10514,21165,47918,48716,90808,88259,84031,82846,83387,88570,85554,88037,52531,65286,41904,57845,10057,20071,771034,709904,132224,121342,158789,141180,72615,155,138
2021-08-15T23:59:59+02:00,7130,6870,56245,56750,99409,97365,91644,91278,89710,95330,90388,92825,54790,68122,43404,60141,10510,21158,46806,47614,90168,87572,83478,82314,82992,88184,85268,87831,52424,65163,41862,57786,10048,20051,769978,704173,132112,120714,158780,141000,72101,155,137
2021-08-14T23:59:59+02:00,7099,6838,56125,56660,99267,97266,91541,91201,89623,95262,90337,92780,54775,68106,43399,60134,10509,21157,46658,47473,89942,87395,83263,82106,82868,88086,85199,87787,52396,65132,41853,57775,10047,20049,769455,703371,132055,120391,158776,140948,71695,155,137
2021-08-13T23:59:59+02:00,7055,6792,55972,56536,99114,97142,91414,91065,89521,95148,90258,92717,54745,68056,43385,60111,10507,21151,46358,47164,89476,87002,82869,81732,82605,87850,85034,87649,52352,65064,41832,57751,10044,20038,768642,701179,131998,119844,158769,140870,71184,153,137
2021-08-12T23:59:59+02:00,7020,6741,55769,56378,98912,96966,91242,90902,89376,95008,90164,92637,54707,68003,43359,60077,10499,21134,45952,46779,88850,86439,82294,81183,82227,87528,84805,87474,52278,64963,41781,57692,10034,20020,767601,698265,131892,119011,158756,140619,70549,153,136
2021-08-11T23:59:59+02:00,6986,6686,55581,56210,98710,96789,91089,90765,89244,94895,90055,92534,54655,67944,43328,60038,10489,21119,45541,46327,88244,85787,81721,80674,81894,87224,84539,87234,52190,64822,41709,57567,10015,19969,766490,695119,131796,118069,158732,140288,70005,151,135
2021-08-10T23:59:59+02:00,6924,6639,55399,56053,98505,96647,90930,90615,89117,94783,89970,92458,54610,67897,43312,59999,10485,21106,45115,45866,87600,85171,81120,80135,81487,86843,84294,87020,52068,64715,41651,57482,10001,19938,765451,691813,131702,117123,158713,139976,69489,151,135
2021-08-09T23:59:59+02:00,6873,6581,55230,55888,98318,96496,90784,90479,88982,94687,89860,92396,54570,67846,43286,59966,10477,21090,44562,45316,86773,84492,80433,79550,81074,86495,84000,86797,51956,64580,41593,57382,9987,19893,764462,688015,131629,116062,158702,139628,68922,151,134
2021-08-08T23:59:59+02:00,6804,6513,55006,55702,98120,96315,90611,90314,88844,94571,89765,92320,54516,67798,43260,59930,10470,21069,43963,44713,85724,83567,79541,78741,80536,86020,83676,86500,51823,64427,41530,57291,9975,19867,763272,682960,131515,114883,158681,139318,68365,151,134
2021-08-07T23:59:59+02:00,6759,6463,54866,55578,97983,96202,90480,90212,88751,94513,89703,92280,54497,67772,43256,59920,10467,21064,43134,43845,85394,83239,79070,78299,80180,85670,83493,86356,51760,64344,41509,57255,9970,19858,762610,679293,131451,113738,158677,139212,67933,151,133
2021-08-06T23:59:59+02:00,6704,6413,54676,55434,97755,96024,90330,90083,88626,94396,89605,92208,54457,67744,43247,59894,10464,21060,42219,42967,84936,82784,78479,77745,79789,85286,83300,86209,51708,64280,41482,57222,9962,19844,761660,675362,131355,112457,158670,139075,67340,151,133
2021-08-05T23:59:59+02:00,6639,6342,54362,55190,97462,95757,90078,89867,88411,94207,89434,92074,54391,67654,43217,59841,10455,21041,40995,41821,84211,82117,77706,76949,79191,84720,82941,85905,51577,64120,41421,57121,9947,19812,760021,669833,131229,110834,158657,138530,66420,151,132
2021-08-04T23:59:59+02:00,6558,6291,54128,55010,97224,95551,89908,89702,88269,94065,89317,91975,54338,67602,43180,59794,10451,21031,40531,41339,83014,81073,76381,75803,78700,84271,82622,85656,51437,63982,41362,57034,9931,19786,758751,664668,131121,109330,158643,138074,65784,151,132
2021-08-03T23:59:59+02:00,6493,6227,53871,54815,96993,95362,89737,89541,88128,93922,89171,91854,54258,67521,43143,59735,10443,21023,40094,40929,81767,79937,74959,74609,78094,83704,82079,85165,51223,63778,41261,56878,9918,19750,757386,658867,131016,107628,158619,137367,65121,151,132
2021-08-02T23:59:59+02:00,6431,6164,53633,54615,96737,95143,89520,89366,87963,93778,89029,91740,54176,67451,43109,59684,10440,21003,39630,40459,80459,78833,73407,73397,77469,83135,81535,84682,51054,63575,41184,56758,9901,19715,755969,652835,130867,105863,158597,136767,64455,150,130
2021-08-01T23:59:59+02:00,6367,6077,53364,54351,96475,94874,89286,89192,87757,93635,88866,91630,54112,67366,43072,59631,10433,20996,39113,39968,79164,77747,72002,72292,76578,82378,80950,84216,50867,63335,41096,56653,9890,19691,754372,646659,130675,103958,158573,136157,63769,149,127
2021-07-31T23:59:59+02:00,6331,6038,53246,54261,96358,94780,89186,89126,87666,93564,88822,91594,54101,67356,43066,59627,10433,20995,38167,38961,78720,77304,71468,71739,76197,82051,80834,84119,50848,63302,41080,56641,9890,19688,753896,642014,130510,103086,158571,136062,63478,149,127
2021-07-30T23:59:59+02:00,6278,6003,53076,54119,96202,94606,89033,88977,87534,93450,88738,91524,54064,67325,43053,59609,10431,20993,37170,37916,78030,76662,70720,71004,75683,81523,80432,83794,50774,63213,41047,56581,9884,19676,753011,635861,130192,101953,158568,135854,63149,149,127
2021-07-29T23:59:59+02:00,6227,5944,52843,53939,95949,94383,88820,88769,87366,93276,88597,91396,54004,67261,43030,59571,10423,20971,35928,36699,76984,75786,69666,70046,74880,80770,79892,83364,50641,63050,40980,56486,9866,19649,751777,628115,129715,100401,158552,135296,62631,148,127
2021-07-28T23:59:59+02:00,6189,5891,52646,53775,95747,94179,88669,88585,87249,93137,88487,91301,53947,67187,42997,59523,10413,20940,35324,36118,75825,74814,68389,68937,74121,80053,79398,82911,50502,62849,40910,56383,9850,19610,750616,621814,129267,98988,158534,134508,62351,148,125
2021-07-27T23:59:59+02:00,6140,5850,52414,53553,95484,93972,88492,88401,87092,92986,88365,91205,53894,67111,42953,59459,10398,20891,34673,35385,74377,73580,66939,67721,73258,79203,78852,82397,50329,62637,40830,56262,9825,19567,749215,614581,128842,97535,158508,133271,62001,148,124
2021-07-26T23:59:59+02:00,6083,5798,52200,53350,95239,93780,88297,88237,86934,92848,88235,91104,53834,67032,42924,59405,10391,20869,33917,34584,72865,72244,65577,66482,72211,78217,78263,81867,50156,62422,40752,56115,9803,19522,747884,606558,128417,96007,158491,132198,61674,148,124
2021-07-25T23:59:59+02:00,6045,5756,51999,53156,94985,93550,88126,88049,86777,92718,88128,91008,53783,66969,42896,59361,10381,20833,33213,33840,71521,71040,64463,65458,71209,77309,77792,81420,50037,62238,40687,56028,9797,19488,746513,599616,128139,94435,158469,131405,61305,148,124
2021-07-24T23:59:59+02:00,5957,5698,51726,52863,94681,93239,87876,87829,86599,92561,88028,90929,53753,66935,42884,59338,10381,20827,32727,33365,70667,70352,63792,64896,70331,76609,77587,81269,49983,62195,40665,56003,9797,19486,744640,595246,128084,93504,158467,131279,60818,148,124
2021-07-23T23:59:59+02:00,5904,5642,51456,52592,94291,92958,87585,87614,86419,92380,87893,90834,53720,66887,42876,59320,10378,20821,32221,32747,69613,69506,63008,64231,69426,75759,77185,80942,49908,62097,40633,55964,9790,19472,742613,589691,128011,92343,158460,131102,60391,148,124
2021-07-22T23:59:59+02:00,5833,5578,51044,52193,93837,92520,87199,87277,86112,92081,87675,90652,53635,66792,42847,59259,10369,20795,31513,32030,68283,68493,61942,63311,67768,74371,76530,80431,49752,61891,40542,55846,9769,19432,739593,583077,127776,89582,158435,130333,59800,147,124
2021-07-21T23:59:59+02:00,5781,5527,50682,51817,93406,92111,86895,86974,85854,91836,87505,90466,53551,66708,42789,59192,10358,20766,30917,31396,66949,67451,60858,62415,65724,72683,75623,79688,49463,61581,40381,55658,9745,19376,736812,576802,127536,85275,158408,129244,59367,147,124
2021-07-20T23:59:59+02:00,5723,5464,50296,51430,92946,91644,86531,86653,85588,91581,87285,90270,53459,66573,42742,59132,10351,20741,30265,30768,65491,66273,59718,61458,64538,71623,75012,79132,49255,61347,40275,55500,9721,19314,733875,569774,127313,83613,158352,128217,58774,147,124
2021-07-19T23:59:59+02:00,5645,5390,49831,50978,92474,91174,86166,86324,85338,91367,87077,90094,53366,66453,42706,59053,10333,20705,29723,30198,64332,65218,58793,60591,63383,70581,74413,78615,49081,61150,40183,55354,9692,19269,730623,563980,127088,81810,158316,127025,58352,147,124
2021-07-18T23:59:59+02:00,5576,5321,49006,50166,91417,90142,85441,85714,84860,90941,86783,89801,53259,66305,42643,58956,10323,20674,29175,29621,63162,64150,57864,59678,62203,69553,73863,78113,48935,60988,40125,55271,9680,19241,724216,558157,126753,79789,158299,126220,57965,147,123
2021-07-17T23:59:59+02:00,5402,5135,48656,49837,91273,90008,85246,85555,84703,90804,86674,89717,53237,66278,42632,58944,10322,20671,28797,29253,62524,63557,57315,59254,61445,68816,73558,77872,48825,60871,40085,55212,9670,19230,723039,555172,126575,78821,158292,125601,57092,147,123
2021-07-16T23:59:59+02:00,5303,5044,48338,49554,91009,89787,84999,85351,84500,90618,86536,89609,53195,66246,42614,58930,10319,20666,28308,28764,61595,62651,56468,58567,60390,67780,73056,77454,48662,60683,40038,55144,9665,19221,721659,550241,126407,77496,158281,124866,56176,146,123
2021-07-15T23:59:59+02:00,5166,4912,47862,49147,90621,89414,84642,84971,84200,90342,86316,89438,53115,66156,42559,58861,10309,20639,27580,28151,60285,61602,55349,57583,58988,66464,72324,76866,48434,60422,39948,55013,9649,19166,719210,544459,125986,75299,158246,123206,55120,145,123
2021-07-14T23:59:59+02:00,5061,4799,47514,48770,90318,89121,84357,84659,83949,90101,86113,89283,53026,66049,42501,58772,10292,20608,27060,27608,59194,60610,54380,56738,58111,65620,71713,76283,48166,60143,39841,54839,9627,19122,717046,539052,125624,74384,158198,121519,54318,144,123
2021-07-13T23:59:59+02:00,4948,4683,47113,48391,89926,88764,84050,84353,83682,89842,85906,89118,52918,65945,42447,58706,10286,20587,26414,26955,57825,59427,53186,55750,57118,64706,70990,75647,47890,59820,39710,54661,9595,19069,714702,532732,125254,73283,158139,119477,53463,143,122
2021-07-12T23:59:59+02:00,4778,4514,46576,47882,89530,88425,83657,84035,83436,89585,85718,88960,52836,65847,42398,58641,10274,20572,25794,26306,56318,58077,51894,54687,55890,63563,70246,75029,47516,59391,39534,54439,9554,19004,712016,525453,124882,72252,158076,117130,52583,143,122
2021-07-11T23:59:59+02:00,4383,4142,45631,46965,89105,87994,83241,83648,83127,89295,85523,88813,52749,65756,42373,58585,10263,20555,25197,25742,54944,56818,50597,53642,54845,62527,69654,74479,47171,59008,39409,54264,9529,18962,708071,518829,124411,71244,158035,115344,51527,140,122
2021-07-10T23:59:59+02:00,4371,4127,45301,46628,88652,87515,82905,83336,83025,89197,85455,88755,52728,65733,42364,58571,10262,20551,24712,25217,53864,55881,49738,53060,54247,61958,69437,74290,46800,58589,39309,54159,9524,18951,707403,514532,123945,71160,157858,114022,50167,139,122
2021-07-09T23:59:59+02:00,4352,4114,44881,46193,88043,86962,82525,82995,82773,89011,85339,88663,52693,65703,42357,58557,10258,20542,24015,24449,52548,54645,48800,52180,53468,61105,69015,73890,46439,58181,39223,54069,9516,18939,705994,508368,123366,70756,157690,112675,48808,139,121
2021-07-08T23:59:59+02:00,4324,4088,44332,45710,87185,86259,82000,82485,82519,88769,85144,88508,52626,65636,42325,58511,10247,20526,23042,23531,50614,53084,47424,51027,52324,59979,68326,73251,45921,57621,39086,53905,9488,18870,703884,500657,122480,69481,157397,110137,47318,138,121
2021-07-07T23:59:59+02:00,4300,4060,43762,45137,86360,85495,81457,82008,82234,88473,84939,88344,52548,65535,42283,58448,10240,20506,22178,22642,48668,51406,45909,49890,51086,58796,67625,72714,45185,56877,38891,53667,9456,18812,701397,492512,121484,68365,157142,107032,45970,136,119
2021-07-06T23:59:59+02:00,4268,4040,43218,44621,85513,84763,80847,81418,81864,88141,84765,88170,52459,65454,42245,58385,10231,20481,21348,21791,46687,49620,44523,48637,49814,57461,66880,71994,44354,56102,38705,53427,9438,18756,698766,483567,120462,67284,156842,104066,44678,135,119
2021-07-05T23:59:59+02:00,4244,4002,42076,43647,84019,83674,80114,80802,81407,87720,84492,87907,52341,65317,42196,58307,10217,20453,20174,20747,44736,48025,43496,47672,48782,56497,66182,71376,43593,55240,38532,53202,9414,18717,695467,477579,119401,66415,156476,100970,41456,135,119
2021-07-04T23:59:59+02:00,4217,3980,40725,42454,82382,82355,79393,80191,80934,87294,84221,87707,52247,65190,42150,58255,10204,20424,18813,19525,42932,46485,42771,46885,47935,55584,65569,70795,42845,54382,38365,53002,9394,18669,692373,472635,118247,65482,156050,98341,37518,135,119
2021-07-03T23:59:59+02:00,3753,3565,39166,40925,81522,81701,78907,79692,80488,86817,84005,87537,52179,65089,42132,58203,10201,20418,18004,18836,42017,45795,42353,46504,47530,55185,65404,70630,42256,53655,38303,52903,9387,18659,688659,470702,116935,65381,155965,96751,34606,135,119
2021-07-02T23:59:59+02:00,3193,2993,37618,39445,80805,80976,78234,78990,79966,86315,83763,87336,52127,65002,42103,58156,10189,20405,17247,18125,40873,44838,41618,45809,46696,54400,64883,70182,41305,52450,38173,52714,9371,18640,683645,465651,115529,64919,155810,94260,32497,135,117
2021-07-01T23:59:59+02:00,2551,2447,35906,37797,79834,80113,77400,78156,79258,85678,83447,87057,52006,64844,42040,58052,10170,20376,16384,17235,39340,43605,40402,44741,45387,53268,64143,69609,40416,51311,38023,52507,9354,18608,677340,459295,113812,63268,155584,91488,30261,135,117
2021-06-30T23:59:59+02:00,2509,2416,34904,36793,78004,78612,75695,76656,78601,85130,83161,86764,51875,64686,41980,57955,10158,20349,15362,16274,37656,42378,39202,43627,44223,52210,63391,68983,39871,50627,37908,52311,9332,18572,671486,453174,112078,61927,155369,89605,27180,135,117
2021-06-29T23:59:59+02:00,2476,2383,34074,35909,76403,77121,74076,75234,77810,84408,82617,86273,51692,64466,41903,57824,10141,20313,14529,15377,36342,41237,38283,42805,42997,51158,62679,68398,39163,49692,37772,52093,9310,18528,665142,448009,110199,60089,155097,87653,24550,135,116
2021-06-28T23:59:59+02:00,2436,2350,33268,35111,74785,75711,72392,73826,76785,83619,82008,85773,51513,64236,41825,57717,10128,20279,13785,14632,35285,40217,37455,42072,41872,50163,62029,67851,38290,48604,37605,51872,9290,18481,658672,443177,108229,58574,154502,85453,22224,135,115
2021-06-27T23:59:59+02:00,2422,2335,32534,34370,73214,74341,70985,72616,75384,82496,81328,85217,51314,64018,41760,57600,10118,20250,13153,14004,34327,39461,36796,41466,40937,49313,61488,67406,37430,47574,37453,51694,9275,18450,652468,439277,106285,57810,153547,83193,19867,135,115
2021-06-26T23:59:59+02:00,1790,1728,31503,33273,72862,74026,70520,72153,75090,82183,81233,85135,51294,63990,41746,57590,10117,20247,12958,13796,33664,38918,36152,41044,40418,48977,60493,66402,36439,46437,37286,51480,9261,18417,647702,433297,105348,57758,153543,81251,19755,132,115
2021-06-25T23:59:59+02:00,1171,1130,30390,32109,72376,73498,69905,71455,74659,81737,80856,84812,51233,63904,41712,57547,10112,20233,12633,13410,32809,38116,35281,40219,39479,48140,59281,65167,35922,45737,37094,51179,9238,18374,641394,424872,104155,57310,153535,80189,19623,132,115
2021-06-24T23:59:59+02:00,571,571,29054,30797,71602,72750,69033,70566,73986,81108,80408,84447,51127,63774,41660,57477,10101,20199,11975,12714,31644,36812,34062,38949,38350,47029,57646,63788,35445,45217,36937,50990,9219,18314,633610,415537,102659,55758,153421,78297,19409,132,114
2021-06-23T23:59:59+02:00,544,538,28551,30256,70491,71768,67756,69426,73238,80419,79955,84043,51016,63599,41599,57381,10084,20168,11487,12188,30644,35562,33130,37725,37335,46148,55704,62077,34894,44651,36769,50762,9198,18249,627386,405781,101083,54693,153314,77040,18917,132,113
2021-06-22T23:59:59+02:00,521,522,28039,29677,69314,70740,66550,68397,72558,79712,79542,83677,50909,63472,41551,57297,10075,20142,11143,11791,29721,34626,32163,36834,36374,45258,53734,60241,34506,44175,36630,50520,9169,18191,621067,397255,99622,53119,153178,75912,18696,132,112
2021-06-21T23:59:59+02:00,489,488,27375,29015,67995,69566,65363,67261,71797,78931,79146,83282,50801,63363,41492,57208,10061,20100,10852,11481,29095,34041,31612,36264,35771,44669,51885,58583,33793,43374,36334,50095,9139,18115,614252,389680,98123,51920,153056,75237,18171,131,112
2021-06-20T23:59:59+02:00,404,407,26737,28356,66774,68429,64340,66315,70992,78188,78792,82946,50724,63239,41443,57140,10056,20067,10564,11220,28547,33539,31154,35772,35262,44146,50043,56791,33250,42692,36137,49759,9109,18055,607864,382266,96653,51166,152958,74770,17743,131,107
2021-06-19T23:59:59+02:00,372,373,26359,27991,66043,67854,63815,65817,70195,77534,78639,82821,50703,63213,41427,57124,10055,20067,10433,11028,28300,33221,30900,35450,35040,43885,48596,55396,32990,42345,36053,49622,9101,18027,603916,376867,95709,51154,152956,74581,17690,131,107
2021-06-18T23:59:59+02:00,345,339,25899,27533,65031,67118,63076,65204,69276,76696,78249,82486,50642,63138,41400,57088,10051,20059,10219,10791,27895,32794,30572,35037,34652,43491,46863,53731,32639,41830,35916,49411,9082,17993,598509,370010,94467,50866,152948,74369,17576,130,107
2021-06-17T23:59:59+02:00,316,308,25249,26914,63742,66098,62057,64351,67645,75254,77714,82084,50538,62983,41337,57002,10038,20031,9804,10437,27099,32105,29830,34358,33815,42789,45357,52236,32194,41200,35753,49156,9050,17943,592193,362583,91810,49723,152788,73985,16741,129,106
2021-06-16T23:59:59+02:00,282,269,24727,26333,62441,64971,60948,63369,65373,73336,76867,81428,50326,62773,41246,56890,10019,19999,9483,10186,26446,31429,29120,33731,33084,42151,44764,51672,31924,40839,35607,48957,9029,17902,585954,358877,87300,49017,152354,72472,15862,127,106
2021-06-15T23:59:59+02:00,243,238,24090,25651,61040,63762,59862,62378,64213,72250,76363,81008,50203,62625,41196,56793,10012,19969,9222,9919,25845,30694,28481,32971,32407,41427,43202,50043,31478,40285,35434,48722,8999,17838,578842,352167,85669,48124,151887,71209,15371,127,106
2021-06-14T23:59:59+02:00,221,206,23613,25060,59931,62704,58983,61522,63137,71235,75889,80614,50115,62502,41146,56721,9996,19943,8936,9620,25088,29801,27713,32134,31615,40609,41919,48705,31110,39785,35297,48497,8969,17787,572942,346024,83947,47100,151684,69526,14838,127,106
2021-06-13T23:59:59+02:00,216,191,23196,24593,59001,61798,58206,60737,62027,70263,75423,80189,50027,62385,41096,56660,9984,19912,8657,9320,24374,28957,26995,31291,30851,39758,40368,47120,30646,39177,35096,48192,8939,17698,567930,338968,82079,46319,151455,67744,14313,127,104
2021-06-12T23:59:59+02:00,202,174,22968,24329,58452,61297,57846,60458,61385,69620,75222,80076,50003,62354,41084,56646,9981,19908,8541,9204,23895,28372,26478,30722,30335,39199,39290,46146,30478,38998,34999,48027,8935,17687,565037,334766,81122,46316,151446,65856,14273,127,104
2021-06-11T23:59:59+02:00,184,159,22618,23916,57712,60483,57169,59827,60478,68687,74870,79766,49926,62281,41059,56610,9978,19902,8408,9016,23384,27698,25944,30064,29753,38565,38219,45137,30207,38643,34855,47803,8922,17660,560033,329925,79826,46055,151432,63995,14208,126,103
2021-06-10T23:59:59+02:00,169,142,22084,23355,56583,59554,56239,59007,59222,67513,74334,79362,49854,62172,41035,56559,9964,19873,8145,8768,22516,26752,24978,29126,28632,37633,36828,43967,29853,38164,34574,47368,8855,17584,554489,323018,77616,45343,151187,61686,13603,126,101
2021-06-09T23:59:59+02:00,148,128,21458,22802,55315,58455,55169,58087,58263,66605,73870,78965,49766,62071,40984,56496,9950,19842,7858,8503,21598,25886,24041,28230,27597,36685,35108,42180,29468,37664,34389,47099,8813,17494,548708,315578,76160,44617,150830,59777,12550,126,99
2021-06-08T23:59:59+02:00,125,110,20787,22119,54003,57324,54050,57110,57303,65745,73324,78528,49677,61945,40929,56404,9930,19811,7590,8269,20685,24988,22981,27366,26562,35727,33755,40877,29109,37155,34068,46645,8760,17411,542038,309268,75240,43851,150385,57303,11435,126,97
2021-06-07T23:59:59+02:00,108,92,20143,21518,52566,56070,52786,56132,56143,64758,72772,78125,49591,61837,40883,56340,9917,19783,7342,8049,19839,24162,21956,26551,25526,34852,32818,40089,28823,36758,33821,46214,8709,17320,534774,304635,74342,43032,149973,54720,10349,126,97
2021-06-06T23:59:59+02:00,101,86,19633,20982,51416,54978,51680,55151,55180,63804,72265,77722,49504,61760,40846,56277,9910,19767,7133,7849,19051,23268,21055,25678,24454,33869,31904,39273,28536,36418,33565,45823,8660,17245,528432,300067,73320,42293,149635,51779,9551,124,95
2021-06-05T23:59:59+02:00,95,78,19369,20693,50645,54229,51028,54650,54707,63322,72131,77610,49493,61746,40843,56274,9907,19767,6905,7434,18409,22192,20332,24558,23578,32619,30878,37953,28203,35954,33441,45647,8653,17225,524125,293758,73315,42254,149542,48397,9481,124,95
2021-06-04T23:59:59+02:00,85,72,18926,20113,49597,53224,50218,53781,54059,62538,71788,77282,49465,61709,40823,56260,9905,19759,6686,7122,17787,21341,19651,23567,22649,31348,29665,36617,27915,35590,33329,45471,8641,17205,517663,287320,72992,42185,149524,45686,9301,124,95
2021-06-03T23:59:59+02:00,74,61,18252,19440,48079,51921,49007,52658,53091,61523,71293,76820,49398,61604,40785,56212,9892,19734,6397,6732,17052,20295,18854,22416,21648,29932,28500,35139,27370,34808,33123,45146,8605,17130,509919,280578,71976,41438,149245,42460,8581,123,93
2021-06-02T23:59:59+02:00,69,57,17882,18936,47061,50940,48145,51913,52350,60773,71043,76606,49359,61568,40766,56184,9884,19720,6214,6493,16403,19613,17944,21666,20816,28988,27404,33735,26904,34203,32963,44895,8576,17060,503646,274295,71959,41423,149224,39767,8306,121,89
2021-06-01T23:59:59+02:00,58,51,17212,18217,45203,49202,46497,50450,50833,59325,70366,76005,49267,61458,40706,56110,9871,19671,5940,6184,15244,18709,16434,20701,19604,27745,26178,32340,26353,33509,32712,44548,8530,16956,494526,267805,70608,40857,148671,36360,6578,119,89
2021-05-31T23:59:59+02:00,56,47,16736,17734,43890,48061,45285,49348,49594,58213,69688,75495,49188,61355,40662,56040,9859,19635,5663,5865,14203,17878,15032,19783,18434,26636,24954,30996,25837,32792,32517,44251,8496,16857,488271,261511,69444,40312,148201,33433,4852,118,88
2021-05-30T23:59:59+02:00,48,46,16397,17324,42897,47104,44358,48401,48565,57166,69096,74936,49078,61185,40591,55919,9844,19592,5474,5621,13654,17179,14407,19088,17545,25668,23848,29822,25066,31841,32223,43832,8450,16767,482000,255537,68409,39512,147789,31123,4232,117,83
2021-05-29T23:59:59+02:00,48,46,16266,17207,42538,46787,44016,48136,48324,56976,69036,74879,49073,61178,40584,55914,9844,19591,5311,5380,13141,16367,13758,18237,16701,24501,22736,28522,24909,31610,32159,43739,8447,16760,480036,249935,68284,39512,147780,28525,4226,117,82
2021-05-28T23:59:59+02:00,47,44,15966,16905,41840,46156,43503,47572,47818,56434,68764,74582,49008,61097,40556,55865,9841,19586,5071,4995,12603,15449,13075,17372,15835,23264,21634,27087,24660,31241,32065,43605,8437,16743,475747,243892,67781,39407,147752,25572,4187,117,80
2021-05-27T23:59:59+02:00,44,40,15447,16384,40691,45175,42483,46688,46830,55546,68180,74148,48884,60937,40502,55793,9830,19544,4845,4657,11961,14622,12287,16433,14764,22071,20373,25578,24155,30500,31892,43342,8404,16659,469916,236533,66262,38603,147029,23511,3822,117,76
2021-05-26T23:59:59+02:00,42,39,15036,15958,39592,44257,41445,45805,45803,54667,67574,73637,48730,60758,40422,55625,9809,19496,4652,4461,11403,13858,11562,15580,13760,20937,18974,23985,23568,29717,31676,42998,8351,16558,464779,229259,64237,37739,146038,21444,3524,117,76
2021-05-25T23:59:59+02:00,42,38,14645,15555,38584,43369,40472,44946,44851,53749,66964,73106,48549,60519,40343,55493,9783,19442,4444,4258,10860,13212,10801,14797,12693,19699,17534,22478,22983,28937,31442,42674,8292,16465,459465,221887,62654,36799,144923,19520,3291,117,74
2021-05-24T23:59:59+02:00,41,37,14303,15232,37752,42630,39599,44271,43987,52964,66433,72619,48424,60342,40279,55369,9763,19397,4301,4130,10411,12747,10159,14209,11808,18863,16247,21216,22309,28103,31223,42343,8232,16375,454837,214968,61422,35855,144185,18901,2881,117,73
2021-05-23T23:59:59+02:00,37,37,14134,15059,37283,42255,39148,43866,43535,52559,66163,72390,48347,60251,40240,55322,9756,19373,4111,3990,9945,12271,9533,13599,10865,18043,15050,20150,21840,27530,30971,42053,8181,16290,451642,207953,61040,35774,144162,17831,2794,117,72
2021-05-22T23:59:59+02:00,35,35,13936,14842,36593,41689,38467,43410,42964,52151,65141,71375,48139,59993,40170,55209,9746,19352,3999,3695,9730,11856,9378,13268,10622,17596,14781,19748,21746,27412,30937,42013,8174,16281,445185,206727,61037,35771,144145,15905,2763,117,72
2021-05-21T23:59:59+02:00,34,34,13557,14439,35518,40768,37402,42477,41896,51254,63785,70090,47909,59655,40090,55061,9729,19319,3893,3599,9523,11590,9167,13002,10292,17269,14368,19377,21525,27126,30876,41923,8165,16273,435566,204777,60680,35465,143908,14911,2747,116,70
2021-05-20T23:59:59+02:00,31,34,12761,13715,34075,39310,35976,41068,40488,50051,62498,68939,47618,59312,39947,54878,9708,19268,3744,3417,8994,10988,8519,12288,9592,16421,13611,18408,20707,26005,30682,41625,8126,16186,425337,200398,58977,34618,142880,11860,2369,114,70
2021-05-19T23:59:59+02:00,31,33,12223,13149,32894,37886,34872,39685,39360,49088,60494,67168,47140,58754,39764,54615,9667,19162,3640,3284,8721,10611,8223,11915,9150,15913,12972,17742,19841,24873,30455,41322,8070,16071,414481,196145,57456,33804,141768,10621,2167,113,68
2021-05-18T23:59:59+02:00,28,33,11800,12706,31850,36867,33774,38766,38315,48154,58434,65309,46784,58305,39608,54374,9635,19103,3442,3121,8219,10004,7751,11368,8606,15243,12285,16972,18898,23640,30218,40978,8033,15966,405807,192043,55496,32961,140572,7814,1860,110,68
2021-05-17T23:59:59+02:00,26,32,11549,12430,31328,36307,33276,38204,37725,47519,56531,63597,46079,57481,39331,53976,9598,19030,3360,3012,7955,9721,7457,11070,8205,14830,11713,16368,17980,22506,29985,40659,7998,15892,398213,187665,54368,32213,139758,7196,1572,108,67
2021-05-16T23:59:59+02:00,26,32,11326,12176,30806,35801,32811,37708,37203,46947,54635,61769,45532,56782,39137,53656,9571,18974,3259,2911,7667,9429,7135,10725,7726,14366,11132,15782,17048,21355,29776,40369,7960,15823,391246,183376,53399,31364,139088,6606,1054,105,65
2021-05-15T23:59:59+02:00,26,32,11170,11971,30528,35468,32573,37387,36972,46683,53063,60290,45281,56475,39060,53518,9565,18946,3238,2893,7642,9400,7120,10704,7706,14351,11114,15760,16938,21139,29567,40061,7952,15813,385429,182382,53395,31363,139042,6554,1037,105,64
2021-05-14T23:59:59+02:00,26,32,10922,11691,30054,34958,32190,36922,36458,46209,51189,58458,44920,55974,38920,53311,9549,18906,3211,2874,7570,9325,7064,10631,7647,14290,10930,15559,16205,20069,29281,39574,7935,15773,377618,179454,53066,31022,138913,6413,987,105,64
2021-05-13T23:59:59+02:00,23,31,10638,11365,29405,34314,31589,36313,35784,45541,49716,56940,44490,55345,38749,53067,9522,18860,3142,2828,7443,9223,6977,10537,7543,14181,10603,15211,15146,18830,28895,38930,7892,15699,370508,175648,52049,30458,138156,6037,876,103,63
2021-05-12T23:59:59+02:00,23,29,10507,11222,29122,33992,31321,36019,35471,45226,49432,56631,44394,55239,38698,52988,9515,18822,3130,2801,7409,9186,6946,10502,7511,14142,10433,15055,14769,18397,28591,38447,7870,15652,367832,173586,51966,30448,137998,5992,753,102,63
2021-05-11T23:59:59+02:00,22,26,10158,10898,28266,33165,30488,35264,34608,44443,47697,54860,43938,54642,38523,52696,9477,18719,3043,2703,7162,8904,6720,10201,7295,13772,9950,14508,13786,17245,28175,37828,7832,15557,360907,169899,50257,29555,136099,4640,525,102,63
2021-05-10T23:59:59+02:00,21,26,9852,10621,27518,32459,29707,34560,33837,43672,46389,53592,43555,54132,38336,52390,9427,18606,3001,2657,7032,8779,6624,10081,7154,13590,9682,14200,13089,16384,27745,37217,7806,15476,354642,167074,49140,29172,134406,3800,413,99,59
2021-05-09T23:59:59+02:00,20,26,9618,10373,26835,31771,29037,33859,33114,42973,44859,52113,43053,53511,38134,52086,9390,18521,2953,2611,6909,8635,6517,9938,7040,13377,9366,13889,12291,15483,27381,36680,7786,15420,347538,164220,48065,28614,133269,3058,326,95,59
2021-05-08T23:59:59+02:00,20,26,9525,10304,26450,31470,28590,33544,32657,42669,43827,51283,42901,53347,38094,52024,9388,18515,2950,2607,6901,8630,6511,9930,7032,13365,9356,13877,12253,15421,26701,35731,7749,15344,343016,162348,48023,28587,133180,3045,320,95,59
2021-05-07T23:59:59+02:00,19,26,9383,10156,25977,31089,28135,33169,32150,42318,42785,50457,42628,53005,37982,51864,9376,18488,2903,2581,6846,8586,6455,9874,6981,13313,9183,13654,11621,14608,25759,34343,7701,15262,337874,158246,47716,28215,133022,2849,302,93,59
2021-05-06T23:59:59+02:00,17,25,8981,9868,25057,30319,27070,32362,30919,41495,41169,49237,42247,52458,37789,51621,9338,18415,2839,2535,6712,8438,6337,9745,6833,13125,8910,13354,10970,13743,24793,32957,7666,15201,330004,154449,46640,27256,131365,2107,288,90,59
2021-05-05T23:59:59+02:00,17,24,8615,9667,24169,29719,26205,31698,29827,40702,39185,47420,41799,51906,37581,51339,9281,18303,2798,2504,6593,8309,6234,9631,6731,12983,8662,13096,10259,12910,23778,31633,7637,15130,322142,150556,45785,26366,129237,1707,203,90,57
2021-05-04T23:59:59+02:00,17,23,8372,9439,23372,29068,25229,30958,28753,39866,37671,45953,41329,51322,37304,50992,9234,18182,2759,2482,6519,8237,6150,9562,6655,12898,8426,12875,9529,12053,22828,30387,7603,15067,315481,146816,44818,25559,126597,1502,98,90,56
2021-05-03T23:59:59+02:00,17,22,8169,9225,22669,28488,24389,30350,27845,39167,36712,45202,40980,50846,37089,50704,9184,18078,2713,2449,6448,8160,6069,9496,6565,12813,8198,12660,8785,11152,21912,29170,7572,15017,310605,143068,44041,24738,124343,1261,58,89,55
2021-05-02T23:59:59+02:00,17,22,8005,9060,22029,27908,23647,29759,27025,38544,35897,44565,40720,50517,36976,50517,9150,18021,2675,2426,6405,8118,6032,9460,6525,12772,8015,12487,8182,10410,21202,28302,7551,14998,305767,139873,43270,24460,123204,1124,50,88,54
2021-05-01T23:59:59+02:00,16,22,7851,8876,21656,27449,23163,29184,26378,37829,35072,43668,40456,50141,36878,50365,9144,18004,2669,2420,6379,8108,6016,9451,6507,12759,7998,12471,8145,10346,21163,28245,7547,14994,299648,139582,43268,24453,123099,1081,49,88,54
2021-04-30T23:59:59+02:00,16,21,7702,8697,21267,27019,22715,28614,25626,37050,34061,42699,40225,49820,36782,50211,9132,17983,2650,2407,6354,8090,5994,9434,6479,12739,7966,12438,8105,10275,21112,28162,7544,14985,293334,139270,43261,24380,122916,989,42,87,54
2021-04-29T23:59:59+02:00,15,21,7433,8457,20673,26440,22044,27929,24691,36082,32782,41363,39178,48417,36465,49735,9075,17855,2618,2373,6262,7980,5908,9332,6385,12597,7762,12162,7480,9549,20703,27645,7522,14911,284574,137202,42478,23148,121479,746,42,82,52
2021-04-28T23:59:59+02:00,14,19,7158,8239,20151,25967,21405,27329,23804,35234,31382,39910,38016,46827,36122,49243,9012,17714,2548,2325,6152,7857,5798,9201,6283,12445,7543,11890,6789,8703,20287,27069,7481,14839,275882,134745,41704,21853,119841,519,42,77,52
2021-04-27T23:59:59+02:00,13,19,6973,8061,19715,25542,20781,26791,22945,34452,30162,38581,36927,45382,35738,48672,8942,17587,2522,2300,6049,7760,5745,9102,6217,12321,7328,11691,6187,7963,19881,26571,7461,14816,268039,132643,40841,20907,118284,271,42,77,52
2021-04-26T23:59:59+02:00,12,19,6791,7895,19295,25118,20236,26263,22137,33693,28942,37342,35867,43959,35432,48187,8892,17463,2510,2290,6004,7717,5700,9062,6179,12277,7142,11525,5572,7229,19509,26120,7437,14789,260331,130673,40015,20059,117083,240,39,75,52
2021-04-25T23:59:59+02:00,12,18,6686,7759,18957,24847,19855,25923,21523,33070,27954,36384,34733,42527,35117,47757,8849,17381,2498,2283,5986,7693,5681,9045,6158,12252,7105,11498,5445,7046,19174,25656,7421,14745,253118,130050,39301,19318,116821,230,38,74,51
2021-04-24T23:59:59+02:00,12,18,6522,7584,18513,24413,19295,25384,20738,32267,26871,35334,34480,42213,35023,47592,8839,17369,2494,2277,5973,7683,5670,9034,6153,12248,7095,11491,5372,6935,19076,25514,7418,14737,247145,129593,39296,19278,115914,212,38,74,50
2021-04-23T23:59:59+02:00,12,18,6298,7384,18062,23936,18724,24771,19912,31450,25710,34137,33703,41038,34880,47357,8825,17346,2488,2258,5946,7660,5633,8995,6108,12203,7048,11436,5206,6658,18537,24887,7318,14568,239558,127745,38967,18931,114927,190,38,73,46
2021-04-22T23:59:59+02:00,11,17,6083,7176,17456,23347,17931,23986,18861,30425,24385,32704,32661,39681,34633,47001,8787,17267,2474,2243,5902,7606,5583,8910,6031,12125,6973,11365,4922,6238,17822,24011,7199,14374,230501,125577,38048,17964,113755,156,38,70,44
2021-04-21T23:59:59+02:00,11,16,5884,6995,16925,22876,17269,23380,17874,29527,22827,31111,31656,38445,34335,46562,8738,17178,2450,2226,5859,7551,5524,8835,5965,12025,6877,11285,4762,5963,17122,23161,7082,14192,221605,123482,37277,17192,112621,124,38,68,44
2021-04-20T23:59:59+02:00,10,15,5701,6799,16369,22401,16526,22720,16876,28525,21355,29640,30506,36950,34019,46121,8686,17083,2437,2211,5809,7513,5483,8790,5916,11958,6798,11220,4643,5806,16521,22387,6955,14012,212584,121792,36395,16475,111218,116,37,68,40
2021-04-19T23:59:59+02:00,10,15,5514,6641,15832,21968,15847,22160,15883,27645,19958,28235,29129,35312,33700,45642,8626,16965,2426,2196,5785,7480,5446,8756,5877,11909,6716,11144,4516,5643,15872,21674,6847,13850,203857,120141,35615,15807,109508,113,37,65,40
2021-04-18T23:59:59+02:00,9,15,5326,6500,15397,21644,15228,21596,14907,26851,18618,27095,27741,33660,33368,45219,8567,16876,2375,2150,5653,7358,5331,8641,5770,11757,6610,11023,4398,5455,15278,21006,6732,13667,195295,118486,34785,14534,108436,109,37,64,39
2021-04-17T23:59:59+02:00,9,14,5290,6465,15242,21567,15053,21510,14671,26671,18363,26873,27233,33116,33242,45071,8558,16861,2348,2110,5553,7205,5223,8482,5670,11569,6521,10890,4345,5392,15037,20712,6722,13654,194072,116727,34780,14530,106856,101,37,64,39
2021-04-16T23:59:59+02:00,9,14,5227,6410,15065,21415,14840,21349,14389,26424,17944,26462,26187,31883,33109,44862,8537,16838,2302,2060,5436,7016,5086,8298,5516,11326,6324,10667,4136,5157,14389,19916,6624,13509,190720,113467,34489,14127,105654,93,37,64,39
2021-04-15T23:59:59+02:00,7,13,5158,6333,14849,21202,14569,21060,13958,26073,17304,25828,24822,30272,32852,44539,8501,16758,2232,1976,5240,6778,4883,7975,5309,11007,6108,10382,3937,4906,13558,18832,6509,13342,186145,109635,33681,13182,104172,83,37,63,38
2021-04-14T23:59:59+02:00,7,13,5079,6263,14644,21000,14314,20836,13566,25738,16637,25207,23241,28480,32541,44136,8449,16664,2041,1855,5021,6514,4694,7724,5080,10757,5872,10096,3799,4695,12828,17913,6381,13128,181529,106526,32807,11722,102379,76,37,63,38
2021-04-13T23:59:59+02:00,7,13,5027,6215,14440,20867,14078,20654,13225,25441,16067,24702,21535,26632,32222,43721,8419,16558,1955,1802,4854,6325,4509,7503,4877,10501,5667,9858,3661,4527,12311,17297,6258,12967,177297,104125,31930,10607,100497,66,37,62,38
2021-04-12T23:59:59+02:00,7,12,4963,6148,14223,20664,13773,20389,12837,25025,15486,24149,19939,24687,31932,43359,8376,16484,1825,1711,4671,6164,4359,7327,4714,10308,5530,9698,3542,4372,11878,16785,6147,12804,172921,102433,30872,9266,98561,64,37,62,36
2021-04-11T23:59:59+02:00,7,12,4894,6071,13998,20465,13477,20175,12417,24675,14922,23639,18428,22912,31672,43016,8332,16404,1787,1675,4551,6051,4248,7203,4591,10177,5395,9566,3427,4252,11386,16174,6016,12596,168628,100680,29909,8286,96883,62,35,61,33
2021-04-10T23:59:59+02:00,7,12,4889,6063,13979,20451,13468,20164,12400,24657,14898,23619,17737,21990,31380,42598,8314,16377,1783,1663,4539,6040,4233,7188,4578,10163,5342,9500,3324,4139,10829,15339,5887,12398,167556,98534,29882,8286,95471,60,33,61,33
2021-04-09T23:59:59+02:00,7,12,4875,6046,13942,20401,13424,20115,12353,24602,14639,23365,16214,20097,30973,41953,8280,16334,1759,1652,4516,6023,4204,7161,4535,10128,5303,9451,3239,4020,9962,14349,5738,12200,164929,96087,29540,8037,93073,58,31,59,28
2021-04-08T23:59:59+02:00,7,12,4831,6018,13841,20326,13343,20035,12253,24497,14302,23004,14442,17880,30356,40940,8221,16211,1737,1639,4484,5970,4152,7076,4471,10047,5231,9374,3131,3916,9478,13743,5534,11955,161088,94232,28508,7599,90843,57,23,57,28
2021-04-07T23:59:59+02:00,7,12,4800,5989,13735,20242,13246,19947,12149,24394,13918,22643,12925,16025,29711,39968,8166,16113,1718,1627,4430,5903,4066,7002,4382,9963,5141,9274,3043,3821,8729,12642,5296,11549,156660,91668,27627,6824,89626,47,21,56,27
2021-04-06T23:59:59+02:00,7,12,4771,5963,13636,20175,13164,19886,12073,24329,13538,22290,11290,14010,29048,38996,8134,16042,1657,1573,4300,5774,3957,6878,4261,9812,5038,9144,2927,3700,8022,11709,5023,11184,152632,89276,26744,5594,87914,45,19,55,26
2021-04-05T23:59:59+02:00,7,11,4733,5935,13558,20106,13097,19818,12017,24249,13264,22033,9677,12060,28317,37941,8099,15980,1586,1504,4143,5624,3788,6722,4106,9663,4883,9015,2795,3583,7210,10747,4752,10795,149419,86898,25728,3933,85683,42,18,54,26
2021-04-04T23:59:59+02:00,7,11,4719,5918,13547,20086,13089,19800,12009,24228,13165,21963,8653,10798,27869,37301,8074,15923,1584,1501,4135,5618,3785,6717,4101,9658,4881,9007,2790,3574,6973,10281,4667,10670,147689,85935,25724,3933,83678,36,15,54,24
2021-04-03T23:59:59+02:00,7,11,4716,5908,13530,20065,13077,19790,11999,24218,13151,21945,7747,9730,26986,36060,8025,15811,1580,1497,4133,5613,3783,6714,4093,9646,4867,8994,2783,3561,6834,10017,4628,10588,145211,85325,25716,3933,81782,36,14,53,24
2021-04-02T23:59:59+02:00,7,11,4711,5889,13493,20039,13037,19747,11955,24170,13077,21876,7233,8980,25397,33959,7879,15542,1571,1480,4106,5589,3757,6673,4057,9585,4744,8705,2655,3405,6459,9621,4479,10385,140749,83494,25377,3706,80813,36,12,51,24
2021-04-01T23:59:59+02:00,6,10,4663,5830,13399,19895,12919,19596,11804,24014,12474,21425,6670,8275,23889,31985,7753,15304,1505,1434,3996,5462,3690,6602,3989,9518,4666,8602,2559,3262,5945,8934,4308,10110,136557,81218,24235,3300,79061,31,11,47,23
2021-03-31T23:59:59+02:00,6,10,4612,5775,13274,19741,12784,19441,11615,23834,12210,21165,6349,7903,22413,30034,7602,15075,1492,1423,3970,5439,3659,6574,3949,9471,4627,8549,2495,3186,5460,8286,4133,9870,132620,79442,23148,3081,78020,31,8,47,22
2021-03-30T23:59:59+02:00,6,10,4548,5709,13136,19591,12671,19266,11484,23669,12040,21025,6159,7684,21023,28300,7458,14872,1475,1387,3928,5406,3595,6504,3861,9358,4496,8378,2360,2981,5040,7730,3990,9613,129254,77217,22218,2840,77129,19,5,45,22
2021-03-29T23:59:59+02:00,6,10,4508,5671,13016,19498,12604,19182,11401,23563,11890,20890,6001,7482,19598,26615,7330,14671,1416,1346,3873,5361,3520,6434,3743,9214,4347,8187,2238,2841,4478,7060,3836,9337,125659,74561,21351,2628,76877,18,4,45,21
2021-03-28T23:59:59+02:00,6,10,4461,5605,12895,19360,12518,19089,11298,23464,11783,20786,5849,7273,18416,25105,7211,14475,1383,1302,3775,5253,3325,6207,3656,9097,4297,8131,2184,2777,3718,6037,3651,9069,122647,71501,20559,2328,76350,10,4,44,20
2021-03-27T23:59:59+01:00,6,10,4429,5554,12788,19195,12398,18924,11183,23258,11673,20635,5783,7190,18130,24758,7200,14458,1377,1299,3770,5249,3322,6200,3370,8747,4099,7833,2178,2774,3704,6003,3617,9007,120800,70192,20519,2328,76205,6,4,44,20
2021-03-26T23:59:59+01:00,6,9,4393,5501,12676,19003,12262,18722,11029,23028,11512,20421,5616,6975,17523,23961,7100,14308,1375,1298,3765,5242,3299,6182,3351,8727,3885,7382,2001,2368,3440,5718,3466,8773,117688,67924,20180,2321,76130,5,3,44,20
2021-03-25T23:59:59+01:00,6,9,4325,5413,12477,18763,12057,18392,10817,22699,11269,20094,5403,6690,16494,22652,6972,14118,1366,1288,3744,5216,3265,6154,3299,8689,3839,7338,1929,2255,3004,5033,3307,8467,113702,65948,19108,2220,75793,3,3,44,20
2021-03-24T23:59:59+01:00,6,9,4245,5302,12260,18308,11837,17977,10592,22303,11034,19721,5134,6341,15452,21434,6832,13893,1343,1275,3720,5170,3229,6090,3244,8619,3785,7265,1876,2196,2696,4699,3154,8191,110585,64551,18013,1977,74035,3,3,44,19
2021-03-23T23:59:59+01:00,6,9,4189,5237,12093,17962,11636,17622,10398,21935,10810,19431,4997,6142,14812,20619,6692,13720,1328,1268,3705,5151,3208,6072,3219,8568,3746,7221,1841,2137,2467,4428,2943,7868,108223,63211,17283,1935,72757,3,3,44,19
2021-03-22T23:59:59+01:00,6,9,4139,5158,11893,17628,11447,17294,10171,21607,10594,19123,4843,5929,14194,19900,6559,13533,1314,1259,3676,5118,3176,6034,3190,8511,3709,7176,1797,2081,2267,4177,2748,7536,106351,61951,16561,1794,71070,3,3,42,19
2021-03-21T23:59:59+01:00,6,9,4065,5035,11609,17217,11166,16885,9898,21152,10336,18767,4729,5756,13495,19108,6417,13325,1306,1258,3659,5102,3154,6001,3167,8481,3689,7154,1778,2053,2100,4015,2577,7266,104465,60948,15258,1789,69207,3,3,42,18
2021-03-20T23:59:59+01:00,5,9,4035,4966,11466,16882,11041,16567,9756,20849,10159,18483,4601,5596,12862,18158,6279,13109,1305,1257,3659,5100,3151,6000,3164,8475,3684,7149,1774,2048,2068,3953,2554,7224,102265,60753,15253,1789,67260,3,3,42,18
2021-03-19T23:59:59+01:00,5,8,3990,4885,11298,16519,10857,16212,9580,20468,9942,18120,4438,5399,11837,16943,6118,12898,1296,1250,3641,5071,3121,5923,3119,8382,3581,6974,1647,1935,1992,3888,2442,7016,99555,59470,14837,1785,65085,3,3,37,18
2021-03-18T23:59:59+01:00,5,8,3902,4781,11051,16093,10587,15765,9301,19997,9719,17777,4294,5233,11206,16074,5890,12630,1292,1239,3624,5036,3101,5879,3097,8325,3554,6927,1628,1902,1952,3817,2319,6805,97748,58780,13826,1694,62700,3,3,36,18
2021-03-17T23:59:59+01:00,5,8,3729,4666,10756,15672,10320,15405,9056,19634,9466,17429,4174,5063,10392,14828,5626,12206,1291,1236,3609,5018,3094,5859,3087,8291,3536,6903,1626,1878,1928,3788,2209,6618,95089,58270,12276,1679,61031,2,3,36,18
2021-03-16T23:59:59+01:00,5,8,3586,4542,10416,15207,10047,15035,8779,19190,9167,17064,4030,4896,9568,13703,5344,11847,1277,1233,3605,5011,3083,5855,3081,8280,3529,6889,1601,1853,1889,3737,2089,6439,92748,57830,11084,1599,58564,2,3,35,18
2021-03-15T23:59:59+01:00,5,8,3437,4426,10099,14739,9755,14576,8482,18715,8879,16650,3883,4726,8856,12634,5120,11525,1267,1225,3585,4999,3071,5831,3060,8241,3509,6846,1586,1840,1872,3703,1973,6253,90776,57242,9720,1598,55984,2,2,33,18
2021-03-14T23:59:59+01:00,5,8,3366,4336,9832,14302,9497,14171,8161,18220,8597,16255,3720,4539,8051,11398,4812,11070,1253,1219,3564,4981,3050,5789,3038,8161,3481,6778,1560,1787,1812,3576,1808,5864,88462,56713,8698,989,53150,2,0,30,18
2021-03-13T23:59:59+01:00,5,8,3286,4078,9518,13629,9249,13585,7933,17635,8389,15816,3607,4435,7858,11102,4764,10981,1253,1219,3564,4981,3050,5789,3037,8160,3479,6776,1556,1786,1810,3572,1807,5863,87802,56694,8698,989,49348,2,0,30,18
2021-03-12T23:59:59+01:00,5,8,3223,3941,9271,13089,9010,13053,7700,16999,8030,15062,3443,4264,7472,10693,4625,10792,1249,1216,3559,4967,3047,5786,3030,8152,3475,6770,1529,1757,1789,3554,1707,5685,86019,56265,8450,988,46181,2,0,30,18
2021-03-11T23:59:59+01:00,5,8,3072,3672,8894,12326,8706,12373,7367,16214,7686,14415,3283,4057,6914,9970,4434,10479,1230,1206,3526,4923,3004,5709,2995,8028,3424,6672,1483,1702,1710,3354,1509,5171,83549,55521,8002,111,42295,1,0,29,14
2021-03-10T23:59:59+01:00,5,8,3007,3565,8392,11816,8024,11890,7045,15723,7382,13823,3122,3899,6354,9272,4263,10204,1219,1192,3496,4865,2973,5632,2959,7888,3370,6549,1445,1662,1651,3258,1393,4891,81724,54343,7445,87,38598,0,0,27,14
2021-03-09T23:59:59+01:00,5,7,2901,3389,7707,11362,7124,11401,6625,15106,7017,13213,2890,3597,5845,8638,4107,9927,1214,1188,3474,4819,2945,5566,2942,7833,3352,6503,1430,1638,1614,3215,1288,4692,79422,53649,6081,53,35331,0,0,27,12
2021-03-08T23:59:59+01:00,5,7,2728,3153,7065,10816,6308,10920,6221,14577,6622,12642,2679,3386,5238,7897,3960,9658,1207,1182,3453,4753,2920,5490,2903,7738,3320,6427,1423,1629,1611,3207,1283,4689,76586,53173,4936,51,32334,0,0,26,12
2021-03-07T23:59:59+01:00,5,7,2616,3020,6733,10315,5896,10376,5925,14127,6382,12252,2581,3293,4472,6829,3743,9375,1204,1179,3450,4748,2915,5478,2899,7721,3312,6414,1418,1615,1590,3167,1268,4648,73323,52966,4104,49,30495,0,0,25,12
2021-03-06T23:59:59+01:00,5,6,2571,2878,6549,9861,5696,9959,5447,13270,6006,11511,2560,3266,4466,6818,3742,9372,1204,1178,3447,4742,2913,5477,2898,7720,3311,6411,1416,1612,1590,3165,1267,4648,72092,52940,4104,49,27762,0,0,25,11
2021-03-05T23:59:59+01:00,5,6,2479,2622,6335,9275,5482,9560,5270,12698,5621,10529,2334,2800,4085,6436,3603,9156,1192,1175,3429,4726,2908,5464,2890,7701,3299,6392,1402,1604,1589,3161,1262,4643,69755,52780,3871,49,24645,0,0,25,9
2021-03-04T23:59:59+01:00,5,6,2403,2416,6120,8839,5319,9216,5088,12275,5445,10151,2242,2629,3526,5611,3437,8817,1181,1160,3386,4625,2874,5397,2858,7603,3267,6317,1382,1597,1575,3147,1253,4632,67699,52200,3428,48,22393,0,0,25,7
2021-03-03T23:59:59+01:00,4,6,2345,2364,5950,8422,5148,8853,4874,11822,5255,9703,2159,2522,3121,5173,3277,8521,1161,1152,3351,4577,2837,5332,2818,7504,3219,6243,1362,1572,1556,3116,1247,4614,66264,51612,3183,44,20048,0,0,24,6
2021-03-02T23:59:59+01:00,4,6,2290,2275,5788,8085,4989,8597,4710,11420,5091,9382,2093,2430,2815,4816,3057,8197,1156,1142,3333,4556,2822,5306,2801,7455,3211,6215,1357,1561,1538,3097,1244,4608,64900,51353,2921,44,18200,0,0,24,6
2021-03-01T23:59:59+01:00,4,6,2263,2248,5683,7869,4889,8449,4625,11267,4989,9206,2037,2352,2516,4492,2869,7880,1150,1139,3319,4538,2810,5277,2785,7409,3195,6187,1350,1558,1531,3088,1241,4604,63624,51132,2699,44,17297,0,0,24,6
2021-02-28T23:59:59+01:00,3,6,2211,2205,5503,7608,4712,8227,4487,11077,4879,9076,1998,2288,2217,4190,2666,7570,1141,1133,3304,4528,2803,5270,2779,7395,3188,6173,1345,1555,1524,3071,1240,4572,62501,50973,2395,44,16003,0,0,24,5
2021-02-27T23:59:59+01:00,3,6,2124,1896,5327,7182,4612,7911,4404,10728,4806,8824,1968,2227,2186,4143,2646,7516,1137,1129,3302,4526,2798,5268,2775,7392,3183,6169,1343,1555,1524,3070,1239,4571,62259,50936,2395,41,13831,0,0,24,5
2021-02-26T23:59:59+01:00,3,6,2067,1818,5180,6942,4465,7650,4253,10462,4597,8540,1839,2119,2125,4103,2538,7336,1116,1116,3285,4492,2786,5229,2762,7338,3161,6115,1337,1544,1520,3061,1238,4569,60924,50625,2389,40,12706,0,0,24,5
2021-02-25T23:59:59+01:00,3,6,1950,1718,4853,6537,4036,7187,3966,9945,4361,8156,1780,2060,2091,4042,2427,7142,1100,1100,3246,4449,2755,5177,2716,7231,3121,6022,1327,1528,1504,3021,1225,4510,60442,49991,2282,38,9512,0,0,24,4
2021-02-24T23:59:59+01:00,3,6,1921,1658,4736,6323,3931,6972,3843,9702,4234,7996,1758,2028,2058,4000,2315,6944,1087,1095,3219,4386,2719,5110,2691,7147,3092,5951,1311,1511,1479,2973,1213,4441,59892,49395,2035,27,8477,0,0,24,4
2021-02-23T23:59:59+01:00,3,6,1697,1511,4361,5833,3650,6579,3621,9322,4078,7710,1728,1996,2014,3953,2202,6760,1068,1083,3181,4358,2691,5052,2664,7071,3057,5892,1291,1491,1452,2938,1203,4391,59436,48868,1988,13,5577,0,0,23,3
2021-02-22T23:59:59+01:00,3,6,1687,1492,4310,5774,3614,6516,3556,9227,4016,7614,1696,1969,1988,3899,2081,6563,1064,1069,3160,4313,2671,5013,2639,7011,3028,5838,1279,1477,1442,2928,1195,4382,58885,48499,1845,8,5258,0,0,23,3
2021-02-21T23:59:59+01:00,3,6,1675,1488,4280,5740,3571,6478,3515,9173,3972,7564,1687,1962,1983,3890,1961,6400,1058,1058,3139,4275,2641,4963,2623,6942,2999,5748,1264,1461,1422,2867,1171,4305,58542,47926,1839,8,4945,0,0,22,3
2021-02-20T23:59:59+01:00,3,6,1674,1487,4275,5737,3569,6477,3515,9171,3970,7563,1682,1960,1981,3886,1960,6400,1058,1058,3137,4273,2641,4963,2622,6941,2999,5748,1264,1460,1421,2867,1171,4305,58525,47918,1839,8,4930,0,0,22,3
2021-02-19T23:59:59+01:00,3,6,1656,1480,4262,5717,3558,6463,3504,9161,3960,7547,1655,1931,1960,3866,1858,6219,1057,1057,3136,4272,2640,4962,2622,6939,2996,5746,1264,1459,1421,2866,1171,4305,58101,47903,1833,8,4852,0,0,20,3
2021-02-18T23:59:59+01:00,3,6,1611,1449,4166,5606,3486,6360,3416,8997,3873,7407,1633,1896,1926,3796,1727,6022,1011,1014,2996,4047,2514,4690,2511,6601,2889,5481,1233,1416,1388,2780,1145,4155,57453,45862,1743,8,4164,0,0,20,2
2021-02-17T23:59:59+01:00,3,5,1589,1420,4070,5456,3401,6209,3298,8761,3746,7206,1581,1827,1853,3695,1610,5717,954,964,2843,3824,2396,4377,2384,6189,2760,5169,1183,1355,1342,2673,1098,3993,56242,43495,1732,7,3453,0,0,20,2
2021-02-16T23:59:59+01:00,3,5,1515,1353,3910,5258,3264,6026,3190,8527,3624,7040,1557,1802,1816,3665,1496,5509,868,932,2711,3666,2297,4166,2258,5866,2627,4913,1125,1263,1194,2370,844,3375,55547,40469,1715,4,2280,0,0,18,2
2021-02-15T23:59:59+01:00,3,5,1500,1335,3864,5171,3205,5939,3133,8412,3557,6934,1546,1788,1801,3642,1488,5488,833,910,2630,3536,2221,3986,2174,5587,2539,4700,1082,1199,1108,2196,780,3160,55081,38638,1713,2,2000,0,0,17,1
2021-02-14T23:59:59+01:00,3,5,1434,1307,3779,5093,3161,5830,3077,8258,3513,6825,1526,1757,1749,3514,1433,5241,824,904,2581,3468,2182,3918,2120,5467,2472,4593,1055,1163,1023,2024,709,2925,54838,37425,1101,2,1549,0,0,17,1
2021-02-13T23:59:59+01:00,3,5,1432,1306,3771,5087,3154,5829,3074,8256,3510,6823,1525,1753,1749,3512,1431,5241,824,904,2581,3468,2182,3917,2118,5466,2471,4593,1053,1162,1023,2024,709,2925,54818,37420,1100,0,1526,0,0,17,0
2021-02-12T23:59:59+01:00,3,4,1398,1290,3733,5053,3132,5809,3052,8222,3491,6778,1508,1742,1739,3495,1422,5221,817,896,2548,3414,2148,3871,2088,5412,2453,4562,1052,1161,1022,2023,708,2923,54588,37098,1098,0,1390,0,0,16,0
2021-02-11T23:59:59+01:00,3,4,1351,1247,3618,4881,3041,5637,2954,7910,3389,6565,1447,1681,1672,3317,1338,4895,780,833,2293,2969,1922,3392,1856,4663,2181,4031,968,1091,936,1831,659,2652,53955,33057,132,0,851,0,0,12,0
2021-02-10T23:59:59+01:00,3,4,1330,1224,3559,4771,2975,5533,2912,7760,3335,6434,1429,1664,1645,3278,1325,4858,702,776,2001,2560,1712,2940,1617,4053,1923,3568,858,944,773,1459,531,2163,53306,28580,130,0,592,0,0,11,0
2021-02-09T23:59:59+01:00,3,3,1317,1206,3504,4701,2945,5464,2892,7667,3297,6366,1422,1649,1617,3255,1315,4845,651,698,1740,2204,1518,2550,1427,3543,1751,3200,826,909,750,1386,510,2050,52996,25713,125,0,336,0,0,11,0
2021-02-08T23:59:59+01:00,3,3,1303,1202,3475,4671,2925,5426,2871,7615,3277,6336,1412,1642,1608,3229,1313,4827,638,664,1588,1967,1377,2296,1293,3235,1591,2940,787,888,702,1280,478,1881,52695,23605,99,0,333,0,0,11,0
2021-02-07T23:59:59+01:00,3,3,1171,1159,3368,4615,2871,5383,2842,7575,3252,6297,1401,1625,1600,3206,1308,4794,491,518,1319,1612,1135,1845,1082,2642,1363,2416,681,760,620,1121,433,1665,52395,19703,71,0,0,0,0,7,0
2021-02-06T23:59:59+01:00,3,3,1167,1157,3366,4613,2866,5380,2835,7572,3248,6293,1399,1623,1599,3203,1307,4793,366,369,1118,1360,998,1541,937,2227,1196,1997,591,658,591,1104,430,1662,52349,17145,71,0,0,0,0,7,0
2021-02-05T23:59:59+01:00,3,1,1156,1146,3350,4592,2859,5352,2823,7528,3229,6247,1393,1615,1596,3196,1306,4793,263,207,933,1042,849,1169,762,1771,1017,1588,473,551,564,1084,427,1657,52107,14357,71,0,0,0,0,7,0
2021-02-04T23:59:59+01:00,3,1,1140,1128,3305,4544,2818,5276,2780,7397,3180,6161,1379,1600,1582,3163,1295,4766,134,82,628,667,558,746,520,1158,673,990,292,368,464,938,389,1506,51463,10113,48,0,0,0,0,7,0
2021-02-03T23:59:59+01:00,3,1,1118,1122,3279,4499,2789,5233,2759,7344,3150,6104,1370,1591,1558,3123,1289,4720,116,66,500,516,426,603,417,916,515,745,243,288,364,736,305,1175,51000,7931,45,0,0,0,0,7,0
2021-02-02T23:59:59+01:00,3,1,1097,1109,3242,4467,2759,5179,2732,7268,3114,6040,1347,1563,1524,3066,1264,4631,106,57,414,417,354,525,368,827,462,663,222,265,319,665,280,1054,50355,6998,44,0,0,0,0,7,0
2021-02-01T23:59:59+01:00,3,1,1081,1097,3223,4414,2728,5118,2700,7141,3083,5942,1327,1535,1499,3030,1248,4568,79,42,315,311,261,400,275,616,327,498,184,217,251,526,218,822,49688,5342,44,0,0,0,0,6,0
2021-01-31T23:59:59+01:00,3,1,1076,1087,3208,4385,2703,5074,2685,7085,3069,5897,1315,1518,1479,2966,1225,4490,69,41,289,286,235,350,254,574,297,459,162,199,211,430,177,666,49216,4699,44,0,0,0,0,6,0
2021-01-30T23:59:59+01:00,3,1,1075,1087,3205,4381,2702,5074,2684,7084,3069,5896,1315,1517,1478,2966,1225,4490,69,38,282,272,222,334,249,563,293,453,161,196,210,430,177,666,49205,4615,41,0,0,0,0,6,0
2021-01-29T23:59:59+01:00,3,1,1074,1086,3204,4377,2702,5072,2683,7082,3066,5894,1315,1517,1478,2965,1225,4490,65,34,264,258,199,312,233,546,282,445,155,192,206,424,176,664,49187,4455,41,0,0,0,0,6,0
2021-01-28T23:59:59+01:00,3,1,1053,1066,3137,4271,2648,4961,2625,6926,2998,5763,1301,1495,1462,2899,1203,4369,55,19,167,155,133,188,163,361,207,281,124,149,160,264,102,385,48139,2913,38,0,0,0,0,4,0
2021-01-27T23:59:59+01:00,3,1,1008,1028,3051,4127,2567,4781,2530,6644,2914,5563,1270,1452,1426,2810,1170,4229,26,8,101,71,62,93,84,211,117,147,94,115,116,195,77,277,46542,1794,28,0,0,0,0,4,0
2021-01-26T23:59:59+01:00,2,1,931,998,2935,3992,2488,4596,2448,6464,2843,5406,1244,1400,1332,2654,954,3827,26,8,96,70,61,92,82,211,115,146,92,114,116,195,77,277,44494,1778,17,0,0,0,0,4,0
2021-01-25T23:59:59+01:00,2,1,915,981,2856,3862,2442,4449,2388,6267,2784,5254,1226,1378,1318,2629,944,3794,26,8,95,70,59,91,82,211,115,144,92,114,116,195,77,277,43475,1772,12,0,0,0,0,3,0
2021-01-24T23:59:59+01:00,2,1,905,977,2836,3847,2432,4417,2362,6228,2751,5193,1213,1372,1309,2607,931,3760,26,8,95,70,59,91,82,211,114,144,91,114,116,195,77,277,43131,1770,9,0,0,0,0,3,0
2021-01-23T23:59:59+01:00,2,1,905,977,2836,3846,2432,4417,2361,6227,2750,5193,1211,1371,1309,2607,931,3760,26,8,95,70,59,91,82,211,114,144,91,114,116,195,77,275,43126,1768,8,0,0,0,0,2,0
2021-01-22T23:59:59+01:00,2,1,899,970,2804,3800,2398,4352,2330,6151,2729,5146,1209,1368,1308,2605,930,3757,26,8,95,70,59,91,82,211,114,144,91,114,116,195,77,275,42751,1768,8,0,0,0,0,0,0
2021-01-21T23:59:59+01:00,2,1,883,902,2546,3384,2197,3933,2148,5542,2505,4660,1157,1320,1264,2481,899,3598,22,8,83,64,55,74,68,169,94,133,81,98,98,145,65,212,39414,1469,8,0,0,0,0,0,0
2021-01-20T23:59:59+01:00,2,1,808,840,2234,2978,1990,3464,1916,4933,2248,4182,1045,1176,1106,2135,786,3135,22,8,83,64,55,73,68,169,93,133,81,98,98,145,64,212,34971,1466,8,0,0,0,0,0,0
2021-01-19T23:59:59+01:00,2,1,748,762,1943,2531,1747,3002,1679,4272,2003,3708,972,1079,983,1860,688,2785,11,3,50,45,36,45,35,100,44,77,36,37,48,77,39,137,30758,820,7,0,0,0,0,0,0
2021-01-18T23:59:59+01:00,2,1,678,705,1711,2131,1508,2524,1428,3584,1746,3201,889,992,884,1655,636,2519,5,2,19,11,13,20,17,54,17,33,19,22,25,53,28,75,26790,413,4,0,0,0,0,0,0
2021-01-17T23:59:59+01:00,1,1,495,543,1394,1727,1224,1986,1169,2842,1466,2573,747,838,735,1375,526,2150,0,1,3,2,0,0,0,0,0,0,0,0,0,0,0,0,21789,6,3,0,0,0,0,0,0
2021-01-16T23:59:59+01:00,1,0,372,395,1211,1478,1103,1698,1025,2438,1308,2163,658,736,705,1359,523,2149,0,0,0,0,0,0,0,0,0,0,0,0,0,0,0,0,19320,0,2,0,0,0,0,0,0
2021-01-15T23:59:59+01:00,1,0,266,232,1027,1174,953,1348,856,1984,1124,1761,536,624,667,1326,512,2109,0,0,0,0,0,0,0,0,0,0,0,0,0,0,0,0,16499,0,1,0,0,0,0,0,0
2021-01-14T23:59:59+01:00,0,0,151,102,709,786,660,873,618,1318,756,1139,346,435,554,1142,462,1880,0,0,0,0,0,0,0,0,0,0,0,0,0,0,0,0,11931,0,0,0,0,0,0,0,0
2021-01-13T23:59:59+01:00,0,0,127,81,598,616,536,705,500,1059,597,873,292,361,466,973,403,1612,0,0,0,0,0,0,0,0,0,0,0,0,0,0,0,0,9799,0,0,0,0,0,0,0,0
2021-01-12T23:59:59+01:00,0,0,116,65,514,527,456,603,435,929,526,769,257,312,382,780,337,1264,0,0,0,0,0,0,0,0,0,0,0,0,0,0,0,0,8272,0,0,0,0,0,0,0,0
2021-01-11T23:59:59+01:00,0,0,87,52,418,427,371,492,347,751,418,594,223,261,320,649,277,1065,0,0,0,0,0,0,0,0,0,0,0,0,0,0,0,0,6752,0,0,0,0,0,0,0,0
2021-01-10T23:59:59+01:00,0,0,73,45,352,353,305,408,290,652,348,527,194,232,260,516,220,834,0,0,0,0,0,0,0,0,0,0,0,0,0,0,0,0,5609,0,0,0,0,0,0,0,0
2021-01-09T23:59:59+01:00,0,0,73,43,337,333,280,384,282,636,340,520,193,231,259,514,220,834,0,0,0,0,0,0,0,0,0,0,0,0,0,0,0,0,5479,0,0,0,0,0,0,0,0
2021-01-08T23:59:59+01:00,0,0,69,37,303,299,234,343,254,594,312,481,175,211,234,456,199,733,0,0,0,0,0,0,0,0,0,0,0,0,0,0,0,0,4934,0,0,0,0,0,0,0,0
2021-01-07T23:59:59+01:00,0,0,58,25,213,199,165,243,194,427,241,344,146,172,180,297,127,462,0,0,0,0,0,0,0,0,0,0,0,0,0,0,0,0,3493,0,0,0,0,0,0,0,0
2021-01-06T23:59:59+01:00,0,0,47,16,163,120,118,162,144,299,178,244,116,140,139,231,88,329,0,0,0,0,0,0,0,0,0,0,0,0,0,0,0,0,2534,0,0,0,0,0,0,0,0
2021-01-05T23:59:59+01:00,0,0,29,8,97,72,63,94,86,215,117,152,105,130,130,213,87,308,0,0,0,0,0,0,0,0,0,0,0,0,0,0,0,0,1906,0,0,0,0,0,0,0,0
2021-01-04T23:59:59+01:00,0,0,27,8,97,71,60,92,86,215,117,150,105,129,130,213,87,308,0,0,0,0,0,0,0,0,0,0,0,0,0,0,0,0,1895,0,0,0,0,0,0,0,0
2021-01-03T23:59:59+01:00,0,0,27,8,97,71,60,92,86,215,116,150,104,129,130,213,87,308,0,0,0,0,0,0,0,0,0,0,0,0,0,0,0,0,1893,0,0,0,0,0,0,0,0
2021-01-02T23:59:59+01:00,0,0,27,8,97,71,60,92,86,215,115,150,104,129,130,213,87,307,0,0,0,0,0,0,0,0,0,0,0,0,0,0,0,0,1891,0,0,0,0,0,0,0,0
2021-01-01T23:59:59+01:00,0,0,27,8,97,71,60,92,86,215,114,149,104,129,130,213,87,307,0,0,0,0,0,0,0,0,0,0,0,0,0,0,0,0,1889,0,0,0,0,0,0,0,0
2020-12-31T23:59:59+01:00,0,0,27,8,97,71,60,92,86,215,113,149,104,129,130,213,87,307,0,0,0,0,0,0,0,0,0,0,0,0,0,0,0,0,1888,0,0,0,0,0,0,0,0
2020-12-30T23:59:59+01:00,0,0,27,8,97,71,59,92,86,215,113,149,104,129,130,213,86,307,0,0,0,0,0,0,0,0,0,0,0,0,0,0,0,0,1886,0,0,0,0,0,0,0,0
2020-12-29T23:59:59+01:00,0,0,15,2,65,53,37,61,50,138,64,89,49,54,72,125,56,208,0,0,0,0,0,0,0,0,0,0,0,0,0,0,0,0,1138,0,0,0,0,0,0,0,0
2020-12-28T23:59:59+01:00,0,0,5,2,36,26,24,30,21,67,25,41,21,23,26,48,28,74,0,0,0,0,0,0,0,0,0,0,0,0,0,0,0,0,497,0,0,0,0,0,0,0,0
2020-12-27T23:59:59+01:00,0,0,0,0,7,5,11,2,1,5,0,2,0,1,2,2,4,6,0,0,0,0,0,0,0,0,0,0,0,0,0,0,0,0,48,0,0,0,0,0,0,0,0
