Datum,<15_m,<15_w,15-24_1_m,15-24_1_w,25-34_1_m,25-34_1_w,35-44_1_m,35-44_1_w,45-54_1_m,45-54_1_w,55-64_1_m,55-64_1_w,65-74_1_m,65-74_1_w,75-84_1_m,75-84_1_w,>84_1_m,>84_1_w,<24_2_m,<24_2_w,25-34_2_m,25-34_2_w,35-44_2_m,35-44_2_w,45-54_2_m,45-54_2_w,55-64_2_m,55-64_2_w,65-74_2_m,65-74_2_w,75-84_2_m,75-84_2_w,>84_2_m,>84_2_w,bp_1,bp_2,mo_1,mo_2,az_1,az_2,ja,unb_1,unb_2
2021-08-02T23:59:59+02:00,6391,6101,53198,54179,96097,94483,88856,88715,87384,93170,88552,91298,53864,67083,42905,59418,10358,20854,39230,40096,79868,78212,72819,72780,76900,82449,80999,84160,50721,63170,40947,56432,9828,19588,750688,647735,130252,105343,157907,135882,63976,83,75
2021-08-01T23:59:59+02:00,6332,6027,52958,53938,95860,94230,88658,88552,87197,93043,88401,91200,53814,67011,42877,59379,10354,20849,38739,39632,78607,77155,71446,71705,76031,81723,80432,83720,50548,62947,40875,56338,9820,19567,749228,641713,130067,103496,157890,135280,63412,83,75
2021-07-31T23:59:59+02:00,6298,5993,52844,53852,95747,94144,88558,88486,87110,92974,88358,91165,53803,67002,42871,59375,10354,20848,37803,38633,78170,76720,70917,71155,75650,81394,80319,83625,50529,62913,40857,56328,9820,19564,748775,637110,129911,102628,157889,135188,63124,83,75
2021-07-30T23:59:59+02:00,6245,5960,52684,53723,95596,93979,88410,88343,86988,92865,88277,91096,53766,66973,42859,59358,10352,20846,36820,37596,77484,76085,70175,70430,75139,80874,79921,83306,50456,62825,40825,56268,9814,19553,747941,631023,129606,101500,157886,134981,62804,83,75
2021-07-29T23:59:59+02:00,6197,5903,52462,53547,95353,93765,88210,88143,86828,92703,88145,90980,53714,66912,42839,59330,10348,20835,35590,36393,76446,75223,69132,69486,74344,80139,79386,82888,50325,62663,40759,56175,9797,19526,746792,623390,129172,99954,157872,134428,62295,83,75
2021-07-28T23:59:59+02:00,6161,5851,52271,53386,95156,93572,88076,87968,86713,92564,88038,90890,53658,66844,42807,59282,10339,20807,34991,35821,75303,74256,67866,68384,73589,79431,78898,82437,50189,62464,40692,56073,9781,19489,745691,617143,128737,98550,157853,133656,62019,83,75
2021-07-27T23:59:59+02:00,6113,5813,52042,53167,94902,93372,87908,87788,86561,92419,87925,90795,53609,66775,42764,59223,10325,20759,34352,35105,73871,73036,66433,67183,72738,78589,78368,81934,50021,62257,40615,55956,9759,19446,744338,609998,128319,97118,157831,132446,61689,83,75
2021-07-26T23:59:59+02:00,6056,5763,51833,52965,94673,93185,87720,87629,86408,92286,87799,90700,53549,66695,42735,59169,10318,20738,33615,34320,72381,71732,65090,65987,71715,77642,77787,81424,49854,62046,40537,55814,9739,19402,743042,602197,127908,95603,157818,131390,61370,83,75
2021-07-25T23:59:59+02:00,6019,5721,51640,52775,94427,92967,87562,87449,86259,92159,87691,90607,53499,66633,42708,59128,10308,20709,32916,33585,71050,70542,63996,64986,70719,76741,77325,80983,49741,61867,40474,55731,9733,19371,741722,595353,127647,94044,157801,130612,61008,83,75
2021-07-24T23:59:59+02:00,5935,5667,51370,52491,94126,92664,87319,87237,86088,92009,87595,90529,53470,66599,42697,59106,10308,20703,32434,33116,70204,69859,63330,64437,69848,76046,77122,80831,49688,61825,40453,55706,9733,19369,739904,591024,127596,93117,157800,130489,60530,83,75
2021-07-23T23:59:59+02:00,5880,5612,51107,52227,93745,92395,87037,87027,85909,91830,87463,90436,53438,66552,42689,59088,10305,20697,31935,32508,69159,69022,62555,63778,68944,75205,76722,80506,49612,61728,40421,55669,9726,19355,737918,585519,127530,91960,157793,130314,60113,83,75
2021-07-22T23:59:59+02:00,5811,5548,50701,51838,93296,91966,86663,86710,85608,91544,87251,90259,53354,66460,42660,59030,10296,20672,31254,31811,67876,68044,61520,62910,67331,73865,76084,80003,49461,61524,40331,55559,9705,19317,734978,579218,127303,89213,157768,129553,59535,83,75
2021-07-21T23:59:59+02:00,5760,5498,50350,51468,92873,91564,86367,86421,85360,91309,87083,90081,53272,66379,42602,58964,10285,20645,30666,31195,66548,67013,60446,62020,65301,72186,75180,79262,49171,61216,40172,55371,9681,19262,732269,573001,127074,84926,157743,128472,59112,83,75
2021-07-20T23:59:59+02:00,5701,5437,49973,51086,92422,91109,86007,86102,85101,91064,86868,89890,53182,66248,42559,58907,10279,20620,30028,30571,65109,65851,59310,61068,64120,71129,74570,78714,48967,60986,40066,55214,9660,19201,729389,566041,126862,83272,157694,127454,58527,83,75
2021-07-19T23:59:59+02:00,5622,5364,49513,50640,91959,90645,85645,85779,84856,90852,86665,89716,53089,66132,42523,58831,10262,20584,29498,30015,63962,64812,58402,60206,62972,70101,73979,78203,48793,60792,39976,55072,9633,19156,726181,560343,126640,81479,157660,126273,58113,83,75
2021-07-18T23:59:59+02:00,5554,5298,48695,49840,90919,89626,84934,85177,84390,90432,86377,89428,52984,65985,42460,58735,10252,20553,28953,29439,62801,63752,57486,59298,61802,69080,73436,77708,48650,60633,39918,54989,9621,19128,719859,554572,126316,79461,157644,125480,57737,83,75
2021-07-17T23:59:59+02:00,5380,5112,48345,49511,90778,89493,84744,85019,84236,90298,86268,89345,52964,65959,42449,58723,10251,20550,28577,29075,62162,63160,56943,58875,61044,68347,73130,77468,48542,60516,39878,54931,9612,19118,718692,551595,126143,78495,157638,124868,56869,83,75
2021-07-16T23:59:59+02:00,5283,5022,48025,49233,90516,89277,84501,84818,84034,90114,86130,89236,52923,65928,42430,58709,10248,20545,28091,28589,61237,62255,56099,58192,59992,67314,72628,77052,48383,60329,39833,54863,9607,19109,717335,546690,125973,77177,157626,124131,55955,83,75
2021-07-15T23:59:59+02:00,5148,4894,47559,48833,90132,88913,84150,84443,83736,89838,85915,89072,52845,65839,42378,58642,10238,20519,27368,27985,59934,61210,54988,57217,58599,66018,71908,76472,48161,60074,39747,54737,9591,19054,714945,540967,125556,74996,157593,122490,54917,83,75
2021-07-14T23:59:59+02:00,5044,4781,47223,48461,89841,88634,83871,84137,83489,89604,85714,88917,52758,65732,42322,58554,10221,20489,26856,27449,58858,60223,54033,56384,57731,65175,71298,75891,47897,59796,39645,54565,9569,19010,712847,535639,125200,74084,157549,120810,54113,83,75
2021-07-13T23:59:59+02:00,4931,4664,46831,48089,89457,88282,83572,83838,83233,89353,85515,88755,52652,65630,42269,58491,10215,20470,26215,26801,57498,59046,52846,55406,56746,64268,70578,75256,47623,59476,39519,54389,9540,18960,710558,529365,124832,72987,157503,118784,53271,83,74
2021-07-12T23:59:59+02:00,4764,4495,46299,47585,89065,87951,83194,83529,82989,89106,85329,88597,52572,65537,42221,58427,10203,20455,25600,26163,55997,57703,51560,54355,55524,63133,69840,74639,47253,59049,39346,54168,9500,18895,707913,522141,124466,71963,157459,116449,52397,83,73
2021-07-11T23:59:59+02:00,4366,4127,45365,46670,88645,87524,82781,83149,82688,88822,85139,88455,52486,65448,42196,58372,10192,20438,25005,25605,54625,56450,50264,53320,54481,62104,69252,74093,46909,58667,39223,53992,9476,18853,704024,515558,123995,70959,157420,114666,51341,83,73
2021-07-10T23:59:59+02:00,4354,4112,45038,46340,88196,87045,82453,82842,82586,88725,85071,88397,52467,65426,42187,58358,10191,20434,24525,25082,53555,55524,49410,52742,53888,61540,69037,73907,46539,58252,39123,53889,9471,18844,703366,511301,123532,70876,157247,113352,49994,83,73
2021-07-09T23:59:59+02:00,4336,4099,44617,45909,87588,86497,82075,82506,82338,88541,84959,88304,52432,65397,42180,58345,10187,20425,23836,24315,52239,54290,48481,51861,53109,60689,68619,73509,46180,57846,39037,53800,9463,18832,701984,505169,122957,70473,157081,112009,48630,83,72
2021-07-08T23:59:59+02:00,4312,4073,44075,45430,86734,85797,81556,82002,82086,88302,84766,88152,52367,65330,42148,58299,10178,20408,22869,23401,50307,52741,47111,50713,51979,59569,67940,72880,45667,57294,38902,53638,9435,18763,699914,497509,122072,69212,156790,109482,47156,83,72
2021-07-07T23:59:59+02:00,4289,4046,43507,44863,85914,85036,81018,81529,81802,88011,84564,87993,52290,65232,42109,58237,10171,20388,22011,22516,48371,51074,45611,49581,50751,58396,67255,72350,44936,56558,38713,53401,9404,18705,697464,489431,121079,68103,156540,106392,45834,82,70
2021-07-06T23:59:59+02:00,4254,4026,42970,44351,85070,84314,80414,80942,81437,87684,84391,87819,52200,65151,42072,58174,10162,20363,21185,21669,46398,49293,44232,48329,49481,57057,66512,71632,44110,55790,38528,53162,9386,18649,694876,480512,120057,67024,156235,103442,44544,82,70
2021-07-05T23:59:59+02:00,4231,3990,41830,43383,83579,83234,79686,80338,80989,87267,84122,87561,52083,65014,42024,58096,10148,20336,20015,20628,44459,47706,43208,47367,48456,56104,65819,71016,43354,54930,38356,52939,9363,18610,691636,474579,118999,66158,155875,100360,41319,82,70
2021-07-04T23:59:59+02:00,4204,3969,40488,42196,81951,81927,78970,79732,80520,86845,83853,87367,51993,64888,41978,58045,10135,20307,18672,19422,42675,46195,42512,46629,47655,55248,65242,70449,42610,54085,38193,52749,9345,18563,688604,469960,117848,65231,155449,97744,37385,82,70
2021-07-03T23:59:59+02:00,3744,3554,38931,40671,81093,81276,78486,79242,80080,86368,83639,87199,51924,64787,41960,57993,10132,20301,17865,18734,41762,45509,42092,46249,47251,54853,65076,70284,42023,53357,38131,52649,9338,18553,684920,468033,116542,65133,155360,96154,34476,82,70
2021-07-02T23:59:59+02:00,3187,2986,37384,39195,80381,80547,77821,78543,79560,85862,83397,86999,51873,64700,41931,57945,10120,20288,17111,18025,40626,44555,41360,45559,46422,54073,64558,69838,41074,52152,38001,52460,9322,18534,679927,463010,115140,64675,155200,93670,32370,82,67
2021-07-01T23:59:59+02:00,2543,2443,35679,37554,79420,79695,76989,77718,78857,85223,83082,86719,51752,64543,41869,57841,10102,20260,16250,17134,39100,43329,40148,44498,45121,52950,63822,69268,40187,51018,37851,52253,9305,18502,673673,456692,113435,63032,154971,90914,30128,82,67
2021-06-30T23:59:59+02:00,2503,2412,34677,36561,77604,78201,75290,76220,78199,84675,82800,86425,51620,64380,41809,57747,10090,20233,15231,16175,37423,42105,38953,43386,43963,51896,63071,68644,39646,50343,37737,52058,9283,18467,667866,450597,111706,61697,154745,89051,27047,82,66
2021-06-29T23:59:59+02:00,2470,2380,33850,35684,76011,76721,73680,74802,77413,83963,82259,85939,51439,64162,41734,57616,10073,20197,14403,15280,36112,40965,38035,42567,42742,50848,62360,68062,38944,49410,37601,51841,9262,18424,661577,445457,109846,59859,154469,87111,24419,82,65
2021-06-28T23:59:59+02:00,2430,2346,33049,34893,74399,75317,72008,73405,76391,83179,81655,85444,51261,63935,41657,57509,10060,20163,13664,14537,35060,39953,37211,41839,41624,49857,61713,67521,38074,48329,37434,51623,9243,18377,655165,440668,107881,58350,153876,84921,22097,82,64
2021-06-27T23:59:59+02:00,2416,2331,32320,34157,72835,73948,70605,72202,74996,82061,80985,84900,51061,63721,41592,57393,10050,20134,13035,13912,34105,39204,36560,41237,40693,49010,61179,67080,37219,47304,37282,51446,9228,18346,649008,436809,105945,57588,152925,82668,19747,82,64
2021-06-26T23:59:59+02:00,1784,1727,31292,33064,72484,73630,70138,71737,74702,81752,80891,84813,51039,63692,41578,57383,10049,20131,12844,13706,33448,38667,35920,40819,40175,48675,60186,66083,36231,46173,37115,51233,9214,18313,644247,430868,105008,57537,152919,80732,19636,76,64
2021-06-25T23:59:59+02:00,1165,1131,30184,31905,71999,73106,69524,71038,74281,81309,80515,84493,50978,63606,41544,57340,10044,20118,12524,13321,32596,37871,35052,40000,39237,47839,58975,64851,35716,45477,36923,50933,9191,18269,637969,422470,103820,57092,152911,79675,19504,76,64
2021-06-24T23:59:59+02:00,565,572,28857,30600,71233,72369,68652,70158,73609,80685,80075,84129,50873,63477,41492,57271,10033,20084,11868,12629,31439,36574,33844,38736,38116,46732,57340,63476,35244,44958,36766,50746,9172,18209,630241,413186,102328,55543,152796,77788,19293,76,63
2021-06-23T23:59:59+02:00,538,538,28355,30062,70130,71393,67378,69025,72863,79998,79625,83727,50762,63303,41431,57175,10016,20053,11383,12105,30442,35330,32915,37515,37108,45856,55407,61766,34693,44396,36598,50519,9151,18144,624046,403468,100756,54483,152693,76534,18801,76,63
2021-06-22T23:59:59+02:00,515,522,27846,29484,68958,70370,66179,67996,72185,79296,79210,83361,50656,63175,41383,57091,10007,20028,11039,11708,29522,34396,31952,36632,36153,44968,53445,59935,34310,43920,36461,50278,9122,18087,617744,394969,99302,52911,152558,75422,18582,76,62
2021-06-21T23:59:59+02:00,483,488,27185,28828,67646,69202,64998,66867,71426,78517,78814,82966,50549,63066,41324,57005,9994,19986,10753,11401,28898,33819,31405,36068,35555,44381,51603,58282,33605,43121,36166,49856,9093,18011,610960,387434,97807,51716,152437,74757,18065,75,62
2021-06-20T23:59:59+02:00,399,406,26548,28172,66430,68071,63982,65926,70623,77777,78459,82630,50471,62942,41276,56936,9989,19953,10467,11142,28355,33319,30950,35576,35049,43861,49769,56501,33063,42442,35969,49523,9063,17951,604595,380050,96342,50965,152339,74298,17639,75,60
2021-06-19T23:59:59+02:00,367,372,26170,27812,65704,67503,63464,65434,69828,77125,78305,82502,50451,62917,41260,56921,9988,19953,10338,10949,28110,33002,30696,35258,34827,43602,48330,55114,32808,42097,35887,49387,9055,17923,600676,374683,95402,50953,152337,74113,17586,75,60
2021-06-18T23:59:59+02:00,340,338,25714,27355,64693,66766,62729,64822,68911,76292,77913,82164,50390,62841,41233,56885,9984,19945,10124,10715,27711,32584,30372,34848,34442,43212,46609,53460,32457,41584,35750,49175,9036,17890,595277,367880,94163,50667,152329,73902,17472,74,60
2021-06-17T23:59:59+02:00,311,307,25083,26757,63441,65769,61738,64013,67321,74893,77392,81765,50290,62689,41170,56802,9971,19917,9714,10365,26920,31900,29633,34171,33607,42513,45106,51972,32013,40958,35587,48921,9004,17840,589228,360480,91517,49529,152171,73528,16640,73,59
2021-06-16T23:59:59+02:00,278,269,24565,26185,62145,64646,60630,63031,65048,72975,76547,81109,50079,62478,41079,56689,9952,19886,9400,10115,26271,31236,28927,33550,32882,41887,44517,51410,31744,40601,35441,48723,8983,17799,583015,356805,87014,48825,151724,72040,15767,71,59
2021-06-15T23:59:59+02:00,239,238,23930,25504,60750,63446,59548,62047,63893,71890,76045,80685,49955,62329,41029,56592,9945,19856,9142,9848,25670,30503,28288,32795,32208,41165,42962,49790,31299,40049,35270,48490,8953,17735,575932,350118,85386,47933,151254,70789,15278,71,59
2021-06-14T23:59:59+02:00,217,207,23466,24923,59651,62393,58672,61201,62823,70887,75570,80296,49868,62208,40979,56521,9929,19830,8856,9549,24918,29616,27525,31963,31419,40351,41679,48455,30932,39551,35134,48266,8923,17684,570103,343998,83669,46910,151049,69114,14749,71,59
2021-06-13T23:59:59+02:00,212,192,23050,24459,58722,61489,57898,60418,61717,69919,75098,79865,49779,62091,40930,56462,9918,19801,8582,9253,24211,28781,26810,31128,30658,39500,40141,46885,30470,38946,34933,47962,8893,17595,565096,336991,81805,46134,150817,67343,14231,71,58
2021-06-12T23:59:59+02:00,199,175,22826,24195,58173,60991,57541,60138,61074,69276,74899,79751,49755,62060,40918,56448,9915,19797,8468,9137,23733,28196,26294,30559,30147,38941,39067,45914,30303,38767,34837,47797,8889,17584,562207,332801,80849,46131,150809,65457,14195,71,58
2021-06-11T23:59:59+02:00,181,159,22475,23786,57437,60180,56862,59512,60169,68346,74546,79440,49681,61987,40893,56412,9912,19791,8337,8948,23226,27527,25767,29904,29566,38309,37997,44908,30036,38413,34695,47574,8876,17558,557214,327984,79561,45872,150792,63605,14131,71,57
2021-06-10T23:59:59+02:00,166,142,21948,23231,56311,59256,55933,58693,58912,67174,74014,79032,49610,61880,40869,56360,9899,19763,8077,8701,22362,26586,24808,28969,28452,37387,36611,43747,29685,37938,34417,47142,8809,17483,551684,321118,77357,45166,150545,61307,13536,71,55
2021-06-09T23:59:59+02:00,145,129,21331,22686,55063,58164,54872,57786,57965,66270,73546,78640,49523,61780,40819,56298,9885,19733,7791,8438,21449,25722,23873,28080,27427,36441,34899,41967,29302,37440,34232,46873,8768,17393,545975,313713,75910,44441,150190,59405,12489,71,55
2021-06-08T23:59:59+02:00,123,111,20663,22006,53764,57040,53755,56815,57010,65411,73003,78206,49436,61656,40763,56205,9865,19702,7528,8205,20537,24830,22815,27217,26396,35488,33550,40666,28947,36933,33913,46422,8715,17310,539348,307423,74991,43678,149745,56944,11379,71,54
2021-06-07T23:59:59+02:00,106,93,20022,21411,52331,55790,52492,55842,55852,64428,72453,77806,49352,61550,40717,56140,9852,19674,7282,7986,19696,24008,21790,26404,25364,34620,32617,39886,28664,36545,33669,45998,8664,17219,532116,302816,74096,42861,149331,54388,10297,71,54
2021-06-06T23:59:59+02:00,99,87,19516,20878,51185,54703,51392,54869,54892,63478,71944,77402,49268,61476,40680,56077,9845,19658,7074,7788,18909,23118,20890,25532,24294,33639,31706,39073,28382,36208,33413,45608,8615,17144,525809,298263,73076,42123,148994,51456,9501,69,54
2021-06-05T23:59:59+02:00,94,79,19250,20583,50414,53951,50739,54361,54417,62983,71807,77283,49252,61459,40677,56073,9842,19658,6850,7383,18273,22054,20171,24423,23422,32408,30685,37762,28054,35748,33289,45435,8608,17124,521509,291980,73071,42085,148842,48143,9431,69,54
2021-06-04T23:59:59+02:00,84,72,18807,20005,49370,52951,49930,53492,53769,62201,71464,76955,49223,61423,40657,56058,9840,19651,6633,7074,17656,21205,19498,23439,22500,31144,29479,36435,27767,35386,33177,45263,8596,17105,515057,285601,72751,42017,148823,45436,9252,69,54
2021-06-03T23:59:59+02:00,73,61,18136,19335,47852,51655,48724,52374,52808,61191,70968,76495,49159,61322,40619,56013,9827,19627,6346,6684,16922,20164,18709,22294,21504,29733,28321,34958,27225,34610,32973,44939,8560,17030,507353,278890,71737,41273,148547,42225,8534,68,53
2021-06-02T23:59:59+02:00,68,57,17769,18835,46842,50680,47866,51633,52072,60444,70723,76282,49122,61286,40600,55985,9819,19613,6166,6448,16279,19485,17808,21545,20682,28797,27233,33561,26759,34006,32814,44689,8531,16960,501121,272659,71724,41258,148523,39538,8261,67,50
2021-06-01T23:59:59+02:00,57,51,17101,18116,44987,48943,46221,50176,50553,58999,70042,75683,49032,61174,40540,55912,9806,19565,5892,6139,15124,18590,16306,20588,19481,27564,26017,32174,26209,33317,32567,44342,8485,16856,492002,266220,70384,40694,147970,36152,6537,65,50
2021-05-31T23:59:59+02:00,55,47,16628,17635,43678,47806,45015,49077,49316,57889,69364,75171,48955,61073,40496,55843,9794,19530,5615,5820,14089,17764,14910,19673,18315,26462,24800,30837,25694,32602,32373,44046,8451,16758,485761,259958,69221,40150,147513,33241,4813,64,49
2021-05-30T23:59:59+02:00,48,46,16305,17244,42702,46873,44111,48171,48324,56893,68804,74623,48847,60918,40425,55730,9779,19487,5428,5579,13543,17066,14289,18982,17430,25498,23706,29668,24925,31655,32080,43631,8407,16670,479780,254013,68187,39351,147103,30951,4196,64,48
2021-05-29T23:59:59+02:00,48,46,16176,17128,42344,46559,43769,47907,48083,56704,68745,74565,48841,60911,40419,55727,9779,19487,5265,5339,13035,16255,13644,18133,16587,24334,22597,28370,24769,31424,32017,43538,8404,16663,477822,248430,68067,39351,147093,28356,4192,64,47
2021-05-28T23:59:59+02:00,47,44,15876,16823,41649,45931,43259,47348,47577,56162,68469,74268,48776,60829,40391,55678,9776,19482,5026,4955,12499,15340,12969,17271,15725,23108,21506,26937,24523,31060,31924,43404,8394,16646,473538,242431,67568,39246,147061,25413,4154,64,45
2021-05-27T23:59:59+02:00,44,40,15360,16304,40506,44953,42244,46467,46594,55278,67885,73836,48654,60669,40337,55606,9765,19441,4804,4619,11860,14514,12185,16336,14661,21919,20250,25431,24021,30321,31752,43143,8361,16564,467727,235111,66058,38441,146345,23359,3789,64,43
2021-05-26T23:59:59+02:00,42,39,14953,15879,39411,44037,41212,45586,45569,54402,67278,73326,48503,60490,40257,55438,9744,19393,4613,4424,11303,13754,11464,15487,13662,20787,18857,23847,23438,29542,31536,42803,8309,16463,462615,227859,64033,37584,145355,21313,3492,64,43
2021-05-25T23:59:59+02:00,42,38,14563,15477,38408,43150,40246,44732,44617,53484,66669,72796,48324,60257,40178,55306,9718,19339,4407,4222,10763,13110,10705,14706,12600,19557,17427,22342,22856,28764,31303,42486,8255,16376,457320,220531,62452,36645,144248,19404,3260,64,41
2021-05-24T23:59:59+02:00,41,38,14220,15154,37580,42416,39375,44061,43755,52702,66137,72313,48199,60080,40114,55184,9698,19295,4264,4097,10317,12651,10067,14122,11723,18727,16147,21088,22189,27934,31087,42162,8197,16290,452703,213673,61224,35706,143520,18794,2851,64,40
2021-05-23T23:59:59+02:00,37,38,14052,14981,37111,42043,38925,43659,43306,52298,65868,72087,48125,59990,40076,55139,9691,19271,4075,3958,9857,12178,9449,13516,10785,17916,14956,20028,21724,27369,30835,41876,8150,16209,449526,206715,60849,35627,143492,17735,2766,64,40
2021-05-22T23:59:59+02:00,35,36,13855,14765,36427,41479,38248,43206,42735,51891,64850,71081,47921,59734,40006,55026,9681,19249,3966,3663,9641,11765,9296,13188,10544,17472,14688,19628,21631,27252,30801,41836,8143,16200,443102,205498,60846,35625,143478,15818,2735,64,40
2021-05-21T23:59:59+02:00,34,35,13477,14364,35356,40565,37187,42278,41672,50994,63495,69798,47691,59397,39925,54879,9664,19216,3860,3567,9434,11501,9086,12924,10216,17145,14280,19260,21411,26966,30741,41746,8134,16192,433509,203562,60494,35319,143242,14827,2719,63,38
2021-05-20T23:59:59+02:00,31,35,12683,13640,33918,39113,35768,40869,40272,49797,62212,68647,47402,59055,39782,54699,9643,19165,3712,3386,8909,10900,8441,12218,9517,16300,13526,18303,20599,25854,30548,41450,8096,16107,423322,199221,58793,34475,142213,11792,2342,61,38
2021-05-19T23:59:59+02:00,31,34,12147,13076,32738,37689,34668,39489,39149,48840,60214,66881,46926,58498,39599,54438,9602,19059,3609,3256,8637,10528,8146,11844,9075,15793,12890,17643,19735,24725,30322,41147,8040,15992,412493,194988,57275,33662,141108,10557,2141,61,36
2021-05-18T23:59:59+02:00,28,34,11726,12633,31694,36670,33577,38576,38111,47905,58157,65024,46571,58049,39446,54199,9570,19000,3411,3092,8145,9924,7675,11299,8534,15128,12210,16874,18796,23498,30085,40804,8004,15887,403846,190906,55317,32823,139912,7768,1835,60,36
2021-05-17T23:59:59+02:00,26,33,11475,12357,31177,36115,33085,38016,37521,47271,56254,63317,45870,57227,39169,53802,9533,18926,3329,2983,7883,9641,7382,11000,8134,14716,11643,16270,17880,22366,29853,40485,7969,15813,396266,186538,54195,32076,139106,7152,1548,59,35
2021-05-16T23:59:59+02:00,26,33,11255,12103,30656,35612,32623,37524,36998,46700,54361,61493,45326,56529,38975,53483,9506,18871,3228,2884,7595,9352,7062,10656,7658,14255,11064,15686,16951,21219,29644,40196,7931,15745,389314,182266,53228,31230,138443,6568,1031,58,33
2021-05-15T23:59:59+02:00,26,33,11101,11900,30378,35279,32386,37204,36769,46437,52792,60016,45076,56223,38898,53345,9500,18843,3208,2866,7570,9323,7047,10635,7640,14242,11047,15665,16842,21006,29435,39889,7923,15735,383512,181282,53225,31229,138397,6518,1014,58,32
2021-05-14T23:59:59+02:00,26,33,10855,11619,29911,34773,32007,36743,36259,45965,50922,58189,44714,55722,38758,53137,9484,18803,3181,2848,7500,9253,6993,10564,7581,14184,10865,15467,16112,19941,29149,39403,7906,15695,375732,178379,52898,30890,138268,6379,964,58,32
2021-05-13T23:59:59+02:00,23,32,10573,11294,29264,34135,31407,36139,35588,45300,49453,56672,44284,55095,38588,52895,9457,18757,3113,2802,7373,9152,6906,10470,7478,14076,10539,15121,15055,18708,28763,38760,7863,15621,368646,174585,51881,30328,137518,6004,854,57,31
2021-05-12T23:59:59+02:00,23,30,10444,11152,28983,33818,31141,35846,35278,44987,49168,56364,44185,54989,38535,52815,9450,18719,3101,2776,7339,9116,6876,10435,7451,14037,10373,14965,14683,18279,28460,38281,7841,15574,365979,172547,51800,30318,137359,5960,732,57,31
2021-05-11T23:59:59+02:00,22,27,10098,10829,28131,32993,30310,35093,34417,44207,47434,54597,43732,54397,38359,52524,9412,18617,3014,2680,7096,8836,6653,10136,7236,13667,9893,14417,13706,17130,28047,37667,7804,15480,359070,168886,50095,29428,135471,4612,506,57,31
2021-05-10T23:59:59+02:00,21,27,9792,10552,27385,32293,29535,34395,33648,43441,46129,53332,43350,53886,38169,52219,9362,18504,2972,2635,6969,8713,6558,10019,7097,13486,9630,14110,13012,16272,27621,37058,7778,15400,352821,166080,48978,29049,133790,3776,397,54,29
2021-05-09T23:59:59+02:00,20,27,9561,10307,26708,31612,28869,33696,32927,42745,44610,51863,42850,53266,37969,51915,9325,18419,2924,2589,6846,8570,6452,9878,6985,13274,9315,13799,12214,15374,27258,36525,7758,15344,345755,163236,47902,28495,132669,3036,310,53,29
2021-05-08T23:59:59+02:00,20,27,9468,10239,26323,31311,28423,33382,32474,42441,43578,51035,42698,53103,37928,51853,9323,18413,2921,2585,6838,8565,6446,9870,6977,13263,9306,13787,12176,15312,26582,35576,7721,15268,341239,161370,47860,28468,132583,3023,304,53,29
2021-05-07T23:59:59+02:00,19,27,9327,10091,25852,30933,27978,33008,31969,42095,42541,50210,42427,52763,37815,51693,9311,18386,2874,2559,6785,8524,6390,9815,6926,13211,9133,13568,11546,14500,25644,34199,7674,15186,336128,157290,47553,28099,132425,2831,286,53,29
2021-05-06T23:59:59+02:00,17,26,8929,9802,24936,30165,26919,32208,30745,41279,40926,49001,42048,52219,37620,51451,9273,18313,2811,2513,6655,8378,6275,9687,6778,13025,8863,13271,10898,13640,24685,32820,7641,15125,328292,153521,46479,27146,130779,2095,275,52,29
2021-05-05T23:59:59+02:00,17,25,8563,9602,24056,29567,26056,31544,29658,40489,38951,47189,41605,51666,37412,51169,9216,18201,2771,2483,6538,8250,6174,9573,6676,12884,8618,13014,10193,12814,23675,31499,7612,15054,320446,149652,45628,26261,128669,1696,191,52,29
2021-05-04T23:59:59+02:00,17,24,8320,9375,23260,28921,25084,30805,28588,39654,37441,45726,41136,51081,37134,50822,9170,18080,2733,2462,6466,8178,6092,9508,6602,12806,8382,12794,9465,11961,22731,30258,7578,14991,313799,145947,44664,25455,126037,1492,86,52,28
2021-05-03T23:59:59+02:00,17,23,8117,9162,22561,28342,24246,30200,27681,38960,36484,44975,40789,50608,36920,50532,9120,17976,2688,2431,6397,8101,6014,9443,6514,12722,8154,12582,8723,11063,21817,29044,7547,14941,308938,142219,43887,24638,123791,1251,46,51,28
2021-05-02T23:59:59+02:00,17,23,7954,8998,21924,27766,23508,29609,26864,38338,35670,44344,40529,50277,36807,50346,9086,17919,2650,2408,6355,8059,5979,9408,6475,12682,7972,12409,8124,10329,21109,28177,7526,14923,304112,139041,43118,24363,122660,1116,39,50,27
2021-05-01T23:59:59+02:00,16,23,7802,8816,21551,27309,23026,29034,26221,37630,34846,43449,40266,49903,36710,50193,9080,17902,2644,2402,6329,8049,5964,9399,6457,12668,7955,12394,8088,10266,21070,28120,7522,14919,298017,138751,43117,24356,122554,1074,39,50,27
2021-04-30T23:59:59+02:00,16,21,7655,8638,21164,26880,22581,28469,25474,36854,33839,42486,40037,49584,36613,50040,9068,17881,2626,2389,6305,8031,5942,9382,6430,12648,7923,12360,8048,10196,21020,28037,7519,14910,291734,138440,43110,24283,122373,984,33,50,27
2021-04-29T23:59:59+02:00,15,21,7386,8399,20571,26309,21911,27787,24542,35891,32565,41150,38993,48180,36294,49567,9011,17753,2594,2355,6213,7921,5858,9280,6336,12506,7722,12087,7425,9474,20614,27521,7497,14836,283002,136382,42325,23057,120940,743,33,45,25
2021-04-28T23:59:59+02:00,14,19,7111,8182,20051,25838,21274,27188,23657,35044,31171,39700,37832,46594,35951,49072,8948,17611,2525,2308,6105,7800,5749,9150,6235,12357,7503,11817,6738,8630,20198,26946,7456,14765,274325,133944,41554,21762,119304,519,33,41,25
2021-04-27T23:59:59+02:00,13,19,6929,8004,19619,25414,20659,26651,22804,34271,29963,38381,36744,45152,35570,48502,8878,17484,2501,2283,6002,7703,5696,9053,6169,12234,7289,11619,6137,7895,19793,26449,7436,14742,266529,131851,40691,20821,117763,272,33,41,25
2021-04-26T23:59:59+02:00,12,19,6747,7840,19201,24991,20117,26126,22003,33517,28750,37149,35686,43730,35264,48019,8829,17360,2490,2273,5959,7661,5651,9014,6133,12190,7103,11454,5523,7165,19423,26001,7412,14715,258858,129893,39866,19979,116566,241,30,40,25
2021-04-25T23:59:59+02:00,12,18,6643,7707,18863,24722,19738,25788,21392,32903,27767,36194,34557,42303,34949,47591,8788,17279,2478,2266,5941,7638,5632,8997,6113,12165,7066,11427,5396,6984,19088,25537,7396,14671,251687,129272,39152,19238,116305,231,30,40,25
2021-04-24T23:59:59+02:00,12,18,6478,7531,18421,24290,19180,25251,20608,32102,26688,35147,34307,41990,34855,47426,8778,17267,2474,2260,5928,7628,5624,8986,6108,12161,7056,11420,5323,6873,18990,25396,7393,14663,245730,128818,39148,19199,115401,213,30,40,24
2021-04-23T23:59:59+02:00,12,18,6255,7333,17973,23818,18612,24641,19784,31289,25533,33955,33532,40818,34711,47189,8764,17244,2468,2242,5901,7604,5587,8947,6063,12117,7010,11368,5157,6597,18452,24771,7293,14494,238175,126976,38820,18853,114417,191,30,39,22
2021-04-22T23:59:59+02:00,11,17,6040,7125,17368,23229,17819,23859,18734,30267,24213,32524,32493,39466,34466,46833,8726,17166,2454,2227,5857,7554,5539,8863,5988,12039,6934,11298,4873,6182,17740,23898,7174,14300,229142,124823,37903,17890,113245,157,30,36,21
2021-04-21T23:59:59+02:00,11,16,5841,6945,16837,22758,17157,23256,17755,29370,22659,30933,31488,38236,34169,46397,8678,17078,2430,2210,5815,7499,5482,8788,5922,11939,6839,11218,4714,5908,17042,23051,7058,14119,220275,122737,37132,17122,112113,125,30,34,21
2021-04-20T23:59:59+02:00,10,15,5658,6752,16282,22286,16418,22600,16763,28370,21193,29465,30342,36751,33856,45967,8630,16990,2418,2196,5766,7462,5442,8743,5874,11873,6760,11155,4595,5755,16441,22277,6932,13940,211316,121059,36250,16406,110719,117,29,34,19
2021-04-19T23:59:59+02:00,10,15,5473,6596,15750,21857,15743,22043,15773,27494,19805,28067,28971,35118,33540,45494,8574,16876,2407,2183,5741,7429,5405,8710,5835,11828,6679,11079,4469,5594,15793,21568,6824,13779,202652,119419,35472,15743,109014,114,29,32,19
2021-04-18T23:59:59+02:00,9,15,5286,6455,15317,21533,15127,21482,14803,26707,18468,26929,27585,33471,33209,45076,8518,16790,2356,2137,5610,7309,5291,8597,5728,11679,6574,10960,4353,5407,15200,20902,6711,13600,194131,117784,34643,14474,107945,110,29,32,18
2021-04-17T23:59:59+02:00,9,14,5251,6420,15163,21458,14951,21397,14568,26528,18214,26708,27078,32930,33083,44928,8509,16775,2329,2097,5510,7155,5184,8438,5628,11491,6484,10827,4301,5345,14959,20608,6701,13587,192914,116027,34638,14470,106371,101,29,32,18
2021-04-16T23:59:59+02:00,9,14,5188,6366,14986,21305,14740,21236,14286,26278,17800,26297,26035,31699,32950,44717,8488,16752,2283,2047,5394,6971,5048,8257,5476,11251,6288,10606,4096,5112,14314,19820,6603,13442,189564,112797,34350,14073,105171,92,29,32,18
2021-04-15T23:59:59+02:00,7,13,5119,6289,14773,21092,14472,20948,13857,25928,17165,25669,24674,30092,32693,44394,8453,16674,2213,1963,5198,6736,4846,7936,5269,10934,6072,10322,3898,4862,13485,18738,6488,13275,185018,108978,33541,13130,103692,81,29,32,18
2021-04-14T23:59:59+02:00,7,13,5038,6219,14569,20892,14218,20724,13467,25594,16500,25052,23098,28308,32380,43991,8402,16580,2025,1843,4980,6474,4657,7687,5042,10685,5838,10037,3762,4655,12759,17821,6361,13061,180421,105890,32667,11676,101903,75,29,32,18
2021-04-13T23:59:59+02:00,7,13,4987,6172,14370,20757,13985,20543,13124,25299,15931,24549,21396,26464,32063,43569,8370,16473,1940,1791,4814,6287,4472,7468,4842,10430,5634,9805,3626,4490,12244,17206,6238,12900,176204,103514,31792,10562,100016,65,29,31,18
2021-04-12T23:59:59+02:00,7,12,4923,6107,14154,20560,13681,20280,12739,24887,15354,23996,19803,24523,31773,43209,8330,16399,1810,1700,4634,6128,4326,7292,4680,10238,5497,9647,3509,4335,11814,16697,6127,12737,171853,101835,30739,9227,98085,64,29,31,17
2021-04-11T23:59:59+02:00,7,12,4854,6031,13930,20362,13386,20069,12326,24536,14794,23488,18298,22752,31510,42870,8287,16320,1773,1664,4514,6015,4215,7169,4558,10107,5363,9517,3395,4216,11325,16088,5996,12531,167574,100091,29780,8250,96420,62,28,30,16
2021-04-10T23:59:59+02:00,7,12,4849,6023,13911,20348,13377,20059,12309,24520,14771,23469,17610,21830,31218,42452,8269,16293,1769,1652,4502,6004,4200,7155,4545,10093,5310,9452,3293,4103,10769,15254,5867,12333,166506,97951,29753,8250,95012,59,26,30,16
2021-04-09T23:59:59+02:00,7,12,4836,6006,13875,20299,13333,20012,12262,24466,14511,23217,16093,19944,30812,41806,8235,16250,1745,1642,4480,5989,4174,7128,4504,10059,5273,9403,3208,3984,9904,14266,5719,12135,163892,95515,29412,8002,92619,58,24,29,15
2021-04-08T23:59:59+02:00,7,12,4793,5978,13774,20225,13253,19932,12163,24362,14176,22858,14326,17736,30195,40797,8177,16129,1724,1629,4448,5936,4122,7044,4440,9979,5201,9326,3100,3881,9426,13666,5514,11890,160069,93672,28384,7567,90397,57,16,27,15
2021-04-07T23:59:59+02:00,7,12,4763,5950,13670,20143,13160,19847,12062,24260,13799,22502,12821,15891,29552,39829,8122,16031,1705,1617,4396,5869,4037,6970,4351,9895,5111,9227,3014,3786,8683,12573,5279,11487,155675,91130,27509,6794,89195,47,15,27,15
2021-04-06T23:59:59+02:00,7,12,4734,5924,13573,20076,13079,19786,11986,24195,13424,22151,11188,13887,28891,38859,8090,15960,1645,1563,4268,5743,3929,6846,4232,9747,5008,9098,2899,3665,7978,11644,5007,11122,151665,88749,26628,5573,87488,45,14,27,14
2021-04-05T23:59:59+02:00,7,11,4697,5896,13496,20010,13012,19718,11931,24115,13152,21897,9579,11945,28165,37810,8055,15898,1574,1494,4113,5593,3761,6690,4079,9598,4853,8970,2767,3548,7173,10683,4736,10733,148474,86384,25614,3913,85266,42,13,27,14
2021-04-04T23:59:59+02:00,7,11,4683,5878,13485,19990,13004,19701,11923,24095,13055,21827,8556,10685,27718,37168,8030,15841,1572,1492,4105,5587,3759,6685,4074,9593,4851,8962,2762,3539,6937,10219,4652,10608,146747,85427,25610,3913,83263,36,10,27,12
2021-04-03T23:59:59+02:00,7,11,4680,5868,13468,19970,12994,19691,11913,24085,13041,21809,7652,9617,26836,35927,7981,15730,1568,1488,4103,5582,3757,6682,4066,9581,4837,8949,2755,3528,6799,9958,4613,10528,144274,84825,25602,3913,81369,36,9,26,12
2021-04-02T23:59:59+02:00,7,11,4675,5850,13431,19945,12955,19648,11870,24037,12966,21742,7139,8870,25252,33827,7835,15462,1559,1472,4077,5559,3731,6641,4030,9520,4716,8662,2627,3373,6424,9565,4465,10330,139825,83009,25264,3687,80400,36,8,25,12
2021-04-01T23:59:59+02:00,6,10,4627,5791,13337,19800,12840,19497,11721,23881,12369,21296,6576,8165,23747,31856,7708,15225,1493,1426,3968,5436,3664,6570,3962,9454,4638,8559,2533,3232,5913,8882,4296,10056,135636,80750,24127,3284,78659,31,7,23,11
2021-03-31T23:59:59+02:00,6,10,4576,5736,13213,19647,12709,19343,11533,23701,12106,21036,6257,7794,22271,29903,7558,14997,1480,1415,3946,5413,3632,6542,3922,9407,4601,8506,2470,3157,5431,8239,4122,9818,131710,78988,23040,3068,77618,31,5,23,10
2021-03-30T23:59:59+02:00,6,10,4514,5672,13075,19498,12597,19168,11402,23536,11936,20898,6066,7579,20885,28176,7414,14794,1463,1379,3905,5380,3568,6472,3834,9293,4470,8335,2336,2953,5011,7685,3979,9562,128360,76769,22116,2826,76727,19,2,21,10
2021-03-29T23:59:59+02:00,6,10,4474,5633,12956,19403,12530,19085,11320,23434,11787,20762,5909,7381,19470,26498,7286,14593,1404,1338,3850,5337,3494,6402,3716,9149,4320,8146,2214,2812,4448,7019,3825,9287,124784,74118,21252,2615,76478,18,2,21,9
2021-03-28T23:59:59+02:00,6,10,4427,5569,12835,19266,12445,18991,11219,23338,11681,20661,5757,7176,18293,24993,7167,14398,1371,1294,3752,5230,3301,6177,3629,9032,4270,8090,2161,2748,3689,5999,3640,9020,121791,71067,20464,2317,75955,10,2,20,8
2021-03-27T23:59:59+01:00,6,10,4395,5518,12728,19102,12331,18826,11105,23134,11574,20512,5692,7094,18009,24647,7156,14383,1365,1291,3747,5226,3298,6170,3343,8683,4072,7792,2155,2745,3675,5966,3606,8960,119957,69763,20425,2317,75818,5,2,20,8
2021-03-26T23:59:59+01:00,6,9,4359,5465,12618,18914,12198,18626,10952,22906,11413,20303,5529,6880,17406,23857,7057,14234,1364,1290,3742,5219,3275,6152,3324,8663,3860,7345,1978,2341,3411,5682,3456,8728,116875,67508,20087,2310,75749,4,1,20,8
2021-03-25T23:59:59+01:00,6,9,4292,5377,12420,18676,11993,18297,10738,22578,11172,19976,5317,6596,16378,22551,6928,14045,1355,1280,3721,5193,3243,6124,3273,8626,3814,7301,1906,2228,2977,5000,3299,8424,112897,65545,19015,2209,75416,2,1,20,8
2021-03-24T23:59:59+01:00,6,9,4213,5266,12209,18225,11775,17884,10520,22188,10939,19604,5049,6251,15339,21334,6789,13821,1332,1267,3697,5148,3207,6062,3218,8556,3760,7228,1853,2169,2670,4666,3147,8149,109793,64153,17924,1966,73683,2,1,20,8
2021-03-23T23:59:59+01:00,6,9,4157,5203,12042,17882,11576,17534,10328,21825,10720,19317,4916,6056,14700,20520,6649,13648,1317,1261,3682,5130,3186,6045,3195,8507,3724,7185,1818,2111,2441,4396,2939,7828,107451,62830,17198,1925,72418,2,1,20,8
2021-03-22T23:59:59+01:00,6,9,4110,5125,11848,17550,11388,17207,10103,21499,10505,19015,4766,5850,14082,19807,6516,13462,1304,1252,3655,5097,3155,6009,3166,8451,3688,7140,1774,2055,2242,4146,2744,7496,105603,61579,16481,1785,70744,2,1,19,8
2021-03-21T23:59:59+01:00,6,9,4036,5002,11566,17139,11107,16800,9834,21045,10250,18664,4652,5679,13388,19017,6375,13254,1296,1251,3638,5082,3134,5976,3143,8421,3669,7118,1756,2028,2077,3985,2572,7228,103729,60584,15182,1780,68892,2,1,19,8
2021-03-20T23:59:59+01:00,5,9,4006,4933,11423,16804,10982,16483,9691,20742,10074,18382,4527,5519,12759,18067,6239,13039,1295,1250,3638,5080,3131,5975,3140,8416,3664,7114,1752,2023,2046,3924,2549,7187,101538,60394,15178,1780,66948,2,1,19,8
2021-03-19T23:59:59+01:00,5,8,3962,4853,11256,16444,10801,16127,9517,20362,9862,18023,4368,5324,11737,16856,6078,12828,1286,1243,3620,5054,3102,5899,3096,8324,3562,6940,1627,1913,1972,3862,2437,6979,98844,59130,14770,1776,64778,2,1,18,8
2021-03-18T23:59:59+01:00,5,8,3876,4750,11010,16018,10533,15684,9240,19894,9639,17681,4224,5158,11114,15990,5850,12561,1282,1232,3603,5019,3082,5855,3074,8268,3534,6894,1608,1881,1933,3792,2314,6768,97046,58443,13763,1686,62407,2,1,18,8
2021-03-17T23:59:59+01:00,5,8,3705,4635,10715,15599,10268,15325,8998,19532,9388,17333,4106,4991,10300,14747,5588,12138,1281,1229,3589,5001,3076,5835,3064,8235,3516,6871,1607,1857,1909,3763,2204,6581,94401,57936,12221,1672,60740,2,1,18,8
2021-03-16T23:59:59+01:00,5,8,3564,4510,10376,15137,9994,14955,8723,19089,9092,16970,3963,4826,9484,13625,5307,11779,1267,1226,3585,4994,3065,5831,3058,8224,3509,6857,1583,1834,1870,3712,2084,6403,92071,57500,11032,1592,58286,2,1,17,8
2021-03-15T23:59:59+01:00,5,8,3416,4394,10062,14669,9704,14496,8427,18615,8804,16557,3817,4656,8777,12563,5083,11458,1257,1218,3565,4982,3053,5807,3038,8185,3489,6814,1568,1821,1853,3679,1969,6218,90111,56916,9669,1591,55715,2,0,16,8
2021-03-14T23:59:59+01:00,5,8,3346,4305,9796,14235,9449,14094,8109,18123,8524,16162,3654,4470,7976,11329,4775,11003,1243,1212,3544,4964,3032,5766,3016,8105,3461,6746,1542,1771,1792,3552,1804,5830,87802,56390,8651,981,52897,2,0,13,8
2021-03-13T23:59:59+01:00,5,8,3271,4058,9488,13571,9206,13520,7885,17554,8322,15733,3547,4369,7785,11037,4727,10915,1243,1212,3544,4964,3032,5766,3015,8105,3460,6744,1538,1770,1790,3548,1803,5829,87150,56373,8651,981,49187,2,0,13,8
2021-03-12T23:59:59+01:00,5,8,3209,3922,9242,13032,8969,12989,7652,16918,7966,14982,3384,4199,7402,10630,4590,10729,1240,1209,3540,4950,3029,5763,3008,8097,3456,6738,1511,1741,1769,3530,1704,5653,85382,55949,8405,980,46028,2,0,13,8
2021-03-11T23:59:59+01:00,5,8,3058,3654,8866,12273,8665,12313,7319,16135,7624,14339,3227,3997,6847,9911,4401,10417,1221,1199,3506,4906,2987,5686,2973,7973,3405,6640,1467,1688,1690,3330,1506,5141,82937,55205,7960,105,42150,1,0,12,8
2021-03-10T23:59:59+01:00,5,7,2993,3547,8367,11762,7988,11829,6998,15644,7325,13748,3067,3840,6287,9218,4230,10143,1210,1185,3476,4848,2956,5611,2937,7833,3351,6518,1429,1648,1632,3234,1390,4862,81121,54031,7409,82,38457,0,0,11,8
2021-03-09T23:59:59+01:00,5,6,2888,3371,7683,11311,7091,11343,6579,15032,6961,13141,2838,3540,5779,8588,4074,9867,1205,1181,3454,4802,2929,5546,2920,7782,3333,6472,1415,1624,1597,3192,1285,4664,78828,53348,6053,48,35205,0,0,11,6
2021-03-08T23:59:59+01:00,5,6,2715,3136,7041,10766,6277,10864,6177,14503,6568,12574,2629,3329,5176,7849,3928,9600,1198,1175,3433,4736,2904,5470,2881,7688,3301,6396,1408,1615,1594,3184,1280,4661,76005,52873,4915,46,32213,0,0,10,6
2021-03-07T23:59:59+01:00,5,6,2603,3004,6710,10265,5866,10323,5881,14053,6328,12187,2532,3238,4411,6787,3711,9318,1195,1172,3430,4731,2899,5458,2877,7671,3293,6383,1403,1602,1573,3144,1265,4620,72754,52667,4084,44,30381,0,0,9,6
2021-03-06T23:59:59+01:00,5,5,2558,2862,6526,9811,5667,9906,5405,13197,5954,11448,2511,3211,4405,6776,3710,9317,1195,1171,3427,4726,2897,5457,2876,7670,3292,6380,1401,1599,1573,3142,1264,4620,71528,52641,4084,44,27653,0,0,9,6
2021-03-05T23:59:59+01:00,5,5,2466,2607,6314,9226,5453,9509,5228,12630,5570,10470,2285,2748,4026,6394,3571,9103,1183,1168,3409,4710,2893,5444,2868,7652,3281,6361,1387,1592,1572,3138,1259,4616,69202,52485,3851,44,24548,0,0,9,5
2021-03-04T23:59:59+01:00,5,5,2390,2402,6099,8791,5290,9168,5047,12209,5395,10091,2193,2578,3474,5571,3406,8765,1171,1154,3366,4612,2860,5378,2836,7554,3248,6287,1367,1585,1558,3124,1251,4605,67156,51910,3412,44,22302,0,0,9,3
2021-03-03T23:59:59+01:00,4,5,2333,2351,5929,8377,5119,8808,4835,11757,5205,9646,2111,2470,3071,5133,3247,8471,1151,1146,3332,4564,2823,5313,2796,7455,3202,6213,1347,1560,1539,3093,1245,4588,65731,51324,3169,42,19963,0,0,9,2
2021-03-02T23:59:59+01:00,4,5,2279,2263,5767,8043,4962,8553,4673,11356,5045,9328,2045,2379,2766,4776,3030,8150,1146,1137,3314,4543,2808,5287,2779,7407,3194,6185,1342,1549,1521,3076,1242,4582,64383,51069,2909,42,18123,0,0,9,2
2021-03-01T23:59:59+01:00,4,5,2253,2236,5663,7827,4863,8408,4589,11204,4946,9154,1990,2302,2470,4454,2842,7834,1140,1134,3300,4525,2796,5258,2763,7361,3179,6157,1336,1546,1514,3067,1239,4578,63121,50850,2688,42,17226,0,0,9,2
2021-02-28T23:59:59+01:00,3,5,2201,2193,5485,7569,4687,8187,4454,11019,4839,9028,1953,2240,2175,4151,2639,7525,1131,1128,3285,4515,2789,5251,2757,7347,3172,6143,1331,1543,1507,3051,1238,4546,62015,50691,2385,42,15944,0,0,9,2
2021-02-27T23:59:59+01:00,3,5,2114,1884,5308,7144,4589,7875,4371,10670,4767,8778,1925,2179,2147,4106,2619,7471,1127,1125,3283,4514,2784,5249,2753,7344,3167,6140,1329,1543,1507,3050,1237,4546,61783,50658,2385,39,13778,0,0,9,2
2021-02-26T23:59:59+01:00,3,5,2057,1806,5162,6907,4443,7615,4220,10405,4558,8496,1796,2072,2086,4069,2512,7291,1106,1112,3266,4480,2772,5210,2740,7291,3145,6086,1323,1532,1503,3042,1236,4544,60459,50349,2379,38,12656,0,0,9,2
2021-02-25T23:59:59+01:00,3,5,1940,1707,4836,6505,4015,7155,3934,9891,4323,8115,1738,2014,2053,4007,2402,7097,1090,1097,3229,4437,2742,5158,2695,7184,3105,5993,1313,1516,1489,3003,1223,4485,59982,49722,2272,36,9477,0,0,9,2
2021-02-24T23:59:59+01:00,3,5,1911,1648,4719,6291,3910,6941,3812,9650,4199,7955,1716,1982,2021,3965,2290,6899,1077,1092,3202,4375,2706,5092,2670,7100,3076,5922,1297,1499,1464,2955,1211,4416,59438,49128,2026,25,8444,0,0,9,2
2021-02-23T23:59:59+01:00,3,5,1686,1501,4347,5803,3629,6547,3591,9271,4044,7670,1687,1951,1977,3918,2177,6716,1058,1081,3164,4347,2678,5035,2646,7024,3041,5863,1277,1479,1438,2920,1201,4366,58983,48606,1979,11,5552,0,0,9,2
2021-02-22T23:59:59+01:00,3,5,1677,1482,4297,5744,3593,6484,3527,9178,3983,7575,1655,1924,1951,3867,2060,6519,1054,1068,3143,4302,2658,4996,2621,6965,3012,5810,1265,1465,1429,2910,1193,4357,58442,48241,1837,6,5236,0,0,9,2
2021-02-21T23:59:59+01:00,3,5,1665,1478,4267,5711,3550,6446,3486,9124,3939,7525,1647,1917,1946,3858,1940,6357,1049,1057,3122,4264,2629,4946,2606,6896,2983,5723,1251,1449,1409,2850,1169,4280,58100,47676,1831,6,4924,0,0,9,2
2021-02-20T23:59:59+01:00,3,5,1664,1477,4262,5708,3548,6445,3486,9123,3938,7524,1642,1915,1944,3854,1939,6357,1049,1057,3120,4262,2629,4946,2605,6895,2983,5723,1251,1448,1408,2850,1169,4280,58085,47668,1831,6,4909,0,0,9,2
2021-02-19T23:59:59+01:00,3,5,1647,1470,4250,5688,3537,6431,3475,9113,3928,7509,1616,1886,1923,3835,1839,6178,1048,1056,3119,4261,2628,4945,2605,6893,2980,5721,1251,1447,1408,2849,1169,4280,57668,47653,1826,6,4832,0,0,7,2
2021-02-18T23:59:59+01:00,3,5,1603,1439,4154,5577,3466,6329,3387,8949,3843,7369,1594,1851,1889,3765,1709,5981,1002,1013,2980,4036,2503,4673,2494,6558,2874,5457,1220,1404,1377,2764,1143,4131,57023,45622,1736,6,4147,0,0,7,2
2021-02-17T23:59:59+01:00,3,4,1581,1410,4058,5427,3381,6178,3269,8714,3716,7168,1542,1783,1817,3664,1592,5676,945,963,2827,3814,2386,4361,2367,6148,2745,5145,1172,1344,1331,2657,1096,3969,55813,43262,1725,6,3438,0,0,7,2
2021-02-16T23:59:59+01:00,3,4,1507,1343,3897,5230,3244,5997,3161,8481,3594,7002,1519,1757,1782,3634,1479,5469,859,931,2696,3658,2287,4150,2241,5826,2614,4891,1116,1253,1186,2357,842,3357,55123,40259,1708,3,2267,0,0,5,2
2021-02-15T23:59:59+01:00,3,4,1492,1325,3852,5145,3186,5910,3104,8367,3527,6896,1508,1743,1767,3611,1471,5449,825,909,2615,3529,2211,3970,2158,5547,2526,4678,1073,1189,1100,2183,778,3142,54659,38431,1706,1,1990,0,0,5,1
2021-02-14T23:59:59+01:00,3,4,1426,1297,3767,5068,3143,5801,3048,8213,3483,6787,1488,1712,1715,3484,1416,5201,816,903,2566,3461,2172,3902,2105,5427,2460,4572,1047,1153,1015,2011,707,2908,54415,37223,1095,1,1541,0,0,5,1
2021-02-13T23:59:59+01:00,3,4,1424,1296,3759,5063,3136,5800,3045,8211,3480,6785,1487,1709,1715,3482,1414,5201,816,903,2566,3461,2172,3902,2104,5427,2459,4572,1045,1152,1015,2011,707,2908,54396,37220,1094,0,1519,0,0,5,0
2021-02-12T23:59:59+01:00,3,3,1391,1280,3721,5029,3114,5780,3023,8178,3461,6741,1471,1699,1705,3465,1405,5182,809,895,2533,3408,2138,3857,2074,5373,2441,4541,1044,1151,1014,2011,706,2906,54169,36901,1092,0,1385,0,0,5,0
2021-02-11T23:59:59+01:00,3,3,1344,1237,3608,4857,3023,5606,2925,7867,3361,6529,1411,1639,1638,3287,1321,4858,772,832,2279,2964,1912,3380,1843,4629,2170,4013,961,1082,928,1819,657,2637,53538,32878,128,0,848,0,0,3,0
2021-02-10T23:59:59+01:00,3,3,1323,1215,3549,4747,2957,5501,2883,7717,3308,6398,1394,1622,1611,3247,1308,4821,695,775,1987,2555,1702,2931,1604,4022,1913,3551,851,935,765,1448,529,2148,52890,28411,126,0,589,0,0,2,0
2021-02-09T23:59:59+01:00,3,2,1310,1197,3494,4678,2927,5432,2863,7621,3271,6330,1387,1609,1583,3226,1298,4808,647,697,1727,2200,1508,2542,1419,3523,1741,3187,820,901,743,1376,508,2035,52581,25574,121,0,335,0,0,2,0
2021-02-08T23:59:59+01:00,3,2,1296,1193,3465,4648,2907,5395,2842,7569,3252,6300,1377,1602,1574,3200,1296,4790,634,663,1576,1963,1367,2288,1285,3215,1581,2927,781,880,695,1270,476,1866,52282,23467,95,0,332,0,0,2,0
2021-02-07T23:59:59+01:00,3,2,1164,1150,3358,4592,2852,5353,2815,7530,3227,6263,1367,1586,1566,3178,1291,4758,487,517,1307,1607,1127,1837,1077,2624,1354,2406,675,754,613,1111,431,1650,51986,19577,67,0,0,0,0,2,0
2021-02-06T23:59:59+01:00,3,2,1160,1148,3356,4590,2848,5350,2808,7527,3223,6259,1365,1584,1565,3175,1290,4758,363,368,1107,1355,990,1533,933,2210,1188,1987,586,652,586,1094,428,1647,51942,17027,67,0,0,0,0,2,0
2021-02-05T23:59:59+01:00,3,1,1149,1138,3340,4569,2841,5323,2797,7482,3204,6213,1359,1576,1562,3168,1289,4758,261,206,923,1037,841,1161,758,1758,1010,1578,469,546,559,1074,425,1643,51703,14249,67,0,0,0,0,2,0
2021-02-04T23:59:59+01:00,3,1,1133,1121,3295,4521,2800,5248,2755,7350,3156,6129,1345,1561,1549,3136,1280,4731,133,81,618,663,550,739,516,1147,668,986,288,363,459,928,387,1492,51067,10018,45,0,0,0,0,2,0
2021-02-03T23:59:59+01:00,3,1,1111,1115,3268,4476,2771,5206,2733,7296,3126,6072,1335,1552,1526,3095,1274,4686,115,65,492,512,419,597,415,907,512,743,240,284,359,729,303,1163,50600,7855,44,0,0,0,0,2,0
2021-02-02T23:59:59+01:00,3,1,1090,1102,3229,4445,2741,5153,2707,7220,3092,6008,1312,1524,1492,3038,1248,4595,105,56,409,414,348,519,367,820,459,661,219,261,314,659,279,1044,49955,6934,43,0,0,0,0,2,0
2021-02-01T23:59:59+01:00,3,1,1074,1091,3208,4392,2710,5091,2676,7093,3062,5911,1292,1496,1468,3002,1232,4532,78,41,312,310,256,394,274,611,325,496,180,211,248,522,217,813,49289,5288,43,0,0,0,0,2,0
2021-01-31T23:59:59+01:00,3,1,1069,1081,3193,4363,2686,5047,2661,7037,3048,5867,1281,1479,1448,2938,1209,4454,68,40,287,286,231,347,253,570,295,457,161,193,208,426,176,657,48820,4655,43,0,0,0,0,2,0
2021-01-30T23:59:59+01:00,3,1,1069,1081,3190,4359,2685,5047,2660,7036,3048,5866,1281,1478,1447,2938,1209,4454,68,37,280,272,218,331,248,559,291,451,160,190,207,426,176,657,48810,4571,40,0,0,0,0,2,0
2021-01-29T23:59:59+01:00,3,1,1068,1080,3189,4356,2685,5045,2660,7034,3045,5864,1281,1478,1447,2937,1209,4454,64,33,262,258,195,311,232,542,280,443,155,188,203,420,175,655,48794,4416,40,0,0,0,0,2,0
2021-01-28T23:59:59+01:00,3,1,1048,1061,3122,4251,2631,4934,2603,6878,2978,5733,1267,1456,1434,2871,1187,4334,55,18,165,154,129,187,162,357,205,280,124,145,157,261,102,378,47753,2879,37,0,0,0,0,2,0
2021-01-27T23:59:59+01:00,3,1,1003,1023,3036,4107,2550,4755,2508,6595,2894,5532,1237,1414,1398,2782,1154,4194,26,7,100,71,58,92,83,209,115,147,94,113,113,193,77,270,46157,1768,27,0,0,0,0,2,0
2021-01-26T23:59:59+01:00,2,1,926,994,2920,3972,2471,4570,2426,6415,2823,5377,1211,1365,1307,2629,940,3795,26,7,95,70,57,91,81,209,113,146,92,112,113,193,77,270,44126,1752,16,0,0,0,0,2,0
2021-01-25T23:59:59+01:00,2,1,911,977,2841,3842,2425,4422,2365,6218,2764,5226,1193,1343,1293,2604,930,3762,26,7,94,70,55,91,81,209,113,144,92,112,113,193,77,270,43107,1747,11,0,0,0,0,1,0
2021-01-24T23:59:59+01:00,2,1,901,973,2821,3827,2415,4390,2339,6179,2731,5166,1181,1337,1284,2582,917,3728,26,7,94,70,55,91,81,209,113,144,91,112,113,193,77,270,42765,1746,8,0,0,0,0,1,0
2021-01-23T23:59:59+01:00,2,1,901,973,2821,3826,2415,4390,2339,6179,2730,5166,1179,1336,1284,2582,917,3728,26,7,94,70,55,91,81,209,113,144,91,112,113,193,77,269,42762,1745,7,0,0,0,0,0,0
2021-01-22T23:59:59+01:00,2,1,895,966,2789,3780,2381,4325,2308,6104,2709,5119,1178,1335,1283,2581,916,3725,26,7,94,70,55,91,81,209,113,144,91,112,113,193,77,269,42390,1745,7,0,0,0,0,0,0
2021-01-21T23:59:59+01:00,2,1,880,898,2531,3364,2180,3908,2128,5495,2485,4633,1126,1287,1239,2460,886,3573,22,7,83,64,51,74,68,169,93,133,81,97,96,143,65,208,39069,1454,7,0,0,0,0,0,0
2021-01-20T23:59:59+01:00,2,1,805,836,2219,2958,1973,3442,1896,4886,2229,4156,1014,1147,1081,2114,773,3110,22,7,83,64,51,73,68,169,93,133,81,97,96,143,64,208,34635,1452,7,0,0,0,0,0,0
2021-01-19T23:59:59+01:00,2,1,745,758,1929,2515,1730,2981,1660,4229,1986,3684,941,1052,961,1841,676,2761,11,3,50,45,32,45,35,100,44,77,36,37,46,75,39,133,30446,808,6,0,0,0,0,0,0
2021-01-18T23:59:59+01:00,2,1,675,702,1701,2117,1492,2505,1412,3544,1730,3178,860,967,862,1635,624,2491,5,2,19,11,13,20,17,54,17,33,19,22,25,53,28,75,26495,413,3,0,0,0,0,0,0
2021-01-17T23:59:59+01:00,1,1,495,542,1384,1714,1211,1971,1156,2808,1452,2555,721,815,714,1356,514,2123,0,1,3,2,0,0,0,0,0,0,0,0,0,0,0,0,21531,6,2,0,0,0,0,0,0
2021-01-16T23:59:59+01:00,1,0,372,395,1202,1467,1091,1684,1015,2408,1295,2148,634,717,686,1340,512,2122,0,0,0,0,0,0,0,0,0,0,0,0,0,0,0,0,19088,0,1,0,0,0,0,0,0
2021-01-15T23:59:59+01:00,1,0,266,232,1018,1164,942,1337,846,1960,1115,1747,517,607,648,1307,501,2082,0,0,0,0,0,0,0,0,0,0,0,0,0,0,0,0,16289,0,1,0,0,0,0,0,0
2021-01-14T23:59:59+01:00,0,0,151,102,702,776,650,866,610,1302,750,1129,331,420,539,1125,451,1858,0,0,0,0,0,0,0,0,0,0,0,0,0,0,0,0,11762,0,0,0,0,0,0,0,0
2021-01-13T23:59:59+01:00,0,0,127,81,591,606,526,698,493,1046,592,864,278,346,453,958,394,1590,0,0,0,0,0,0,0,0,0,0,0,0,0,0,0,0,9643,0,0,0,0,0,0,0,0
2021-01-12T23:59:59+01:00,0,0,116,65,510,519,448,596,430,919,521,761,244,297,369,766,328,1242,0,0,0,0,0,0,0,0,0,0,0,0,0,0,0,0,8131,0,0,0,0,0,0,0,0
2021-01-11T23:59:59+01:00,0,0,87,52,416,421,364,485,344,742,414,588,210,246,309,637,269,1045,0,0,0,0,0,0,0,0,0,0,0,0,0,0,0,0,6629,0,0,0,0,0,0,0,0
2021-01-10T23:59:59+01:00,0,0,73,45,352,348,298,404,288,645,344,521,185,218,249,505,212,814,0,0,0,0,0,0,0,0,0,0,0,0,0,0,0,0,5501,0,0,0,0,0,0,0,0
2021-01-09T23:59:59+01:00,0,0,73,43,337,328,274,382,280,629,336,514,184,217,248,503,212,814,0,0,0,0,0,0,0,0,0,0,0,0,0,0,0,0,5374,0,0,0,0,0,0,0,0
2021-01-08T23:59:59+01:00,0,0,69,37,303,296,228,341,253,588,309,475,167,199,223,445,192,716,0,0,0,0,0,0,0,0,0,0,0,0,0,0,0,0,4841,0,0,0,0,0,0,0,0
2021-01-07T23:59:59+01:00,0,0,58,25,213,198,159,242,194,421,238,339,138,160,169,288,121,445,0,0,0,0,0,0,0,0,0,0,0,0,0,0,0,0,3408,0,0,0,0,0,0,0,0
2021-01-06T23:59:59+01:00,0,0,47,16,163,120,113,161,144,294,175,239,108,128,128,222,82,312,0,0,0,0,0,0,0,0,0,0,0,0,0,0,0,0,2452,0,0,0,0,0,0,0,0
2021-01-05T23:59:59+01:00,0,0,29,8,97,72,58,94,86,212,114,149,98,118,119,204,81,291,0,0,0,0,0,0,0,0,0,0,0,0,0,0,0,0,1830,0,0,0,0,0,0,0,0
2021-01-04T23:59:59+01:00,0,0,27,8,97,71,55,92,86,212,114,147,98,117,119,204,81,291,0,0,0,0,0,0,0,0,0,0,0,0,0,0,0,0,1819,0,0,0,0,0,0,0,0
2021-01-03T23:59:59+01:00,0,0,27,8,97,71,55,92,86,212,114,147,97,117,119,204,81,291,0,0,0,0,0,0,0,0,0,0,0,0,0,0,0,0,1818,0,0,0,0,0,0,0,0
2021-01-02T23:59:59+01:00,0,0,27,8,97,71,55,92,86,212,113,147,97,117,119,204,81,290,0,0,0,0,0,0,0,0,0,0,0,0,0,0,0,0,1816,0,0,0,0,0,0,0,0
2021-01-01T23:59:59+01:00,0,0,27,8,97,71,55,92,86,212,113,146,97,117,119,204,81,290,0,0,0,0,0,0,0,0,0,0,0,0,0,0,0,0,1815,0,0,0,0,0,0,0,0
2020-12-31T23:59:59+01:00,0,0,27,8,97,71,55,92,86,212,112,146,97,117,119,204,81,290,0,0,0,0,0,0,0,0,0,0,0,0,0,0,0,0,1814,0,0,0,0,0,0,0,0
2020-12-30T23:59:59+01:00,0,0,27,8,97,71,54,92,86,212,112,146,97,117,119,204,80,290,0,0,0,0,0,0,0,0,0,0,0,0,0,0,0,0,1812,0,0,0,0,0,0,0,0
2020-12-29T23:59:59+01:00,0,0,15,2,65,53,32,61,50,138,64,89,47,51,66,119,51,195,0,0,0,0,0,0,0,0,0,0,0,0,0,0,0,0,1098,0,0,0,0,0,0,0,0
2020-12-28T23:59:59+01:00,0,0,5,2,36,26,19,30,21,67,25,41,20,22,26,47,28,74,0,0,0,0,0,0,0,0,0,0,0,0,0,0,0,0,489,0,0,0,0,0,0,0,0
2020-12-27T23:59:59+01:00,0,0,0,0,7,5,7,2,1,5,0,2,0,1,2,2,4,6,0,0,0,0,0,0,0,0,0,0,0,0,0,0,0,0,44,0,0,0,0,0,0,0,0
