Datum,<24_1_m,<24_1_w,25-34_1_m,25-34_1_w,35-44_1_m,35-44_1_w,45-54_1_m,45-54_1_w,55-64_1_m,55-64_1_w,65-74_1_m,65-74_1_w,75-84_1_m,75-84_1_w,>84_1_m,>84_1_w,<24_2_m,<24_2_w,25-34_2_m,25-34_2_w,35-44_2_m,35-44_2_w,45-54_2_m,45-54_2_w,55-64_2_m,55-64_2_w,65-74_2_m,65-74_2_w,75-84_2_m,75-84_2_w,>84_2_m,>84_2_w,bp_1,bp_2,mo_1,mo_2,az_1,az_2,ja
2021-06-21T23:59:59+02:00,32295,34693,67509,68481,63297,65953,72385,79679,76022,80789,48519,61155,38815,54133,8411,17500,12610,13940,29280,33487,30656,35801,36057,45062,49756,56580,32703,42221,33964,47275,7617,15676,604889,380909,95921,51004,151421,73367,17405
2021-06-20T23:59:59+02:00,31774,34181,66717,67749,62670,65390,71973,79248,75887,80646,48489,61090,38801,54110,8411,17492,12408,13776,28926,33192,30386,35498,35734,44706,48763,55502,32465,41868,33897,47128,7607,15660,600826,376667,95268,50522,151332,73125,17202
2021-06-19T23:59:59+02:00,31322,33741,66017,67215,62129,64890,71263,78672,75766,80550,48471,61071,38790,54100,8410,17492,12259,13556,28705,32895,30129,35184,35535,44472,47351,54135,32247,41579,33830,47021,7602,15638,597073,371528,94341,50512,151332,72945,17153
2021-06-18T23:59:59+02:00,30794,33200,65074,66503,61398,64301,70387,77858,75467,80293,48417,61011,38769,54064,8407,17485,12038,13290,28326,32494,29823,34783,35150,44084,45648,52456,31933,41130,33708,46827,7587,15611,591876,364814,93122,50231,151331,72744,17099
2021-06-17T23:59:59+02:00,30068,32499,63872,65533,60348,63471,68885,76551,75076,79978,48327,60876,38714,53984,8397,17463,11562,12881,27547,31825,29105,34136,34317,43396,44190,50975,31542,40583,33557,46593,7564,15571,586029,357537,90521,49112,151202,72405,16290
2021-06-16T23:59:59+02:00,29434,31818,62552,64451,59183,62445,66660,74705,74403,79442,48148,60689,38630,53885,8380,17433,11195,12581,26881,31168,28422,33548,33593,42762,43664,50450,31293,40253,33431,46426,7546,15533,579928,353945,86062,48421,150846,70958,15422
2021-06-15T23:59:59+02:00,28651,30992,61212,63288,58154,61494,65459,73634,74035,79089,48039,60556,38587,53794,8374,17410,10892,12230,26276,30467,27780,32812,32920,42038,42137,48847,30907,39764,33269,46219,7526,15481,572976,347334,84444,47565,150406,69724,14942
2021-06-14T23:59:59+02:00,28080,30276,60122,62283,57311,60667,64339,72647,73681,78784,47963,60442,38536,53729,8361,17388,10560,11868,25536,29626,27056,32030,32150,41243,40903,47527,30580,39323,33151,46018,7501,15439,567199,341278,82777,46580,150209,68229,14424
2021-06-13T23:59:59+02:00,27602,29729,59207,61396,56562,59910,63191,71628,73316,78452,47878,60340,38497,53672,8351,17361,10242,11509,24811,28780,26353,31224,31394,40385,39406,45964,30161,38792,32972,45732,7478,15359,562262,334324,80922,45820,149966,66476,13942
2021-06-12T23:59:59+02:00,27326,29404,58668,60914,56226,59633,62529,70984,73156,78364,47857,60312,38486,53654,8348,17359,10103,11349,24315,28178,25837,30676,30887,39820,38357,45018,30014,38634,32884,45575,7474,15352,559393,330147,79970,45819,149950,64600,13907
2021-06-11T23:59:59+02:00,26897,28880,57938,60135,55568,59041,61583,69998,72875,78131,47793,60234,38462,53627,8345,17354,9935,11110,23797,27517,25337,30030,30301,39176,37306,44044,29780,38316,32755,45368,7464,15330,554402,325399,78686,45563,149927,62758,13846
2021-06-10T23:59:59+02:00,26241,28239,56853,59192,54657,58254,60273,68792,72469,77819,47734,60143,38436,53576,8335,17328,9625,10785,22885,26564,24392,29122,29190,38244,36000,42920,29458,37889,32488,44950,7406,15267,548897,318570,76497,44866,149675,60477,13272
2021-06-09T23:59:59+02:00,25559,27598,55723,58125,53670,57373,59333,67883,72109,77522,47659,60044,38386,53518,8324,17302,9281,10483,21950,25669,23457,28237,28150,37295,34339,41166,29121,37446,32324,44694,7368,15186,543248,311160,75331,44175,149314,58596,12235
2021-06-08T23:59:59+02:00,24765,26795,54436,57036,52598,56424,58336,66984,71687,77198,47582,59932,38335,53431,8304,17273,8970,10192,20986,24779,22432,27365,27092,36332,33050,39888,28797,36999,32029,44251,7324,15120,536681,304895,74420,43420,148872,56148,11143
2021-06-07T23:59:59+02:00,23982,26069,53023,55814,51373,55463,57167,65997,71260,76882,47501,59840,38293,53368,8294,17248,8674,9920,20092,23938,21432,26559,26038,35443,32226,39173,28537,36639,31799,43844,7280,15039,529525,300346,73530,42612,148450,53606,10069
2021-06-06T23:59:59+02:00,23368,25451,51897,54738,50300,54504,56205,65037,70859,76584,47423,59773,38258,53309,8286,17233,8422,9653,19271,23047,20526,25690,24968,34472,31418,38440,28275,36329,31549,43463,7236,14971,523296,295852,72524,41878,148087,50682,9318
2021-06-05T23:59:59+02:00,23026,25034,51081,53930,49652,53940,55725,64496,70738,76448,47408,59745,38251,53303,8284,17233,8157,9225,18636,22021,19839,24653,24089,33286,30456,37229,28000,35933,31448,43308,7230,14958,519002,289577,72520,41841,147514,47792,9258
2021-06-04T23:59:59+02:00,22499,24387,50072,52974,48898,53092,55057,63726,70469,76204,47382,59714,38237,53289,8282,17227,7883,8850,18016,21172,19173,23652,23138,32016,29337,35987,27744,35600,31347,43163,7218,14941,512733,283305,72202,41771,147488,45075,9086
2021-06-03T23:59:59+02:00,21736,23606,48646,51707,47770,52011,54093,62700,70086,75861,47322,59620,38200,53245,8271,17206,7543,8361,17278,20140,18386,22513,22103,30570,28240,34591,27249,34861,31161,42874,7187,14874,505127,276638,71363,41029,147203,41877,8387
2021-06-02T23:59:59+02:00,21287,23021,47664,50779,46993,51313,53342,61978,69904,75701,47288,59588,38180,53216,8265,17194,7343,8069,16565,19475,17540,21769,21266,29539,27207,33305,26823,34302,31015,42645,7166,14814,499066,270513,71351,41013,147176,39197,8120
2021-06-01T23:59:59+02:00,20477,22158,45783,49036,45394,49909,51774,60466,69374,75259,47204,59483,38126,53147,8253,17152,7004,7698,15323,18577,16094,20798,20062,28296,26082,31976,26313,33672,30801,42327,7126,14721,489925,264186,70025,40452,146629,35816,6416
2021-05-31T23:59:59+02:00,19901,21568,44454,47890,44200,48834,50520,59317,68832,74879,47138,59385,38081,53077,8243,17125,6667,7318,14192,17754,14765,19894,18886,27133,24944,30718,25845,33032,30635,42051,7096,14633,483687,258007,68874,39913,146170,32930,4713
2021-05-30T23:59:59+02:00,19522,21115,43455,46931,43311,47946,49504,58309,68377,74422,47033,59236,38020,52970,8228,17088,6443,7022,13631,17054,14145,19204,17966,26123,23868,29576,25157,32154,30368,41671,7059,14556,477744,252121,67848,39118,145756,30639,4119
2021-05-29T23:59:59+02:00,19380,20974,43078,46599,42987,47706,49273,58115,68328,74378,47027,59227,38014,52968,8228,17088,6250,6704,13103,16259,13506,18334,17069,24917,22866,28393,25009,31944,30319,41595,7056,14549,475773,246584,67748,39118,145734,28056,4115
2021-05-28T23:59:59+02:00,19022,20618,42393,45979,42490,47167,48760,57558,68086,74128,46970,59143,37987,52924,8225,17083,5971,6235,12541,15371,12843,17454,16162,23663,21874,27076,24782,31611,30240,41482,7046,14533,471529,240642,67254,39013,145669,25148,4081
2021-05-27T23:59:59+02:00,18410,20016,41242,45011,41513,46304,47778,56681,67577,73752,46863,59002,37939,52856,8214,17044,5702,5839,11880,14529,12051,16526,15095,22438,20673,25632,24332,30948,30088,41247,7013,14459,465775,233389,65753,38213,144953,23129,3721
2021-05-26T23:59:59+02:00,17918,19529,40133,44084,40513,45440,46729,55788,67055,73299,46720,58834,37868,52705,8197,16998,5471,5610,11309,13735,11315,15662,14064,21265,19340,24110,23798,30217,29898,40943,6965,14365,460675,226174,63738,37363,143968,21101,3429
2021-05-25T23:59:59+02:00,17450,19050,39120,43202,39576,44610,45741,54846,66545,72838,46561,58617,37791,52578,8174,16952,5234,5363,10742,13076,10562,14857,12954,20011,17993,22666,23265,29488,29686,40659,6916,14290,455404,218889,62170,36436,142872,19232,3205
2021-05-24T23:59:59+02:00,17047,18682,38290,42475,38719,43922,44869,54057,66095,72423,46447,58446,37731,52459,8157,16916,5057,5202,10280,12597,9929,14285,12029,19132,16738,21451,22678,28701,29491,40370,6868,14213,450820,212084,60958,35505,142157,18632,2800
2021-05-23T23:59:59+02:00,16850,18479,37806,42099,38276,43535,44425,53658,65848,72219,46382,58357,37696,52418,8151,16894,4838,5033,9818,12113,9287,13678,11030,18290,15650,20446,22216,28157,29273,40117,6831,14137,447656,205188,60596,35427,142125,17583,2716
2021-05-22T23:59:59+02:00,16613,18215,37109,41561,37631,43086,43863,53255,64871,71244,46195,58115,37639,52319,8142,16875,4697,4685,9626,11731,9124,13359,10777,17822,15414,20078,22126,28053,29244,40084,6826,14131,441350,203989,60593,35426,142106,15678,2684
2021-05-21T23:59:59+02:00,16159,17741,36025,40645,36606,42193,42797,52343,63594,70023,45994,57807,37564,52188,8129,16844,4571,4566,9427,11466,8920,13113,10417,17475,15036,19722,21932,27791,29187,40001,6816,14125,431875,202076,60251,35122,141855,14696,2671
2021-05-20T23:59:59+02:00,15258,16927,34567,39146,35231,40887,41387,51116,62434,68954,45725,57500,37434,52020,8111,16800,4384,4336,8888,10872,8290,12393,9687,16609,14269,18730,21206,26787,29014,39732,6783,14052,421811,197757,58566,34290,140824,11689,2296
2021-05-19T23:59:59+02:00,14623,16269,33395,37642,34145,39629,40257,50145,60485,67224,45320,56999,37264,51779,8072,16705,4264,4176,8613,10507,8003,12004,9223,16098,13596,18019,20413,25746,28804,39455,6732,13950,411058,193554,57065,33485,139733,10467,2097
2021-05-18T23:59:59+02:00,14103,15744,32349,36627,33095,38723,39217,49194,58489,65437,45007,56586,37122,51556,8046,16653,4023,3958,8133,9914,7532,11456,8664,15406,12889,17211,19535,24617,28598,39151,6700,13849,402478,189499,55137,32647,138541,7698,1792
2021-05-17T23:59:59+02:00,13783,15419,31850,36085,32626,38173,38597,48545,56571,63712,44370,55821,36879,51202,8020,16594,3914,3811,7877,9642,7235,11158,8242,14981,12294,16557,18683,23555,28397,38865,6670,13780,394938,185162,54055,31902,137746,7089,1508
2021-05-16T23:59:59+02:00,13525,15122,31334,35588,32172,37682,38053,47966,54685,61850,43883,55189,36705,50918,7996,16551,3786,3687,7601,9345,6901,10823,7746,14493,11718,15930,17805,22491,28209,38609,6643,13720,388022,180927,53096,31067,137102,6514,999
2021-05-15T23:59:59+02:00,13342,14883,31077,35266,31922,37358,37826,47718,53098,60340,43668,54919,36635,50794,7993,16524,3765,3669,7580,9321,6885,10804,7730,14480,11704,15910,17658,22242,28035,38343,6637,13713,382229,179950,53094,31067,137056,6475,984
2021-05-14T23:59:59+02:00,13051,14551,30616,34778,31562,36901,37304,47231,51241,58497,43336,54464,36513,50609,7979,16491,3730,3645,7514,9254,6834,10740,7669,14413,11469,15646,16962,21189,27785,37926,6624,13682,374489,177084,52773,30730,136929,6335,933
2021-05-13T23:59:59+02:00,12716,14171,29978,34143,30979,36296,36600,46566,49799,56957,42955,53910,36355,50385,7960,16462,3648,3589,7397,9160,6751,10646,7565,14304,11072,15187,15940,20010,27456,37358,6587,13615,367439,173319,51775,30173,136187,5962,831
2021-05-12T23:59:59+02:00,12564,13999,29694,33838,30716,36009,36301,46248,49542,56672,42855,53806,36305,50306,7954,16425,3627,3560,7370,9125,6725,10609,7539,14271,10877,15011,15563,19539,27190,36954,6570,13571,364798,171313,51698,30163,136030,5917,708
2021-05-11T23:59:59+02:00,12137,13585,28865,33041,29883,35268,35430,45450,47841,54923,42465,53271,36144,50030,7924,16339,3518,3431,7126,8856,6523,10311,7319,13894,10327,14397,14622,18404,26836,36437,6546,13489,357947,167681,49999,29283,134166,4588,484
2021-05-10T23:59:59+02:00,11769,13264,28129,32325,29099,34571,34649,44683,46590,53670,42105,52805,35972,49742,7879,16241,3472,3374,6996,8726,6429,10199,7183,13698,10013,14039,13929,17558,26473,35901,6524,13424,351715,164896,48889,28910,132513,3756,376
2021-05-09T23:59:59+02:00,11485,12961,27444,31642,28449,33891,33897,43981,45099,52190,41664,52259,35790,49460,7849,16165,3415,3317,6871,8582,6330,10056,7076,13492,9601,13651,13198,16675,26157,35441,6508,13378,344708,162077,47817,28359,131411,3022,290
2021-05-08T23:59:59+02:00,11375,12875,27038,31333,28010,33578,33445,43679,44084,51364,41536,52118,35751,49402,7847,16160,3410,3313,6864,8579,6322,10049,7070,13480,9591,13636,13064,16491,25577,34617,6478,13315,340207,160228,47777,28333,131325,3009,286
2021-05-07T23:59:59+02:00,11200,12694,26563,30959,27568,33217,32944,43325,43061,50545,41297,51808,35652,49250,7837,16139,3355,3281,6815,8540,6274,10000,7014,13424,9365,13333,12372,15576,24768,33437,6439,13250,335151,156187,47469,27969,131171,2819,268
2021-05-06T23:59:59+02:00,10735,12342,25604,30188,26526,32430,31711,42490,41527,49374,40950,51296,35478,49027,7802,16076,3287,3221,6685,8398,6165,9869,6855,13240,9059,12967,11632,14585,23962,32289,6413,13194,327341,152448,46403,27026,129554,2089,258
2021-05-05T23:59:59+02:00,10305,12101,24722,29592,25655,31752,30596,41697,39624,47578,40551,50780,35279,48763,7754,15975,3239,3178,6570,8270,6068,9758,6753,13095,8776,12640,10815,13624,23120,31185,6388,13139,319507,148604,45552,26145,127490,1694,175
2021-05-04T23:59:59+02:00,10010,11823,23903,28943,24686,31017,29507,40835,38158,46132,40116,50229,35032,48441,7714,15874,3198,3151,6499,8194,5988,9691,6680,13023,8475,12343,10001,12673,22332,30126,6364,13088,312877,144924,44592,25343,124882,1490,69
2021-05-03T23:59:59+02:00,9765,11558,23159,28354,23867,30422,28570,40104,37280,45417,39781,49799,34838,48162,7673,15781,3148,3116,6427,8117,5914,9630,6587,12936,8193,12062,9163,11634,21580,29133,6343,13050,308031,141223,43818,24532,122651,1248,30
2021-05-02T23:59:59+02:00,9566,11336,22494,27792,23127,29836,27731,39467,36544,44826,39538,49478,34734,47989,7642,15730,3108,3093,6387,8074,5883,9598,6550,12897,7953,11813,8478,10844,21025,28410,6324,13035,303218,138073,43054,24258,121534,1117,24
2021-05-01T23:59:59+02:00,9378,11125,22106,27320,22643,29258,27065,38733,35752,43954,39307,49145,34650,47850,7638,15718,3101,3087,6360,8064,5870,9591,6531,12882,7938,11800,8437,10767,20993,28367,6320,13032,297141,137787,43053,24251,121424,1078,24
2021-04-30T23:59:59+02:00,9193,10907,21720,26887,22183,28700,26282,37945,34823,43035,39091,48843,34564,47719,7626,15699,3082,3071,6338,8049,5849,9575,6503,12859,7908,11767,8395,10686,20948,28297,6318,13027,290906,137484,43047,24182,121246,988,18
2021-04-29T23:59:59+02:00,8870,10624,21131,26304,21503,28001,25307,36963,33564,41664,38114,47530,34284,47286,7578,15587,3044,3030,6245,7939,5771,9471,6400,12710,7669,11450,7773,9979,20598,27830,6301,12965,282204,135439,42263,22971,119826,748,17
2021-04-28T23:59:59+02:00,8562,10375,20606,25820,20854,27406,24384,36051,32174,40164,37028,46054,33976,46833,7525,15467,2970,2976,6132,7817,5669,9348,6299,12550,7397,11128,7097,9135,20237,27325,6263,12901,273559,133022,41495,21679,118208,526,17
2021-04-27T23:59:59+02:00,8348,10164,20163,25396,20231,26865,23524,35255,30975,38786,36012,44719,33636,46312,7468,15358,2943,2945,6028,7716,5615,9256,6226,12421,7151,10882,6492,8408,19886,26889,6248,12884,265873,130944,40630,20747,116692,282,17
2021-04-26T23:59:59+02:00,8128,9964,19744,24978,19683,26328,22687,34474,29769,37513,35024,43403,33370,45870,7427,15245,2926,2933,5992,7676,5573,9218,6188,12380,6915,10643,5892,7697,19557,26501,6228,12861,258278,129006,39810,19907,115503,251,16
2021-04-25T23:59:59+02:00,7996,9807,19399,24713,19304,25982,22041,33831,28750,36483,33984,42085,33084,45482,7393,15174,2913,2923,5974,7654,5553,9200,6167,12355,6877,10607,5732,7481,19262,26083,6212,12819,251154,128386,39095,19169,115243,241,16
2021-04-24T23:59:59+02:00,7792,9590,18952,24280,18744,25445,21203,32978,27756,35510,33758,41789,33005,45345,7383,15163,2909,2917,5960,7646,5546,9190,6162,12351,6863,10588,5652,7359,19181,25967,6209,12811,245234,127941,39093,19132,114350,222,16
2021-04-23T23:59:59+02:00,7534,9360,18490,23800,18180,24826,20332,32120,26628,34307,33058,40710,32879,45143,7371,15142,2901,2898,5930,7623,5510,9146,6119,12313,6814,10530,5454,7054,18662,25348,6134,12678,237710,126109,38764,18788,113390,201,16
2021-04-22T23:59:59+02:00,7271,9118,17861,23178,17379,24037,19249,31064,25321,32848,32109,39470,32656,44824,7336,15073,2884,2879,5886,7569,5462,9064,6051,12235,6730,10447,5113,6590,17997,24511,6046,12523,228713,123974,37846,17828,112219,169,16
2021-04-21T23:59:59+02:00,7029,8913,17323,22672,16708,23435,18231,30116,23788,31257,31175,38293,32394,44442,7293,14996,2864,2858,5845,7516,5405,8990,5986,12135,6631,10368,4900,6246,17345,23713,5959,12373,219886,121908,37077,17066,111086,144,16
2021-04-20T23:59:59+02:00,6811,8682,16747,22188,15958,22746,17190,29078,22331,29751,30123,36903,32112,44075,7249,14915,2847,2843,5801,7478,5364,8943,5936,12070,6555,10301,4749,6031,16750,22982,5868,12228,210965,120246,36201,16349,109677,135,16
2021-04-19T23:59:59+02:00,6594,8496,16198,21751,15277,22174,16160,28138,20899,28329,28879,35375,31829,43655,7202,14817,2834,2826,5779,7445,5328,8913,5892,12021,6474,10222,4587,5818,16124,22292,5789,12109,202326,118619,35425,15687,108006,131,16
2021-04-18T23:59:59+02:00,6380,8329,15745,21406,14641,21606,15108,27306,19537,27118,27632,33855,31534,43281,7158,14736,2773,2773,5646,7320,5221,8802,5791,11873,6372,10110,4428,5595,15555,21637,5702,11971,193816,117002,34597,14423,106943,128,16
2021-04-17T23:59:59+02:00,6335,8293,15584,21329,14472,21520,14844,27113,19259,26848,27167,33354,31427,43159,7152,14724,2740,2721,5546,7166,5110,8641,5692,11677,6283,9999,4365,5508,15335,21369,5695,11962,192602,115259,34592,14419,105370,115,16
2021-04-16T23:59:59+02:00,6256,8229,15402,21160,14263,21372,14536,26839,18753,26313,26245,32256,31314,42966,7131,14706,2685,2657,5425,6985,4987,8461,5525,11434,6097,9786,4124,5241,14725,20603,5620,11859,189249,112069,34307,14024,104169,105,16
2021-04-15T23:59:59+02:00,6172,8134,15184,20942,13991,21087,14074,26458,17981,25533,25042,30813,31090,42671,7105,14637,2604,2553,5226,6731,4783,8159,5316,11116,5885,9510,3908,4955,13917,19541,5529,11734,184704,108276,33498,13083,102696,92,16
2021-04-14T23:59:59+02:00,6077,8051,14974,20735,13730,20850,13663,26105,17152,24748,23637,29192,30811,42314,7060,14552,2389,2414,5018,6471,4599,7909,5089,10861,5664,9241,3758,4711,13194,18649,5435,11563,180097,105231,32623,11633,100915,85,16
2021-04-13T23:59:59+02:00,6009,7985,14775,20595,13505,20667,13283,25786,16415,24045,22115,27542,30542,41931,7032,14453,2288,2345,4850,6276,4421,7704,4880,10605,5478,9023,3620,4532,12662,18043,5344,11431,175878,102890,31748,10521,99038,75,16
2021-04-12T23:59:59+02:00,5928,7895,14543,20393,13204,20412,12877,25347,15695,23317,20680,25780,30288,41619,6998,14385,2142,2232,4675,6122,4273,7520,4722,10420,5340,8869,3492,4370,12231,17524,5257,11304,171533,101216,30692,9187,97120,74,16
2021-04-11T23:59:59+02:00,5835,7805,14322,20195,12909,20193,12439,24975,15007,22652,19323,24173,30065,41320,6963,14311,2096,2191,4557,6005,4159,7392,4596,10290,5215,8752,3365,4226,11743,16914,5149,11132,167269,99480,29737,8215,95466,72,15
2021-04-10T23:59:59+02:00,5830,7797,14304,20182,12900,20182,12422,24961,14924,22560,18654,23260,29822,40964,6947,14288,2090,2179,4546,5995,4147,7381,4583,10274,5153,8674,3260,4113,11186,16078,5035,10952,166204,97348,29710,8215,94068,68,15
2021-04-09T23:59:59+02:00,5816,7780,14274,20134,12858,20133,12374,24910,14545,22118,17211,21465,29473,40425,6919,14254,2065,2168,4527,5977,4120,7356,4540,10241,5116,8623,3146,3975,10323,15085,4926,10792,163614,94929,29371,7970,91690,67,14
2021-04-08T23:59:59+02:00,5767,7749,14177,20057,12781,20056,12267,24800,14089,21555,15494,19354,28941,39527,6870,14147,2040,2152,4500,5922,4068,7274,4474,10162,5046,8552,3037,3854,9820,14471,4758,10585,159796,93094,28350,7544,89474,66,11
2021-04-07T23:59:59+02:00,5733,7715,14069,19977,12690,19976,12169,24689,13606,21076,14046,17539,28375,38693,6823,14060,2018,2139,4445,5852,3984,7199,4384,10072,4960,8464,2939,3749,9049,13325,4567,10262,155434,90574,27475,6769,88317,55,10
2021-04-06T23:59:59+02:00,5697,7684,13972,19905,12612,19919,12087,24621,13116,20586,12447,15534,27798,37879,6806,13994,1946,2074,4315,5732,3884,7073,4263,9927,4856,8340,2824,3621,8305,12343,4351,9972,151431,88203,26595,5561,86622,53,9
2021-04-05T23:59:59+02:00,5654,7650,13900,19839,12542,19852,12030,24540,12719,20203,10850,13581,27189,36974,6777,13942,1869,1994,4150,5577,3722,6917,4107,9785,4713,8216,2672,3486,7463,11322,4149,9673,148246,85858,25582,3898,84405,50,9
2021-04-04T23:59:59+02:00,5639,7631,13888,19819,12537,19834,12022,24520,12581,20085,9813,12281,26798,36412,6756,13897,1867,1989,4143,5575,3720,6912,4102,9778,4712,8210,2666,3473,7209,10829,4084,9584,146517,84906,25578,3898,82412,43,6
2021-04-03T23:59:59+02:00,5635,7620,13871,19802,12528,19824,12012,24509,12560,20035,8786,11068,26046,35339,6715,13802,1864,1986,4141,5570,3718,6908,4094,9766,4696,8199,2660,3462,7052,10551,4065,9526,144052,84312,25571,3898,80524,43,5
2021-04-02T23:59:59+02:00,5628,7602,13832,19777,12492,19781,11969,24461,12468,19951,8105,10090,24622,33432,6603,13594,1853,1970,4115,5548,3695,6865,4054,9687,4569,7918,2527,3323,6671,10126,3948,9371,139610,82515,25236,3677,79556,43,5
2021-04-01T23:59:59+02:00,5563,7517,13740,19641,12378,19636,11823,24301,11844,19473,7377,9172,23293,31683,6508,13404,1780,1899,4011,5447,3632,6797,3984,9617,4497,7814,2424,3172,6144,9393,3819,9165,135414,80280,24110,3274,77825,37,4
2021-03-31T23:59:59+02:00,5505,7453,13613,19486,12247,19488,11642,24100,11564,19219,6867,8534,22008,29972,6387,13219,1766,1887,3990,5424,3599,6769,3948,9567,4459,7762,2351,3085,5633,8702,3690,8998,131489,78531,23023,3058,76788,37,4
2021-03-30T23:59:59+02:00,5437,7378,13478,19329,12134,19319,11508,23938,11397,19082,6476,8108,20793,28428,6280,13054,1747,1849,3949,5390,3530,6700,3859,9446,4332,7591,2210,2868,5193,8140,3585,8785,128137,76329,22095,2820,75906,24,1
2021-03-29T23:59:59+02:00,5384,7329,13371,19240,12072,19234,11412,23835,11255,18938,6136,7662,19547,26967,6185,12903,1681,1804,3898,5349,3447,6626,3746,9297,4177,7396,2099,2734,4595,7431,3476,8566,124574,73689,21232,2610,75663,22,1
2021-03-28T23:59:59+02:00,5323,7252,13254,19097,11991,19153,11317,23733,11153,18836,5797,7277,18543,25625,6091,12747,1642,1750,3789,5243,3245,6386,3683,9204,4126,7345,2036,2668,3793,6342,3357,8386,121597,70667,20445,2314,75146,13,1
2021-03-27T23:59:59+01:00,5286,7189,13146,18934,11872,18986,11207,23522,11048,18707,5723,7172,18282,25305,6083,12738,1636,1747,3785,5238,3242,6380,3363,8802,3964,7103,2031,2664,3774,6306,3327,8329,119768,69369,20408,2314,75023,7,1
2021-03-26T23:59:59+01:00,5237,7122,13035,18751,11754,18793,11042,23288,10895,18511,5528,6912,17699,24535,6008,12630,1635,1745,3779,5232,3221,6363,3341,8781,3733,6604,1881,2325,3478,5978,3210,8143,116699,67134,20071,2308,74969,6,1
2021-03-25T23:59:59+01:00,5156,7019,12833,18495,11550,18471,10824,22954,10656,18193,5274,6584,16707,23256,5907,12484,1624,1734,3756,5202,3189,6338,3292,8745,3681,6562,1800,2183,3025,5272,3094,7902,112729,65186,18999,2207,74634,5,1
2021-03-24T23:59:59+01:00,5056,6875,12617,18048,11347,18078,10594,22554,10446,17860,4954,6173,15704,22096,5803,12303,1598,1720,3732,5154,3154,6273,3234,8675,3632,6491,1743,2126,2693,4891,2973,7678,109652,63797,17910,1964,72945,5,1
2021-03-23T23:59:59+01:00,4985,6776,12446,17714,11160,17731,10400,22191,10246,17596,4816,5938,15039,21311,5700,12160,1581,1713,3719,5136,3133,6256,3214,8626,3598,6447,1708,2071,2446,4598,2789,7393,107330,62499,17182,1923,71696,5,1
2021-03-22T23:59:59+01:00,4925,6673,12245,17376,10980,17410,10186,21857,10033,17327,4656,5706,14417,20598,5599,12011,1566,1703,3694,5100,3102,6218,3181,8576,3564,6400,1665,2017,2232,4317,2614,7101,105504,61260,16466,1784,70028,5,1
2021-03-21T23:59:59+01:00,4832,6515,11953,16963,10702,17011,9930,21409,9784,17002,4524,5519,13733,19807,5480,11834,1557,1702,3677,5083,3081,6185,3160,8545,3544,6376,1647,1997,2055,4131,2462,6863,103628,60280,15170,1779,68199,5,1
2021-03-20T23:59:59+01:00,4793,6423,11811,16613,10571,16715,9789,21090,9607,16735,4398,5362,13103,18855,5362,11640,1556,1701,3677,5081,3078,6184,3157,8540,3539,6372,1641,1991,2023,4067,2443,6826,101441,60091,15166,1779,66259,5,1
2021-03-19T23:59:59+01:00,4737,6316,11635,16253,10400,16357,9608,20701,9400,16401,4210,5143,12091,17649,5242,11470,1548,1693,3660,5048,3047,6109,3117,8445,3434,6196,1524,1897,1953,4007,2333,6623,98758,58853,14757,1775,64097,5,1
2021-03-18T23:59:59+01:00,4639,6177,11369,15817,10138,15925,9341,20231,9188,16081,4066,4975,11441,16772,5055,11238,1542,1677,3644,5015,3024,6065,3097,8388,3408,6156,1505,1865,1914,3932,2210,6420,96959,58171,13751,1685,61742,5,1
2021-03-17T23:59:59+01:00,4440,6040,11073,15386,9880,15578,9098,19853,8948,15761,3938,4791,10600,15479,4840,10898,1539,1674,3631,4995,3020,6047,3086,8351,3391,6134,1503,1845,1890,3900,2101,6236,94312,57666,12208,1671,60082,5,1
2021-03-16T23:59:59+01:00,4279,5884,10716,14917,9629,15210,8803,19413,8669,15415,3797,4631,9758,14310,4609,10609,1523,1671,3627,4989,3011,6040,3080,8343,3381,6119,1481,1822,1852,3850,1982,6060,91984,57234,11020,1591,57644,5,1
2021-03-15T23:59:59+01:00,4111,5733,10398,14443,9340,14745,8500,18938,8402,15027,3646,4454,9021,13211,4440,10358,1512,1663,3609,4975,2999,6017,3061,8305,3361,6076,1465,1810,1836,3817,1869,5875,90029,56655,9658,1590,55080,5,0
2021-03-14T23:59:59+01:00,4030,5617,10117,13988,9084,14348,8183,18450,8140,14658,3470,4249,8182,11929,4194,9988,1498,1656,3585,4956,2977,5968,3040,8227,3336,6013,1431,1758,1778,3683,1706,5500,87719,56131,8649,976,52259,5,0
2021-03-13T23:59:59+01:00,3939,5368,9840,13405,8886,13860,7968,17955,7963,14318,3381,4174,7983,11622,4164,9923,1498,1656,3585,4956,2976,5968,3040,8227,3335,6011,1427,1757,1775,3678,1705,5499,87069,56114,8649,976,49031,3,0
2021-03-12T23:59:59+01:00,3853,5190,9590,12874,8659,13311,7721,17286,7605,13623,3225,4022,7600,11197,4058,9778,1496,1652,3582,4943,2972,5964,3033,8220,3331,6005,1401,1724,1754,3660,1607,5325,85312,55691,8402,975,45878,3,0
2021-03-11T23:59:59+01:00,3676,4822,9224,12152,8360,12636,7370,16492,7290,13037,3069,3820,7017,10425,3914,9542,1472,1636,3554,4901,2927,5875,2996,8102,3281,5916,1360,1669,1674,3449,1413,4828,82880,54953,7955,98,42011,2,0
2021-03-10T23:59:59+01:00,3593,4667,8653,11646,7735,12159,7060,15948,6993,12509,2910,3677,6436,9677,3790,9340,1457,1619,3526,4840,2895,5793,2959,7952,3224,5815,1323,1626,1621,3349,1296,4556,81075,53775,7403,75,38315,1,0
2021-03-09T23:59:59+01:00,3457,4448,7900,11194,6889,11666,6660,15327,6643,11931,2692,3387,5908,9026,3672,9113,1451,1614,3502,4789,2869,5729,2943,7902,3207,5771,1307,1603,1589,3307,1189,4361,78793,53091,6048,41,35072,1,0
2021-03-08T23:59:59+01:00,3252,4160,7172,10662,6150,11184,6259,14771,6261,11407,2492,3189,5281,8251,3569,8903,1443,1602,3479,4721,2840,5660,2905,7810,3179,5701,1304,1594,1585,3299,1185,4359,75974,52626,4905,40,32084,0,0
2021-03-07T23:59:59+01:00,3119,3990,6824,10161,5730,10628,5980,14329,6040,11058,2401,3112,4451,7113,3426,8708,1440,1599,3476,4716,2835,5648,2901,7791,3170,5691,1300,1577,1565,3260,1170,4321,72738,52421,4073,39,30259,0,0
2021-03-06T23:59:59+01:00,3068,3803,6630,9722,5535,10194,5468,13404,5716,10428,2388,3096,4446,7102,3424,8707,1439,1597,3474,4713,2833,5647,2900,7790,3169,5688,1298,1574,1565,3258,1169,4321,71516,52396,4073,39,27542,0,0
2021-03-05T23:59:59+01:00,2961,3486,6409,9176,5333,9784,5292,12828,5316,9443,2188,2702,4050,6686,3315,8537,1426,1590,3457,4699,2828,5634,2892,7772,3158,5669,1284,1570,1565,3254,1164,4317,69196,52240,3842,39,24468,0,0
2021-03-04T23:59:59+01:00,2866,3232,6193,8759,5178,9440,5114,12396,5142,9104,2077,2501,3486,5836,3195,8271,1413,1568,3415,4603,2794,5569,2861,7670,3128,5606,1266,1563,1550,3241,1157,4306,67157,51671,3402,39,22231,0,0
2021-03-03T23:59:59+01:00,2803,3154,6013,8346,4997,9059,4906,11944,4961,8690,1994,2398,3064,5359,3068,8031,1390,1557,3379,4552,2757,5506,2818,7565,3086,5540,1252,1542,1532,3210,1151,4289,65737,51088,3161,38,19889,0,0
2021-03-02T23:59:59+01:00,2741,3043,5843,8011,4840,8791,4743,11539,4823,8395,1915,2310,2757,4989,2875,7745,1384,1545,3360,4535,2741,5478,2805,7517,3078,5511,1248,1534,1513,3191,1149,4285,64407,50836,2906,38,18047,0,0
2021-03-01T23:59:59+01:00,2706,2992,5736,7788,4750,8667,4657,11382,4725,8231,1864,2229,2449,4646,2708,7469,1375,1542,3347,4516,2732,5445,2786,7466,3067,5493,1242,1530,1506,3183,1147,4281,63160,50620,2685,38,17154,0,0
2021-02-28T23:59:59+01:00,2640,2932,5557,7530,4580,8444,4524,11199,4625,8114,1812,2171,2154,4324,2530,7195,1363,1535,3335,4506,2724,5438,2779,7449,3060,5483,1238,1527,1500,3167,1146,4250,62070,50462,2384,38,15877,0,0
2021-02-27T23:59:59+01:00,2524,2553,5399,7145,4479,8136,4448,10847,4556,7883,1785,2118,2128,4281,2511,7143,1360,1532,3333,4506,2719,5436,2775,7445,3056,5481,1237,1526,1499,3167,1146,4250,61838,50433,2384,35,13714,0,0
2021-02-26T23:59:59+01:00,2458,2446,5255,6911,4333,7882,4294,10580,4351,7607,1664,2030,2070,4245,2406,6967,1339,1518,3315,4470,2709,5396,2763,7392,3033,5432,1232,1516,1495,3160,1145,4248,60524,50128,2378,35,12597,0,0
2021-02-25T23:59:59+01:00,2327,2316,4892,6497,3921,7412,4015,10077,4136,7261,1615,1986,2038,4185,2295,6777,1320,1497,3283,4430,2670,5336,2726,7282,2996,5350,1222,1500,1481,3120,1133,4193,60048,49506,2271,33,9431,0,0
2021-02-24T23:59:59+01:00,2287,2244,4771,6272,3828,7194,3886,9839,4021,7119,1595,1961,2008,4140,2183,6582,1306,1486,3253,4365,2636,5269,2701,7204,2966,5283,1206,1482,1458,3071,1122,4128,59505,48913,2026,23,8399,0,0
2021-02-23T23:59:59+01:00,2026,2051,4409,5804,3555,6791,3666,9463,3875,6871,1578,1932,1963,4095,2071,6400,1286,1474,3209,4330,2611,5209,2677,7129,2929,5234,1189,1461,1434,3034,1112,4081,59054,48390,1980,9,5516,0,0
2021-02-22T23:59:59+01:00,2015,2028,4355,5744,3520,6726,3600,9366,3820,6784,1545,1909,1940,4042,1955,6206,1281,1456,3189,4289,2591,5169,2651,7067,2899,5187,1181,1450,1423,3024,1106,4072,58517,48031,1837,4,5201,0,0
2021-02-21T23:59:59+01:00,2003,2021,4322,5709,3477,6692,3560,9302,3780,6742,1535,1903,1935,4033,1838,6043,1273,1440,3167,4251,2563,5118,2637,7000,2869,5104,1168,1434,1400,2963,1085,4001,58172,47469,1833,4,4890,0,0
2021-02-20T23:59:59+01:00,2002,2019,4317,5707,3475,6692,3560,9301,3779,6741,1530,1902,1933,4029,1837,6043,1273,1440,3166,4249,2563,5118,2636,6999,2869,5104,1168,1433,1399,2963,1085,4001,58158,47462,1833,4,4876,0,0
2021-02-19T23:59:59+01:00,1982,2010,4307,5691,3466,6677,3549,9291,3768,6728,1505,1870,1911,4009,1738,5865,1271,1439,3166,4248,2562,5117,2636,6997,2867,5102,1168,1433,1399,2962,1085,4001,57739,47449,1828,4,4800,0,0
2021-02-18T23:59:59+01:00,1933,1966,4205,5583,3404,6573,3453,9113,3691,6606,1489,1836,1876,3935,1608,5672,1219,1377,3018,4020,2443,4829,2523,6664,2767,4885,1138,1385,1368,2877,1061,3862,57090,45432,1738,4,4115,0,0
2021-02-17T23:59:59+01:00,1906,1922,4103,5427,3320,6420,3336,8860,3568,6441,1434,1764,1807,3833,1493,5372,1149,1304,2862,3798,2330,4514,2392,6226,2651,4634,1089,1322,1316,2767,1023,3706,55864,43079,1727,4,3415,0,0
2021-02-16T23:59:59+01:00,1807,1831,3949,5234,3191,6231,3222,8643,3452,6283,1412,1741,1779,3799,1379,5170,1053,1261,2735,3634,2232,4292,2253,5911,2530,4403,1042,1221,1158,2458,783,3116,55155,40080,1710,2,2258,0,0
2021-02-15T23:59:59+01:00,1791,1805,3899,5147,3134,6143,3159,8529,3394,6185,1402,1728,1765,3777,1371,5150,1013,1225,2653,3499,2158,4112,2168,5630,2444,4209,999,1154,1073,2270,721,2923,54691,38250,1708,1,1980,0,0
2021-02-14T23:59:59+01:00,1717,1770,3818,5071,3093,6027,3103,8369,3351,6090,1382,1697,1712,3639,1315,4915,1000,1215,2608,3431,2118,4043,2109,5505,2384,4110,964,1117,994,2085,655,2702,54445,37039,1093,1,1531,0,0
2021-02-13T23:59:59+01:00,1714,1768,3810,5068,3087,6025,3100,8368,3348,6088,1381,1694,1712,3637,1313,4915,1000,1215,2608,3431,2118,4043,2108,5505,2382,4110,964,1117,994,2085,655,2702,54427,37037,1092,0,1509,0,0
2021-02-12T23:59:59+01:00,1677,1743,3773,5038,3067,6006,3076,8330,3331,6049,1365,1687,1703,3620,1305,4897,991,1203,2574,3379,2085,3994,2080,5456,2365,4080,963,1117,993,2085,654,2700,54202,36719,1090,0,1375,0,0
2021-02-11T23:59:59+01:00,1622,1679,3665,4873,2967,5825,2974,8023,3239,5857,1311,1626,1636,3435,1225,4585,942,1103,2301,2935,1877,3484,1837,4721,2113,3609,887,1046,904,1881,606,2446,53580,32692,122,0,840,0,0
2021-02-10T23:59:59+01:00,1599,1652,3603,4754,2900,5726,2927,7858,3192,5748,1297,1610,1611,3392,1212,4550,849,1016,2012,2520,1664,3026,1593,4101,1867,3198,790,890,737,1504,484,1979,52929,28230,120,0,582,0,0
2021-02-09T23:59:59+01:00,1580,1626,3551,4689,2871,5654,2904,7759,3155,5685,1294,1601,1582,3371,1204,4537,787,907,1742,2171,1471,2622,1422,3594,1702,2883,762,857,715,1425,465,1878,52619,25403,115,0,329,0,0
2021-02-08T23:59:59+01:00,1559,1622,3527,4659,2852,5612,2879,7707,3140,5659,1284,1593,1574,3343,1202,4523,767,857,1588,1926,1325,2371,1291,3278,1545,2654,733,833,665,1311,437,1719,52318,23300,90,0,327,0,0
2021-02-07T23:59:59+01:00,1409,1573,3436,4602,2801,5571,2851,7666,3117,5626,1276,1577,1565,3321,1199,4492,594,668,1324,1582,1097,1906,1079,2672,1325,2193,629,713,590,1147,396,1515,52019,19430,63,0,0,0,0
2021-02-06T23:59:59+01:00,1405,1570,3434,4601,2795,5568,2846,7662,3113,5623,1274,1574,1563,3319,1199,4492,445,476,1132,1357,965,1576,928,2247,1161,1806,551,630,571,1133,393,1512,51975,16883,63,0,0,0,0
2021-02-05T23:59:59+01:00,1394,1558,3419,4579,2786,5541,2836,7616,3092,5578,1270,1566,1560,3312,1198,4492,327,274,948,1049,812,1198,763,1793,973,1421,451,539,548,1117,391,1508,51734,14112,63,0,0,0,0
2021-02-04T23:59:59+01:00,1375,1535,3372,4528,2746,5458,2796,7487,3045,5501,1258,1553,1546,3278,1191,4468,167,118,643,682,523,757,516,1151,639,885,288,369,452,971,356,1369,51096,9886,41,0,0,0,0
2021-02-03T23:59:59+01:00,1352,1526,3332,4478,2713,5407,2775,7421,3012,5443,1250,1536,1521,3229,1183,4406,146,96,509,526,400,616,424,910,490,679,236,290,354,774,278,1087,50544,7815,40,0,0,0,0
2021-02-02T23:59:59+01:00,1330,1512,3288,4441,2681,5347,2749,7344,2980,5383,1228,1506,1487,3167,1158,4315,130,80,425,429,335,532,380,827,434,613,219,267,306,703,258,976,49877,6914,39,0,0,0,0
2021-02-01T23:59:59+01:00,1313,1496,3263,4389,2651,5274,2715,7211,2950,5295,1212,1484,1461,3129,1144,4255,102,57,317,322,246,404,283,616,310,460,181,217,240,559,200,757,49203,5271,39,0,0,0,0
2021-01-31T23:59:59+01:00,1306,1482,3247,4358,2628,5230,2701,7157,2936,5256,1200,1466,1438,3063,1125,4180,91,54,287,297,225,357,260,572,281,427,160,197,198,454,164,613,48734,4637,39,0,0,0,0
2021-01-30T23:59:59+01:00,1306,1482,3244,4354,2627,5230,2700,7155,2936,5256,1200,1465,1437,3063,1125,4180,91,51,277,283,215,341,255,563,277,419,159,196,197,454,164,613,48724,4555,36,0,0,0,0
2021-01-29T23:59:59+01:00,1304,1481,3244,4350,2627,5229,2699,7153,2934,5254,1200,1465,1437,3062,1125,4180,85,47,256,268,192,317,243,550,265,412,156,194,193,448,163,611,48708,4400,36,0,0,0,0
2021-01-28T23:59:59+01:00,1281,1451,3172,4240,2577,5110,2635,6998,2875,5142,1185,1439,1423,2995,1105,4067,71,25,157,163,129,193,166,364,197,259,126,145,147,278,95,355,47661,2870,34,0,0,0,0
2021-01-27T23:59:59+01:00,1225,1393,3083,4101,2500,4924,2542,6711,2796,4973,1151,1393,1386,2902,1077,3933,36,10,92,77,61,93,80,210,114,141,97,114,107,205,71,253,46066,1761,24,0,0,0,0
2021-01-26T23:59:59+01:00,1139,1354,2963,3955,2428,4745,2457,6523,2724,4843,1131,1336,1291,2750,869,3539,35,10,89,76,60,92,78,210,112,140,95,113,107,205,71,253,44034,1746,13,0,0,0,0
2021-01-25T23:59:59+01:00,1120,1324,2883,3822,2382,4593,2394,6327,2664,4710,1119,1317,1276,2718,859,3512,35,10,88,76,58,92,78,209,112,139,95,113,107,205,71,253,43012,1741,8,0,0,0,0
2021-01-24T23:59:59+01:00,1108,1319,2866,3805,2372,4563,2364,6276,2633,4664,1110,1309,1265,2696,848,3479,35,10,88,76,58,92,78,209,112,139,95,113,107,205,71,253,42671,1741,6,0,0,0,0
2021-01-23T23:59:59+01:00,1108,1319,2866,3805,2372,4563,2364,6276,2631,4664,1110,1309,1265,2696,848,3479,35,10,88,76,58,92,78,209,112,139,95,113,107,205,71,252,42669,1740,6,0,0,0,0
2021-01-22T23:59:59+01:00,1100,1309,2831,3759,2341,4492,2333,6207,2612,4621,1109,1308,1264,2695,847,3476,35,10,88,76,58,92,78,209,112,139,95,113,107,205,71,252,42298,1740,6,0,0,0,0
2021-01-21T23:59:59+01:00,1068,1205,2565,3348,2151,4058,2146,5598,2401,4177,1062,1265,1219,2564,819,3334,30,9,78,68,54,74,65,172,90,128,87,96,89,152,60,196,38974,1448,6,0,0,0,0
2021-01-20T23:59:59+01:00,972,1117,2258,2930,1939,3583,1909,4978,2155,3751,964,1114,1055,2213,714,2893,30,9,78,68,54,73,65,172,90,128,87,96,89,152,60,196,34539,1447,6,0,0,0,0
2021-01-19T23:59:59+01:00,893,998,1964,2497,1695,3091,1679,4312,1927,3339,896,1014,927,1931,624,2566,13,5,50,47,33,41,33,101,40,77,37,35,46,81,36,127,30348,802,5,0,0,0,0
2021-01-18T23:59:59+01:00,815,910,1721,2087,1459,2603,1420,3616,1694,2887,819,932,825,1705,578,2322,7,3,17,12,14,19,17,53,15,34,22,23,23,54,27,73,26390,413,3,0,0,0,0
2021-01-17T23:59:59+01:00,604,702,1407,1695,1184,2044,1163,2860,1422,2327,675,786,690,1415,476,1973,1,1,2,2,0,0,0,0,0,0,0,0,0,0,0,0,21420,6,3,0,0,0,0
2021-01-16T23:59:59+01:00,457,510,1232,1475,1068,1732,1015,2448,1268,1951,598,706,670,1402,474,1972,0,0,0,0,0,0,0,0,0,0,0,0,0,0,0,0,18976,0,2,0,0,0,0
2021-01-15T23:59:59+01:00,334,306,1051,1182,915,1383,853,1990,1079,1575,497,612,636,1371,464,1934,0,0,0,0,0,0,0,0,0,0,0,0,0,0,0,0,16180,0,2,0,0,0,0
2021-01-14T23:59:59+01:00,188,139,732,804,624,885,613,1309,722,1013,328,434,530,1183,417,1726,0,0,0,0,0,0,0,0,0,0,0,0,0,0,0,0,11647,0,0,0,0,0,0
2021-01-13T23:59:59+01:00,162,112,611,630,498,703,500,1037,568,787,274,356,446,1013,362,1469,0,0,0,0,0,0,0,0,0,0,0,0,0,0,0,0,9528,0,0,0,0,0,0
2021-01-12T23:59:59+01:00,146,94,532,538,426,608,442,923,498,699,244,309,361,819,303,1161,0,0,0,0,0,0,0,0,0,0,0,0,0,0,0,0,8103,0,0,0,0,0,0
2021-01-11T23:59:59+01:00,116,74,428,439,348,497,353,736,395,541,212,256,300,687,249,972,0,0,0,0,0,0,0,0,0,0,0,0,0,0,0,0,6603,0,0,0,0,0,0
2021-01-10T23:59:59+01:00,100,61,354,364,287,412,299,642,328,480,184,225,238,545,198,756,0,0,0,0,0,0,0,0,0,0,0,0,0,0,0,0,5473,0,0,0,0,0,0
2021-01-09T23:59:59+01:00,100,59,336,345,264,388,292,628,320,473,183,224,237,543,198,756,0,0,0,0,0,0,0,0,0,0,0,0,0,0,0,0,5346,0,0,0,0,0,0
2021-01-08T23:59:59+01:00,94,52,297,308,223,346,265,595,292,444,167,204,216,477,179,671,0,0,0,0,0,0,0,0,0,0,0,0,0,0,0,0,4830,0,0,0,0,0,0
2021-01-07T23:59:59+01:00,76,33,204,207,160,248,202,429,227,313,138,160,161,309,112,419,0,0,0,0,0,0,0,0,0,0,0,0,0,0,0,0,3398,0,0,0,0,0,0
2021-01-06T23:59:59+01:00,64,21,151,124,114,162,149,305,169,219,106,129,122,237,76,293,0,0,0,0,0,0,0,0,0,0,0,0,0,0,0,0,2441,0,0,0,0,0,0
2021-01-05T23:59:59+01:00,40,11,90,77,61,96,84,213,113,142,101,119,114,219,75,271,0,0,0,0,0,0,0,0,0,0,0,0,0,0,0,0,1826,0,0,0,0,0,0
2021-01-04T23:59:59+01:00,38,11,90,77,58,94,84,212,113,141,101,118,114,219,75,271,0,0,0,0,0,0,0,0,0,0,0,0,0,0,0,0,1816,0,0,0,0,0,0
2021-01-03T23:59:59+01:00,38,11,90,77,58,94,84,212,113,141,101,118,114,219,75,271,0,0,0,0,0,0,0,0,0,0,0,0,0,0,0,0,1816,0,0,0,0,0,0
2021-01-02T23:59:59+01:00,38,11,90,77,58,94,84,212,112,141,101,118,114,219,75,270,0,0,0,0,0,0,0,0,0,0,0,0,0,0,0,0,1814,0,0,0,0,0,0
2021-01-01T23:59:59+01:00,38,11,90,77,58,94,84,212,112,140,101,118,114,219,75,270,0,0,0,0,0,0,0,0,0,0,0,0,0,0,0,0,1813,0,0,0,0,0,0
2020-12-31T23:59:59+01:00,38,11,90,77,58,94,84,212,111,140,101,118,114,219,75,270,0,0,0,0,0,0,0,0,0,0,0,0,0,0,0,0,1812,0,0,0,0,0,0
2020-12-30T23:59:59+01:00,38,11,90,77,57,94,84,212,111,140,101,118,114,219,75,270,0,0,0,0,0,0,0,0,0,0,0,0,0,0,0,0,1811,0,0,0,0,0,0
2020-12-29T23:59:59+01:00,19,5,63,57,35,60,49,137,62,89,46,50,67,131,47,182,0,0,0,0,0,0,0,0,0,0,0,0,0,0,0,0,1099,0,0,0,0,0,0
2020-12-28T23:59:59+01:00,7,4,36,26,20,29,20,68,22,41,23,22,24,49,27,72,0,0,0,0,0,0,0,0,0,0,0,0,0,0,0,0,490,0,0,0,0,0,0
2020-12-27T23:59:59+01:00,1,0,7,5,6,2,1,5,0,2,0,1,2,3,4,5,0,0,0,0,0,0,0,0,0,0,0,0,0,0,0,0,44,0,0,0,0,0,0
