Datum,<15_1_m,<15_1_w,15-24_1_m,15-24_1_w,25-34_1_m,25-34_1_w,35-44_1_m,35-44_1_w,45-54_1_m,45-54_1_w,55-64_1_m,55-64_1_w,65-74_1_m,65-74_1_w,75-84_1_m,75-84_1_w,>84_1_m,>84_1_w,<15_2_m,<15_2_w,15-24_2_m,15-24_2_w,25-34_2_m,25-34_2_w,35-44_2_m,35-44_2_w,45-54_2_m,45-54_2_w,55-64_2_m,55-64_2_w,65-74_2_m,65-74_2_w,75-84_2_m,75-84_2_w,>84_2_m,>84_2_w,bp_1,bp_2,mo_1,mo_2,az_1,az_2,ja,unb_1,unb_2
2021-12-02T23:59:59+01:00,22969,21468,81656,80093,123422,119147,110360,109048,104017,108867,99986,101659,59089,73198,45280,63162,11262,22956,12290,11705,71328,70782,112754,108342,101685,99952,97160,101770,95199,96569,56718,70347,44033,61059,10741,21715,954767,860030,140851,134891,159191,146236,102507,416,485
2021-12-01T23:59:59+01:00,22389,20948,81565,79978,123289,118977,110256,108913,103939,108763,99921,101548,59030,73109,45258,63107,11258,22938,12203,11605,71108,70587,112529,108118,101492,99776,97031,101616,95113,96459,56664,70277,44008,61020,10734,21704,952390,858047,140798,134795,159189,146236,102487,414,479
2021-11-30T23:59:59+01:00,21805,20462,81359,79807,123034,118696,110059,108679,103763,108597,99764,101374,58895,72989,45214,63024,11237,22908,12120,11534,70896,70418,112265,107867,101312,99588,96855,101477,95002,96361,56624,70240,43985,60997,10729,21694,949053,856071,140648,134724,159188,146236,102454,414,479
2021-11-29T23:59:59+01:00,21254,19945,81248,79703,122896,118528,109944,108524,103684,108499,99696,101286,58838,72918,45198,62974,11218,22880,12038,11461,70701,70266,112067,107679,101152,99432,96723,101369,94904,96262,56591,70195,43965,60959,10725,21681,946712,854383,140578,134640,159185,146233,102435,414,479
2021-11-28T23:59:59+01:00,20704,19463,81129,79586,122759,118349,109848,108397,103581,108390,99625,101201,58793,72859,45177,62940,11214,22866,11994,11398,70484,70090,111786,107466,100963,99279,96595,101236,94804,96169,56560,70139,43950,60928,10718,21671,944452,852566,140503,134554,159185,146215,102418,414,477
2021-11-27T23:59:59+01:00,20039,18855,81067,79540,122679,118282,109797,108339,103540,108345,99593,101173,58780,72844,45173,62935,11212,22866,11951,11356,70347,69963,111599,107334,100818,99166,96478,101163,94746,96121,56546,70123,43941,60921,10716,21670,942664,851356,140482,134508,159185,146214,102404,414,477
2021-11-26T23:59:59+01:00,19290,18114,80949,79400,122547,118120,109688,108213,103440,108244,99537,101099,58755,72801,45166,62917,11212,22857,11843,11282,70181,69835,111375,107167,100629,99007,96298,101041,94650,96051,56530,70090,43929,60901,10713,21669,940010,849689,140451,134435,159181,146207,102383,414,477
2021-11-25T23:59:59+01:00,18417,17316,80743,79164,122290,117803,109465,107918,103221,108034,99385,100905,58627,72684,45124,62847,11200,22834,11735,11184,69993,69647,111141,106930,100404,98815,96124,100869,94520,95930,56490,70049,43915,60874,10709,21650,935852,847618,140298,134354,159178,146206,102324,414,477
2021-11-24T23:59:59+01:00,17828,16760,80600,79015,122144,117608,109326,107750,103083,107893,99279,100800,58575,72578,45105,62768,11194,22812,11670,11132,69848,69538,110979,106759,100266,98689,96035,100746,94427,95838,56462,70004,43900,60846,10706,21635,933099,846202,140221,134298,159174,146203,102300,413,477
2021-11-23T23:59:59+01:00,17098,16159,80426,78868,121980,117403,109152,107580,102954,107754,99171,100670,58504,72492,45078,62712,11184,22785,11621,11078,69694,69428,110781,106618,100123,98552,95892,100622,94335,95756,56435,69959,43879,60811,10701,21622,930060,844746,140146,134219,159174,146202,102266,413,474
2021-11-22T23:59:59+01:00,16511,15645,80246,78709,121802,117209,108984,107403,102825,107614,99054,100565,58439,72409,45059,62662,11174,22765,11573,11028,69551,69328,110600,106468,99973,98438,95800,100532,94248,95692,56410,69916,43859,60780,10700,21610,927259,843429,140086,134171,159172,146199,102235,412,472
2021-11-21T23:59:59+01:00,16018,15181,80040,78508,121560,116970,108788,107227,102683,107480,98958,100457,58388,72328,45044,62625,11167,22749,11532,11002,69371,69205,110385,106323,99800,98283,95694,100437,94151,95624,56369,69871,43848,60760,10698,21603,924486,841996,140012,134102,159162,146198,102188,412,472
2021-11-20T23:59:59+01:00,15794,14976,79883,78387,121407,116814,108628,107109,102584,107389,98901,100384,58371,72304,45035,62611,11165,22744,11505,10973,69244,69110,110207,106218,99645,98192,95566,100351,94095,95586,56359,69852,43842,60752,10698,21603,922883,840938,139975,134047,159159,146195,102146,412,472
2021-11-19T23:59:59+01:00,15486,14653,79614,78126,121131,116530,108368,106893,102420,107200,98785,100261,58346,72255,45020,62594,11161,22738,11439,10918,69079,68977,109999,106033,99444,98023,95417,100240,94010,95530,56346,69823,43833,60740,10696,21602,920081,839403,139917,133977,159158,146195,102102,412,472
2021-11-18T23:59:59+01:00,15091,14276,79234,77796,120793,116128,108073,106551,102200,106955,98647,100098,58265,72182,45004,62541,11153,22714,11319,10810,68848,68757,109758,105800,99211,97806,95249,100086,93897,95421,56310,69774,43816,60708,10692,21590,916384,837242,139791,133894,159152,146193,102051,411,472
2021-11-17T23:59:59+01:00,14864,14035,78917,77520,120471,115739,107817,106256,102001,106737,98537,99940,58202,72099,44982,62500,11147,22689,11268,10763,68667,68591,109568,105615,99071,97676,95134,99959,93816,95342,56272,69725,43803,60685,10689,21581,913333,835743,139654,133823,159147,146192,101995,411,472
2021-11-16T23:59:59+01:00,14628,13821,78505,77178,120017,115363,107485,105923,101770,106501,98387,99790,58136,72018,44960,62454,11137,22676,11194,10687,68492,68418,109358,105421,98910,97539,95035,99847,93721,95273,56246,69684,43780,60661,10685,21569,909786,834191,139582,133753,159142,146191,101914,411,471
2021-11-15T23:59:59+01:00,14376,13597,78024,76758,119531,114874,107085,105575,101513,106266,98229,99636,58067,71952,44932,62410,11130,22660,11136,10655,68336,68274,109166,105257,98764,97405,94932,99747,93640,95206,56215,69638,43753,60633,10679,21549,905855,832840,139472,133664,159138,146186,101825,411,470
2021-11-14T23:59:59+01:00,13997,13227,77515,76349,119012,114399,106727,105212,101236,106008,98065,99484,58003,71867,44909,62384,11128,22645,11059,10598,68169,68138,108975,105081,98624,97274,94821,99644,93566,95130,56171,69598,43739,60611,10675,21543,901623,831430,139341,133580,159119,146181,101759,411,466
2021-11-13T23:59:59+01:00,13860,13096,77182,76033,118678,114144,106476,104978,101065,105864,97986,99397,57984,71844,44906,62375,11128,22643,11017,10562,68041,68015,108846,104965,98526,97177,94745,99582,93526,95096,56160,69584,43736,60605,10675,21540,899290,830585,139265,133522,159112,146178,101647,411,466
2021-11-12T23:59:59+01:00,13679,12913,76789,75672,118342,113856,106177,104730,100832,105679,97852,99282,57954,71813,44896,62359,11127,22643,10959,10512,67897,67863,108713,104849,98409,97064,94649,99492,93465,95037,56146,69565,43731,60595,10674,21540,896369,829456,139200,133476,159110,146172,101590,411,466
2021-11-11T23:59:59+01:00,13454,12699,76277,75234,117868,113401,105778,104348,100580,105431,97692,99129,57884,71717,44878,62301,11119,22626,10800,10383,67682,67681,108543,104634,98247,96889,94529,99360,93388,94956,56111,69527,43705,60566,10670,21514,892408,827662,139082,133398,159101,146163,101498,411,464
2021-11-10T23:59:59+01:00,13325,12586,75880,74928,117505,113060,105497,104078,100391,105226,97552,99008,57832,71651,44856,62259,11113,22611,10723,10318,67523,67529,108396,104484,98145,96745,94436,99256,93314,94889,56067,69485,43684,60535,10663,21500,889599,826346,138961,133345,159087,146155,101382,411,464
2021-11-09T23:59:59+01:00,13213,12471,75381,74584,117029,112727,105214,103810,100156,105022,97400,98879,57779,71602,44832,62226,11109,22599,10612,10225,67352,67391,108232,104325,98005,96636,94361,99166,93253,94824,56038,69452,43670,60514,10656,21489,886491,825045,138856,133283,159083,146138,101272,411,463
2021-11-08T23:59:59+01:00,13089,12374,74857,74241,116598,112346,104893,103519,99924,104825,97266,98757,57720,71535,44807,62192,11102,22585,10569,10170,67212,67273,108077,104192,97906,96526,94291,99075,93202,94752,55999,69405,43661,60488,10653,21483,883336,823980,138735,133203,159073,146133,101155,411,463
2021-11-07T23:59:59+01:00,12988,12266,74413,73943,116164,111964,104556,103223,99694,104635,97128,98632,57664,71477,44777,62163,11098,22575,10517,10128,67079,67142,107922,104031,97788,96392,94216,98977,93138,94685,55964,69358,43638,60465,10649,21475,880319,822819,138600,133122,159068,146119,101041,411,463
2021-11-06T23:59:59+01:00,12898,12195,74161,73693,115845,111751,104341,103020,99528,104502,97052,98565,57651,71454,44770,62149,11097,22575,10492,10104,66991,67056,107806,103956,97717,96331,94175,98926,93110,94665,55960,69349,43635,60458,10647,21474,878382,822245,138536,133093,159065,146119,100932,411,463
2021-11-05T23:59:59+01:00,12782,12085,73899,73451,115557,111486,104097,102798,99331,104337,96944,98471,57634,71425,44762,62135,11096,22572,10412,10035,66879,66945,107692,103841,97636,96238,94102,98847,93059,94625,55951,69333,43631,60453,10646,21472,876177,821339,138463,133053,159062,146115,100827,411,463
2021-11-04T23:59:59+01:00,12674,11979,73702,73204,115278,111234,103873,102579,99139,104170,96835,98369,57593,71383,44752,62110,11093,22564,10312,9944,66735,66806,107562,103671,97537,96106,94011,98752,92986,94552,55918,69300,43618,60417,10642,21463,874015,820039,138391,132984,159058,146111,100735,410,463
2021-11-03T23:59:59+01:00,12608,11919,73538,73052,115039,111036,103714,102441,99031,104039,96745,98292,57563,71353,44739,62090,11090,22554,10267,9904,66581,66691,107433,103538,97432,95996,93929,98691,92930,94496,55900,69270,43601,60387,10636,21447,872469,818980,138340,132928,159054,146109,100649,409,463
2021-11-02T23:59:59+01:00,12570,11880,73330,72909,114775,110826,103502,102301,98868,103933,96652,98206,57537,71319,44728,62076,11086,22540,10145,9811,66400,66556,107275,103395,97332,95876,93846,98613,92870,94431,55872,69238,43588,60353,10632,21430,870859,817714,138267,132858,159052,146101,100528,409,462
2021-11-01T23:59:59+01:00,12481,11805,73101,72740,114522,110636,103263,102139,98697,103810,96569,98147,57515,71282,44717,62058,11084,22532,10085,9748,66240,66407,107125,103260,97213,95778,93761,98525,92807,94373,55847,69203,43574,60333,10629,21419,869157,816593,138163,132779,159048,146096,100397,409,462
2021-10-31T23:59:59+01:00,12445,11783,72966,72653,114357,110553,103099,102043,98604,103750,96526,98115,57504,71275,44714,62053,11084,22531,10052,9725,66149,66358,107040,103202,97141,95737,93719,98499,92782,94356,55839,69198,43572,60331,10626,21415,868278,816165,138120,132746,159047,146092,100277,409,461
2021-10-30T23:59:59+02:00,12414,11764,72850,72572,114155,110464,102965,101952,98495,103650,96462,98088,57492,71259,44709,62047,11083,22528,10023,9718,66070,66302,106954,103146,97070,95687,93674,98452,92756,94345,55832,69193,43571,60327,10623,21412,867329,815753,138083,132694,159046,146089,100158,409,461
2021-10-29T23:59:59+02:00,12375,11724,72661,72443,113895,110286,102737,101801,98332,103554,96377,98034,57479,71248,44704,62037,11083,22524,9986,9683,65936,66188,106801,103043,96954,95599,93583,98374,92697,94300,55818,69180,43568,60322,10623,21412,865962,814940,138015,132639,159044,146087,99940,409,461
2021-10-28T23:59:59+02:00,12283,11666,72444,72259,113586,110030,102497,101627,98156,103406,96267,97952,57457,71216,44693,62022,11081,22519,9915,9623,65729,65978,106602,102830,96791,95428,93463,98250,92612,94252,55792,69129,43560,60303,10622,21405,864206,813533,137931,132561,159040,146078,99651,409,461
2021-10-27T23:59:59+02:00,12229,11606,72270,72096,113380,109827,102324,101481,98029,103288,96178,97890,57431,71173,44675,61997,11079,22514,9830,9557,65570,65815,106463,102701,96676,95330,93372,98156,92553,94196,55759,69091,43550,60280,10616,21392,862759,812419,137851,132472,159038,146069,99486,409,461
2021-10-26T23:59:59+02:00,12155,11520,72046,71882,113152,109626,102136,101347,97893,103181,96106,97824,57396,71147,44662,61981,11078,22506,9760,9471,65372,65614,106287,102544,96543,95191,93275,98072,92480,94131,55736,69054,43536,60247,10613,21380,861225,811088,137756,132397,159032,146068,99292,409,461
2021-10-25T23:59:59+02:00,12112,11497,71920,71783,113026,109516,102038,101263,97806,103110,96070,97788,57390,71138,44661,61972,11076,22503,9745,9456,65291,65548,106221,102494,96505,95156,93234,98045,92457,94118,55730,69047,43535,60245,10613,21376,860390,810720,137718,132373,159031,146065,99197,409,461
2021-10-24T23:59:59+02:00,12039,11434,71732,71612,112760,109340,101857,101099,97650,102978,95990,97711,57362,71098,44649,61964,11075,22500,9684,9400,65085,65356,106020,102333,96355,95030,93126,97943,92399,94060,55698,69010,43527,60220,10611,21372,858894,809483,137652,132284,159031,146061,98940,409,461
2021-10-23T23:59:59+02:00,12013,11409,71628,71528,112633,109240,101762,101017,97590,102929,95947,97686,57348,71084,44648,61963,11075,22499,9649,9359,65006,65267,105925,102272,96293,94976,93071,97891,92370,94032,55680,68999,43526,60217,10610,21372,858205,808934,137599,132229,159030,146059,98832,409,461
2021-10-22T23:59:59+02:00,11939,11367,71465,71392,112408,109085,101598,100898,97475,102827,95887,97635,57337,71066,44646,61955,11075,22497,9559,9273,64835,65085,105741,102129,96157,94858,92973,97805,92314,93978,55667,68988,43523,60204,10609,21370,857046,807798,137537,132152,159030,146052,98605,409,461
2021-10-21T23:59:59+02:00,11807,11239,71255,71232,112205,108886,101418,100723,97319,102701,95796,97572,57314,71032,44631,61932,11070,22483,9461,9155,64613,64860,105548,101911,96002,94661,92847,97690,92240,93903,55641,68951,43509,60175,10607,21360,855364,806171,137472,132041,159027,146042,98419,408,461
2021-10-20T23:59:59+02:00,11759,11189,71129,71100,112060,108747,101302,100626,97225,102619,95734,97518,57286,70995,44618,61914,11065,22466,9338,9059,64413,64676,105421,101748,95884,94521,92748,97582,92167,93848,55613,68894,43482,60142,10590,21331,854271,804676,137419,131980,159025,146036,98304,408,461
2021-10-19T23:59:59+02:00,11657,11098,70982,70965,111924,108614,101208,100542,97149,102559,95674,97465,57263,70957,44610,61896,11061,22450,9243,8966,64193,64471,105255,101585,95768,94399,92667,97486,92117,93791,55580,68851,43464,60101,10580,21316,853164,803258,137365,131894,159020,146029,98192,408,460
2021-10-18T23:59:59+02:00,11608,11058,70845,70873,111775,108505,101100,100456,97082,102507,95617,97415,57235,70927,44593,61873,11054,22438,9192,8916,64044,64317,105134,101421,95672,94283,92599,97404,92058,93733,55553,68819,43452,60075,10576,21312,852233,802159,137283,131819,159015,146025,98097,408,460
2021-10-17T23:59:59+02:00,11562,11017,70685,70741,111644,108388,100990,100380,97028,102449,95574,97361,57213,70904,44587,61858,11052,22433,9137,8866,63808,64059,104969,101277,95542,94144,92500,97318,91998,93668,55529,68786,43442,60058,10572,21307,851293,800785,137231,131723,159013,146016,97996,408,460
2021-10-16T23:59:59+02:00,11543,10996,70625,70692,111585,108343,100964,100352,96996,102420,95555,97351,57212,70901,44586,61856,11050,22433,9107,8833,63713,63971,104904,101221,95495,94081,92468,97287,91977,93650,55524,68780,43440,60055,10572,21306,850952,800288,137213,131672,159013,146015,97949,408,460
2021-10-15T23:59:59+02:00,11488,10956,70511,70606,111472,108253,100891,100277,96939,102366,95525,97319,57205,70899,44586,61850,11049,22433,9057,8757,63575,63784,104792,101104,95401,93981,92389,97203,91929,93611,55515,68758,43435,60044,10572,21304,850247,799296,137190,131599,159012,146013,97843,408,460
2021-10-14T23:59:59+02:00,11383,10858,70326,70423,111328,108103,100776,100183,96841,102282,95470,97261,57184,70864,44574,61826,11046,22426,8930,8620,63276,63496,104635,100890,95255,93782,92267,97070,91855,93532,55477,68707,43416,60017,10568,21297,848970,797410,137110,131477,159003,146006,97737,408,460
2021-10-13T23:59:59+02:00,11284,10791,70180,70310,111205,107993,100681,100088,96759,102196,95419,97203,57149,70819,44558,61797,11042,22410,8892,8583,63114,63346,104498,100752,95148,93636,92178,96983,91793,93460,55439,68664,43395,59987,10559,21287,847918,796259,137037,131402,158999,145997,97596,408,460
2021-10-12T23:59:59+02:00,11143,10682,69999,70171,111105,107876,100583,99995,96699,102136,95378,97157,57133,70784,44548,61782,11038,22403,8830,8536,62951,63185,104366,100624,95029,93515,92090,96912,91734,93403,55387,68629,43383,59964,10555,21274,846831,795097,136971,131340,158995,145991,97481,407,458
2021-10-11T23:59:59+02:00,11072,10620,69849,70052,110984,107768,100497,99914,96636,102060,95324,97117,57105,70754,44528,61762,11033,22391,8792,8503,62776,63015,104234,100500,94935,93419,92017,96824,91683,93354,55349,68586,43368,59937,10546,21266,845850,794027,136905,131253,158992,145981,97385,407,458
2021-10-10T23:59:59+02:00,11000,10569,69689,69938,110844,107631,100399,99824,96568,101982,95276,97079,57087,70734,44523,61750,11025,22388,8754,8469,62587,62864,104073,100341,94829,93285,91927,96720,91606,93312,55322,68561,43359,59924,10543,21257,844896,792881,136858,131192,158987,145971,97231,407,458
2021-10-09T23:59:59+02:00,10975,10550,69599,69877,110776,107586,100358,99782,96530,101950,95258,97062,57079,70727,44522,61749,11025,22388,8719,8428,62496,62786,103988,100264,94772,93228,91885,96675,91584,93290,55316,68550,43354,59916,10542,21256,844494,792335,136825,131134,158985,145967,97155,407,458
2021-10-08T23:59:59+02:00,10901,10495,69455,69779,110634,107481,100285,99689,96464,101896,95207,97016,57067,70711,44519,61746,11025,22387,8658,8341,62325,62600,103853,100112,94659,93109,91799,96580,91536,93250,55299,68537,43348,59907,10540,21255,843652,791227,136772,131048,158984,145962,97014,407,457
2021-10-07T23:59:59+02:00,10822,10415,69249,69597,110448,107302,100148,99545,96376,101772,95132,96947,57045,70674,44506,61725,11021,22374,8528,8217,62037,62347,103655,99894,94510,92892,91692,96444,91461,93177,55266,68488,43333,59876,10533,21245,842229,789408,136701,130924,158981,145954,96852,407,457
2021-10-06T23:59:59+02:00,10752,10355,69072,69447,110312,107157,100053,99435,96290,101706,95086,96895,57010,70631,44495,61705,11018,22360,8485,8167,61849,62173,103522,99744,94397,92773,91616,96344,91384,93099,55235,68448,43318,59848,10528,21229,841133,788207,136635,130859,158979,145941,96695,407,457
2021-10-05T23:59:59+02:00,10647,10267,68896,69308,110159,107009,99937,99305,96226,101624,95041,96843,56992,70603,44486,61669,11013,22347,8451,8124,61649,61998,103370,99558,94283,92623,91518,96258,91323,93025,55207,68401,43305,59831,10525,21216,839943,786933,136566,130791,158978,145936,96548,407,457
2021-10-04T23:59:59+02:00,10609,10237,68718,69134,109992,106854,99832,99190,96132,101536,94987,96785,56955,70555,44471,61640,11012,22325,8417,8091,61489,61816,103225,99418,94150,92500,91426,96162,91259,92974,55170,68358,43281,59800,10519,21196,838838,785818,136494,130732,158976,145924,96320,405,457
2021-10-03T23:59:59+02:00,10545,10182,68505,68950,109817,106696,99703,99079,96043,101435,94923,96731,56924,70520,44463,61615,11012,22321,8357,8056,61284,61657,103035,99241,94013,92340,91328,96049,91185,92917,55134,68314,43264,59774,10517,21188,837646,784547,136419,130644,158972,145914,96091,405,457
2021-10-02T23:59:59+02:00,10519,10156,68402,68851,109728,106626,99637,99017,95990,101387,94899,96709,56913,70502,44463,61614,11011,22319,8317,8021,61167,61542,102962,99167,93946,92274,91282,96000,91159,92896,55127,68296,43263,59770,10516,21188,837093,783955,136355,130598,158970,145894,95989,405,457
2021-10-01T23:59:59+02:00,10434,10053,68245,68676,109538,106480,99507,98902,95907,101316,94839,96666,56895,70484,44460,61602,11009,22317,8205,7911,60969,61310,102792,99013,93813,92131,91177,95891,91096,92839,55109,68266,43259,59759,10515,21185,835970,782662,136298,130510,158968,145854,95758,405,456
2021-09-30T23:59:59+02:00,10354,9980,68008,68446,109318,106239,99325,98700,95768,101170,94746,96560,56858,70438,44441,61571,11005,22302,8097,7790,60715,61044,102583,98804,93626,91919,91036,95740,91004,92744,55082,68217,43244,59726,10505,21170,834297,780969,136207,130391,158962,145805,95425,404,456
2021-09-29T23:59:59+02:00,10272,9922,67804,68255,109119,106038,99167,98535,95642,101057,94662,96488,56816,70381,44425,61536,11000,22283,8039,7731,60532,60873,102394,98622,93490,91750,90921,95631,90933,92663,55047,68169,43225,59680,10502,21155,832858,779712,136141,130313,158958,145770,95107,404,455
2021-09-28T23:59:59+02:00,10187,9844,67611,68047,108912,105869,99018,98379,95531,100944,94577,96409,56777,70341,44413,61498,10993,22256,7989,7684,60337,60687,102200,98466,93356,91613,90797,95502,90853,92592,55015,68131,43208,59652,10493,21141,831451,778517,136080,130227,158956,145736,94781,404,455
2021-09-27T23:59:59+02:00,10058,9712,67362,67798,108700,105696,98880,98228,95440,100832,94499,96337,56748,70293,44399,61467,10988,22244,7951,7628,60121,60497,102010,98327,93213,91472,90692,95387,90781,92515,54978,68075,43187,59624,10484,21130,830033,777415,135994,130147,158954,145693,94362,404,455
2021-09-26T23:59:59+02:00,9937,9618,67116,67561,108471,105503,98712,98081,95316,100704,94414,96255,56708,70259,44383,61444,10983,22231,7897,7582,59876,60298,101805,98145,93066,91306,90581,95268,90708,92438,54947,68047,43173,59596,10479,21115,828571,776257,135910,130052,158948,145634,93929,404,455
2021-09-25T23:59:59+02:00,9898,9577,66998,67438,108367,105414,98638,98019,95257,100651,94383,96226,56704,70251,44381,61441,10982,22231,7856,7543,59760,60180,101702,98052,92985,91233,90538,95202,90672,92415,54935,68036,43169,59592,10479,21115,828017,775699,135848,129999,158948,145606,93705,404,455
2021-09-24T23:59:59+02:00,9837,9516,66828,67251,108195,105239,98487,97867,95132,100545,94313,96171,56688,70234,44373,61428,10982,22229,7758,7431,59530,59950,101518,97857,92855,91084,90426,95093,90587,92349,54913,68014,43167,59587,10478,21112,826976,774499,135773,129932,158948,145544,93279,404,455
2021-09-23T23:59:59+02:00,9745,9390,66501,66914,107929,104976,98290,97636,94971,100381,94210,96059,56643,70174,44349,61399,10976,22201,7642,7310,59231,59669,101276,97622,92665,90871,90288,94938,90489,92240,54864,67963,43144,59559,10477,21089,825155,772928,135648,129822,158942,145475,92659,404,453
2021-09-22T23:59:59+02:00,9675,9310,66163,66586,107716,104762,98090,97431,94816,100246,94081,95961,56595,70105,44316,61355,10965,22179,7586,7268,59049,59487,101099,97454,92486,90735,90173,94816,90380,92163,54831,67917,43116,59527,10471,21073,823382,771885,135534,129743,158937,145392,92158,404,453
2021-09-21T23:59:59+02:00,9588,9222,65930,66338,107505,104580,97913,97272,94701,100137,94001,95890,56545,70053,44298,61312,10958,22164,7548,7230,58854,59303,100903,97293,92345,90602,90083,94727,90289,92088,54791,67859,43096,59488,10462,21055,821912,770819,135452,129648,158934,145328,91768,404,453
2021-09-20T23:59:59+02:00,9526,9165,65643,66027,107302,104396,97752,97103,94593,100036,93935,95813,56505,70010,44278,61269,10953,22153,7491,7175,58660,59147,100715,97147,92188,90448,89941,94626,90208,92017,54744,67820,43069,59452,10456,21038,820479,769803,135371,129566,158928,145181,91339,404,453
2021-09-19T23:59:59+02:00,9474,9120,65357,65851,107072,104203,97600,96934,94453,99935,93831,95735,56475,69957,44268,61245,10951,22142,7452,7133,58415,58951,100471,96971,92002,90277,89756,94454,90088,91932,54706,67758,43051,59418,10455,21025,819137,768584,135287,129448,158924,144917,90913,404,453
2021-09-18T23:59:59+02:00,9441,9075,65263,65745,106951,104105,97489,96848,94387,99865,93796,95707,56467,69948,44264,61240,10949,22141,7412,7092,58293,58828,100364,96870,91878,90196,89685,94391,90050,91902,54696,67753,43044,59415,10453,21021,818561,767944,135197,129383,158922,144905,90659,404,452
2021-09-17T23:59:59+02:00,9362,8989,65068,65585,106770,103946,97319,96696,94259,99767,93723,95631,56450,69921,44253,61233,10943,22135,7321,6993,58086,58592,100174,96705,91722,90075,89567,94285,89972,91840,54681,67726,43035,59408,10453,21018,817456,766800,135108,129286,158917,144888,90227,404,452
2021-09-16T23:59:59+02:00,9271,8881,64777,65280,106485,103688,97081,96457,94069,99589,93622,95538,56398,69866,44240,61205,10936,22121,7229,6882,57834,58314,99902,96476,91524,89860,89390,94122,89871,91752,54635,67675,43013,59386,10448,21007,815625,765280,135013,129149,158907,144825,89616,404,450
2021-09-15T23:59:59+02:00,9201,8826,64423,64984,106287,103476,96872,96264,93933,99426,93521,95451,56361,69808,44205,61176,10931,22095,7179,6833,57656,58153,99712,96315,91355,89702,89285,94011,89766,91686,54602,67628,42988,59354,10444,20987,813873,764220,134958,129032,158902,144791,89163,404,450
2021-09-14T23:59:59+02:00,9159,8777,64135,64774,106048,103258,96675,96084,93801,99283,93406,95365,56313,69748,44179,61139,10926,22079,7137,6796,57452,57968,99535,96130,91186,89538,89151,93897,89686,91614,54566,67588,42966,59327,10439,20972,812331,763172,134886,128942,158895,144692,88693,404,449
2021-09-13T23:59:59+02:00,9122,8743,63831,64509,105815,103030,96505,95914,93656,99146,93317,95267,56261,69694,44162,61105,10919,22067,7105,6759,57242,57782,99331,95941,91033,89382,89018,93790,89598,91540,54527,67540,42945,59298,10436,20955,810805,762062,134795,128828,158885,144650,88234,404,448
2021-09-12T23:59:59+02:00,9069,8695,63514,64262,105565,102784,96293,95685,93492,99018,93220,95185,56210,69643,44145,61075,10915,22056,7067,6729,57041,57620,99084,95732,90864,89212,88884,93671,89501,91464,54483,67481,42924,59269,10432,20938,809257,761024,134696,128699,158881,144577,87648,404,448
2021-09-11T23:59:59+02:00,9022,8662,63393,64130,105422,102666,96190,95575,93406,98939,93181,95153,56195,69628,44140,61063,10915,22055,7014,6703,56891,57528,98935,95628,90765,89114,88785,93605,89464,91439,54473,67461,42920,59259,10432,20937,808572,760429,134642,128621,158879,144558,87298,404,447
2021-09-10T23:59:59+02:00,8928,8551,63149,63864,105224,102452,96018,95386,93261,98812,93085,95081,56159,69598,44126,61044,10915,22053,6934,6625,56643,57316,98738,95440,90583,88930,88651,93473,89376,91368,54451,67440,42907,59240,10432,20933,807179,759257,134578,128503,158876,144543,86730,403,447
2021-09-09T23:59:59+02:00,8830,8452,62826,63585,104947,102132,95782,95095,93082,98584,92946,94961,56118,69532,44105,61015,10905,22032,6830,6526,56386,57092,98482,95190,90350,88698,88490,93318,89231,91280,54408,67387,42886,59211,10426,20927,805182,757829,134473,128318,158872,144468,86059,403,444
2021-09-08T23:59:59+02:00,8769,8401,62597,63346,104718,101893,95587,94871,92910,98410,92829,94829,56083,69465,44071,60976,10892,22008,6799,6496,56222,56930,98287,94981,90185,88499,88330,93170,89110,91174,54369,67325,42851,59171,10414,20893,803667,756792,134364,128168,158860,144381,85421,403,444
2021-09-07T23:59:59+02:00,8719,8348,62353,63128,104491,101652,95400,94680,92767,98269,92728,94750,56050,69416,44042,60921,10883,21986,6753,6460,56026,56762,98066,94786,89998,88336,88200,93061,89013,91083,54327,67278,42827,59140,10409,20874,802169,755706,134258,128040,158854,144251,84959,403,443
2021-09-06T23:59:59+02:00,8677,8305,62140,62946,104283,101477,95258,94519,92645,98136,92641,94674,55992,69357,44020,60891,10876,21953,6710,6423,55852,56591,97863,94619,89829,88180,88071,92932,88915,91002,54272,67224,42807,59096,10399,20849,800900,754582,134165,127905,158843,144165,84539,403,443
2021-09-05T23:59:59+02:00,8615,8255,61919,62734,104111,101289,95098,94350,92518,98020,92563,94607,55963,69316,44010,60870,10871,21946,6657,6367,55645,56388,97665,94420,89639,88015,87928,92804,88831,90915,54223,67174,42790,59073,10394,20833,799682,753409,134084,127732,158839,144070,84108,402,442
2021-09-04T23:59:59+02:00,8564,8224,61797,62622,104022,101191,94996,94263,92461,97952,92528,94581,55953,69305,44003,60860,10871,21945,6629,6323,55518,56272,97543,94291,89522,87915,87862,92723,88782,90882,54208,67163,42784,59062,10394,20832,799076,752751,134036,127611,158835,144052,83849,402,442
2021-09-03T23:59:59+02:00,8486,8149,61598,62437,103843,101033,94844,94114,92355,97839,92456,94530,55925,69278,43995,60845,10869,21936,6562,6257,55307,56084,97340,94074,89331,87718,87715,92551,88690,90803,54176,67129,42773,59043,10390,20828,797940,751492,133981,127382,158829,144016,83440,402,441
2021-09-02T23:59:59+02:00,8366,8057,61331,62186,103580,100786,94641,93886,92162,97667,92336,94427,55877,69221,43972,60810,10864,21914,6462,6175,55034,55822,97036,93790,89081,87441,87490,92339,88545,90687,54131,67046,42743,58992,10380,20791,796239,749809,133869,127027,158817,143894,82815,402,440
2021-09-01T23:59:59+02:00,8301,7973,61116,61970,103375,100613,94494,93729,92042,97535,92228,94351,55831,69169,43954,60786,10856,21896,6407,6112,54776,55600,96806,93567,88882,87225,87314,92174,88403,90576,54066,66955,42705,58950,10372,20771,794953,748354,133791,126767,158802,143774,82330,402,436
2021-08-31T23:59:59+02:00,8219,7896,60904,61714,103166,100424,94314,93566,91918,97416,92101,94268,55784,69114,43928,60747,10845,21880,6345,6043,54523,55336,96531,93314,88663,86986,87156,92012,88239,90470,54019,66881,42679,58894,10364,20752,793548,746844,133711,126459,158791,143659,81811,402,434
2021-08-30T23:59:59+02:00,8123,7820,60696,61527,102982,100275,94188,93429,91799,97313,92029,94188,55750,69083,43912,60713,10840,21864,6273,5978,54268,55140,96282,93077,88447,86757,86975,91866,88112,90344,53961,66802,42637,58831,10348,20723,792415,745396,133653,126146,158784,143513,81335,402,431
2021-08-29T23:59:59+02:00,8047,7742,60419,61284,102742,100078,94002,93252,91660,97195,91939,94096,55705,69033,43888,60683,10838,21855,6165,5868,53915,54829,95961,92783,88155,86496,86740,91670,87958,90216,53892,66725,42607,58791,10342,20706,791042,743470,133563,125810,158767,143367,80742,402,430
2021-08-28T23:59:59+02:00,7990,7676,60279,61171,102634,99967,93900,93168,91575,97120,91893,94066,55691,69020,43880,60679,10837,21853,6125,5801,53736,54679,95799,92647,88022,86384,86629,91581,87890,90173,53875,66705,42598,58784,10341,20705,790418,742649,133524,125704,158763,143341,80350,402,430
2021-08-27T23:59:59+02:00,7925,7590,60095,60975,102465,99797,93759,93040,91462,97014,91805,94007,55668,68989,43871,60662,10836,21850,6046,5730,53491,54431,95501,92368,87799,86176,86452,91423,87782,90073,53833,66668,42583,58758,10336,20702,789419,741055,133461,125503,158726,143304,79860,402,430
2021-08-26T23:59:59+02:00,7838,7490,59853,60727,102234,99578,93539,92814,91283,96832,91698,93909,55617,68924,43838,60634,10830,21838,5972,5662,53145,54142,95133,92016,87460,85860,86213,91157,87623,89939,53767,66579,42536,58714,10329,20690,787919,739104,133363,125092,158703,143169,79147,402,425
2021-08-25T23:59:59+02:00,7765,7400,59620,60527,102056,99439,93387,92631,91160,96710,91586,93829,55576,68871,43806,60590,10825,21815,5900,5602,52833,53888,94820,91759,87232,85613,86011,90971,87491,89811,53700,66495,42488,58647,10323,20660,786694,737357,133281,124780,158692,143098,78585,399,424
2021-08-24T23:59:59+02:00,7715,7347,59397,60309,101867,99263,93221,92467,91047,96582,91499,93755,55538,68818,43780,60547,10819,21790,5855,5535,52507,53627,94463,91475,86930,85358,85801,90779,87339,89650,53615,66398,42441,58581,10315,20638,785545,735532,133190,124475,158685,142877,78000,399,423
2021-08-23T23:59:59+02:00,7659,7293,59186,60098,101696,99102,93089,92306,90951,96497,91422,93668,55500,68773,43751,60522,10815,21771,5792,5473,52182,53353,94119,91191,86685,85080,85604,90606,87204,89522,53535,66306,42407,58529,10308,20620,784374,733612,133117,124188,158675,142701,77593,398,422
2021-08-22T23:59:59+02:00,7587,7238,58991,59914,101489,98939,92930,92169,90855,96381,91341,93600,55463,68725,43737,60498,10809,21757,5711,5390,51809,53000,93713,90785,86371,84775,85365,90378,87031,89396,53454,66200,42375,58468,10300,20599,783336,731272,133013,123875,158662,142484,77072,398,417
2021-08-21T23:59:59+02:00,7534,7200,58853,59791,101354,98835,92824,92064,90755,96320,91283,93564,55443,68703,43729,60481,10807,21754,5518,5203,51473,52699,93544,90635,86199,84617,85220,90251,86945,89333,53422,66175,42365,58452,10299,20593,782652,729737,132940,123646,158661,142442,76701,398,417
2021-08-20T23:59:59+02:00,7482,7148,58698,59614,101183,98678,92674,91926,90636,96194,91204,93502,55420,68677,43718,60464,10805,21749,5394,5102,51137,52346,93281,90360,85934,84383,85005,90046,86811,89221,53390,66134,42342,58428,10292,20586,781681,727757,132890,123435,158655,142376,76207,397,417
2021-08-19T23:59:59+02:00,7415,7087,58445,59380,100897,98447,92464,91733,90475,96028,91076,93398,55376,68616,43693,60433,10798,21735,5277,4977,50694,51905,92843,89948,85525,83968,84691,89730,86597,89035,53316,66025,42303,58366,10282,20568,780295,725021,132757,122988,158647,142168,75459,396,414
2021-08-18T23:59:59+02:00,7351,7032,58254,59217,100705,98264,92317,91567,90332,95901,90974,93301,55309,68551,43664,60388,10788,21715,5182,4876,50335,51529,92461,89615,85202,83635,84410,89479,86405,88863,53199,65908,42232,58273,10267,20538,779110,722595,132667,122594,158640,141930,74876,395,414
2021-08-17T23:59:59+02:00,7289,6981,58064,59055,100509,98087,92150,91416,90208,95769,90876,93210,55269,68504,43640,60360,10786,21700,5061,4743,49837,51100,92010,89196,84795,83273,84081,89182,86195,88660,53096,65782,42174,58196,10261,20514,777982,719553,132563,122182,158627,141642,74365,394,414
2021-08-16T23:59:59+02:00,7229,6915,57879,58875,100305,97911,92000,91256,90067,95649,90761,93111,55215,68441,43610,60309,10779,21686,4850,4560,49264,50513,91538,88738,84325,82871,83748,88883,85965,88453,52987,65665,42115,58117,10252,20476,776792,715972,132472,121740,158620,141416,73778,394,414
2021-08-15T23:59:59+02:00,7163,6867,57656,58683,100116,97726,91839,91112,89944,95541,90673,93050,55178,68399,43590,60280,10775,21679,4451,4160,48135,49365,90892,88044,83765,82325,83350,88492,85677,88245,52881,65541,42070,58058,10243,20457,775694,710126,132360,121110,158611,141233,73270,394,412
2021-08-14T23:59:59+02:00,7130,6834,57535,58593,99974,97623,91730,91035,89855,95473,90621,93006,55162,68382,43585,60273,10774,21678,4422,4137,47978,49220,90659,87869,83546,82115,83224,88392,85606,88201,52853,65510,42061,58047,10242,20455,775159,709295,132299,120785,158606,141182,72863,394,412
2021-08-13T23:59:59+02:00,7083,6789,57380,58457,99816,97494,91599,90893,89745,95359,90540,92942,55132,68331,43571,60248,10772,21671,4362,4076,47667,48895,90174,87461,83140,81733,82959,88159,85433,88059,52809,65442,42039,58023,10239,20443,774312,707038,132240,120228,158599,141102,72336,392,409
2021-08-12T23:59:59+02:00,7048,6739,57171,58291,99598,97313,91420,90725,89598,95212,90445,92861,55095,68278,43544,60214,10764,21654,4311,4013,47246,48496,89521,86888,82555,81182,82581,87826,85202,87876,52734,65339,41985,57964,10229,20425,773223,704032,132136,119391,158587,140853,71689,392,408
2021-08-11T23:59:59+02:00,7013,6684,56980,58117,99385,97133,91256,90584,89465,95095,90334,92760,55044,68218,43512,60175,10754,21639,4238,3964,46824,48029,88889,86229,81966,80673,82240,87517,84931,87631,52646,65196,41912,57839,10210,20376,772080,700819,132038,118435,158564,140515,71134,389,407
2021-08-10T23:59:59+02:00,6952,6635,56791,57950,99160,96979,91099,90431,89337,94977,90249,92681,55001,68171,43496,60135,10750,21626,4173,3899,46377,47545,88240,85593,81359,80128,81826,87133,84680,87411,52526,65086,41853,57755,10197,20345,771004,697427,131940,117495,158545,140198,70599,389,407
2021-08-09T23:59:59+02:00,6901,6576,56620,57790,98965,96822,90943,90292,89192,94875,90136,92617,54960,68120,43471,60100,10743,21611,4104,3820,45807,46970,87401,84909,80669,79538,81410,86778,84382,87181,52413,64953,41797,57654,10183,20302,769957,693532,131866,116440,158534,139850,70046,388,403
2021-08-08T23:59:59+02:00,6830,6507,56394,57601,98753,96628,90761,90126,89056,94753,90040,92542,54905,68071,43445,60065,10736,21588,4048,3759,45201,46349,86328,83966,79765,78720,80859,86300,84048,86881,52277,64799,41733,57563,10170,20274,768722,688361,131752,115256,158512,139536,69485,386,402
2021-08-07T23:59:59+02:00,6786,6456,56249,57479,98610,96512,90628,90025,88963,94695,89978,92499,54885,68044,43442,60054,10733,21583,3586,3384,44360,45453,85982,83622,79284,78282,80495,85948,83866,86734,52213,64715,41712,57527,10165,20265,768046,684602,131690,114110,158507,139432,69048,386,401
2021-08-06T23:59:59+02:00,6730,6406,56057,57326,98376,96326,90473,89895,88836,94580,89880,92427,54845,68015,43433,60027,10730,21579,3203,2986,43436,44556,85507,83150,78697,77724,80105,85560,83676,86586,52162,64650,41686,57496,10157,20252,767066,680610,131591,112831,158500,139293,68455,385,400
2021-08-05T23:59:59+02:00,6661,6334,55733,57072,98069,96051,90205,89670,88620,94382,89708,92289,54780,67923,43403,59975,10721,21561,2686,2538,42180,43378,84760,82460,77913,76918,79504,84991,83314,86282,52030,64489,41626,57393,10142,20219,765370,674979,131462,111190,158486,138744,67511,384,399
2021-08-04T23:59:59+02:00,6582,6284,55481,56880,97790,95834,90011,89504,88475,94241,89587,92188,54727,67872,43365,59928,10717,21551,2613,2479,41685,42875,83511,81406,76553,75777,79014,84533,82996,86034,51889,64351,41567,57305,10126,20193,764060,669756,131356,109681,158472,138270,66801,384,399
2021-08-03T23:59:59+02:00,6516,6218,55223,56683,97555,95640,89833,89339,88332,94094,89441,92065,54648,67790,43327,59870,10709,21543,2559,2437,41239,42436,82268,80266,75128,74588,78406,83966,82445,85542,51673,64147,41467,57149,10113,20157,762668,663911,131251,107980,158448,137565,66132,383,398
2021-08-02T23:59:59+02:00,6454,6155,54981,56479,97293,95415,89607,89163,88161,93951,89299,91951,54565,67715,43294,59817,10706,21523,2508,2372,40749,41926,80936,79147,73571,73377,77773,83404,81901,85056,51502,63939,41392,57028,10096,20123,761223,657780,131101,106217,158425,136954,65454,382,395
2021-08-01T23:59:59+02:00,6386,6070,54710,56211,97023,95149,89369,88986,87957,93804,89134,91839,54496,67629,43257,59765,10699,21516,2428,2319,40228,41422,79643,78066,72153,72272,76872,82650,81311,84589,51311,63701,41305,56923,10085,20099,759609,651576,130905,104310,158399,136339,64763,378,389
2021-07-31T23:59:59+02:00,6350,6032,54587,56117,96901,95054,89264,88920,87866,93733,89089,91802,54484,67618,43251,59761,10699,21515,1903,1870,39264,40390,79190,77621,71612,71719,76489,82322,81196,84493,51292,63665,41289,56912,10085,20096,759122,646870,130735,103437,158396,136246,64466,378,389
2021-07-30T23:59:59+02:00,6296,5996,54409,55968,96741,94875,89107,88770,87735,93618,89005,91732,54447,67588,43238,59743,10697,21513,1434,1420,38243,39323,78479,76965,70855,70981,75972,81792,80793,84168,51215,63576,41255,56852,10079,20084,758214,640630,130420,102300,158390,136037,64131,377,388
2021-07-29T23:59:59+02:00,6244,5937,54169,55779,96480,94649,88894,88557,87560,93442,88865,91603,54386,67520,43215,59702,10688,21492,947,953,36992,38076,77419,76090,69804,70030,75160,81026,80254,83733,51079,63411,41187,56756,10062,20057,756948,632820,129934,100745,158371,135477,63607,376,387
2021-07-28T23:59:59+02:00,6207,5885,53960,55603,96270,94441,88739,88374,87445,93301,88753,91505,54325,67443,43181,59653,10679,21460,906,903,36369,37458,76247,75109,68520,68926,74395,80306,79759,83271,50931,63202,41118,56651,10045,20016,755745,626427,129485,99323,158355,134681,63317,376,384
2021-07-27T23:59:59+02:00,6157,5843,53725,55375,96005,94225,88554,88185,87286,93144,88629,91407,54269,67364,43139,59590,10665,21412,845,847,35703,36683,74778,73849,67067,67705,73528,79457,79214,82749,50756,62990,41037,56529,10020,19974,754299,619063,129053,97869,158332,133448,62968,376,383
2021-07-26T23:59:59+02:00,6100,5790,53504,55164,95759,94029,88351,88013,87119,93008,88500,91304,54207,67285,43110,59533,10658,21390,789,788,34927,35833,73248,72509,65694,66464,72485,78459,78618,82211,50580,62771,40958,56379,9999,19929,752933,610922,128628,96339,158311,132367,62632,374,381
2021-07-25T23:59:59+02:00,6061,5746,53293,54957,95501,93794,88173,87818,86958,92874,88391,91205,54153,67218,43083,59489,10648,21355,677,679,34221,35063,71899,71300,64581,65448,71484,77542,78139,81756,50457,62580,40894,56290,9993,19894,751498,603918,128352,94779,158287,131560,62260,374,380
2021-07-24T23:59:59+02:00,5972,5688,53014,54658,95190,93482,87925,87607,86782,92716,88290,91124,54124,67184,43071,59466,10648,21349,628,628,33703,34560,71024,70599,63915,64887,70605,76839,77935,81604,50401,62537,40872,56264,9993,19892,749611,599457,128296,93842,158286,131431,61776,374,380
2021-07-23T23:59:59+02:00,5919,5632,52741,54383,94784,93193,87621,87387,86600,92535,88148,91031,54088,67136,43063,59448,10645,21343,575,583,33161,33891,69956,69733,63125,64210,69699,75986,77532,81273,50324,62437,40841,56225,9986,19877,747535,593760,128222,92684,158280,131253,61339,374,378
2021-07-22T23:59:59+02:00,5848,5570,52323,53979,94301,92745,87233,87048,86290,92233,87937,90844,54003,67042,43034,59387,10637,21317,500,520,32444,33151,68636,68735,62075,63329,68080,74630,76877,80756,50171,62225,40749,56110,9965,19837,744467,587257,127990,89929,158253,130486,60741,373,377
2021-07-21T23:59:59+02:00,5795,5516,51947,53587,93862,92325,86924,86746,86036,91987,87764,90654,53921,66955,42975,59319,10626,21289,450,462,31819,32488,67298,67691,60984,62433,66039,72939,75969,80008,49883,61916,40588,55922,9941,19779,741638,580940,127752,85602,158223,129394,60296,372,377
2021-07-20T23:59:59+02:00,5736,5453,51558,53189,93397,91854,86554,86420,85767,91730,87538,90457,53828,66821,42926,59261,10619,21264,403,418,31146,31819,65822,66493,59853,61471,64858,71877,75351,79450,49676,61681,40481,55762,9917,19716,738651,573846,127531,83911,158168,128357,59703,372,377
2021-07-19T23:59:59+02:00,5659,5379,51083,52725,92922,91371,86186,86086,85516,91514,87332,90275,53733,66698,42890,59183,10602,21229,360,365,30594,31226,64654,65431,58937,60610,63702,70842,74748,78930,49501,61485,40390,55615,9889,19672,735360,568043,127303,82097,158133,127167,59268,372,376
2021-07-18T23:59:59+02:00,5590,5309,50254,51910,91842,90317,85453,85467,85035,91081,87040,89984,53626,66550,42827,59087,10592,21198,323,320,30045,30637,63461,64353,58012,59698,62523,69815,74197,78430,49350,61321,40331,55531,9877,19643,728879,562184,126972,80067,158116,126362,58879,369,375
2021-07-17T23:59:59+02:00,5417,5122,49901,51576,91698,90182,85259,85308,84876,90943,86932,89902,53606,66523,42816,59075,10591,21195,271,265,29652,30245,62814,63749,57455,59274,61769,69078,73892,78188,49238,61202,40292,55473,9867,19632,727699,559139,126796,79099,158112,125745,57998,369,375
2021-07-16T23:59:59+02:00,5317,5031,49575,51278,91429,89952,85011,85106,84679,90759,86795,89795,53564,66490,42798,59062,10588,21190,236,230,29141,29731,61867,62826,56608,58585,60716,68034,73394,77768,49076,61013,40245,55404,9862,19623,726305,554132,126625,77778,158105,125006,57068,368,375
2021-07-15T23:59:59+02:00,5182,4897,49091,50861,91024,89568,84653,84722,84375,90479,86572,89626,53482,66399,42744,58993,10578,21162,186,197,28404,29089,60541,61756,55475,57597,59297,66718,72655,77182,48843,60749,40154,55272,9846,19568,723804,548260,126206,75567,158070,123328,56001,367,373
2021-07-14T23:59:59+02:00,5075,4784,48731,50481,90723,89271,84360,84405,84126,90239,86371,89469,53391,66290,42686,58904,10561,21131,169,175,27862,28511,59443,60756,54504,56749,58419,65864,72046,76595,48573,60471,40048,55097,9823,19525,721620,542807,125847,74644,158026,121629,55179,366,371
2021-07-13T23:59:59+02:00,4964,4667,48320,50096,90325,88918,84052,84094,83856,89976,86163,89301,53279,66184,42631,58840,10555,21110,152,165,27188,27825,58073,59564,53306,55757,57427,64950,71318,75952,48295,60146,39919,54918,9791,19473,719230,536426,125474,73520,157971,119575,54329,366,369
2021-07-12T23:59:59+02:00,4794,4497,47760,49576,89933,88575,83656,83770,83605,89709,85973,89139,53196,66087,42584,58777,10543,21095,143,157,26545,27160,56575,58211,52020,54691,56202,63808,70569,75325,47918,59714,39744,54693,9750,19408,716485,529100,125106,72498,157908,117223,53444,365,368
2021-07-11T23:59:59+02:00,4399,4123,46808,48648,89497,88141,83241,83382,83292,89420,85777,88989,53105,65992,42558,58722,10532,21078,131,149,25938,26589,55191,56955,50721,53643,55157,62775,69972,74772,47568,59328,39620,54517,9726,19366,712498,522448,124632,71490,157870,115431,52382,361,367
2021-07-10T23:59:59+02:00,4386,4110,46474,48296,89043,87658,82908,83070,83184,89320,85712,88933,53084,65968,42549,58709,10531,21074,128,141,25449,26047,54096,56001,49856,53057,54554,62207,69756,74584,47200,58908,39520,54412,9721,19355,711819,518107,124164,71405,157692,114101,51012,360,367
2021-07-09T23:59:59+02:00,4366,4098,46047,47851,88419,87094,82527,82724,82933,89127,85596,88840,53048,65939,42542,58696,10527,21065,122,126,24736,25268,52767,54763,48911,52171,53767,61353,69330,74177,46840,58498,39432,54321,9714,19343,710377,511891,123579,70999,157528,112747,49636,357,366
2021-07-08T23:59:59+02:00,4337,4071,45489,47341,87555,86379,81984,82205,82678,88879,85402,88685,52977,65870,42510,58649,10516,21049,114,109,23733,24309,50819,53182,47535,51016,52629,60220,68633,73536,46317,57939,39295,54158,9686,19275,708213,504098,122681,69719,157239,110208,48115,353,365
2021-07-07T23:59:59+02:00,4314,4044,44905,46743,86708,85610,81420,81721,82394,88582,85191,88519,52896,65769,42468,58585,10508,21029,102,94,22834,23387,48862,51491,46016,49878,51384,59034,67929,72999,45581,57196,39098,53920,9652,19216,705658,495874,121680,68607,156985,107094,46735,351,363
2021-07-06T23:59:59+02:00,4281,4023,44355,46216,85840,84867,80803,81124,82021,88250,85013,88341,52805,65688,42432,58523,10498,21003,93,84,21986,22505,46849,49700,44620,48626,50101,57689,67182,72277,44747,56420,38911,53681,9634,19161,702965,486840,120663,67522,156688,104121,45420,350,363
2021-07-05T23:59:59+02:00,4259,3987,43187,45214,84318,83761,80077,80501,81561,87827,84733,88074,52688,65549,42381,58445,10484,20975,82,72,20789,21427,44881,48094,43603,47662,49070,56727,66484,71657,43983,55557,38739,53457,9609,19121,699592,480812,119609,66653,156324,101033,42153,346,363
2021-07-04T23:59:59+02:00,4231,3964,41821,43983,82677,82451,79353,79895,81086,87399,84458,87870,52595,65422,42338,58392,10471,20946,79,65,19434,20211,43084,46578,42901,46921,48253,55872,65904,71088,43237,54700,38575,53265,9589,19073,696434,476126,118458,65716,155903,98410,38215,345,362
2021-07-03T23:59:59+02:00,3763,3549,40230,42412,81803,81793,78866,79409,80641,86924,84241,87696,52526,65321,42319,58338,10468,20940,75,64,18623,19514,42163,45882,42484,46545,47844,55473,65739,70921,42647,53970,38512,53164,9582,19063,692631,474176,117151,65615,155819,96816,35296,345,362
2021-07-02T23:59:59+02:00,3207,2978,38669,40903,81063,81067,78191,78697,80121,86418,83999,87491,52475,65235,42291,58291,10456,20927,67,56,17845,18774,41003,44922,41743,45837,47005,54688,65215,70468,41696,52764,38382,52975,9566,19045,687551,469053,115748,65145,155668,94317,33175,340,361
2021-07-01T23:59:59+02:00,2558,2432,36945,39225,80081,80190,77349,77862,79419,85781,83683,87208,52350,65078,42228,58189,10438,20897,56,43,16952,17821,39457,43681,40530,44768,45696,53553,64463,69882,40801,51622,38230,52765,9549,19013,681169,462561,114023,63491,155448,91533,30937,339,360
2021-06-30T23:59:59+02:00,2516,2402,35924,38194,78238,78686,75650,76377,78775,85229,83399,86916,52219,64916,42168,58092,10426,20870,47,33,15907,16830,37780,42454,39331,43661,44540,52486,63704,69249,40252,50934,38111,52565,9527,18978,675276,456386,112288,62150,155239,89637,27858,339,358
2021-06-29T23:59:59+02:00,2479,2370,35079,37277,76633,77191,74035,74970,77975,84511,82851,86423,52036,64695,42093,57961,10409,20834,34,24,15066,15911,36471,41300,38417,42832,43315,51427,62982,68662,39541,49997,37975,52346,9505,18934,668876,451154,110414,60317,154971,87687,25225,339,356
2021-06-28T23:59:59+02:00,2438,2339,34247,36449,75019,75773,72350,73578,76950,83723,82245,85923,51861,64468,42016,57855,10396,20802,25,19,14310,15144,35414,40270,37588,42100,42183,50426,62324,68111,38663,48908,37807,52121,9485,18889,662367,446258,108455,58797,154375,85477,22899,339,356
2021-06-27T23:59:59+02:00,2423,2324,33503,35692,73452,74404,70942,72371,75554,82602,81565,85366,51661,64251,41951,57737,10386,20773,20,19,13665,14499,34450,39507,36930,41497,41243,49569,61781,67663,37791,47871,37655,51941,9470,18858,656144,442313,106521,58021,153420,83206,20536,338,353
2021-06-26T23:59:59+02:00,1785,1717,32456,34573,73084,74077,70477,71909,75261,82291,81474,85288,51641,64224,41936,57727,10385,20770,20,18,13470,14286,33780,38961,36284,41075,40719,49234,60787,66653,36795,46736,37486,51729,9456,18825,651317,436307,105583,57966,153416,81266,20424,337,351
2021-06-25T23:59:59+02:00,1164,1121,31324,33378,72579,73547,69865,71215,74836,81842,81095,84962,51579,64137,41903,57684,10380,20756,17,16,13128,13885,32919,38164,35408,40253,39761,48389,59572,65416,36278,46033,37294,51428,9433,18784,644941,427830,104393,57518,153411,80193,20287,337,350
2021-06-24T23:59:59+02:00,551,561,29975,32044,71785,72786,68991,70332,74159,81207,80645,84594,51470,64007,41850,57614,10369,20723,14,13,12451,13165,31738,36856,34184,38986,38623,47266,57935,64039,35796,45514,37137,51238,9414,18725,637055,418411,102906,55959,153299,78308,20069,336,347
2021-06-23T23:59:59+02:00,524,529,29462,31473,70677,71802,67719,69187,73407,80520,80193,84186,51357,63830,41792,57518,10353,20692,12,12,11953,12621,30739,35611,33245,37763,37597,46382,55983,62321,35244,44945,36967,51009,9392,18660,630797,408592,101323,54898,153196,77052,19571,336,343
2021-06-22T23:59:59+02:00,500,512,28935,30860,69503,70774,66511,68158,72727,79815,79782,83814,51250,63702,41745,57434,10344,20666,10,11,11593,12198,29822,34683,32289,36870,36636,45474,54004,60482,34858,44469,36830,50766,9363,18603,624433,400007,99856,53331,153063,75937,19346,336,340
2021-06-21T23:59:59+02:00,468,478,28258,30160,68179,69590,65324,67027,71973,79032,79382,83419,51141,63589,41686,57345,10330,20625,9,11,11295,11875,29193,34088,31732,36302,36024,44879,52160,58824,34146,43661,36534,50344,9334,18527,617556,392387,98353,52134,152942,75253,18824,333,340
2021-06-20T23:59:59+02:00,383,398,27620,29486,66947,68453,64304,66097,71165,78292,79030,83080,51064,63459,41637,57278,10325,20593,5,10,11002,11602,28637,33589,31273,35809,35512,44350,50315,57023,33600,42978,36337,50012,9304,18468,611153,384930,96892,51386,152842,74780,18394,332,336
2021-06-19T23:59:59+02:00,351,364,27223,29107,66214,67877,63774,65587,70363,77636,78879,82954,51044,63433,41622,57262,10324,20593,5,9,10865,11397,28382,33264,31013,35482,35287,44085,48863,55628,33335,42628,36252,49872,9296,18440,607166,379488,95949,51376,152840,74581,18322,332,336
2021-06-18T23:59:59+02:00,325,331,26753,28628,65197,67141,63031,64972,69438,76795,78488,82622,50981,63359,41596,57226,10321,20585,5,9,10644,11150,27982,32835,30677,35070,34897,43683,47122,53945,32979,42111,36115,49661,9276,18405,601721,372594,94705,51086,152834,74353,18199,332,334
2021-06-17T23:59:59+02:00,295,300,26101,28001,63918,66141,62027,64159,67848,75387,77963,82214,50878,63207,41533,57145,10308,20558,5,9,10215,10783,27183,32131,29930,34387,34053,42973,45604,52440,32527,41477,35952,49404,9245,18355,595575,365093,92047,49940,152675,73953,17356,332,331
2021-06-16T23:59:59+02:00,260,263,25559,27390,62607,65009,60914,63190,65582,73458,77116,81559,50665,62998,41441,57033,10289,20526,5,7,9884,10511,26527,31458,29227,33763,33320,42334,45007,51872,32251,41109,35806,49204,9223,18316,589254,361358,87534,49228,152263,72427,16480,330,331
2021-06-15T23:59:59+02:00,221,232,24898,26659,61192,63763,59832,62204,64426,72369,76604,81135,50540,62847,41391,56938,10282,20496,5,7,9611,10225,25924,30722,28591,33008,32639,41609,43452,50239,31798,40548,35635,48969,9193,18251,582021,354614,85898,48328,151809,71179,15974,329,331
2021-06-14T23:59:59+02:00,198,200,24411,26049,60084,62715,58958,61357,63350,71363,76127,80742,50451,62720,41342,56867,10267,20471,4,7,9313,9924,25174,29833,27831,32170,31850,40792,42162,48893,31426,40045,35497,48747,9163,18198,576117,348439,84183,47310,151604,69509,15441,329,330
2021-06-13T23:59:59+02:00,193,185,23997,25577,59140,61801,58190,60572,62240,70393,75660,80320,50360,62604,41291,56809,10255,20441,4,7,9024,9616,24463,28990,27118,31329,31091,39936,40600,47303,30958,39427,35295,48442,9133,18108,571089,341357,82328,46526,151380,67729,14905,328,327
2021-06-12T23:59:59+02:00,180,167,23730,25283,58576,61288,57830,60291,61597,69755,75461,80207,50335,62572,41279,56795,10252,20436,4,7,8904,9494,23987,28409,26594,30752,30557,39375,39502,46331,30790,39249,35200,48276,9129,18097,568103,337097,81374,46523,151373,65852,14858,328,327
2021-06-11T23:59:59+02:00,161,152,23352,24830,57820,60466,57152,59657,60687,68821,75113,79903,50259,62494,41253,56758,10250,20430,4,6,8756,9297,23463,27728,26059,30091,29966,38731,38421,45313,30522,38891,35057,48054,9116,18071,563018,332202,80083,46261,151361,63987,14771,327,325
2021-06-10T23:59:59+02:00,146,135,22803,24233,56676,59525,56223,58839,59421,67646,74572,79503,50187,62385,41229,56709,10235,20401,4,6,8486,9039,22586,26783,25093,29147,28837,37789,37027,44144,30161,38408,34776,47621,9049,17995,557410,325259,77871,45551,151121,61678,14141,327,322
2021-06-09T23:59:59+02:00,127,119,22166,23624,55414,58414,55138,57925,58467,66736,74110,79111,50099,62283,41177,56647,10221,20370,4,5,8185,8776,21652,25918,24162,28268,27803,36833,35306,42348,29766,37902,34590,47351,9008,17904,551572,317800,76407,44817,150770,59770,13075,326,319
2021-06-08T23:59:59+02:00,106,101,21476,22892,54104,57281,54022,56942,57503,65876,73562,78678,50009,62155,41122,56556,10203,20340,3,4,7918,8524,20759,25029,23111,27401,26760,35869,33941,41038,29406,37396,34269,46890,8957,17820,544850,311473,75469,44045,150330,57304,11955,325,318
2021-06-07T23:59:59+02:00,90,85,20815,22247,52659,56021,52761,55963,56345,64891,73008,78270,49922,62046,41076,56492,10190,20313,2,3,7659,8294,19920,24213,22091,26592,25726,34997,33008,40251,29122,36998,34020,46462,8906,17728,537525,306841,74566,43221,149922,54754,10858,324,318
2021-06-06T23:59:59+02:00,83,80,20300,21709,51509,54910,51648,54979,55380,63938,72494,77863,49830,61967,41040,56429,10182,20297,2,3,7441,8097,19140,23322,21190,25722,24655,34011,32091,39430,28832,36655,33766,46072,8855,17654,531160,302278,73536,42478,149586,51834,10034,323,314
2021-06-05T23:59:59+02:00,77,72,20022,21389,50720,54150,50994,54478,54907,63463,72362,77750,49819,61953,41035,56426,10179,20297,2,3,7209,7685,18499,22259,20465,24611,23776,32754,31052,38111,28497,36187,33641,45897,8848,17635,526771,295983,73530,42441,149520,48445,9950,323,312
2021-06-04T23:59:59+02:00,67,66,19558,20794,49650,53122,50168,53606,54246,62673,72019,77426,49790,61914,41015,56411,10177,20292,2,2,6981,7362,17872,21405,19767,23609,22833,31469,29827,36771,28207,35816,33527,45721,8836,17614,520234,289477,73199,42372,149505,45726,9735,322,311
2021-06-03T23:59:59+02:00,57,55,18865,20086,48126,51816,48947,52465,53262,61636,71514,76966,49721,61811,40978,56364,10164,20267,2,2,6687,6961,17136,20353,18959,22457,21817,30032,28657,35280,27661,35031,33323,45394,8799,17538,512399,282699,72185,41617,149232,42501,8965,320,307
2021-06-02T23:59:59+02:00,52,51,18480,19561,47098,50819,48061,51699,52502,60871,71259,76751,49680,61774,40961,56333,10156,20252,1,2,6494,6724,16494,19656,18030,21688,20960,29080,27561,33869,27195,34418,33161,45142,8770,17468,506071,276378,72163,41603,149212,39833,8601,314,298
2021-06-01T23:59:59+02:00,42,46,17788,18812,45234,49074,46402,50234,50985,59402,70579,76151,49586,61659,40902,56260,10144,20204,1,1,6211,6402,15339,18752,16516,20717,19739,27816,26336,32463,26633,33714,32910,44790,8724,17366,496923,269844,70795,41028,148668,36457,6810,309,291
2021-05-31T23:59:59+02:00,41,42,17297,18313,43924,47930,45182,49118,49742,58275,69895,75639,49502,61552,40855,56193,10132,20166,1,1,5930,6064,14296,17914,15107,19794,18562,26695,25100,31116,26110,32994,32714,44491,8690,17265,490657,263527,69624,40483,148201,33540,5009,308,285
2021-05-30T23:59:59+02:00,36,41,16964,17916,42954,46985,44272,48215,48728,57274,69344,75094,49395,61396,40782,56078,10116,20123,1,1,5736,5816,13746,17202,14473,19092,17652,25718,23994,29941,25335,32037,32414,44071,8645,17176,484699,257522,68593,39682,147792,31247,4324,306,275
2021-05-29T23:59:59+02:00,36,40,16827,17789,42589,46665,43924,47949,48483,57082,69285,75041,49388,61390,40775,56074,10116,20122,1,1,5570,5568,13237,16399,13832,18244,16805,24548,22872,28638,25173,31798,32348,43976,8642,17169,482704,251909,68469,39681,147787,28652,4311,305,268
2021-05-28T23:59:59+02:00,35,38,16523,17476,41877,46036,43407,47382,47970,56550,69007,74745,49321,61306,40749,56025,10113,20117,1,1,5325,5182,12697,15477,13148,17380,15935,23307,21763,27194,24918,31428,32253,43843,8632,17153,478376,245811,67964,39579,147764,25715,4270,304,262
2021-05-27T23:59:59+02:00,32,35,15990,16919,40719,45046,42397,46484,46984,55655,68422,74302,49197,61143,40695,55952,10102,20078,1,1,5079,4832,12048,14651,12359,16445,14860,22107,20498,25680,24410,30688,32081,43582,8597,17070,472461,238418,66451,38769,147043,23649,3898,300,255
2021-05-26T23:59:59+02:00,30,34,15573,16474,39616,44115,41357,45611,45955,54774,67814,73785,49042,60959,40611,55786,10079,20030,1,1,4885,4627,11493,13889,11639,15596,13846,20974,19094,24077,23821,29897,31863,43236,8543,16968,467274,231124,64427,37899,146053,21580,3593,299,254
2021-05-25T23:59:59+02:00,30,33,15165,16053,38609,43218,40388,44761,45001,53849,67190,73254,48857,60717,40532,55651,10053,19977,1,1,4662,4420,10951,13239,10867,14823,12771,19732,17660,22571,23229,29116,31625,42909,8486,16873,461905,223722,62849,36956,144942,19664,3344,299,250
2021-05-24T23:59:59+02:00,30,31,14817,15716,37771,42476,39521,44082,44139,53057,66655,72770,48731,60536,40467,55527,10033,19932,1,1,4512,4290,10509,12770,10230,14242,11880,18897,16363,21304,22548,28279,31407,42577,8427,16783,457255,216781,61606,36014,144199,19045,2933,299,247
2021-05-23T23:59:59+02:00,27,31,14648,15532,37307,42099,39067,43679,43685,52648,66384,72541,48645,60442,40428,55480,10026,19908,1,1,4323,4147,10040,12293,9606,13629,10930,18070,15161,20237,22073,27699,31153,42284,8376,16697,454038,209741,61223,35930,144176,17968,2841,299,240
2021-05-22T23:59:59+02:00,25,29,14451,15312,36614,41532,38385,43220,43106,52233,65363,71523,48437,60183,40356,55366,10016,19888,1,1,4211,3851,9823,11877,9453,13306,10687,17622,14890,19837,21980,27582,31119,42242,8369,16688,447551,208509,61219,35927,144162,16055,2808,299,240
2021-05-21T23:59:59+02:00,25,28,14062,14896,35538,40617,37320,42293,42031,51322,64004,70227,48203,59843,40275,55216,9999,19855,1,1,4095,3749,9612,11606,9236,13035,10348,17290,14472,19464,21757,27294,31056,42150,8360,16680,437889,206519,60860,35619,143922,15046,2787,296,235
2021-05-20T23:59:59+02:00,22,28,13245,14150,34095,39166,35897,40893,40618,50113,62705,69075,47909,59500,40128,55035,9978,19805,1,1,3934,3570,9082,10995,8586,12319,9644,16444,13716,18496,20935,26173,30861,41851,8321,16593,427615,202127,59157,34769,142902,11997,2395,293,234
2021-05-19T23:59:59+02:00,22,27,12704,13569,32919,37758,34800,39518,39485,49149,60695,67303,47428,58942,39941,54771,9935,19699,1,1,3826,3427,8803,10618,8288,11948,9203,15934,13076,17829,20066,25044,30634,41545,8264,16478,416750,197861,57642,33956,141790,10749,2192,291,227
2021-05-18T23:59:59+02:00,20,27,12272,13105,31884,36744,33716,38610,38444,48213,58630,65437,47073,58493,39786,54528,9903,19640,1,1,3618,3259,8300,10021,7819,11408,8652,15261,12390,17060,19124,23808,30397,41203,8226,16373,408052,193745,55688,33110,140602,7944,1895,288,227
2021-05-17T23:59:59+02:00,19,26,12015,12814,31363,36184,33220,38049,37847,47575,56733,63726,46363,57667,39507,54129,9864,19567,1,1,3530,3146,8031,9742,7519,11108,8250,14846,11812,16447,18199,22672,30161,40883,8189,16298,400434,189341,54555,32366,139792,7310,1601,286,217
2021-05-16T23:59:59+02:00,19,26,11794,12560,30831,35677,32761,37556,37325,46999,54835,61889,45810,56970,39313,53813,9836,19511,1,1,3432,3043,7741,9444,7200,10764,7778,14379,11223,15860,17269,21519,29952,40592,8151,16229,393444,185040,53586,31515,139119,6716,1092,284,215
2021-05-15T23:59:59+02:00,19,26,11633,12350,30550,35343,32520,37236,37092,46733,53264,60408,45556,56665,39236,53674,9830,19483,1,1,3408,3023,7713,9411,7184,10742,7758,14364,11202,15834,17155,21301,29741,40282,8142,16218,387606,184020,53582,31511,139072,6660,1075,283,214
2021-05-14T23:59:59+02:00,19,26,11379,12051,30072,34826,32133,36773,36568,46252,51380,58564,45193,56162,39095,53467,9813,19443,1,1,3377,2996,7640,9335,7118,10664,7685,14299,11015,15630,16414,20225,29454,39790,8125,16178,379728,181026,53249,31169,138934,6516,1023,282,213
2021-05-13T23:59:59+02:00,17,25,11084,11704,29420,34168,31520,36164,35880,45570,49899,57043,44760,55537,38924,53220,9786,19396,1,1,3295,2943,7507,9223,7022,10565,7577,14186,10674,15284,15357,18977,29070,39150,8082,16103,372532,177188,52230,30601,138178,6124,896,281,208
2021-05-12T23:59:59+02:00,16,23,10948,11551,29122,33838,31246,35866,35553,45248,49613,56728,44665,55423,38872,53143,9779,19358,1,0,3280,2917,7471,9185,6985,10524,7544,14142,10498,15123,14973,18536,28762,38662,8060,16056,369784,175078,52139,30587,138020,6076,771,278,207
2021-05-11T23:59:59+02:00,15,20,10581,11214,28261,33017,30423,35107,34685,44460,47874,54950,44204,54823,38698,52856,9741,19255,1,0,3186,2816,7224,8907,6751,10220,7324,13773,10016,14569,13977,17381,28343,38041,8022,15962,362819,171348,50432,29686,136115,4731,542,276,206
2021-05-10T23:59:59+02:00,14,20,10268,10920,27515,32311,29642,34410,33913,43688,46569,53672,43817,54313,38512,52555,9692,19141,1,0,3142,2766,7092,8785,6651,10100,7177,13593,9746,14263,13269,16509,27914,37425,7997,15881,356543,168492,49311,29299,134419,3890,428,271,202
2021-05-09T23:59:59+02:00,13,20,10022,10664,26822,31620,28980,33715,33187,42990,45029,52188,43318,53685,38313,52251,9655,19055,1,0,3094,2718,6963,8646,6547,9961,7061,13378,9433,13947,12466,15607,27547,36882,7977,15825,349410,165611,48243,28746,133266,3153,343,265,200
2021-05-08T23:59:59+02:00,13,20,9929,10591,26437,31314,28526,33397,32715,42679,43975,51362,43164,53520,38274,52191,9652,19049,1,0,3087,2713,6953,8639,6541,9952,7052,13365,9423,13934,12429,15544,26866,35930,7940,15749,344826,163731,48204,28718,133176,3132,337,265,200
2021-05-07T23:59:59+02:00,13,20,9778,10443,25960,30924,28065,33014,32207,42322,42928,50532,42894,53174,38164,52034,9640,19023,1,0,3016,2680,6887,8590,6478,9891,6999,13310,9248,13709,11794,14732,25915,34534,7892,15667,339646,159574,47893,28346,133017,2906,317,262,200
2021-05-06T23:59:59+02:00,11,19,9363,10146,25039,30151,26998,32206,30974,41488,41305,49318,42505,52620,37969,51792,9602,18949,1,0,2939,2630,6753,8446,6358,9762,6844,13119,8973,13399,11136,13862,24946,33147,7857,15605,331741,155743,46817,27381,131341,2155,300,256,198
2021-05-05T23:59:59+02:00,11,18,8976,9942,24154,29545,26145,31549,29883,40696,39324,47500,42055,52071,37759,51507,9546,18836,1,0,2891,2595,6631,8312,6256,9645,6739,12973,8724,13136,10420,13024,23928,31820,7828,15533,323861,151806,45962,26489,129221,1750,218,255,193
2021-05-04T23:59:59+02:00,11,17,8728,9700,23369,28897,25168,30808,28810,39854,37791,46024,41581,51482,37480,51160,9495,18713,1,0,2847,2571,6555,8242,6166,9569,6654,12885,8482,12908,9674,12151,22979,30573,7794,15470,317149,147992,44989,25683,126582,1541,116,252,189
2021-05-03T23:59:59+02:00,11,16,8513,9486,22673,28317,24340,30202,27901,39152,36822,45269,41230,51010,37265,50868,9443,18611,1,0,2798,2533,6480,8158,6084,9496,6564,12799,8254,12688,8912,11243,22059,29353,7763,15419,312261,144196,44215,24857,124329,1291,78,246,182
2021-05-02T23:59:59+02:00,11,16,8343,9322,22032,27738,23604,29609,27080,38527,36002,44627,40971,50679,37153,50681,9408,18554,1,0,2759,2508,6436,8117,6045,9459,6523,12757,8071,12514,8309,10499,21346,28482,7742,15400,307416,140986,43448,24582,123187,1155,68,238,177
2021-05-01T23:59:59+02:00,10,16,8186,9135,21654,27287,23124,29040,26436,37808,35172,43734,40704,50302,37054,50528,9402,18537,1,0,2753,2501,6409,8106,6027,9448,6506,12744,8055,12497,8271,10434,21308,28424,7738,15396,301297,140688,43446,24574,123081,1113,67,238,176
2021-04-30T23:59:59+02:00,10,15,8033,8950,21261,26860,22675,28469,25681,37022,34152,42762,40470,49977,36956,50374,9390,18513,1,0,2725,2487,6383,8086,6005,9428,6476,12722,8019,12463,8229,10365,21258,28341,7735,15386,294940,140365,43439,24497,122895,1014,60,236,173
2021-04-29T23:59:59+02:00,9,15,7744,8706,20660,26278,22004,27785,24748,36055,32873,41417,39424,48575,36639,49903,9332,18385,1,0,2687,2449,6291,7976,5917,9325,6380,12581,7813,12187,7600,9632,20849,27823,7711,15313,286150,138283,42652,23262,121460,761,60,230,169
2021-04-28T23:59:59+02:00,8,14,7457,8486,20140,25814,21364,27188,23866,35203,31467,39964,38258,46981,36295,49410,9270,18244,1,0,2612,2399,6172,7853,5806,9190,6275,12423,7584,11906,6895,8776,20429,27240,7670,15242,277451,135768,41875,21956,119820,530,59,224,160
2021-04-27T23:59:59+02:00,7,14,7264,8302,19714,25381,20739,26649,23008,34420,30245,38627,37163,45529,35913,48840,9200,18118,1,0,2585,2375,6068,7751,5752,9093,6206,12298,7367,11708,6289,8036,20028,26740,7650,15219,269586,133670,41005,21007,118264,280,59,219,150
2021-04-26T23:59:59+02:00,6,14,7080,8134,19295,24953,20189,26124,22194,33658,29026,37386,36103,44105,35604,48353,9149,17991,1,0,2570,2364,6022,7708,5706,9052,6167,12253,7179,11544,5675,7297,19652,26296,7627,15191,261859,131694,40182,20161,117059,248,54,210,147
2021-04-25T23:59:59+02:00,6,13,6971,7998,18959,24684,19807,25782,21577,33032,28029,36420,34961,42673,35284,47922,9107,17910,1,0,2555,2355,6003,7680,5686,9033,6146,12226,7138,11517,5545,7112,19315,25831,7611,15147,254615,131052,39465,19414,116794,236,53,208,146
2021-04-24T23:59:59+02:00,6,13,6803,7817,18518,24260,19252,25244,20790,32230,26939,35366,34709,42356,35191,47757,9097,17898,1,0,2551,2348,5991,7669,5673,9020,6141,12222,7127,11510,5470,6997,19220,25689,7608,15139,248635,130586,39460,19373,115890,219,53,208,145
2021-04-23T23:59:59+02:00,6,13,6569,7615,18065,23778,18679,24625,19951,31408,25769,34161,33925,41181,35047,47524,9083,17875,1,0,2545,2328,5963,7648,5633,8979,6093,12177,7079,11458,5307,6718,18680,25057,7508,14968,240988,128724,39127,19026,114901,197,51,207,144
2021-04-22T23:59:59+02:00,5,12,6351,7403,17456,23187,17882,23842,18896,30379,24437,32719,32882,39824,34801,47166,9044,17797,1,0,2528,2310,5916,7594,5582,8893,6014,12097,7001,11386,5020,6294,17963,24181,7387,14772,231905,126534,38199,18052,113725,162,51,203,140
2021-04-21T23:59:59+02:00,5,11,6146,7218,16927,22715,17218,23236,17907,29475,22881,31119,31873,38585,34505,46723,8996,17708,1,0,2504,2293,5871,7534,5520,8817,5945,11994,6905,11305,4858,6019,17263,23328,7271,14588,222982,124426,37425,17274,112589,128,51,201,137
2021-04-20T23:59:59+02:00,4,10,5956,7022,16362,22242,16467,22584,16904,28472,21407,29647,30719,37086,34187,46277,8942,17609,1,0,2491,2278,5820,7493,5474,8771,5896,11926,6826,11241,4740,5861,16659,22551,7144,14407,213930,122726,36535,16552,111184,119,50,198,132
2021-04-19T23:59:59+02:00,4,10,5769,6856,15832,21819,15789,22031,15902,27595,20009,28239,29328,35435,33868,45793,8882,17491,1,0,2480,2261,5796,7459,5437,8738,5857,11881,6745,11162,4611,5701,16012,21832,7036,14245,205179,121072,35752,15885,109477,116,50,194,131
2021-04-18T23:59:59+02:00,3,10,5579,6711,15401,21493,15169,21469,14925,26799,18673,27103,27935,33783,33532,45368,8820,17402,1,0,2430,2215,5665,7332,5320,8624,5750,11727,6638,11044,4491,5516,15422,21166,6920,14064,196610,119416,34919,14619,108405,112,50,191,128
2021-04-17T23:59:59+02:00,3,9,5541,6674,15244,21415,14994,21383,14688,26620,18419,26880,27429,33236,33407,45220,8811,17387,1,0,2403,2176,5566,7178,5215,8467,5650,11541,6552,10913,4438,5453,15176,20871,6910,14050,195383,117664,34912,14615,106824,103,50,191,128
2021-04-16T23:59:59+02:00,3,9,5475,6619,15060,21259,14778,21218,14399,26371,18001,26462,26381,32006,33271,45012,8790,17364,1,0,2359,2125,5449,6987,5072,8284,5501,11299,6350,10689,4235,5217,14526,20076,6813,13905,191998,114405,34623,14213,105617,95,50,190,125
2021-04-15T23:59:59+02:00,3,8,5399,6538,14843,21046,14509,20933,13958,26017,17356,25824,25008,30386,33011,44687,8756,17282,1,0,2286,2041,5252,6751,4873,7966,5294,10977,6136,10402,4033,4965,13691,18996,6699,13738,187388,110574,33808,13269,104130,86,50,188,122
2021-04-14T23:59:59+02:00,3,8,5317,6467,14634,20843,14253,20707,13572,25682,16688,25199,23419,28591,32696,44287,8701,17188,1,0,2092,1918,5032,6489,4688,7716,5067,10727,5901,10113,3898,4758,12958,18075,6570,13523,182756,107458,32935,11815,102330,81,50,184,122
2021-04-13T23:59:59+02:00,3,8,5259,6414,14425,20710,14004,20516,13221,25379,16110,24688,21692,26724,32376,43870,8670,17080,1,0,2003,1863,4863,6299,4502,7492,4867,10472,5690,9872,3750,4587,12437,17459,6444,13360,178445,105024,32053,10698,100421,69,49,181,121
2021-04-12T23:59:59+02:00,3,7,5195,6343,14206,20514,13698,20252,12831,24961,15522,24135,20082,24778,32087,43506,8628,17005,1,0,1875,1769,4681,6141,4351,7315,4702,10277,5553,9713,3628,4430,12003,16945,6332,13199,174047,103323,30993,9358,98486,67,49,178,118
2021-04-11T23:59:59+02:00,3,7,5123,6264,13986,20317,13400,20039,12412,24606,14951,23620,18571,22992,31826,43162,8583,16923,1,0,1836,1729,4560,6028,4239,7190,4579,10145,5416,9583,3511,4307,11509,16335,6199,12988,169731,101552,30031,8377,96802,65,47,174,114
2021-04-10T23:59:59+02:00,3,7,5118,6255,13965,20299,13388,20026,12394,24587,14925,23597,17877,22067,31535,42743,8565,16895,1,0,1831,1715,4544,6017,4223,7175,4565,10131,5363,9515,3406,4191,10953,15502,6068,12790,168640,99394,30003,8377,95386,63,43,174,113
2021-04-09T23:59:59+02:00,3,7,5104,6235,13924,20248,13336,19967,12341,24526,14656,23341,16357,20172,31128,42095,8531,16853,1,0,1804,1694,4519,6001,4196,7147,4521,10092,5325,9467,3319,4070,10083,14515,5919,12591,165977,96925,29662,8126,92972,61,41,172,111
2021-04-08T23:59:59+02:00,3,7,5057,6204,13821,20172,13254,19886,12235,24421,14313,22977,14578,17950,30508,41091,8468,16731,1,0,1778,1680,4488,5948,4145,7060,4456,10009,5250,9390,3211,3965,9606,13907,5713,12345,162113,95059,28628,7690,90734,60,34,167,109
2021-04-07T23:59:59+02:00,3,7,5019,6171,13710,20084,13156,19790,12125,24309,13920,22607,13039,16089,29857,40107,8414,16630,1,0,1758,1665,4435,5878,4057,6985,4365,9925,5162,9289,3120,3872,8842,12805,5473,11938,157585,92463,27745,6915,89512,52,32,163,108
2021-04-06T23:59:59+02:00,3,7,4987,6147,13608,20016,13072,19733,12046,24245,13543,22254,11401,14078,29197,39139,8383,16559,1,0,1693,1610,4304,5748,3946,6860,4245,9773,5056,9157,3004,3751,8133,11871,5198,11572,153568,90066,26863,5668,87801,50,30,156,108
2021-04-05T23:59:59+02:00,3,6,4948,6117,13534,19948,12999,19661,11989,24166,13264,22001,9784,12126,28469,38085,8348,16496,1,0,1622,1542,4151,5594,3777,6703,4093,9621,4900,9026,2871,3633,7315,10901,4928,11180,150344,87676,25845,4002,85578,47,26,151,107
2021-04-04T23:59:59+02:00,3,6,4929,6099,13523,19922,12989,19642,11982,24145,13161,21925,8756,10863,28020,37444,8323,16439,1,0,1619,1539,4143,5586,3776,6697,4087,9618,4898,9016,2865,3624,7075,10429,4845,11054,148594,86704,25840,4001,83565,41,24,148,102
2021-04-03T23:59:59+02:00,3,6,4926,6089,13505,19901,12975,19629,11972,24134,13146,21905,7847,9795,27139,36202,8273,16327,1,0,1615,1535,4141,5581,3775,6694,4078,9606,4884,9002,2858,3610,6932,10161,4806,10972,146110,86085,25832,4001,81662,40,23,147,102
2021-04-02T23:59:59+02:00,3,6,4920,6069,13470,19874,12935,19584,11925,24084,13071,21839,7336,9045,25549,34101,8129,16057,1,0,1604,1518,4114,5556,3750,6654,4043,9546,4763,8717,2729,3453,6556,9761,4657,10765,141651,84252,25489,3773,80690,40,21,146,101
2021-04-01T23:59:59+02:00,2,6,4870,6007,13371,19732,12816,19434,11779,23928,12470,21393,6772,8330,24037,32130,8002,15817,1,0,1540,1470,4001,5434,3684,6581,3975,9479,4682,8612,2632,3310,6039,9079,4479,10485,137441,81970,24348,3361,78944,36,20,143,96
2021-03-31T23:59:59+02:00,2,6,4817,5948,13247,19575,12681,19276,11588,23749,12207,21132,6447,7955,22556,30171,7847,15587,1,0,1527,1459,3977,5410,3652,6552,3937,9432,4640,8554,2565,3233,5550,8429,4300,10245,133487,80171,23251,3143,77893,36,17,143,96
2021-03-30T23:59:59+02:00,2,6,4751,5880,13110,19425,12566,19095,11458,23584,12038,20994,6257,7740,21165,28439,7701,15382,1,0,1510,1422,3936,5375,3587,6480,3846,9317,4507,8385,2424,3026,5125,7870,4156,9986,130113,77925,22322,2899,77006,24,12,140,93
2021-03-29T23:59:59+02:00,2,6,4710,5836,12989,19329,12497,19011,11377,23475,11885,20859,6096,7540,19735,26755,7574,15179,1,0,1451,1381,3881,5327,3512,6408,3725,9173,4352,8193,2300,2886,4557,7196,3999,9709,126500,75246,21454,2681,76752,23,11,138,90
2021-03-28T23:59:59+02:00,2,6,4663,5767,12866,19187,12410,18917,11274,23373,11771,20753,5944,7332,18552,25248,7455,14982,1,0,1418,1338,3784,5219,3318,6180,3636,9055,4299,8136,2245,2820,3799,6177,3813,9438,123481,72181,20658,2383,76217,16,11,135,85
2021-03-27T23:59:59+01:00,2,6,4630,5717,12756,19023,12294,18754,11157,23169,11664,20606,5875,7244,18261,24901,7444,14964,1,0,1410,1335,3779,5214,3314,6173,3354,8705,4100,7838,2239,2817,3786,6142,3776,9372,121643,70866,20618,2383,76061,12,11,134,83
2021-03-26T23:59:59+01:00,2,5,4591,5661,12641,18830,12157,18552,11006,22939,11501,20392,5708,7027,17650,24105,7345,14814,1,0,1408,1333,3774,5207,3290,6155,3334,8685,3883,7388,2059,2409,3521,5854,3623,9131,118530,68576,20278,2376,75977,10,10,131,83
2021-03-25T23:59:59+01:00,2,5,4515,5568,12443,18588,11955,18227,10795,22610,11258,20064,5492,6739,16617,22798,7218,14623,1,0,1399,1321,3755,5180,3256,6128,3281,8647,3833,7344,1985,2296,3084,5171,3461,8821,114553,66590,19200,2275,75625,7,10,129,81
2021-03-24T23:59:59+01:00,2,5,4431,5452,12220,18134,11737,17810,10570,22213,11024,19691,5220,6390,15573,21580,7076,14395,1,0,1376,1307,3730,5135,3220,6064,3227,8575,3781,7270,1930,2237,2775,4836,3307,8546,111431,65190,18105,2033,73849,7,10,128,77
2021-03-23T23:59:59+01:00,2,5,4374,5380,12051,17795,11536,17455,10377,21845,10794,19398,5076,6188,14928,20760,6937,14220,1,0,1358,1299,3713,5116,3198,6047,3201,8523,3739,7227,1890,2177,2543,4558,3094,8218,109037,63820,17370,1991,72576,5,10,128,76
2021-03-22T23:59:59+01:00,2,5,4322,5300,11850,17461,11348,17131,10152,21519,10580,19094,4924,5976,14309,20044,6805,14037,1,0,1345,1289,3682,5083,3166,6010,3175,8466,3702,7182,1845,2122,2347,4302,2896,7880,107162,62554,16648,1850,70912,4,10,127,75
2021-03-21T23:59:59+01:00,2,5,4250,5174,11569,17045,11063,16729,9882,21063,10322,18736,4810,5801,13612,19253,6661,13828,1,0,1336,1288,3665,5067,3144,5976,3152,8439,3683,7158,1824,2090,2178,4139,2725,7608,105267,61545,15350,1845,69055,4,7,126,72
2021-03-20T23:59:59+01:00,2,5,4221,5104,11427,16713,10939,16417,9741,20769,10146,18454,4681,5639,12983,18306,6520,13612,1,0,1335,1287,3664,5065,3140,5975,3149,8434,3677,7152,1819,2085,2146,4076,2699,7565,103066,61341,15345,1845,67136,4,7,125,72
2021-03-19T23:59:59+01:00,2,4,4175,5022,11257,16347,10753,16065,9565,20389,9925,18094,4522,5443,11955,17098,6358,13401,1,0,1327,1280,3647,5036,3110,5897,3104,8339,3571,6975,1692,1973,2070,4010,2589,7355,100354,60052,14934,1841,64958,4,7,122,72
2021-03-18T23:59:59+01:00,2,4,4087,4916,11006,15920,10489,15618,9283,19922,9702,17750,4376,5277,11326,16227,6127,13135,1,0,1323,1269,3629,5002,3090,5853,3082,8283,3544,6926,1671,1940,2034,3940,2462,7145,98546,59366,13926,1748,62569,4,7,119,69
2021-03-17T23:59:59+01:00,2,4,3908,4798,10706,15508,10231,15259,9039,19559,9447,17399,4255,5110,10510,14983,5863,12710,1,0,1322,1266,3615,4983,3082,5833,3072,8249,3525,6903,1667,1915,2010,3909,2351,6959,95879,58855,12377,1732,60911,4,5,119,66
2021-03-16T23:59:59+01:00,2,4,3763,4672,10371,15044,9962,14888,8763,19111,9148,17032,4114,4942,9689,13858,5582,12353,1,0,1308,1263,3611,4976,3072,5828,3066,8235,3516,6887,1638,1888,1970,3856,2230,6777,93546,58395,11183,1654,58448,4,4,117,65
2021-03-15T23:59:59+01:00,2,4,3616,4551,10059,14588,9670,14432,8462,18637,8858,16622,3965,4772,8971,12789,5355,12027,1,0,1298,1255,3589,4965,3060,5804,3044,8196,3496,6844,1621,1872,1951,3824,2113,6589,91565,57801,9821,1651,55879,4,3,112,63
2021-03-14T23:59:59+01:00,2,4,3544,4456,9803,14159,9420,14035,8141,18144,8576,16230,3802,4584,8161,11550,5043,11561,1,0,1284,1248,3568,4947,3039,5762,3022,8117,3467,6776,1593,1817,1890,3696,1945,6191,89230,57269,8797,1027,53078,4,1,109,62
2021-03-13T23:59:59+01:00,2,4,3461,4201,9490,13490,9170,13452,7909,17555,8366,15789,3690,4476,7966,11254,4992,11469,1,0,1284,1248,3568,4947,3037,5761,3021,8116,3464,6773,1590,1815,1888,3692,1944,6190,88554,57248,8796,1027,49276,4,1,109,59
2021-03-12T23:59:59+01:00,2,4,3395,4050,9241,12962,8933,12925,7673,16920,8006,15034,3526,4305,7575,10843,4851,11278,1,0,1280,1244,3563,4933,3034,5757,3014,8108,3460,6766,1563,1786,1866,3674,1844,6010,86750,56816,8545,1024,46120,4,1,107,58
2021-03-11T23:59:59+01:00,2,4,3234,3778,8858,12203,8627,12252,7340,16132,7659,14383,3363,4100,7012,10120,4654,10970,1,0,1262,1233,3529,4889,2989,5678,2979,7985,3408,6667,1515,1730,1783,3468,1640,5478,84275,56053,8091,126,42223,3,1,101,51
2021-03-10T23:59:59+01:00,2,4,3165,3670,8367,11697,7948,11774,7020,15637,7357,13787,3201,3937,6443,9422,4476,10692,1,0,1251,1219,3499,4832,2956,5600,2943,7847,3353,6544,1471,1685,1721,3368,1518,5190,82413,54845,7536,103,38551,0,1,98,49
2021-03-09T23:59:59+01:00,2,3,3056,3490,7693,11253,7071,11299,6600,15026,6992,13183,2963,3633,5930,8781,4318,10409,1,0,1246,1216,3476,4786,2929,5535,2926,7795,3334,6498,1457,1660,1686,3325,1407,4984,80092,54146,6167,68,35345,0,1,97,46
2021-03-08T23:59:59+01:00,2,3,2883,3250,7062,10712,6265,10818,6201,14505,6593,12615,2748,3421,5323,8042,4168,10137,1,0,1240,1209,3454,4722,2904,5459,2887,7700,3302,6423,1450,1651,1683,3315,1402,4981,77262,53670,5015,66,32376,0,1,94,46
2021-03-07T23:59:59+01:00,2,3,2770,3115,6731,10214,5858,10274,5904,14057,6346,12224,2647,3326,4560,6979,3951,9854,1,0,1236,1206,3450,4717,2899,5446,2883,7683,3294,6409,1444,1637,1660,3274,1385,4937,73998,53452,4180,63,30549,0,1,87,45
2021-03-06T23:59:59+01:00,2,3,2724,2970,6548,9764,5662,9857,5430,13196,5969,11486,2625,3297,4554,6968,3948,9851,1,0,1236,1205,3446,4711,2897,5445,2882,7682,3293,6406,1443,1634,1660,3272,1384,4937,72767,53426,4180,63,27820,0,1,86,44
2021-03-05T23:59:59+01:00,2,3,2622,2709,6335,9187,5447,9463,5252,12629,5587,10502,2396,2829,4173,6585,3809,9629,1,0,1222,1202,3430,4696,2891,5432,2872,7664,3281,6387,1429,1625,1659,3268,1380,4933,70421,53267,3944,63,24707,0,1,86,41
2021-03-04T23:59:59+01:00,2,3,2540,2497,6123,8757,5290,9124,5069,12204,5408,10123,2300,2659,3613,5759,3637,9282,1,0,1210,1186,3385,4598,2859,5364,2840,7567,3250,6311,1408,1615,1645,3254,1370,4922,68347,52688,3494,60,22463,0,1,85,36
2021-03-03T23:59:59+01:00,2,3,2481,2438,5953,8348,5120,8759,4853,11753,5220,9675,2217,2552,3204,5318,3475,8982,1,0,1189,1176,3350,4550,2821,5298,2798,7468,3202,6235,1388,1588,1625,3223,1364,4904,66903,52090,3249,56,20116,0,1,84,33
2021-03-02T23:59:59+01:00,2,3,2423,2343,5794,8014,4962,8505,4687,11352,5054,9355,2145,2461,2897,4956,3256,8657,1,0,1184,1165,3331,4528,2806,5271,2780,7419,3194,6207,1383,1578,1607,3203,1361,4899,65519,51829,2986,55,18278,0,0,83,33
2021-03-01T23:59:59+01:00,2,3,2396,2312,5685,7794,4863,8360,4601,11199,4952,9181,2087,2383,2597,4630,3065,8337,1,0,1178,1162,3316,4510,2794,5242,2763,7373,3178,6179,1377,1575,1600,3194,1358,4893,64242,51605,2761,55,17364,0,0,80,33
2021-02-28T23:59:59+01:00,2,3,2343,2266,5503,7532,4689,8137,4462,11013,4841,9050,2046,2317,2298,4326,2862,8021,1,0,1168,1156,3302,4500,2787,5235,2758,7359,3170,6165,1372,1572,1592,3174,1357,4860,63112,51442,2456,55,16063,0,0,80,31
2021-02-27T23:59:59+01:00,2,3,2253,1954,5330,7110,4589,7831,4379,10666,4767,8801,2017,2257,2267,4279,2840,7970,1,0,1164,1152,3301,4498,2781,5233,2754,7356,3165,6161,1371,1572,1590,3170,1356,4859,62869,51403,2456,52,13910,0,0,80,29
2021-02-26T23:59:59+01:00,2,3,2183,1872,5184,6878,4443,7572,4227,10400,4558,8515,1888,2148,2206,4238,2731,7787,1,0,1142,1139,3285,4464,2768,5193,2743,7304,3144,6107,1365,1561,1586,3162,1355,4857,61532,51097,2450,51,12775,0,0,78,28
2021-02-25T23:59:59+01:00,2,3,2048,1767,4858,6471,4016,7119,3943,9883,4325,8133,1829,2089,2175,4179,2614,7592,1,0,1123,1121,3245,4418,2738,5142,2697,7196,3103,6014,1353,1545,1569,3121,1341,4798,61050,50451,2342,48,9577,0,0,77,26
2021-02-24T23:59:59+01:00,2,3,2013,1701,4741,6257,3913,6907,3820,9639,4203,7974,1806,2055,2144,4136,2500,7391,1,0,1110,1115,3216,4354,2703,5078,2671,7111,3075,5944,1338,1527,1545,3071,1329,4729,60499,49856,2097,36,8532,0,0,77,25
2021-02-23T23:59:59+01:00,2,3,1782,1558,4367,5771,3630,6521,3598,9256,4047,7690,1773,2021,2098,4087,2386,7205,1,0,1091,1103,3180,4326,2675,5020,2646,7035,3039,5884,1318,1507,1518,3036,1319,4674,60024,49325,2050,22,5645,0,0,76,25
2021-02-22T23:59:59+01:00,2,3,1772,1539,4315,5712,3593,6460,3531,9160,3986,7595,1739,1994,2073,4036,2265,7006,1,0,1085,1089,3158,4282,2656,4981,2621,6976,3009,5830,1305,1490,1506,3025,1311,4665,59475,48954,1907,13,5324,0,0,75,23
2021-02-21T23:59:59+01:00,2,3,1759,1533,4283,5678,3549,6422,3491,9107,3942,7544,1727,1984,2068,4026,2141,6840,1,0,1077,1078,3136,4241,2626,4929,2606,6908,2980,5743,1292,1474,1482,2964,1282,4583,59119,48368,1901,11,5008,0,0,71,23
2021-02-20T23:59:59+01:00,2,3,1753,1532,4276,5675,3546,6419,3490,9105,3939,7543,1722,1980,2065,4022,2140,6840,1,0,1077,1078,3133,4239,2626,4929,2605,6907,2980,5743,1292,1473,1481,2964,1282,4583,59100,48359,1901,11,4984,0,0,67,23
2021-02-19T23:59:59+01:00,2,3,1722,1519,4262,5654,3534,6405,3479,9095,3930,7526,1695,1951,2044,4004,2039,6657,1,0,1076,1076,3131,4237,2625,4928,2605,6904,2977,5741,1292,1472,1481,2962,1282,4583,58675,48340,1895,11,4886,0,0,65,22
2021-02-18T23:59:59+01:00,2,3,1667,1486,4166,5541,3462,6301,3391,8930,3842,7383,1671,1914,2011,3931,1907,6457,1,0,1026,1034,2992,4018,2498,4659,2494,6566,2869,5476,1258,1427,1449,2875,1253,4428,58015,46294,1804,9,4185,0,0,61,20
2021-02-17T23:59:59+01:00,2,2,1644,1456,4072,5393,3377,6148,3273,8695,3713,7180,1614,1841,1933,3824,1781,6140,0,0,968,985,2842,3795,2382,4349,2369,6157,2740,5164,1207,1364,1401,2763,1203,4250,56763,43912,1792,8,3474,0,0,59,19
2021-02-16T23:59:59+01:00,2,2,1566,1387,3910,5204,3242,5967,3165,8462,3590,7017,1590,1814,1899,3795,1662,5931,0,0,880,955,2709,3641,2285,4139,2244,5836,2611,4913,1149,1269,1253,2458,936,3616,56071,40874,1776,5,2304,0,0,54,15
2021-02-15T23:59:59+01:00,2,2,1547,1367,3861,5120,3182,5882,3108,8348,3524,6911,1576,1798,1884,3772,1653,5908,0,0,844,932,2629,3511,2211,3960,2164,5558,2523,4702,1103,1203,1160,2277,865,3386,55599,39014,1772,3,2021,0,0,53,11
2021-02-14T23:59:59+01:00,2,2,1479,1337,3779,5046,3138,5777,3053,8195,3480,6802,1555,1766,1830,3641,1594,5650,0,0,835,926,2576,3441,2170,3893,2110,5438,2457,4596,1074,1164,1070,2100,790,3137,55357,37767,1141,2,1575,0,0,53,8
2021-02-13T23:59:59+01:00,2,2,1475,1336,3770,5040,3131,5776,3049,8193,3477,6800,1554,1762,1830,3639,1592,5650,0,0,835,926,2576,3441,2170,3892,2108,5436,2456,4596,1071,1163,1070,2100,790,3137,55334,37761,1140,0,1551,0,0,53,6
2021-02-12T23:59:59+01:00,2,1,1435,1317,3733,5006,3108,5756,3027,8160,3458,6756,1538,1751,1820,3622,1584,5629,0,0,827,919,2542,3388,2136,3846,2078,5383,2439,4565,1070,1161,1069,2098,789,3135,55109,37440,1137,0,1406,0,0,51,5
2021-02-11T23:59:59+01:00,2,1,1382,1268,3616,4837,3017,5582,2929,7851,3359,6543,1478,1690,1751,3438,1492,5284,0,0,788,853,2289,2945,1908,3373,1847,4635,2166,4034,980,1089,972,1900,730,2852,54469,33358,147,0,857,0,0,47,3
2021-02-10T23:59:59+01:00,2,1,1356,1245,3553,4732,2952,5477,2886,7701,3306,6410,1459,1672,1723,3400,1478,5245,0,0,705,793,1997,2536,1697,2930,1611,4026,1907,3575,868,941,802,1520,586,2327,53818,28819,145,0,591,0,0,44,2
2021-02-09T23:59:59+01:00,2,1,1344,1226,3497,4661,2923,5408,2865,7609,3269,6341,1451,1656,1695,3377,1468,5232,0,0,655,711,1734,2190,1505,2544,1426,3527,1736,3215,835,907,777,1441,564,2211,53507,25978,140,0,334,0,0,44,0
2021-02-08T23:59:59+01:00,2,1,1330,1222,3468,4631,2903,5370,2843,7558,3249,6312,1439,1649,1685,3351,1466,5213,0,0,640,674,1584,1956,1364,2286,1294,3219,1579,2952,795,886,728,1333,531,2037,53203,23858,115,0,331,0,0,43,0
2021-02-07T23:59:59+01:00,2,1,1197,1179,3365,4577,2849,5327,2816,7520,3223,6274,1429,1631,1676,3328,1459,5181,0,0,495,527,1313,1601,1123,1836,1082,2629,1351,2428,691,757,646,1172,484,1808,52908,19943,87,0,0,0,0,39,0
2021-02-06T23:59:59+01:00,2,1,1193,1177,3363,4575,2845,5325,2809,7517,3219,6271,1428,1629,1675,3324,1458,5180,0,0,372,375,1114,1352,985,1532,941,2220,1185,2011,603,658,618,1154,481,1805,52865,17406,87,0,0,0,0,39,0
2021-02-05T23:59:59+01:00,2,0,1181,1166,3347,4552,2837,5297,2799,7474,3201,6225,1422,1621,1672,3318,1457,5180,0,0,272,217,930,1037,839,1163,765,1772,1009,1601,486,552,591,1134,478,1801,52627,14647,87,0,0,0,0,37,0
2021-02-04T23:59:59+01:00,2,0,1165,1147,3301,4500,2797,5222,2757,7344,3153,6141,1407,1605,1658,3284,1447,5152,0,0,143,89,629,668,549,741,526,1164,668,1003,306,371,484,986,433,1638,51983,10398,62,0,0,0,0,37,0
2021-02-03T23:59:59+01:00,2,0,1143,1141,3275,4457,2768,5181,2734,7296,3123,6086,1397,1594,1632,3243,1440,5099,0,0,122,72,499,519,417,597,422,917,512,756,253,291,379,770,334,1276,51518,8136,57,0,0,0,0,36,0
2021-02-02T23:59:59+01:00,2,0,1121,1127,3239,4426,2736,5128,2709,7222,3088,6022,1372,1565,1596,3189,1414,5003,0,0,113,63,415,419,347,518,370,826,459,673,233,268,333,695,306,1140,50868,7178,56,0,0,0,0,35,0
2021-02-01T23:59:59+01:00,2,0,1105,1115,3219,4374,2709,5067,2678,7096,3057,5926,1352,1534,1569,3151,1397,4938,0,0,84,48,314,314,255,391,277,618,328,506,194,219,262,555,238,893,50201,5496,56,0,0,0,0,32,0
2021-01-31T23:59:59+01:00,2,0,1097,1105,3203,4343,2684,5023,2662,7041,3044,5882,1340,1517,1546,3085,1369,4852,0,0,73,46,288,290,230,346,255,574,298,465,173,200,216,454,195,724,49707,4827,56,0,0,0,0,32,0
2021-01-30T23:59:59+01:00,2,0,1096,1105,3200,4338,2682,5022,2661,7040,3044,5881,1340,1516,1545,3085,1369,4852,0,0,72,41,278,276,217,331,250,563,294,459,172,197,215,454,195,724,49693,4738,53,0,0,0,0,32,0
2021-01-29T23:59:59+01:00,2,0,1094,1103,3198,4335,2682,5020,2661,7038,3041,5879,1340,1516,1545,3084,1369,4852,0,0,65,37,261,261,194,311,234,546,283,448,166,193,211,448,194,722,49674,4574,53,0,0,0,0,32,0
2021-01-28T23:59:59+01:00,2,0,1073,1084,3131,4233,2629,4911,2603,6882,2974,5748,1324,1493,1529,3016,1345,4726,0,0,55,20,164,155,130,188,164,361,208,284,133,150,165,284,117,432,48625,3010,49,0,0,0,0,29,0
2021-01-27T23:59:59+01:00,2,0,1027,1046,3049,4092,2548,4734,2508,6603,2890,5547,1291,1447,1487,2922,1308,4574,0,0,26,7,101,71,59,93,85,211,119,150,102,118,122,214,90,313,47011,1881,39,0,0,0,0,25,0
2021-01-26T23:59:59+01:00,1,0,949,1018,2932,3958,2468,4550,2426,6423,2821,5391,1263,1396,1397,2768,1084,4166,0,0,25,7,96,70,58,92,83,211,117,149,100,117,121,214,90,313,44963,1863,27,0,0,0,0,21,0
2021-01-25T23:59:59+01:00,1,0,931,1001,2848,3829,2424,4403,2366,6228,2762,5241,1242,1372,1383,2740,1071,4130,0,0,25,7,94,69,56,90,83,211,117,147,100,116,121,214,90,313,43937,1853,18,0,0,0,0,17,0
2021-01-24T23:59:59+01:00,1,0,921,997,2827,3812,2413,4371,2340,6189,2728,5180,1228,1364,1373,2715,1057,4096,0,0,25,7,94,69,56,89,83,210,116,147,99,116,121,214,90,313,43586,1849,14,0,0,0,0,12,0
2021-01-23T23:59:59+01:00,1,0,921,997,2827,3811,2413,4370,2338,6187,2727,5180,1225,1363,1372,2715,1057,4096,0,0,25,6,94,69,56,89,83,210,116,147,99,116,121,214,90,311,43579,1846,12,0,0,0,0,9,0
2021-01-22T23:59:59+01:00,1,0,914,989,2795,3765,2379,4305,2306,6112,2707,5133,1223,1360,1371,2712,1056,4093,0,0,25,6,94,68,56,89,83,210,116,147,99,116,121,214,90,311,43203,1845,12,0,0,0,0,6,0
2021-01-21T23:59:59+01:00,1,0,898,921,2541,3355,2177,3888,2124,5501,2482,4648,1165,1314,1322,2593,1020,3935,0,0,21,6,83,62,52,72,70,170,96,134,89,100,101,154,74,235,39869,1519,12,0,0,0,0,4,0
2021-01-20T23:59:59+01:00,1,0,818,856,2232,2948,1971,3429,1894,4893,2227,4175,1051,1172,1151,2238,886,3410,0,0,21,6,83,62,52,71,69,170,95,134,89,100,101,154,72,235,35338,1514,12,0,0,0,0,2,0
2021-01-19T23:59:59+01:00,1,0,754,775,1939,2505,1732,2972,1660,4231,1984,3701,975,1074,1023,1948,778,3028,0,0,10,3,50,46,33,44,35,100,44,77,41,37,50,83,44,152,31070,849,10,0,0,0,0,0,0
2021-01-18T23:59:59+01:00,1,0,680,715,1710,2112,1493,2500,1414,3548,1733,3197,888,987,917,1732,722,2745,0,0,5,2,19,11,13,21,17,54,17,33,21,22,26,56,31,82,27089,430,5,0,0,0,0,0,0
2021-01-17T23:59:59+01:00,0,0,502,554,1390,1708,1215,1967,1160,2816,1452,2574,747,831,762,1441,599,2351,0,0,0,1,4,2,0,0,0,0,0,0,1,0,0,0,0,0,22066,8,3,0,0,0,0,0,0
2021-01-16T23:59:59+01:00,0,0,382,403,1209,1463,1094,1680,1021,2418,1294,2167,660,734,734,1424,597,2350,0,0,0,0,0,0,0,0,0,0,0,0,0,0,0,0,0,0,19628,0,2,0,0,0,0,0,0
2021-01-15T23:59:59+01:00,0,0,279,242,1025,1165,944,1334,852,1972,1117,1765,541,623,695,1389,584,2309,0,0,0,0,0,0,0,0,0,0,0,0,0,0,0,0,0,0,16835,0,1,0,0,0,0,0,0
2021-01-14T23:59:59+01:00,0,0,162,107,711,781,652,864,617,1314,753,1145,354,434,570,1203,524,2059,0,0,0,0,0,0,0,0,0,0,0,0,0,0,0,0,0,0,12250,0,0,0,0,0,0,0,0
2021-01-13T23:59:59+01:00,0,0,135,88,601,616,528,698,500,1056,596,879,298,358,481,1016,451,1755,0,0,0,0,0,0,0,0,0,0,0,0,0,0,0,0,0,0,10056,0,0,0,0,0,0,0,0
2021-01-12T23:59:59+01:00,0,0,125,72,515,525,452,597,432,924,525,773,263,309,393,819,377,1370,0,0,0,0,0,0,0,0,0,0,0,0,0,0,0,0,0,0,8471,0,0,0,0,0,0,0,0
2021-01-11T23:59:59+01:00,0,0,95,59,419,432,367,485,346,747,420,598,229,258,326,685,307,1158,0,0,0,0,0,0,0,0,0,0,0,0,0,0,0,0,0,0,6931,0,0,0,0,0,0,0,0
2021-01-10T23:59:59+01:00,0,0,79,51,354,358,300,402,293,650,350,528,200,227,261,545,245,902,0,0,0,0,0,0,0,0,0,0,0,0,0,0,0,0,0,0,5745,0,0,0,0,0,0,0,0
2021-01-09T23:59:59+01:00,0,0,78,48,340,337,276,381,285,634,342,521,199,226,260,543,245,902,0,0,0,0,0,0,0,0,0,0,0,0,0,0,0,0,0,0,5617,0,0,0,0,0,0,0,0
2021-01-08T23:59:59+01:00,0,0,72,40,303,303,231,340,255,590,315,480,181,206,235,482,224,798,0,0,0,0,0,0,0,0,0,0,0,0,0,0,0,0,0,0,5055,0,0,0,0,0,0,0,0
2021-01-07T23:59:59+01:00,0,0,58,26,210,199,162,242,196,425,244,343,151,167,180,317,150,512,0,0,0,0,0,0,0,0,0,0,0,0,0,0,0,0,0,0,3582,0,0,0,0,0,0,0,0
2021-01-06T23:59:59+01:00,0,0,46,15,163,119,113,161,145,297,179,244,119,135,139,250,107,367,0,0,0,0,0,0,0,0,0,0,0,0,0,0,0,0,0,0,2599,0,0,0,0,0,0,0,0
2021-01-05T23:59:59+01:00,0,0,28,8,98,72,59,94,88,214,118,152,109,125,130,231,106,341,0,0,0,0,0,0,0,0,0,0,0,0,0,0,0,0,0,0,1973,0,0,0,0,0,0,0,0
2021-01-04T23:59:59+01:00,0,0,26,8,97,70,56,91,88,214,118,150,109,123,129,231,106,341,0,0,0,0,0,0,0,0,0,0,0,0,0,0,0,0,0,0,1957,0,0,0,0,0,0,0,0
2021-01-03T23:59:59+01:00,0,0,26,8,97,69,56,90,88,213,117,150,108,123,129,231,106,341,0,0,0,0,0,0,0,0,0,0,0,0,0,0,0,0,0,0,1952,0,0,0,0,0,0,0,0
2021-01-02T23:59:59+01:00,0,0,26,7,97,69,56,90,87,213,116,150,108,123,129,231,106,340,0,0,0,0,0,0,0,0,0,0,0,0,0,0,0,0,0,0,1948,0,0,0,0,0,0,0,0
2021-01-01T23:59:59+01:00,0,0,26,7,97,69,56,90,87,213,115,149,108,123,129,231,106,340,0,0,0,0,0,0,0,0,0,0,0,0,0,0,0,0,0,0,1946,0,0,0,0,0,0,0,0
2020-12-31T23:59:59+01:00,0,0,26,7,97,69,56,90,87,213,114,149,108,123,129,231,106,340,0,0,0,0,0,0,0,0,0,0,0,0,0,0,0,0,0,0,1945,0,0,0,0,0,0,0,0
2020-12-30T23:59:59+01:00,0,0,26,7,97,69,55,90,86,213,114,149,108,123,129,231,105,340,0,0,0,0,0,0,0,0,0,0,0,0,0,0,0,0,0,0,1942,0,0,0,0,0,0,0,0
2020-12-29T23:59:59+01:00,0,0,14,2,65,54,33,61,50,138,64,91,53,54,74,142,65,232,0,0,0,0,0,0,0,0,0,0,0,0,0,0,0,0,0,0,1192,0,0,0,0,0,0,0,0
2020-12-28T23:59:59+01:00,0,0,5,2,36,26,20,31,21,67,25,41,23,22,27,51,34,82,0,0,0,0,0,0,0,0,0,0,0,0,0,0,0,0,0,0,513,0,0,0,0,0,0,0,0
2020-12-27T23:59:59+01:00,0,0,1,0,8,6,8,2,1,5,0,2,1,1,2,2,4,6,0,0,0,0,0,0,0,0,0,0,0,0,0,0,0,0,0,0,49,0,0,0,0,0,0,0,0
