Datum,<15_m,<15_w,15-24_1_m,15-24_1_w,25-34_1_m,25-34_1_w,35-44_1_m,35-44_1_w,45-54_1_m,45-54_1_w,55-64_1_m,55-64_1_w,65-74_1_m,65-74_1_w,75-84_1_m,75-84_1_w,>84_1_m,>84_1_w,<24_2_m,<24_2_w,25-34_2_m,25-34_2_w,35-44_2_m,35-44_2_w,45-54_2_m,45-54_2_w,55-64_2_m,55-64_2_w,65-74_2_m,65-74_2_w,75-84_2_m,75-84_2_w,>84_2_m,>84_2_w,bp_1,bp_2,mo_1,mo_2,az_1,az_2,ja,unb_1,unb_2
2021-10-01T23:59:59+02:00,10377,10012,67150,67471,108713,105858,98990,98417,95434,100831,94461,96269,56547,70125,44451,61597,11015,22340,60001,60183,102036,98338,93275,91603,90682,95388,90650,92349,54699,67814,43173,59595,10493,21134,830262,776714,136020,130151,158627,145349,95046,174,174
2021-09-30T23:59:59+02:00,10301,9945,66936,67252,108509,105624,98816,98226,95301,100694,94372,96174,56513,70081,44437,61574,11011,22330,59753,59935,101845,98137,93092,91397,90550,95240,90563,92260,54672,67769,43159,59566,10484,21123,828701,775098,135930,130035,158621,145300,94738,174,174
2021-09-29T23:59:59+02:00,10223,9889,66748,67070,108322,105430,98667,98065,95179,100586,94291,96100,56473,70024,44414,61533,11004,22306,59585,59770,101667,97965,92959,91237,90443,95139,90493,92179,54639,67720,43140,59520,10481,21109,827307,773906,135864,129959,158619,145268,94428,174,174
2021-09-28T23:59:59+02:00,10139,9816,66567,66868,108125,105273,98523,97911,95070,100476,94208,96023,56432,69985,44400,61493,10997,22278,59402,59597,101483,97814,92827,91106,90323,95013,90414,92112,54608,67683,43124,59492,10472,21094,825943,772759,135802,129874,158617,145235,94116,174,174
2021-09-27T23:59:59+02:00,10011,9683,66331,66622,107919,105103,98392,97768,94984,100368,94132,95952,56405,69937,44388,61462,10992,22267,59209,59416,101307,97683,92692,90974,90223,94906,90345,92039,54572,67629,43106,59466,10464,21083,824553,771737,135730,129802,158616,145194,93711,174,174
2021-09-26T23:59:59+02:00,9893,9590,66096,66397,107693,104916,98228,97625,94869,100241,94048,95871,56367,69904,44374,61436,10987,22250,58975,59225,101111,97504,92549,90815,90117,94791,90274,91966,54544,67602,43092,59438,10459,21068,823125,770625,135652,129709,158610,145135,93292,174,174
2021-09-25T23:59:59+02:00,9855,9550,65981,66273,107590,104826,98154,97565,94812,100190,94017,95843,56363,69896,44372,61433,10986,22250,58869,59110,101010,97412,92471,90746,90078,94728,90238,91945,54532,67591,43088,59434,10459,21068,822577,770097,135592,129657,158610,145107,93071,174,174
2021-09-24T23:59:59+02:00,9794,9490,65824,66094,107424,104659,98008,97422,94692,100087,93947,95788,56348,69879,44364,61419,10986,22248,58655,58886,100831,97225,92347,90601,89972,94622,90155,91880,54512,67569,43085,59429,10458,21065,821564,768932,135522,129592,158610,145045,92670,174,174
2021-09-23T23:59:59+02:00,9702,9369,65510,65765,107166,104414,97817,97195,94534,99923,93845,95678,56303,69820,44340,61390,10980,22219,58364,58612,100590,97001,92165,90394,89839,94475,90058,91778,54466,67521,43064,59401,10457,21042,819791,767417,135403,129483,158604,144974,92065,174,174
2021-09-22T23:59:59+02:00,9631,9289,65176,65451,106958,104202,97618,96991,94376,99788,93721,95580,56258,69750,44306,61346,10969,22197,58184,58432,100412,96836,91983,90256,89720,94354,89952,91703,54431,67477,43036,59369,10451,21027,818045,766379,135294,129406,158599,144891,91561,174,174
2021-09-21T23:59:59+02:00,9544,9204,64955,65211,106756,104027,97446,96837,94263,99681,93640,95509,56208,69699,44288,61303,10962,22185,57996,58256,100222,96683,91844,90128,89633,94265,89863,91631,54392,67421,43014,59331,10442,21009,816617,765352,135218,129312,158596,144827,91179,174,174
2021-09-20T23:59:59+02:00,9483,9148,64671,64910,106566,103847,97286,96672,94159,99585,93575,95432,56168,69656,44268,61259,10956,22169,57807,58107,100045,96541,91692,89979,89491,94166,89784,91562,54346,67385,42989,59295,10436,20993,815203,764374,135144,129231,158591,144680,90763,174,174
2021-09-19T23:59:59+02:00,9433,9105,64396,64743,106339,103655,97138,96507,94021,99487,93475,95358,56139,69602,44258,61234,10953,22158,57568,57918,99810,96368,91510,89816,89311,93996,89668,91480,54308,67324,42970,59261,10435,20980,813900,763198,135063,129116,158588,144419,90341,174,174
2021-09-18T23:59:59+02:00,9401,9060,64305,64642,106222,103559,97029,96422,93953,99416,93442,95330,56131,69593,44254,61229,10951,22157,57449,57798,99707,96270,91388,89736,89240,93934,89633,91450,54298,67319,42963,59258,10433,20975,813331,762571,134975,129051,158586,144407,90095,174,174
2021-09-17T23:59:59+02:00,9323,8973,64116,64482,106047,103403,96857,96267,93821,99318,93369,95254,56115,69565,44243,61223,10945,22151,57246,57566,99523,96110,91238,89621,89124,93830,89556,91389,54283,67292,42955,59251,10433,20972,812229,761468,134888,128955,158582,144390,89664,174,174
2021-09-16T23:59:59+02:00,9234,8868,63848,64190,105779,103150,96629,96033,93634,99143,93268,95165,56063,69510,44230,61196,10938,22137,56998,57300,99261,95884,91050,89414,88951,93674,89455,91302,54236,67240,42933,59230,10428,20960,810465,759991,134801,128819,158572,144326,89067,174,174
2021-09-15T23:59:59+02:00,9164,8813,63505,63902,105582,102937,96422,95840,93498,98986,93167,95080,56025,69455,44194,61165,10933,22111,56827,57145,99070,95722,90881,89258,88847,93560,89352,91238,54203,67192,42908,59196,10424,20944,808735,758946,134747,128703,158568,144290,88618,174,174
2021-09-14T23:59:59+02:00,9122,8762,63216,63699,105354,102725,96227,95662,93365,98845,93054,94996,55979,69399,44170,61126,10928,22095,56627,56965,98896,95537,90715,89095,88715,93449,89270,91169,54167,67152,42886,59170,10419,20929,807220,757916,134678,128611,158560,144192,88155,174,174
2021-09-13T23:59:59+02:00,9087,8728,62923,63437,105130,102499,96057,95493,93221,98711,92968,94898,55929,69345,44153,61094,10921,22083,56421,56785,98702,95347,90562,88938,88584,93343,89184,91094,54130,67107,42867,59141,10416,20913,805729,756835,134591,128497,158550,144150,87696,174,174
2021-09-12T23:59:59+02:00,9036,8680,62622,63196,104888,102254,95847,95265,93061,98579,92872,94817,55879,69297,44137,61063,10916,22072,56223,56626,98459,95140,90396,88772,88450,93228,89087,91020,54088,67051,42845,59112,10411,20896,804219,755818,134493,128372,158546,144079,87111,174,174
2021-09-11T23:59:59+02:00,8989,8647,62501,63067,104748,102134,95744,95155,92976,98501,92833,94786,55864,69283,44132,61051,10916,22071,56076,56536,98312,95034,90298,88673,88351,93162,89051,90994,54078,67032,42841,59102,10411,20895,803538,755222,134436,128295,158546,144060,86766,174,174
2021-09-10T23:59:59+02:00,8892,8537,62266,62805,104553,101923,95574,94966,92834,98376,92739,94714,55832,69255,44118,61033,10916,22069,55835,56331,98114,94849,90114,88490,88218,93033,88966,90925,54056,67011,42828,59083,10411,20891,802168,754065,134373,128180,158543,144044,86206,174,174
2021-09-09T23:59:59+02:00,8795,8439,61962,62542,104285,101612,95347,94681,92662,98154,92604,94599,55794,69191,44097,61003,10906,22048,55586,56108,97864,94599,89894,88258,88057,92880,88824,90839,54013,66962,42807,59053,10405,20885,800261,752660,134269,127996,158539,143972,85540,174,174
2021-09-08T23:59:59+02:00,8735,8390,61747,62316,104075,101382,95160,94464,92503,97990,92491,94471,55759,69125,44063,60963,10893,22024,55428,55955,97682,94395,89737,88064,87899,92736,88703,90732,53973,66900,42770,59010,10394,20849,798823,751644,134164,127849,158529,143885,84923,174,174
2021-09-07T23:59:59+02:00,8684,8341,61512,62106,103850,101151,94977,94275,92363,97851,92389,94395,55725,69075,44034,60908,10883,22002,55233,55793,97465,94202,89553,87899,87773,92628,88605,90643,53931,66854,42744,58978,10389,20832,797358,750568,134060,127723,158525,143757,84466,174,174
2021-09-06T23:59:59+02:00,8644,8299,61311,61939,103657,100981,94841,94121,92250,97726,92305,94323,55672,69018,44013,60881,10876,21969,55066,55624,97273,94041,89387,87744,87647,92504,88508,90563,53882,66807,42723,58933,10379,20808,796162,749471,133970,127589,158514,143674,84068,174,174
2021-09-05T23:59:59+02:00,8588,8250,61106,61738,103498,100799,94689,93957,92128,97612,92229,94254,55646,68977,44002,60860,10871,21961,54864,55423,97080,93843,89200,87584,87507,92379,88425,90477,53833,66757,42706,58910,10374,20792,794999,748312,133892,127419,158511,143579,83651,174,174
2021-09-04T23:59:59+02:00,8538,8221,60994,61631,103413,100701,94591,93873,92073,97547,92194,94228,55637,68966,43996,60850,10871,21960,54738,55309,96962,93717,89085,87485,87438,92299,88377,90444,53818,66746,42700,58899,10374,20791,794425,747662,133842,127297,158507,143561,83398,174,174
2021-09-03T23:59:59+02:00,8461,8150,60805,61450,103245,100550,94446,93734,91971,97434,92122,94177,55610,68940,43988,60836,10869,21954,54532,55127,96762,93501,88893,87294,87293,92126,88284,90365,53786,66713,42689,58880,10370,20788,793345,746416,133789,127069,158499,143525,82997,174,174
2021-09-02T23:59:59+02:00,8344,8062,60555,61207,102996,100313,94255,93516,91788,97275,92005,94081,55564,68882,43965,60801,10864,21932,54271,54869,96471,93226,88652,87023,87072,91922,88142,90250,53741,66632,42658,58829,10360,20753,791721,744775,133680,126712,158488,143407,82403,174,174
2021-09-01T23:59:59+02:00,8280,7981,60344,60993,102804,100143,94102,93363,91671,97148,91902,94008,55521,68833,43947,60777,10856,21914,54015,54651,96245,93008,88459,86807,86894,91758,88003,90141,53677,66544,42620,58785,10350,20733,790466,743331,133607,126454,158472,143288,81929,174,170
2021-08-31T23:59:59+02:00,8201,7906,60142,60753,102611,99965,93928,93208,91550,97035,91779,93926,55475,68783,43921,60737,10847,21898,53764,54395,95980,92760,88245,86574,86738,91599,87842,90037,53632,66473,42593,58730,10343,20714,789127,741838,133527,126145,158460,143179,81438,174,170
2021-08-30T23:59:59+02:00,8105,7829,59939,60569,102443,99823,93811,93080,91433,96934,91712,93849,55442,68755,43905,60703,10842,21882,53514,54203,95742,92527,88038,86345,86560,91459,87716,89916,53577,66395,42552,58666,10326,20685,788030,740413,133470,125832,158453,143032,80989,174,170
2021-08-29T23:59:59+02:00,8029,7752,59662,60328,102206,99627,93627,92907,91293,96816,91624,93760,55397,68705,43881,60673,10840,21873,53164,53895,95424,92241,87749,86085,86327,91264,87563,89790,53508,66320,42522,58626,10320,20668,786675,738516,133380,125497,158438,142888,80393,174,170
2021-08-28T23:59:59+02:00,7973,7687,59525,60217,102101,99519,93522,92824,91208,96741,91579,93730,55383,68692,43873,60669,10839,21871,52986,53748,95264,92110,87614,85975,86216,91176,87494,89746,53491,66299,42513,58619,10318,20667,786057,737697,133341,125392,158434,142862,80007,174,170
2021-08-27T23:59:59+02:00,7907,7603,59337,60025,101931,99352,93381,92699,91099,96635,91493,93674,55360,68663,43864,60651,10838,21866,52739,53502,94969,91837,87393,85772,86043,91022,87387,89646,53448,66263,42499,58593,10313,20664,785072,736127,133279,125191,158395,142826,79518,174,170
2021-08-26T23:59:59+02:00,7821,7504,59098,59778,101706,99134,93166,92478,90921,96455,91387,93574,55311,68601,43831,60623,10832,21854,52404,53221,94603,91488,87060,85462,85802,90766,87230,89515,53387,66174,42453,58550,10306,20652,783605,734226,133181,124784,158372,142694,78802,174,169
2021-08-25T23:59:59+02:00,7749,7414,58873,59584,101537,98991,93015,92295,90801,96333,91280,93498,55273,68550,43797,60579,10827,21831,52105,52969,94300,91235,86836,85216,85605,90578,87097,89390,53319,66089,42404,58482,10300,20621,782407,732506,133099,124472,158362,142626,78246,173,167
2021-08-24T23:59:59+02:00,7699,7362,58654,59366,101353,98818,92850,92133,90690,96208,91195,93427,55235,68496,43770,60536,10821,21806,51783,52707,93951,90950,86536,84964,85396,90387,86945,89230,53234,65996,42356,58416,10291,20599,781275,730687,133007,124170,158355,142407,77669,173,167
2021-08-23T23:59:59+02:00,7644,7310,58452,59160,101191,98663,92720,91973,90598,96123,91119,93342,55197,68453,43741,60510,10817,21788,51461,52442,93614,90674,86288,84690,85202,90219,86810,89105,53156,65903,42321,58366,10284,20581,780140,728800,132936,123884,158345,142234,77267,173,166
2021-08-22T23:59:59+02:00,7576,7254,58256,58979,100990,98504,92562,91837,90503,96008,91040,93274,55161,68406,43727,60486,10811,21774,51090,52089,93215,90273,85981,84385,84966,89990,86641,88981,53077,65799,42285,58303,10270,20549,779121,726463,132834,123573,158333,142018,76747,173,164
2021-08-21T23:59:59+02:00,7522,7216,58122,58856,100857,98398,92458,91733,90404,95947,90983,93239,55141,68384,43719,60469,10809,21771,50758,51789,93048,90125,85811,84227,84819,89866,86555,88918,53046,65775,42275,58287,10269,20543,778446,724938,132759,123345,158332,141977,76378,173,164
2021-08-20T23:59:59+02:00,7469,7164,57967,58685,100685,98247,92307,91599,90289,95824,90907,93179,55120,68360,43709,60452,10807,21766,50426,51450,92784,89859,85548,83994,84605,89662,86422,88808,53015,65734,42252,58263,10262,20536,777495,722976,132710,123139,158326,141913,75892,173,164
2021-08-19T23:59:59+02:00,7402,7104,57723,58453,100414,98020,92102,91408,90128,95660,90779,93075,55078,68302,43684,60421,10800,21752,49982,51013,92355,89458,85144,83593,84294,89348,86209,88625,52944,65627,42214,58202,10252,20518,776146,720286,132577,122693,158319,141708,75150,173,163
2021-08-18T23:59:59+02:00,7338,7049,57542,58292,100230,97842,91960,91246,89988,95539,90678,92982,55011,68238,43655,60375,10790,21732,49633,50647,91978,89132,84824,83262,84016,89097,86019,88453,52829,65510,42143,58110,10237,20488,775001,717893,132487,122305,158312,141470,74575,172,163
2021-08-17T23:59:59+02:00,7276,6998,57353,58136,100038,97669,91794,91098,89866,95408,90582,92890,54973,68190,43630,60348,10788,21717,49140,50227,91531,88711,84422,82907,83687,88804,85815,88251,52726,65385,42085,58033,10231,20464,773891,714887,132383,121896,158299,141181,74069,172,163
2021-08-16T23:59:59+02:00,7217,6932,57170,57960,99835,97494,91646,90940,89725,95291,90467,92793,54922,68129,43601,60297,10781,21703,48574,49653,91053,88265,83954,82512,83352,88512,85584,88048,52622,65270,42027,57955,10222,20428,772727,711365,132291,121452,158292,140953,73481,172,163
2021-08-15T23:59:59+02:00,7151,6884,56949,57772,99650,97312,91488,90799,89601,95184,90378,92734,54884,68088,43581,60268,10777,21696,47452,48517,90411,87575,83398,81969,82959,88127,85298,87841,52514,65148,41984,57896,10213,20409,771647,705563,132179,120824,158283,140774,72975,172,162
2021-08-14T23:59:59+02:00,7120,6852,56828,57684,99509,97213,91385,90723,89513,95115,90327,92689,54869,68072,43576,60261,10776,21695,47300,48374,90178,87401,83185,81761,82834,88026,85228,87797,52486,65117,41975,57885,10212,20407,771124,704747,132123,120500,158279,140723,72569,172,162
2021-08-13T23:59:59+02:00,7075,6807,56674,57555,99351,97085,91260,90586,89408,95001,90246,92626,54840,68022,43562,60238,10774,21688,46995,48056,89702,86996,82787,81384,82571,87794,85058,87657,52443,65049,41953,57861,10209,20395,770300,702522,132064,119944,158272,140644,72052,170,162
2021-08-12T23:59:59+02:00,7040,6756,56471,57393,99139,96908,91086,90422,89263,94860,90151,92546,54802,67970,43536,60204,10766,21671,46580,47668,89056,86421,82209,80835,82191,87467,84830,87479,52369,64948,41900,57802,10199,20377,769241,699558,131961,119104,158259,140394,71413,170,161
2021-08-11T23:59:59+02:00,7005,6701,56284,57222,98932,96728,90927,90282,89130,94747,90040,92443,54750,67910,43505,60165,10757,21656,46164,47210,88429,85769,81627,80324,81855,87163,84559,87236,52280,64807,41828,57677,10180,20328,768118,696384,131863,118149,158236,140059,70860,167,160
2021-08-10T23:59:59+02:00,6944,6653,56099,57058,98712,96581,90770,90132,89001,94634,89956,92366,54705,67863,43489,60125,10753,21643,45727,46743,87781,85143,81019,79784,81445,86783,84315,87020,52159,64698,41768,57594,10166,20297,767057,693046,131770,117205,158217,139745,70333,167,160
2021-08-09T23:59:59+02:00,6893,6594,55926,56895,98517,96427,90616,89995,88860,94539,89845,92304,54666,67814,43464,60091,10746,21628,45161,46188,86944,84467,80328,79196,81031,86434,84021,86796,52047,64567,41711,57493,10152,20255,766038,689227,131697,116140,158207,139396,69771,167,157
2021-08-08T23:59:59+02:00,6822,6525,55701,56705,98307,96239,90438,89832,88724,94420,89750,92228,54612,67767,43438,60056,10739,21607,44558,45573,85871,83529,79422,78383,80488,85956,83695,86497,51912,64415,41648,57402,10140,20229,764829,684097,131586,114961,158187,139086,69200,167,157
2021-08-07T23:59:59+02:00,6777,6474,55555,56581,98168,96124,90308,89729,88629,94362,89687,92188,54593,67741,43435,60046,10736,21602,43717,44691,85534,83190,78946,77943,80128,85604,83514,86352,51849,64332,41627,57366,10135,20220,764157,680382,131523,113812,158183,138981,68764,167,156
2021-08-06T23:59:59+02:00,6721,6425,55363,56431,97935,95940,90156,89599,88504,94245,89589,92117,54553,67713,43426,60019,10733,21598,42795,43801,85066,82722,78360,77387,79738,85219,83323,86205,51796,64267,41601,57334,10127,20206,763194,676419,131423,112530,158176,138845,68166,167,155
2021-08-05T23:59:59+02:00,6655,6353,55042,56185,97636,95668,89896,89377,88291,94054,89420,91982,54489,67623,43396,59967,10724,21580,41554,42631,84333,82042,77581,76587,79141,84654,82967,85903,51665,64107,41540,57231,10112,20174,761538,670848,131296,110893,158164,138299,67232,167,154
2021-08-04T23:59:59+02:00,6574,6303,54802,55997,97383,95456,89713,89210,88149,93912,89302,91884,54436,67571,43359,59920,10720,21570,41077,42138,83108,80992,76239,75442,78652,84199,82647,85656,51523,63968,41483,57144,10096,20148,760247,665649,131187,109381,158149,137830,66570,167,154
2021-08-03T23:59:59+02:00,6508,6237,54543,55802,97146,95264,89538,89046,88006,93766,89156,91763,54356,67490,43322,59862,10712,21562,40639,41712,81857,79857,74816,74255,78045,83629,82103,85163,51309,63763,41382,56989,10083,20112,758863,659824,131082,107682,158124,137128,65902,167,154
2021-08-02T23:59:59+02:00,6446,6175,54305,55598,96886,95042,89315,88871,87834,93626,89012,91650,54273,67418,43289,59810,10709,21542,40161,41227,80537,78747,73268,73048,77420,83065,81559,84679,51139,63561,41307,56868,10066,20078,757427,653760,130932,105922,158102,136524,65233,166,152
2021-08-01T23:59:59+02:00,6381,6089,54037,55332,96620,94773,89078,88695,87631,93482,88849,91541,54206,67333,43252,59758,10702,21535,39642,40737,79246,77667,71857,71943,76528,82312,80973,84213,50949,63323,41219,56763,10055,20054,755822,647584,130738,104020,158076,135913,64550,165,149
2021-07-31T23:59:59+02:00,6345,6051,53915,55241,96499,94678,88977,88630,87540,93411,88804,91505,54194,67323,43246,59754,10702,21534,38683,39716,78799,77222,71321,71391,76143,81985,80858,84118,50930,63290,41203,56751,10055,20051,755343,642908,130568,103145,158073,135818,64257,165,149
2021-07-30T23:59:59+02:00,6290,6016,53738,55097,96338,94501,88820,88481,87408,93297,88721,91435,54157,67292,43233,59736,10700,21532,37677,38661,78093,76571,70567,70653,75629,81457,80457,83793,50854,63201,41169,56691,10049,20039,754443,636722,130252,102006,158070,135608,63920,164,148
2021-07-29T23:59:59+02:00,6239,5957,53501,54912,96076,94273,88608,88274,87241,93123,88581,91309,54097,67228,43210,59699,10692,21511,36432,37427,77036,75703,69517,69703,74823,80697,79919,83364,50722,63039,41102,56596,10031,20012,753201,628959,129769,100450,158054,135054,63401,163,148
2021-07-28T23:59:59+02:00,6202,5905,53300,54743,95870,94066,88457,88090,87124,92983,88470,91211,54039,67153,43176,59651,10682,21480,35819,36825,75867,74725,68245,68605,74063,79983,79428,82907,50581,62839,41032,56494,10015,19972,752022,622631,129319,99037,158037,134266,63118,163,146
2021-07-27T23:59:59+02:00,6153,5864,53067,54520,95609,93856,88275,87904,86965,92829,88347,91113,53986,67077,43134,59588,10668,21432,35166,36071,74409,73477,66792,67391,73200,79139,78884,82388,50407,62627,40952,56373,9990,19930,750610,615336,128886,97589,158013,133035,62772,163,145
2021-07-26T23:59:59+02:00,6096,5811,52845,54312,95362,93668,88076,87737,86802,92691,88218,91011,53925,66998,43105,59532,10661,21410,34400,35243,72895,72142,65420,66156,72153,78152,78294,81858,50236,62412,40874,56225,9968,19885,749260,607275,128460,96058,157996,131965,62438,163,145
2021-07-25T23:59:59+02:00,6058,5767,52637,54110,95108,93438,87900,87546,86645,92562,88110,90913,53874,66935,43077,59489,10651,21375,33696,34482,71555,70935,64305,65143,71151,77239,77819,81408,50118,62227,40810,56138,9962,19850,747859,600315,128187,94491,157974,131166,62069,163,145
2021-07-24T23:59:59+02:00,5971,5709,52362,53811,94800,93122,87652,87337,86469,92405,88011,90832,53844,66901,43065,59466,10651,21369,33191,33992,70693,70238,63636,64588,70275,76537,77614,81257,50064,62184,40788,56113,9962,19848,745975,595899,128135,93557,157972,131039,61588,163,145
2021-07-23T23:59:59+02:00,5918,5653,52088,53536,94402,92836,87354,87122,86288,92228,87872,90738,53811,66853,43057,59448,10648,21363,32672,33344,69627,69380,62856,63921,69373,75688,77211,80932,49989,62087,40756,56074,9955,19834,743927,590284,128061,92400,157966,130866,61154,163,145
2021-07-22T23:59:59+02:00,5848,5589,51670,53136,93926,92392,86967,86789,85977,91929,87659,90553,53726,66759,43028,59388,10640,21337,31964,32621,68312,68387,61807,63040,67755,74331,76559,80421,49838,61881,40665,55958,9934,19794,740882,583839,127826,89643,157942,130097,60557,162,144
2021-07-21T23:59:59+02:00,5796,5537,51299,52752,93490,91977,86660,86486,85720,91686,87485,90365,53642,66675,42969,59321,10629,21309,31350,31971,66980,67344,60720,62148,65711,72639,75653,79677,49547,61571,40504,55770,9910,19737,738076,577544,127586,85327,157912,129005,60117,162,144
2021-07-20T23:59:59+02:00,5738,5473,50908,52358,93025,91513,86294,86161,85451,91430,87264,90168,53550,66540,42920,59262,10622,21284,30692,31323,65515,66155,59586,61186,64533,71581,75041,79122,49342,61339,40398,55612,9887,19676,735111,570502,127364,83652,157856,127981,59523,162,144
2021-07-19T23:59:59+02:00,5661,5399,50437,51899,92554,91033,85923,85828,85204,91216,87056,89990,53457,66420,42884,59182,10604,21249,30149,30739,64354,65097,58669,60325,63379,70546,74443,78608,49168,61142,40306,55466,9859,19632,731836,564721,127136,81845,157820,126792,59097,162,144
2021-07-18T23:59:59+02:00,5592,5329,49611,51084,91476,89978,85192,85212,84723,90784,86763,89698,53351,66271,42821,59085,10594,21218,29594,30153,63171,64026,57745,59410,62200,69519,73893,78109,49020,60980,40248,55383,9847,19604,725366,558888,126803,79822,157803,125983,58703,162,143
2021-07-17T23:59:59+02:00,5418,5142,49258,50750,91333,89842,84997,85051,84567,90646,86656,89615,53330,66244,42810,59073,10593,21215,29206,29772,62524,63430,57191,58988,61449,68785,73587,77868,48910,60862,40209,55325,9837,19593,724183,555875,126626,78854,157798,125369,57825,162,143
2021-07-16T23:59:59+02:00,5317,5051,48934,50458,91067,89618,84751,84852,84367,90462,86517,89508,53288,66212,42792,59059,10590,21210,28710,29271,61584,62521,56345,58302,60396,67747,73085,77447,48749,60674,40163,55257,9832,19584,722803,550920,126456,77533,157787,124631,56900,161,143
2021-07-15T23:59:59+02:00,5181,4918,48461,50046,90666,89238,84392,84473,84063,90185,86296,89340,53208,66121,42737,58989,10581,21183,27981,28642,60266,61454,55220,57319,58986,66433,72351,76861,48519,60412,40074,55126,9817,19529,720334,545099,126036,75338,157752,122959,55835,160,143
2021-07-14T23:59:59+02:00,5075,4803,48106,49670,90358,88945,84104,84159,83813,89945,86094,89182,53119,66014,42679,58900,10564,21151,27449,28080,59169,60461,54250,56474,58107,65585,71743,76274,48251,60134,39968,54952,9795,19485,718163,539674,125676,74419,157702,121263,55020,159,143
2021-07-13T23:59:59+02:00,4963,4686,47703,49287,89958,88591,83799,83852,83546,89686,85887,89014,53009,65909,42624,58835,10558,21130,26788,27404,57801,59278,53061,55483,57118,64672,71017,75636,47974,59811,39838,54774,9763,19433,715801,533335,125305,73306,157644,119217,54167,158,142
2021-07-12T23:59:59+02:00,4792,4516,47152,48771,89561,88249,83404,83531,83298,89426,85696,88854,52928,65814,42576,58772,10546,21115,26159,26747,56302,57932,51775,54426,55896,63526,70273,75018,47600,59382,39662,54551,9722,19368,713082,526056,124937,72287,157580,116871,53282,158,142
2021-07-11T23:59:59+02:00,4397,4143,46203,47846,89130,87816,82990,83143,82989,89139,85501,88707,52841,65723,42551,58716,10535,21098,25555,26179,54928,56673,50480,53384,54855,62493,69681,74468,47254,59002,39537,54376,9697,19326,709124,519441,124467,71280,157540,115085,52220,155,141
2021-07-10T23:59:59+02:00,4384,4130,45872,47503,88671,87336,82656,82833,82885,89039,85435,88650,52820,65700,42542,58702,10534,21094,25067,25642,53841,55730,49621,52801,54257,61925,69465,74282,46884,58583,39437,54271,9692,19315,708451,515122,123999,71195,157362,113765,50858,154,141
2021-07-09T23:59:59+02:00,4365,4118,45454,47059,88050,86772,82280,82489,82633,88853,85321,88558,52785,65671,42535,58688,10530,21085,24364,24865,52520,54498,48680,51922,53478,61076,69043,73877,46525,58173,39349,54181,9685,19303,707032,508953,123415,70789,157198,112417,49486,153,141
2021-07-08T23:59:59+02:00,4335,4091,44902,46559,87188,86060,81750,81975,82378,88613,85126,88405,52718,65604,42502,58642,10519,21069,23374,23925,50580,52922,47297,50770,52338,59948,68351,73241,46005,57614,39212,54017,9657,19234,704907,501202,122526,69516,156906,109878,47970,152,141
2021-07-07T23:59:59+02:00,4312,4064,44317,45967,86352,85300,81199,81494,82091,88315,84918,88241,52639,65503,42459,58579,10511,21049,22484,23010,48636,51243,45781,49630,51098,58763,67652,72706,45267,56872,39017,53779,9625,19176,702394,493023,121525,68407,156648,106770,46596,149,139
2021-07-06T23:59:59+02:00,4279,4043,43772,45442,85487,84563,80585,80905,81721,87984,84742,88065,52550,65422,42421,58516,10502,21024,21645,22143,46634,49463,44394,48378,49817,57426,66902,71990,44438,56098,38831,53541,9607,19121,699746,484058,120503,67325,156347,103801,45282,147,139
2021-07-05T23:59:59+02:00,4257,4007,42610,44455,83969,83459,79858,80285,81262,87562,84467,87801,52434,65286,42372,58438,10488,20996,20452,21077,44674,47861,43375,47414,48788,56464,66206,71371,43674,55236,38657,53317,9583,19083,696428,478071,119443,66452,155979,100712,42012,146,139
2021-07-04T23:59:59+02:00,4230,3985,41246,43235,82319,82141,79131,79678,80789,87140,84195,87603,52341,65160,42327,58385,10475,20967,19097,19870,42875,46335,42675,46667,47975,55610,65622,70802,42929,54387,38490,53123,9563,19036,693309,473406,118290,65513,155553,98091,38051,146,139
2021-07-03T23:59:59+02:00,3764,3568,39670,41688,81455,81485,78646,79189,80343,86661,83976,87431,52273,65059,42309,58333,10472,20961,18285,19181,41959,45641,42257,46292,47569,55209,65456,70636,42338,53660,38428,53024,9556,19026,689557,471471,116979,65414,155469,96498,35134,146,139
2021-07-02T23:59:59+02:00,3206,2996,38113,40188,80722,80754,77974,78481,79823,86156,83734,87228,52221,64973,42281,58286,10460,20948,17516,18452,40801,44673,41522,45595,46734,54427,64933,70186,41387,52455,38298,52836,9540,19007,684510,466396,115574,64947,155316,94003,33001,145,137
2021-07-01T23:59:59+02:00,2560,2449,36394,38520,79738,79887,77134,77648,79116,85518,83419,86950,52098,64816,42218,58183,10442,20919,16631,17523,39253,43434,40306,44534,45430,53295,64190,69610,40497,51318,38149,52628,9523,18975,678176,459970,113844,63296,155091,91237,30755,145,137
2021-06-30T23:59:59+02:00,2518,2419,35383,37502,77893,78386,75432,76154,78468,84969,83133,86659,51965,64657,42158,58086,10430,20892,15597,16542,37571,42213,39106,43430,44274,52236,63435,68982,39951,50633,38031,52431,9501,18939,672311,453837,112107,61959,154877,89353,27666,145,137
2021-06-29T23:59:59+02:00,2483,2386,34543,36602,76293,76891,73819,74743,77675,84251,82587,86168,51782,64438,42082,57955,10413,20856,14761,15637,36257,41065,38195,42608,43056,51186,62718,68397,39239,49696,37895,52212,9478,18895,665950,448651,110230,60130,154609,87401,25035,145,136
2021-06-28T23:59:59+02:00,2442,2352,33717,35788,74681,75475,72138,73346,76653,83463,81983,85671,51606,64211,42005,57848,10400,20822,14011,14873,35198,40042,37375,41880,41926,50188,62067,67852,38367,48611,37728,51991,9459,18849,659475,443805,108270,58617,154012,85203,22701,145,135
2021-06-27T23:59:59+02:00,2427,2337,32979,35040,73117,74101,70727,72138,75255,82340,81304,85115,51409,63994,41940,57730,10390,20793,13375,14238,34238,39279,36719,41283,40990,49336,61526,67410,37502,47579,37576,51812,9444,18818,653263,439903,106331,57849,153059,82937,20340,144,135
2021-06-26T23:59:59+02:00,1790,1728,31935,33934,72758,73782,70259,71673,74962,82028,81210,85034,51389,63967,41926,57720,10389,20790,13182,14030,33575,38738,36074,40862,40467,49002,60535,66405,36506,46442,37408,51599,9430,18785,648461,433927,105389,57797,153055,80991,20229,141,134
2021-06-25T23:59:59+02:00,1172,1130,30811,32758,72264,73246,69647,70980,74536,81581,80834,84710,51327,63880,41892,57677,10384,20776,12847,13640,32725,37945,35207,40042,39522,48161,59321,65170,35991,45743,37216,51299,9407,18744,642127,425508,104195,57348,153048,79929,20095,141,134
2021-06-24T23:59:59+02:00,569,569,29467,31429,71485,72487,68775,70094,73864,80948,80388,84346,51221,63750,41840,57607,10373,20742,12180,12931,31551,36643,33989,38779,38392,47049,57683,63794,35514,45226,37059,51110,9388,18684,634295,416151,102706,55793,152935,78044,19879,140,133
2021-06-23T23:59:59+02:00,542,537,28962,30875,70373,71504,67502,68954,73114,80261,79937,83941,51109,63575,41780,57511,10357,20710,11686,12399,30552,35403,33056,37559,37371,46165,55736,62073,34959,44660,36892,50884,9367,18619,628057,406370,101131,54730,152828,76785,19389,140,132
2021-06-22T23:59:59+02:00,519,520,28441,30275,69201,70471,66297,67929,72435,79556,79526,83573,51001,63448,41732,57427,10348,20684,11340,11985,29639,34474,32103,36669,36416,45267,53760,60230,34574,44185,36754,50642,9338,18561,621711,397833,99671,53161,152694,75667,19168,140,130
2021-06-21T23:59:59+02:00,487,486,27772,29592,67881,69290,65107,66800,71677,78777,79130,83182,50894,63338,41673,57338,10334,20643,11047,11667,29017,33893,31550,36101,35807,44678,51914,58574,33864,43384,36458,50217,9308,18485,614880,390254,98169,51965,152571,74993,18643,139,130
2021-06-20T23:59:59+02:00,402,405,27136,28922,66655,68151,64087,65865,70873,78035,78775,82846,50817,63212,41624,57271,10329,20610,10759,11400,28469,33389,31093,35611,35294,44155,50066,56776,33322,42702,36261,49882,9278,18425,608485,382823,96707,51214,152472,74522,18213,139,126
2021-06-19T23:59:59+02:00,369,371,26751,28545,65922,67577,63562,65362,70073,77380,78623,82722,50796,63187,41608,57255,10328,20610,10626,11201,28215,33067,30839,35287,35071,43893,48622,55381,33063,42355,36177,49743,9270,18397,604520,377412,95762,51202,152471,74332,18150,139,126
2021-06-18T23:59:59+02:00,341,338,26290,28071,64907,66841,62826,64752,69154,76542,78233,82389,50733,63112,41581,57219,10324,20602,10410,10958,27815,32645,30512,34874,34680,43496,46884,53705,32710,41842,36041,49533,9251,18363,599098,370549,94520,50913,152465,74113,18034,139,125
2021-06-17T23:59:59+02:00,312,307,25645,27460,63640,65844,61826,63946,67566,75129,77707,81985,50633,62958,41518,57137,10311,20575,9993,10595,27027,31948,29772,34196,33843,42796,45375,52209,32264,41210,35877,49277,9220,18313,592998,363107,91859,49770,152304,73728,17201,138,124
2021-06-16T23:59:59+02:00,277,269,25113,26869,62339,64711,60722,62973,65297,73207,76864,81329,50418,62748,41427,57025,10292,20543,9669,10333,26377,31275,29070,33576,33115,42159,44780,51643,31994,40847,35731,49077,9199,18272,586741,359407,87351,49063,151880,72220,16316,136,124
2021-06-15T23:59:59+02:00,238,238,24460,26158,60930,63485,59641,61991,64142,72126,76357,80910,50296,62599,41376,56929,10285,20513,9400,10051,25777,30538,28435,32822,32437,41437,43220,50010,31543,40292,35559,48844,9169,18208,579576,352676,85725,48174,151423,70966,15815,136,124
2021-06-14T23:59:59+02:00,215,206,23985,25558,59821,62430,58764,61145,63067,71122,75884,80520,50207,62476,41326,56857,10270,20488,9106,9748,25026,29647,27675,31991,31649,40621,41931,48667,31173,39793,35422,48621,9139,18157,573699,346529,84008,47155,151218,69290,15281,136,123
2021-06-13T23:59:59+02:00,210,191,23566,25088,58880,61524,57991,60359,61955,70154,75418,80098,50117,62360,41275,56798,10258,20458,8821,9443,24318,28805,26965,31153,30886,39767,40374,47080,30708,39182,35220,48315,9109,18067,568676,339468,82152,46372,150991,67518,14746,136,121
2021-06-12T23:59:59+02:00,197,173,23308,24807,58321,61017,57630,60080,61313,69513,75217,79986,50092,62329,41263,56784,10255,20454,8702,9323,23842,28224,26443,30580,30358,39207,39273,46105,30539,39003,35125,48150,9105,18056,565722,335218,81197,46369,150983,65637,14702,136,121
2021-06-11T23:59:59+02:00,178,158,22939,24368,57570,60203,56952,59449,60406,68581,74868,79680,50017,62255,41237,56748,10253,20448,8562,9130,23324,27551,25911,29926,29776,38571,38196,45096,30271,38647,34982,47928,9092,18029,560676,330371,79904,46108,150969,63777,14627,135,120
2021-06-10T23:59:59+02:00,163,141,22397,23787,56428,59266,56024,58630,59142,67406,74329,79280,49945,62147,41213,56697,10238,20419,8298,8875,22453,26607,24947,28987,28656,37635,36805,43929,29914,38166,34702,47495,9025,17953,555085,323458,77695,45400,150729,61473,14009,135,118
2021-06-09T23:59:59+02:00,143,126,21765,23204,55166,58161,54947,57719,58192,66499,73867,78885,49857,62046,41161,56635,10224,20388,8005,8613,21525,25746,24015,28104,27624,36685,35085,42139,29525,37667,34516,47226,8983,17862,549283,316021,76242,44668,150374,59572,12953,134,116
2021-06-08T23:59:59+02:00,121,108,21088,22494,53855,57031,53830,56738,57239,65643,73320,78450,49768,61922,41107,56543,10206,20359,7738,8369,20626,24854,22960,27241,26590,35724,33723,40833,29167,37160,34196,46769,8932,17779,542601,309712,75312,43897,149935,57106,11840,134,114
2021-06-07T23:59:59+02:00,104,91,20435,21860,52417,55772,52572,55759,56081,64656,72768,78046,49683,61817,41061,56479,10193,20331,7483,8143,19786,24033,21940,26431,25558,34852,32789,40048,28885,36765,33945,46340,8881,17686,535313,305087,74410,43079,149525,54548,10743,134,114
2021-06-06T23:59:59+02:00,97,85,19923,21325,51273,54666,51464,54778,55114,63703,72256,77643,49597,61741,41025,56416,10185,20315,7271,7947,19005,23138,21038,25557,24488,33870,31873,39230,28595,36425,33691,45950,8830,17612,528981,300537,73389,42338,149192,51628,9912,132,111
2021-06-05T23:59:59+02:00,91,77,19653,21015,50490,53908,50812,54274,54641,63226,72123,77531,49586,61727,41022,56413,10182,20315,7040,7535,18364,22070,20314,24446,23612,32617,30838,37913,28262,35960,33567,45775,8823,17592,524635,294236,73383,42299,149104,48256,9832,132,111
2021-06-04T23:59:59+02:00,81,71,19201,20429,49428,52895,49996,53407,53988,62437,71780,77203,49558,61690,41002,56399,10180,20310,6817,7219,17738,21223,19626,23453,22672,31338,29616,36571,27974,35594,33453,45600,8811,17571,518152,287772,73056,42230,149088,45542,9627,132,110
2021-06-03T23:59:59+02:00,70,60,18523,19736,47909,51591,48778,52280,53017,61410,71274,76744,49492,61585,40964,56351,10167,20285,6526,6822,17001,20179,18825,22304,21667,29907,28448,35085,27432,34813,33247,45275,8774,17496,510383,281035,72043,41477,148814,42321,8866,130,107
2021-06-02T23:59:59+02:00,65,56,18142,19224,46887,50603,47895,51515,52266,60649,71025,76532,49453,61550,40945,56323,10159,20271,6336,6586,16360,19492,17902,21545,20821,28957,27354,33680,26967,34209,33086,45024,8745,17426,504097,274766,72025,41463,148793,39646,8517,128,102
2021-06-01T23:59:59+02:00,54,50,17463,18485,45017,48871,46239,50053,50747,59184,70344,75932,49361,61439,40886,56250,10146,20222,6057,6269,15198,18592,16389,20579,19605,27704,26125,32284,26412,33512,32835,44674,8698,17323,494984,268263,70659,40891,148246,36274,6729,125,102
2021-05-31T23:59:59+02:00,52,46,16980,17993,43706,47728,45016,48942,49504,58060,69661,75420,49279,61336,40840,56181,10134,20185,5778,5940,14151,17761,14974,19656,18423,26588,24898,30941,25894,32793,32640,44377,8664,17224,488732,261965,69495,40349,147779,33357,4933,124,101
2021-05-30T23:59:59+02:00,46,45,16650,17597,42734,46786,44107,48039,48496,57061,69104,74874,49174,61180,40768,56066,10118,20142,5588,5694,13604,17061,14344,18957,17523,25616,23795,29768,25123,31843,32343,43959,8619,17135,482773,256002,68464,39546,147370,31074,4257,123,96
2021-05-29T23:59:59+02:00,46,44,16517,17472,42369,46469,43763,47775,48255,56869,69046,74820,49168,61174,40761,56062,10118,20141,5424,5450,13093,16256,13701,18110,16678,24448,22680,28467,24964,31610,32279,43864,8616,17128,480795,250396,68341,39546,147362,28486,4248,123,95
2021-05-28T23:59:59+02:00,45,42,16212,17166,41666,45840,43252,47210,47746,56334,68770,74526,49102,61092,40734,56012,10115,20136,5182,5067,12558,15346,13022,17248,15815,23213,21578,27028,24715,31241,32184,43731,8606,17112,476499,244352,67834,39442,147335,25554,4209,123,92
2021-05-27T23:59:59+02:00,42,39,15687,16621,40513,44850,42234,46314,46756,55443,68189,74092,48979,60932,40680,55940,10104,20096,4944,4722,11912,14530,12240,16315,14744,22018,20321,25516,24213,30504,32012,43469,8572,17028,470615,237005,66316,38636,146616,23492,3842,122,88
2021-05-26T23:59:59+02:00,40,38,15275,16185,39419,43930,41194,45437,45726,54565,67583,73581,48826,60750,40596,55773,10082,20048,4751,4522,11360,13771,11519,15467,13734,20887,18922,23925,23628,29717,31795,43124,8518,16926,465465,229737,64296,37765,145627,21441,3538,122,88
2021-05-25T23:59:59+02:00,40,37,14869,15776,38417,43041,40227,44585,44774,53648,66966,73050,48643,60510,40517,55640,10056,19995,4535,4314,10820,13131,10754,14697,12662,19646,17488,22423,23040,28937,31558,42797,8461,16831,460142,222362,62716,36822,144518,19534,3293,122,86
2021-05-24T23:59:59+02:00,40,36,14523,15450,37581,42308,39359,43912,43912,52862,66438,72565,48520,60333,40454,55515,10036,19950,4391,4187,10374,12667,10119,14118,11773,18811,16203,21160,22365,28104,31341,42465,8402,16741,455527,215452,61483,35880,143774,18918,2888,122,86
2021-05-23T23:59:59+02:00,36,36,14355,15274,37114,41933,38908,43509,43461,52455,66167,72337,48440,60242,40415,55468,10029,19926,4201,4047,9908,12194,9499,13513,10829,17995,15006,20098,21894,27533,31088,42176,8351,16655,452330,208454,61102,35799,143751,17852,2800,122,85
2021-05-22T23:59:59+02:00,34,34,14160,15058,36424,41372,38222,43056,42885,52046,65149,71324,48233,59983,40343,55354,10019,19905,4090,3751,9695,11777,9346,13188,10586,17550,14736,19696,21800,27416,31054,42134,8344,16646,445876,207226,61099,35796,143736,15937,2768,122,85
2021-05-21T23:59:59+02:00,33,33,13775,14650,35356,40463,37161,42135,41820,51145,63792,70037,48004,59647,40263,55206,10002,19872,3981,3652,9489,11513,9132,12923,10252,17223,14321,19323,21579,27130,30992,42044,8335,16638,436282,205269,60741,35490,143500,14937,2751,120,83
2021-05-20T23:59:59+02:00,30,33,12968,13911,33918,39007,35741,40736,40415,49945,62497,68887,47710,59308,40118,55024,9981,19822,3830,3477,8964,10907,8483,12212,9553,16373,13565,18359,20762,26010,30798,41745,8296,16551,426042,200902,59041,34646,142481,11888,2369,118,83
2021-05-19T23:59:59+02:00,30,32,12423,13336,32743,37592,34642,39357,39290,48987,60488,67111,47227,58750,39932,54761,9938,19716,3724,3340,8686,10531,8187,11840,9116,15864,12928,17695,19897,24880,30571,41441,8239,16436,415181,196651,57523,33832,141369,10648,2166,116,81
2021-05-18T23:59:59+02:00,28,32,12000,12880,31709,36584,33564,38444,38250,48057,58422,65238,46872,58303,39776,54520,9906,19657,3523,3173,8190,9935,7718,11296,8570,15193,12247,16925,18954,23644,30333,41099,8201,16330,406508,192539,55575,32991,140178,7855,1868,113,81
2021-05-17T23:59:59+02:00,26,31,11746,12595,31191,36028,33068,37885,37658,47419,56520,63530,46169,57478,39497,54120,9869,19583,3436,3062,7923,9659,7422,10999,8167,14779,11675,16319,18032,22512,30098,40779,8166,16254,398913,188158,54445,32245,139368,7227,1576,111,79
2021-05-16T23:59:59+02:00,26,31,11528,12339,30666,35525,32605,37393,37136,46847,54618,61698,45620,56779,39304,53802,9842,19527,3338,2960,7634,9364,7098,10658,7693,14312,11093,15732,17102,21360,29888,40490,8128,16185,391936,183867,53476,31395,138704,6638,1061,109,77
2021-05-15T23:59:59+02:00,26,31,11368,12133,30388,35191,32368,37073,36908,46583,53050,60215,45370,56473,39227,53663,9836,19499,3316,2941,7609,9335,7083,10637,7675,14297,11074,15710,16991,21144,29679,40180,8120,16175,386119,182869,53472,31394,138658,6586,1044,109,76
2021-05-14T23:59:59+02:00,26,31,11120,11845,29916,34687,31988,36611,36391,46108,51171,58377,45007,55972,39087,53457,9820,19459,3288,2919,7538,9264,7025,10565,7611,14235,10892,15509,16256,20076,29393,39691,8103,16135,378305,179931,53141,31056,138525,6446,994,108,76
2021-05-13T23:59:59+02:00,23,30,10830,11511,29263,34035,31383,36009,35715,45437,49698,56861,44574,55344,38915,53210,9793,19412,3209,2869,7408,9160,6936,10471,7508,14124,10560,15162,15192,18831,29005,39049,8060,16060,371167,176111,52125,30492,137771,6057,874,106,73
2021-05-12T23:59:59+02:00,22,28,10698,11366,28976,33716,31114,35718,35402,45122,49414,56549,44478,55237,38863,53131,9786,19373,3196,2842,7375,9124,6904,10436,7477,14084,10388,15005,14813,18394,28700,38564,8038,16013,368485,174037,52038,30481,137613,6012,752,105,73
2021-05-11T23:59:59+02:00,21,25,10341,11035,28121,32897,30290,34963,34540,44336,47676,54772,44021,54639,38688,52841,9748,19270,3107,2745,7132,8844,6678,10134,7261,13715,9910,14460,13823,17244,28284,37946,8000,15919,361546,170353,50331,29584,135718,4670,524,105,73
2021-05-10T23:59:59+02:00,20,25,10031,10747,27373,32191,29515,34268,33771,43567,46367,53499,43637,54129,38499,52538,9698,19156,3064,2698,7004,8720,6582,10014,7117,13536,9643,14157,13119,16378,27854,37333,7974,15839,355281,167526,49214,29200,134023,3828,411,102,69
2021-05-09T23:59:59+02:00,19,25,9791,10493,26685,31505,28858,33575,33047,42872,44830,52016,43137,53507,38300,52234,9661,19070,3015,2650,6878,8578,6477,9874,7003,13324,9331,13845,12321,15478,27487,36792,7954,15783,348177,164663,48140,28650,132887,3087,323,98,69
2021-05-08T23:59:59+02:00,19,25,9698,10420,26302,31203,28404,33256,32580,42564,43775,51186,42984,53344,38261,52173,9658,19064,3011,2646,6869,8573,6472,9866,6994,13312,9321,13832,12284,15416,26805,35841,7917,15707,343602,162788,48100,28623,132799,3072,317,98,68
2021-05-07T23:59:59+02:00,18,25,9555,10270,25828,30821,27949,32880,32074,42211,42729,50358,42712,53001,38150,52015,9646,19037,2947,2619,6809,8529,6416,9811,6942,13260,9146,13611,11651,14605,25858,34453,7869,15625,338453,158675,47792,28253,132641,2859,298,95,68
2021-05-06T23:59:59+02:00,16,24,9147,9975,24910,30053,26887,32078,30846,41383,41112,49141,42329,52452,37955,51772,9608,18963,2875,2572,6678,8382,6298,9681,6793,13072,8874,13308,10999,13737,24890,33071,7834,15563,330586,154872,46713,27295,130978,2112,282,92,68
2021-05-05T23:59:59+02:00,16,23,8774,9772,24027,29454,26032,31425,29763,40595,39132,47324,41882,51902,37748,51489,9551,18850,2831,2539,6560,8252,6197,9566,6692,12926,8627,13048,10282,12904,23872,31745,7805,15491,322743,150962,45861,26405,128863,1706,200,92,66
2021-05-04T23:59:59+02:00,16,22,8531,9532,23244,28808,25057,30688,28692,39756,37608,45858,41407,51315,37471,51142,9500,18727,2788,2516,6488,8180,6113,9496,6616,12839,8390,12827,9550,12043,22922,30496,7771,15428,316067,147209,44889,25600,126229,1494,97,92,65
2021-05-03T23:59:59+02:00,16,21,8320,9318,22546,28227,24222,30086,27784,39059,36650,45109,41061,50845,37253,50852,9449,18624,2740,2482,6417,8104,6033,9429,6526,12756,8163,12612,8795,11144,22002,29275,7740,15377,311199,143446,44114,24776,123980,1253,58,91,64
2021-05-02T23:59:59+02:00,16,21,8155,9155,21911,27649,23489,29498,26966,38440,35834,44473,40804,50516,37138,50664,9414,18567,2703,2459,6376,8064,5996,9394,6485,12715,7982,12438,8193,10402,21291,28403,7719,15358,306379,140248,43348,24499,122843,1121,50,90,62
2021-05-01T23:59:59+02:00,15,21,7999,8969,21537,27196,23010,28930,26319,37722,35005,43579,40537,50139,37039,50510,9408,18550,2697,2451,6351,8054,5980,9385,6467,12702,7966,12421,8156,10338,21252,28346,7715,15354,300262,139956,43346,24491,122738,1079,49,90,62
2021-04-30T23:59:59+02:00,15,20,7848,8789,21148,26771,22560,28359,25562,36935,33988,42611,40306,49818,36941,50356,9396,18527,2675,2437,6327,8036,5959,9368,6438,12681,7934,12388,8117,10269,21202,28264,7712,15344,293926,139647,43338,24416,122555,986,42,89,62
2021-04-29T23:59:59+02:00,14,20,7570,8546,20555,26191,21891,27677,24630,35970,32710,41272,39261,48416,36624,49883,9338,18398,2640,2402,6236,7926,5870,9267,6345,12541,7730,12113,7491,9540,20792,27747,7688,15269,285163,137572,42553,23184,121124,741,42,84,60
2021-04-28T23:59:59+02:00,13,18,7288,8330,20034,25727,21254,27083,23746,35122,31308,39820,38094,46822,36282,49390,9276,18257,2569,2354,6123,7805,5760,9136,6244,12386,7509,11839,6800,8690,20375,27165,7648,15198,276481,135110,41775,21880,119486,513,42,80,58
2021-04-27T23:59:59+02:00,12,18,7098,8150,19607,25299,20632,26546,22888,34338,30090,38494,37002,45375,35900,48822,9206,18130,2543,2329,6022,7708,5707,9037,6178,12261,7295,11644,6195,7952,19973,26665,7628,15175,268646,133013,40907,20935,117932,266,42,80,58
2021-04-26T23:59:59+02:00,11,18,6916,7983,19186,24879,20084,26022,22078,33581,28874,37253,35941,43954,35592,48335,9155,18003,2530,2318,5976,7665,5662,8998,6140,12216,7108,11482,5582,7217,19598,26220,7605,15147,260937,131046,40082,20089,116728,234,39,79,58
2021-04-25T23:59:59+02:00,11,17,6811,7846,18852,24609,19705,25681,21466,32958,27884,36293,34806,42522,35274,47905,9113,17921,2516,2310,5958,7640,5642,8980,6119,12190,7070,11455,5454,7033,19261,25756,7589,15102,253723,130414,39366,19345,116469,223,38,78,57
2021-04-24T23:59:59+02:00,11,17,6646,7668,18410,24182,19152,25145,20680,32156,26796,35240,34554,42208,35181,47740,9103,17909,2512,2303,5946,7630,5631,8970,6114,12186,7060,11448,5379,6921,19164,25614,7586,15094,247752,129955,39361,19305,115569,206,38,78,56
2021-04-23T23:59:59+02:00,11,17,6419,7466,17961,23707,18586,24533,19852,31341,25632,34039,33775,41037,35037,47507,9089,17886,2506,2284,5919,7608,5594,8931,6069,12140,7014,11396,5215,6641,18624,24982,7486,14923,240165,128101,39032,18956,114583,184,38,77,55
2021-04-22T23:59:59+02:00,10,16,6204,7257,17356,23123,17796,23756,18800,30314,24307,32601,32735,39682,34791,47150,9049,17807,2490,2268,5873,7557,5544,8847,5991,12061,6939,11325,4928,6219,17907,24105,7365,14726,231121,125920,38109,17987,113412,149,38,74,53
2021-04-21T23:59:59+02:00,10,15,6003,7074,16826,22654,17137,23153,17808,29413,22752,31008,31728,38443,34493,46707,9000,17718,2466,2251,5829,7499,5484,8772,5925,11960,6844,11245,4767,5945,17206,23253,7249,14545,222216,123819,37335,17216,112280,117,38,73,52
2021-04-20T23:59:59+02:00,9,14,5817,6878,16263,22179,16387,22500,16811,28407,21276,29538,30574,36949,34175,46261,8946,17619,2452,2237,5780,7460,5443,8727,5877,11893,6766,11181,4651,5788,16604,22478,7122,14365,213178,122131,36448,16500,110868,109,37,72,49
2021-04-19T23:59:59+02:00,9,14,5630,6718,15730,21751,15713,21947,15816,27529,19885,28138,29188,35303,33856,45776,8886,17500,2441,2220,5756,7427,5407,8693,5838,11848,6685,11104,4523,5627,15956,21761,7014,14203,204453,120480,35669,15833,109161,106,37,69,49
2021-04-18T23:59:59+02:00,8,14,5441,6577,15297,21427,15094,21383,14842,26735,18548,27000,27796,33652,33521,45351,8824,17410,2391,2173,5625,7302,5292,8581,5732,11698,6579,10986,4404,5441,15366,21095,6898,14021,195892,118833,34834,14566,108089,102,37,68,48
2021-04-17T23:59:59+02:00,8,13,5403,6542,15143,21350,14921,21297,14605,26556,18293,26779,27289,33106,33394,45203,8815,17395,2364,2134,5525,7149,5187,8424,5632,11511,6491,10855,4351,5377,15122,20801,6888,14007,194666,117079,34829,14562,106512,94,37,68,48
2021-04-16T23:59:59+02:00,8,13,5339,6487,14965,21201,14708,21136,14318,26311,17873,26369,26243,31873,33258,44994,8794,17372,2319,2083,5410,6962,5049,8243,5481,11268,6292,10634,4148,5142,14471,20005,6791,13860,191309,113826,34542,14162,105306,87,37,68,48
2021-04-15T23:59:59+02:00,7,12,5267,6408,14751,20990,14441,20848,13888,25962,17235,25739,24871,30254,32999,44668,8758,17290,2247,1999,5214,6727,4852,7926,5275,10948,6077,10348,3948,4889,13639,18920,6677,13692,186729,110001,33731,13217,103824,78,37,67,47
2021-04-14T23:59:59+02:00,7,12,5185,6339,14545,20790,14185,20624,13502,25626,16568,25116,23286,28467,32686,44266,8703,17196,2055,1879,4998,6466,4666,7676,5048,10699,5841,10061,3813,4683,12904,18002,6549,13477,182113,106899,32856,11765,102031,72,37,66,46
2021-04-13T23:59:59+02:00,7,12,5131,6289,14340,20659,13946,20442,13159,25328,15996,24613,21575,26613,32365,43851,8673,17088,1968,1826,4831,6277,4481,7452,4848,10443,5636,9822,3672,4517,12385,17386,6425,13314,177870,104491,31980,10649,100135,62,37,65,46
2021-04-12T23:59:59+02:00,7,11,5068,6221,14121,20465,13642,20180,12769,24911,15416,24060,19967,24667,32073,43489,8630,17013,1840,1734,4648,6119,4330,7276,4685,10250,5500,9663,3556,4363,11949,16875,6314,13152,173484,102805,30924,9310,98200,60,37,65,44
2021-04-11T23:59:59+02:00,7,11,4997,6147,13901,20266,13346,19969,12351,24558,14847,23548,18457,22887,31812,43147,8585,16931,1802,1697,4529,6006,4219,7153,4562,10119,5365,9532,3440,4244,11457,16264,6181,12944,169186,101050,29965,8332,96518,58,35,63,41
2021-04-10T23:59:59+02:00,7,11,4992,6138,13883,20251,13337,19958,12333,24540,14823,23527,17765,21962,31521,42728,8567,16904,1798,1683,4514,5996,4204,7138,4549,10105,5312,9466,3336,4129,10904,15430,6051,12746,168110,98902,29938,8332,95104,56,32,63,41
2021-04-09T23:59:59+02:00,7,11,4978,6118,13844,20202,13292,19908,12284,24481,14561,23273,16243,20072,31113,42080,8533,16861,1773,1668,4491,5980,4176,7111,4505,10067,5273,9417,3249,4008,10036,14442,5902,12548,165476,96444,29598,8083,92696,53,30,61,38
2021-04-08T23:59:59+02:00,7,11,4933,6091,13743,20128,13211,19827,12182,24377,14220,22911,14471,17851,30491,41071,8470,16737,1750,1653,4461,5926,4123,7026,4440,9987,5200,9340,3139,3903,9558,13835,5696,12302,161615,94586,28566,7644,90469,52,23,59,36
2021-04-07T23:59:59+02:00,7,11,4902,6061,13635,20045,13117,19739,12075,24270,13837,22549,12951,15992,29847,40092,8416,16636,1731,1638,4407,5857,4037,6953,4352,9903,5111,9240,3048,3809,8798,12738,5458,11895,157165,92012,27687,6866,89251,43,21,58,35
2021-04-06T23:59:59+02:00,7,11,4872,6037,13536,19978,13034,19681,12000,24207,13461,22199,11313,13983,29188,39121,8384,16565,1668,1583,4277,5728,3928,6830,4233,9753,5007,9110,2932,3688,8091,11806,5184,11530,153153,89622,26809,5633,87539,42,19,57,34
2021-04-05T23:59:59+02:00,7,10,4834,6007,13460,19911,12966,19613,11944,24127,13187,21946,9698,12031,28458,38066,8348,16502,1597,1516,4122,5576,3760,6675,4079,9603,4852,8981,2801,3571,7276,10838,4911,11137,149938,87238,25790,3968,85313,39,18,56,34
2021-04-04T23:59:59+02:00,7,10,4817,5990,13449,19889,12956,19596,11937,24108,13088,21874,8670,10768,28006,37424,8323,16445,1595,1513,4114,5570,3759,6670,4074,9599,4850,8973,2796,3562,7040,10371,4827,11012,148197,86277,25786,3968,83302,34,16,56,32
2021-04-03T23:59:59+02:00,7,10,4814,5979,13432,19870,12944,19586,11927,24097,13074,21856,7762,9699,27121,36180,8273,16333,1591,1509,4112,5565,3757,6667,4066,9587,4836,8960,2789,3549,6903,10104,4788,10930,145717,85666,25777,3968,81400,34,15,55,32
2021-04-02T23:59:59+02:00,7,10,4809,5959,13396,19844,12906,19543,11881,24048,13001,21790,7248,8947,25530,34076,8126,16062,1582,1493,4086,5541,3731,6627,4030,9526,4715,8675,2661,3393,6526,9707,4638,10724,141247,83840,25437,3738,80431,34,13,55,32
2021-04-01T23:59:59+02:00,6,9,4759,5899,13301,19700,12787,19394,11731,23893,12403,21345,6683,8236,24020,32101,7998,15820,1518,1445,3976,5422,3665,6555,3962,9459,4636,8571,2565,3253,6012,9022,4460,10447,137041,81567,24294,3330,78686,30,12,52,31
2021-03-31T23:59:59+02:00,6,9,4708,5842,13177,19545,12652,19239,11543,23714,12142,21083,6360,7861,22534,30143,7846,15590,1505,1434,3951,5399,3633,6527,3923,9412,4596,8516,2501,3177,5522,8373,4281,10207,133093,79778,23200,3112,77640,30,9,52,30
2021-03-30T23:59:59+02:00,6,9,4643,5775,13040,19396,12541,19061,11414,23550,11974,20945,6169,7644,21140,28407,7700,15385,1488,1398,3910,5366,3568,6456,3834,9299,4464,8346,2365,2973,5099,7816,4135,9950,129722,77544,22268,2871,76752,18,6,51,30
2021-03-29T23:59:59+02:00,6,9,4603,5733,12921,19302,12475,18976,11331,23445,11822,20811,6012,7444,19711,26717,7573,15182,1428,1357,3856,5320,3494,6387,3717,9156,4311,8156,2242,2833,4537,7143,3978,9674,126117,74880,21399,2660,76501,17,5,51,29
2021-03-28T23:59:59+02:00,6,9,4555,5664,12799,19162,12390,18885,11228,23345,11715,20708,5860,7238,18527,25209,7453,14984,1395,1314,3757,5212,3300,6160,3629,9039,4260,8100,2188,2769,3780,6125,3793,9404,123110,71822,20602,2364,75972,10,5,48,26
2021-03-27T23:59:59+01:00,6,9,4523,5614,12692,18999,12274,18723,11113,23141,11607,20559,5793,7153,18239,24861,7442,14966,1389,1311,3752,5208,3297,6153,3343,8691,4061,7802,2182,2766,3767,6090,3756,9339,121270,70508,20562,2364,75829,6,5,48,26
2021-03-26T23:59:59+01:00,6,8,4487,5557,12580,18809,12141,18523,10961,22910,11447,20347,5628,6938,17629,24066,7343,14814,1387,1310,3747,5201,3274,6137,3324,8671,3849,7352,2003,2359,3504,5805,3604,9100,118168,68236,20220,2357,75754,6,4,48,26
2021-03-25T23:59:59+01:00,6,8,4411,5466,12382,18570,11940,18200,10750,22582,11207,20020,5414,6651,16597,22758,7216,14623,1378,1299,3727,5175,3240,6110,3272,8633,3802,7309,1932,2246,3067,5122,3441,8791,114194,66255,19147,2257,75409,4,4,47,26
2021-03-24T23:59:59+01:00,6,8,4330,5354,12163,18120,11721,17789,10527,22190,10974,19646,5144,6305,15550,21541,7074,14395,1355,1285,3703,5130,3204,6046,3218,8562,3750,7237,1879,2187,2757,4786,3290,8519,111075,64861,18056,2016,73655,4,4,47,25
2021-03-23T23:59:59+01:00,6,8,4273,5285,11995,17778,11521,17436,10336,21823,10750,19354,5007,6110,14908,20723,6934,14219,1339,1277,3687,5110,3183,6028,3192,8511,3712,7194,1842,2128,2525,4512,3079,8191,108704,63505,17323,1974,72388,4,4,47,25
2021-03-22T23:59:59+01:00,6,8,4221,5207,11796,17445,11333,17113,10112,21498,10534,19050,4857,5901,14285,20006,6801,14034,1326,1267,3656,5077,3151,5991,3164,8454,3675,7150,1799,2074,2327,4259,2881,7854,106838,62241,16603,1833,70718,4,4,44,24
2021-03-21T23:59:59+01:00,6,8,4149,5083,11519,17031,11051,16709,9840,21042,10277,18696,4744,5730,13588,19215,6656,13826,1318,1266,3639,5061,3129,5958,3141,8427,3656,7126,1779,2045,2159,4095,2710,7583,104949,61235,15304,1828,68869,4,4,44,22
2021-03-20T23:59:59+01:00,5,8,4121,5013,11377,16699,10927,16395,9700,20744,10101,18413,4616,5569,12958,18267,6516,13608,1317,1265,3639,5059,3126,5957,3138,8421,3651,7121,1775,2040,2127,4033,2685,7540,102748,61037,15299,1828,66942,4,4,44,22
2021-03-19T23:59:59+01:00,5,7,4076,4931,11209,16336,10744,16043,9525,20362,9881,18052,4456,5369,11928,17055,6353,13397,1308,1258,3622,5030,3096,5879,3092,8327,3547,6946,1650,1927,2051,3969,2572,7332,100033,59753,14885,1824,64766,4,4,41,22
2021-03-18T23:59:59+01:00,5,7,3990,4827,10960,15913,10480,15599,9244,19895,9656,17708,4309,5203,11302,16188,6122,13132,1304,1247,3605,4995,3076,5835,3071,8271,3520,6898,1630,1894,2015,3902,2446,7120,98229,59069,13876,1732,62391,4,4,40,21
2021-03-17T23:59:59+01:00,5,7,3814,4712,10665,15501,10222,15242,9002,19532,9402,17359,4188,5038,10483,14945,5858,12705,1303,1244,3592,4978,3069,5815,3061,8237,3504,6874,1627,1869,1991,3872,2334,6934,95570,58559,12332,1718,60734,3,4,40,21
2021-03-16T23:59:59+01:00,5,7,3671,4588,10329,15038,9953,14873,8727,19086,9104,16993,4048,4871,9661,13817,5577,12345,1290,1241,3588,4972,3059,5810,3055,8225,3497,6860,1601,1844,1952,3821,2213,6753,93235,58115,11139,1640,58276,3,3,40,21
2021-03-15T23:59:59+01:00,5,7,3524,4469,10019,14576,9661,14418,8429,18611,8816,16583,3902,4703,8947,12749,5348,12020,1280,1233,3567,4960,3047,5786,3034,8186,3477,6818,1586,1831,1933,3790,2097,6564,91259,57526,9778,1638,55710,3,2,38,21
2021-03-14T23:59:59+01:00,5,7,3451,4383,9760,14145,9409,14020,8112,18117,8535,16189,3739,4516,8138,11509,5035,11555,1266,1227,3546,4942,3026,5744,3012,8106,3449,6750,1559,1777,1872,3662,1929,6165,88926,56993,8758,1016,52906,3,0,35,21
2021-03-13T23:59:59+01:00,5,7,3369,4125,9446,13481,9160,13441,7884,17534,8328,15751,3628,4413,7947,11211,4983,11463,1266,1227,3546,4942,3026,5744,3011,8105,3447,6748,1555,1776,1870,3658,1928,6164,88256,56974,8758,1016,49127,3,0,35,21
2021-03-12T23:59:59+01:00,5,7,3306,3983,9198,12944,8921,12916,7650,16897,7970,14999,3465,4243,7560,10801,4842,11273,1262,1224,3541,4928,3023,5740,3004,8097,3443,6742,1528,1747,1849,3642,1830,5983,86470,56545,8508,1015,45967,3,0,35,21
2021-03-11T23:59:59+01:00,5,7,3152,3709,8817,12195,8617,12245,7317,16109,7623,14350,3305,4037,6995,10079,4646,10963,1244,1213,3509,4885,2978,5663,2969,7973,3392,6644,1483,1694,1765,3437,1626,5449,84006,55790,8050,114,42082,2,0,33,19
2021-03-10T23:59:59+01:00,5,7,3085,3602,8328,11691,7939,11767,6996,15616,7322,13757,3146,3877,6426,9381,4468,10685,1233,1199,3479,4828,2946,5586,2933,7834,3338,6522,1443,1653,1702,3338,1504,5160,82157,54589,7494,91,38416,0,0,31,19
2021-03-09T23:59:59+01:00,5,6,2979,3422,7653,11249,7060,11290,6580,15003,6957,13151,2910,3577,5914,8745,4310,10401,1228,1196,3456,4782,2919,5521,2917,7782,3320,6476,1429,1629,1666,3295,1393,4955,79837,53891,6131,57,35213,0,0,31,17
2021-03-08T23:59:59+01:00,5,6,2804,3185,7018,10709,6250,10811,6180,14482,6563,12581,2697,3366,5306,8007,4160,10130,1222,1189,3434,4718,2894,5445,2878,7687,3288,6401,1422,1620,1663,3287,1388,4952,77012,53417,4984,55,32234,0,0,30,17
2021-03-07T23:59:59+01:00,5,6,2691,3052,6689,10214,5841,10269,5884,14035,6319,12190,2598,3274,4540,6942,3942,9845,1218,1186,3431,4713,2889,5432,2874,7670,3280,6387,1416,1606,1640,3246,1371,4908,73750,53200,4149,52,30411,0,0,26,16
2021-03-06T23:59:59+01:00,5,6,2647,2909,6504,9766,5644,9856,5407,13178,5943,11452,2576,3246,4534,6931,3939,9842,1218,1185,3428,4707,2887,5431,2873,7669,3279,6384,1415,1603,1640,3244,1370,4908,72518,53175,4149,52,27692,0,0,26,15
2021-03-05T23:59:59+01:00,5,6,2551,2653,6291,9190,5431,9464,5230,12612,5564,10469,2347,2778,4153,6548,3801,9621,1205,1182,3412,4691,2882,5418,2864,7651,3267,6365,1402,1595,1639,3240,1365,4904,70179,53018,3913,52,24596,0,0,26,13
2021-03-04T23:59:59+01:00,5,6,2473,2446,6078,8755,5272,9123,5048,12189,5387,10091,2252,2608,3594,5724,3632,9273,1193,1166,3369,4592,2849,5350,2832,7554,3236,6290,1383,1587,1625,3226,1355,4893,68109,52440,3468,51,22353,0,0,26,10
2021-03-03T23:59:59+01:00,4,6,2416,2391,5906,8344,5103,8759,4834,11741,5198,9646,2169,2502,3185,5282,3472,8977,1173,1157,3334,4546,2812,5284,2791,7455,3188,6215,1363,1561,1605,3195,1349,4875,66671,51848,3223,47,20016,0,0,25,9
2021-03-02T23:59:59+01:00,4,6,2360,2297,5750,8012,4945,8504,4669,11341,5037,9326,2100,2411,2878,4924,3253,8649,1168,1147,3316,4525,2797,5257,2774,7406,3180,6187,1358,1551,1587,3176,1346,4870,65295,51590,2964,47,18182,0,0,25,9
2021-03-01T23:59:59+01:00,4,6,2333,2266,5643,7795,4846,8359,4583,11188,4935,9153,2044,2334,2580,4600,3063,8330,1162,1144,3302,4507,2785,5228,2757,7360,3167,6159,1352,1548,1580,3166,1343,4864,64020,51369,2741,47,17277,0,0,24,9
2021-02-28T23:59:59+01:00,3,6,2281,2222,5462,7536,4671,8139,4446,11003,4825,9024,2004,2270,2282,4296,2859,8015,1153,1138,3288,4497,2778,5221,2752,7346,3160,6145,1347,1545,1572,3147,1342,4831,62891,51208,2439,47,15990,0,0,24,8
2021-02-27T23:59:59+01:00,3,6,2193,1912,5290,7112,4572,7831,4364,10654,4753,8774,1976,2209,2252,4250,2837,7964,1149,1134,3286,4495,2773,5219,2748,7343,3155,6141,1346,1545,1571,3145,1341,4830,62655,51170,2439,44,13834,0,0,24,8
2021-02-26T23:59:59+01:00,3,6,2128,1835,5147,6876,4425,7571,4211,10387,4543,8491,1847,2101,2191,4210,2728,7781,1127,1121,3270,4460,2761,5181,2737,7291,3134,6087,1340,1534,1567,3137,1340,4828,61320,50865,2433,43,12704,0,0,24,8
2021-02-25T23:59:59+01:00,3,6,1999,1734,4824,6469,3997,7117,3927,9870,4310,8109,1789,2042,2160,4152,2612,7585,1109,1104,3230,4415,2730,5131,2691,7185,3095,5995,1329,1518,1550,3096,1326,4769,60839,50226,2327,41,9515,0,0,24,7
2021-02-24T23:59:59+01:00,3,6,1965,1668,4708,6256,3892,6903,3806,9627,4187,7950,1766,2009,2129,4109,2497,7384,1096,1099,3200,4352,2695,5067,2665,7100,3066,5924,1313,1501,1525,3046,1314,4700,60285,49629,2083,29,8473,0,0,24,6
2021-02-23T23:59:59+01:00,3,6,1738,1523,4336,5770,3610,6516,3587,9247,4032,7667,1736,1977,2084,4061,2383,7198,1077,1086,3164,4325,2667,5009,2639,7024,3030,5865,1293,1481,1498,3011,1304,4645,59823,49099,2036,15,5591,0,0,24,5
2021-02-22T23:59:59+01:00,3,6,1729,1505,4286,5711,3574,6452,3522,9152,3971,7571,1704,1950,2058,4011,2263,6999,1072,1073,3143,4279,2647,4970,2614,6964,3001,5812,1281,1467,1487,3000,1296,4636,59276,48729,1893,9,5274,0,0,24,5
2021-02-21T23:59:59+01:00,3,6,1717,1500,4256,5677,3530,6414,3482,9098,3927,7521,1694,1942,2053,4001,2139,6833,1065,1062,3122,4239,2618,4920,2599,6896,2973,5723,1268,1451,1464,2939,1268,4554,58923,48149,1887,8,4960,0,0,23,5
2021-02-20T23:59:59+01:00,3,6,1714,1499,4250,5674,3528,6413,3482,9096,3925,7520,1689,1940,2051,3997,2138,6833,1065,1062,3120,4237,2618,4920,2598,6895,2973,5723,1268,1450,1463,2939,1268,4554,58906,48141,1887,8,4942,0,0,23,5
2021-02-19T23:59:59+01:00,3,6,1688,1492,4237,5655,3516,6400,3471,9086,3916,7505,1662,1911,2030,3979,2037,6650,1064,1061,3119,4236,2617,4919,2598,6892,2970,5721,1268,1449,1463,2937,1268,4554,58482,48125,1881,8,4860,0,0,21,4
2021-02-18T23:59:59+01:00,3,6,1638,1460,4142,5544,3443,6296,3383,8921,3829,7365,1640,1876,1996,3908,1903,6450,1018,1019,2978,4017,2491,4650,2488,6553,2862,5456,1236,1406,1431,2850,1239,4401,57827,46085,1790,8,4165,0,0,21,3
2021-02-17T23:59:59+01:00,3,5,1616,1430,4045,5394,3360,6143,3264,8686,3703,7164,1587,1805,1917,3802,1777,6132,960,970,2829,3796,2375,4339,2363,6142,2732,5144,1184,1343,1383,2738,1189,4225,56580,43702,1780,7,3452,0,0,21,3
2021-02-16T23:59:59+01:00,3,5,1540,1362,3885,5202,3226,5961,3156,8454,3581,6998,1564,1781,1882,3773,1657,5919,874,939,2697,3641,2277,4128,2237,5820,2602,4893,1128,1250,1237,2434,923,3595,55883,40668,1765,4,2282,0,0,19,3
2021-02-15T23:59:59+01:00,3,5,1523,1343,3837,5117,3166,5875,3099,8340,3515,6893,1553,1767,1867,3750,1648,5896,838,916,2616,3512,2202,3949,2156,5542,2514,4683,1083,1185,1144,2255,852,3365,55415,38808,1762,2,2002,0,0,18,2
2021-02-14T23:59:59+01:00,3,5,1457,1315,3756,5043,3123,5768,3044,8186,3472,6784,1533,1735,1813,3619,1589,5638,829,910,2566,3444,2163,3881,2102,5423,2448,4577,1056,1146,1055,2078,777,3116,55173,37567,1134,2,1559,0,0,17,2
2021-02-13T23:59:59+01:00,3,5,1454,1314,3748,5037,3116,5767,3041,8184,3469,6782,1532,1731,1813,3617,1587,5638,829,910,2566,3444,2163,3880,2100,5422,2447,4577,1054,1145,1055,2078,777,3116,55152,37562,1133,0,1536,0,0,17,1
2021-02-12T23:59:59+01:00,3,4,1416,1296,3711,5004,3093,5747,3019,8151,3450,6737,1516,1721,1804,3600,1578,5617,821,903,2533,3390,2128,3835,2070,5369,2429,4546,1053,1144,1054,2077,776,3114,54926,37241,1131,0,1394,0,0,16,1
2021-02-11T23:59:59+01:00,3,4,1366,1250,3599,4831,3001,5574,2921,7842,3351,6525,1457,1663,1732,3416,1486,5270,782,839,2279,2945,1902,3362,1837,4622,2158,4015,963,1072,958,1878,717,2832,54288,33160,137,0,852,0,0,14,1
2021-02-10T23:59:59+01:00,3,4,1342,1226,3537,4728,2937,5469,2879,7692,3297,6393,1438,1646,1704,3377,1472,5230,702,781,1988,2535,1690,2918,1600,4013,1900,3556,851,927,787,1499,573,2309,53636,28628,135,0,590,0,0,13,1
2021-02-09T23:59:59+01:00,3,3,1329,1208,3482,4658,2908,5400,2858,7599,3260,6324,1430,1630,1676,3354,1462,5217,652,701,1723,2184,1498,2531,1415,3512,1730,3194,819,894,762,1422,551,2193,53323,25780,130,0,335,0,0,13,1
2021-02-08T23:59:59+01:00,3,3,1316,1204,3453,4628,2889,5361,2836,7547,3241,6294,1418,1624,1666,3328,1460,5199,637,666,1572,1947,1358,2274,1283,3204,1572,2934,780,874,714,1315,518,2018,53023,23665,104,0,332,0,0,11,1
2021-02-07T23:59:59+01:00,3,3,1182,1161,3348,4573,2835,5318,2809,7509,3216,6256,1408,1607,1657,3305,1453,5166,490,521,1306,1589,1116,1826,1072,2613,1344,2413,677,747,632,1154,471,1788,52726,19758,76,0,0,0,0,7,1
2021-02-06T23:59:59+01:00,3,3,1178,1159,3346,4571,2831,5316,2802,7506,3212,6252,1407,1605,1656,3302,1452,5165,367,372,1107,1342,980,1522,933,2207,1179,1999,590,651,605,1136,469,1785,52683,17243,76,0,0,0,0,7,1
2021-02-05T23:59:59+01:00,3,2,1166,1148,3331,4549,2824,5289,2791,7464,3194,6206,1401,1597,1653,3296,1451,5165,266,211,924,1025,834,1152,758,1759,1005,1588,476,547,579,1116,466,1781,52447,14486,76,0,0,0,0,7,1
2021-02-04T23:59:59+01:00,3,2,1150,1130,3285,4498,2784,5215,2749,7334,3146,6122,1386,1582,1639,3262,1441,5137,137,85,622,655,544,736,518,1153,666,992,297,366,474,970,421,1618,51805,10253,53,0,0,0,0,7,1
2021-02-03T23:59:59+01:00,3,2,1128,1124,3257,4452,2755,5175,2726,7282,3116,6065,1376,1571,1613,3221,1433,5085,117,69,494,507,413,594,416,911,510,746,245,286,371,757,324,1257,51330,8016,48,0,0,0,0,6,1
2021-02-02T23:59:59+01:00,3,2,1106,1110,3221,4421,2724,5121,2700,7208,3081,6001,1352,1543,1577,3163,1407,4987,108,60,412,410,343,517,367,822,457,664,225,263,325,685,296,1123,50674,7076,47,0,0,0,0,6,1
2021-02-01T23:59:59+01:00,3,2,1090,1099,3203,4368,2694,5060,2669,7081,3051,5906,1332,1514,1550,3125,1390,4922,80,45,311,307,252,392,275,616,326,499,187,214,254,545,228,876,50006,5406,47,0,0,0,0,6,1
2021-01-31T23:59:59+01:00,3,2,1084,1088,3188,4338,2670,5016,2653,7026,3038,5861,1321,1497,1527,3060,1363,4836,70,43,285,283,227,345,253,573,296,460,166,195,209,445,186,707,49518,4742,47,0,0,0,0,6,1
2021-01-30T23:59:59+01:00,3,2,1083,1088,3185,4334,2669,5016,2652,7025,3038,5860,1321,1496,1526,3060,1363,4836,70,39,278,269,214,330,248,562,292,454,165,192,208,445,186,707,49507,4658,44,0,0,0,0,6,1
2021-01-29T23:59:59+01:00,3,2,1082,1087,3184,4330,2669,5014,2651,7023,3035,5858,1321,1496,1526,3059,1363,4836,64,35,260,255,191,310,232,545,281,446,159,188,204,439,185,705,49489,4498,44,0,0,0,0,6,1
2021-01-28T23:59:59+01:00,3,2,1061,1068,3115,4227,2615,4905,2593,6867,2967,5727,1306,1474,1510,2991,1340,4712,54,19,164,153,126,187,162,359,207,282,126,145,158,276,108,416,48438,2942,41,0,0,0,0,4,0
2021-01-27T23:59:59+01:00,3,2,1015,1030,3033,4085,2534,4726,2499,6585,2883,5526,1273,1429,1469,2897,1303,4560,25,7,100,70,58,92,83,210,117,148,95,113,114,206,81,297,46817,1816,31,0,0,0,0,4,0
2021-01-26T23:59:59+01:00,2,2,938,1002,2916,3953,2455,4541,2417,6405,2813,5371,1247,1379,1379,2745,1078,4157,25,7,95,69,57,91,81,210,115,147,94,112,114,206,81,297,44777,1801,19,0,0,0,0,4,0
2021-01-25T23:59:59+01:00,2,2,920,985,2836,3825,2411,4394,2357,6209,2753,5221,1228,1357,1365,2718,1065,4121,25,7,94,69,55,89,81,210,115,145,94,111,114,206,81,297,43753,1793,13,0,0,0,0,3,0
2021-01-24T23:59:59+01:00,2,2,910,981,2816,3809,2401,4362,2331,6170,2720,5160,1215,1350,1356,2694,1051,4086,25,7,94,69,55,89,81,210,114,145,93,111,114,206,81,297,43404,1791,9,0,0,0,0,3,0
2021-01-23T23:59:59+01:00,2,2,910,981,2816,3808,2401,4362,2330,6169,2719,5160,1213,1349,1356,2694,1051,4086,25,7,94,69,55,89,81,210,114,145,93,111,114,206,81,295,43399,1789,8,0,0,0,0,2,0
2021-01-22T23:59:59+01:00,2,2,903,974,2785,3762,2366,4297,2298,6094,2698,5113,1211,1347,1355,2692,1050,4083,25,7,94,69,55,89,81,210,114,145,93,111,114,206,81,295,43024,1789,8,0,0,0,0,0,0
2021-01-21T23:59:59+01:00,2,2,888,907,2529,3350,2165,3882,2116,5484,2475,4628,1154,1300,1306,2566,1013,3920,21,7,83,63,51,73,68,170,94,134,84,97,99,154,73,235,39679,1506,8,0,0,0,0,0,0
2021-01-20T23:59:59+01:00,2,2,810,844,2217,2942,1958,3421,1884,4877,2219,4155,1041,1160,1137,2213,878,3394,21,7,83,63,51,72,68,170,93,134,84,97,99,154,71,235,35146,1502,8,0,0,0,0,0,0
2021-01-19T23:59:59+01:00,2,2,748,765,1923,2497,1719,2963,1650,4217,1976,3682,967,1064,1009,1926,772,3013,10,3,50,44,32,44,35,100,44,77,38,36,49,83,44,152,30888,841,7,0,0,0,0,0,0
2021-01-18T23:59:59+01:00,2,2,675,706,1694,2101,1484,2491,1404,3534,1724,3182,884,979,909,1716,716,2734,5,2,19,10,13,21,17,54,17,33,18,21,26,56,31,82,26933,425,4,0,0,0,0,0,0
2021-01-17T23:59:59+01:00,1,2,496,545,1378,1697,1206,1959,1150,2800,1443,2560,743,823,755,1424,593,2339,0,1,4,2,0,0,0,0,0,0,0,0,0,0,0,0,21911,7,3,0,0,0,0,0,0
2021-01-16T23:59:59+01:00,1,1,375,396,1196,1453,1086,1673,1011,2403,1287,2155,657,727,728,1407,591,2338,0,0,0,0,0,0,0,0,0,0,0,0,0,0,0,0,19483,0,2,0,0,0,0,0,0
2021-01-15T23:59:59+01:00,1,1,271,235,1014,1153,937,1327,844,1956,1109,1752,538,617,690,1372,578,2297,0,0,0,0,0,0,0,0,0,0,0,0,0,0,0,0,16691,0,1,0,0,0,0,0,0
2021-01-14T23:59:59+01:00,0,0,155,105,700,771,645,860,609,1298,746,1133,349,428,565,1185,517,2046,0,0,0,0,0,0,0,0,0,0,0,0,0,0,0,0,12112,0,0,0,0,0,0,0,0
2021-01-13T23:59:59+01:00,0,0,130,84,591,604,521,693,492,1042,590,867,293,352,478,1001,445,1741,0,0,0,0,0,0,0,0,0,0,0,0,0,0,0,0,9924,0,0,0,0,0,0,0,0
2021-01-12T23:59:59+01:00,0,0,120,68,509,517,444,592,427,912,520,763,258,303,390,804,371,1356,0,0,0,0,0,0,0,0,0,0,0,0,0,0,0,0,8354,0,0,0,0,0,0,0,0
2021-01-11T23:59:59+01:00,0,0,91,55,413,421,360,483,342,739,415,590,224,253,323,671,301,1143,0,0,0,0,0,0,0,0,0,0,0,0,0,0,0,0,6824,0,0,0,0,0,0,0,0
2021-01-10T23:59:59+01:00,0,0,76,47,349,348,294,401,289,642,345,523,196,222,258,532,240,887,0,0,0,0,0,0,0,0,0,0,0,0,0,0,0,0,5649,0,0,0,0,0,0,0,0
2021-01-09T23:59:59+01:00,0,0,76,45,334,327,270,379,281,626,337,516,195,221,257,530,240,887,0,0,0,0,0,0,0,0,0,0,0,0,0,0,0,0,5521,0,0,0,0,0,0,0,0
2021-01-08T23:59:59+01:00,0,0,71,37,300,294,225,339,253,584,310,477,177,201,232,471,219,785,0,0,0,0,0,0,0,0,0,0,0,0,0,0,0,0,4975,0,0,0,0,0,0,0,0
2021-01-07T23:59:59+01:00,0,0,57,25,209,197,157,240,194,418,241,340,147,162,177,307,145,501,0,0,0,0,0,0,0,0,0,0,0,0,0,0,0,0,3517,0,0,0,0,0,0,0,0
2021-01-06T23:59:59+01:00,0,0,45,15,161,118,111,159,143,291,176,241,115,130,135,240,102,356,0,0,0,0,0,0,0,0,0,0,0,0,0,0,0,0,2538,0,0,0,0,0,0,0,0
2021-01-05T23:59:59+01:00,0,0,28,7,96,71,58,92,85,208,115,149,105,121,126,221,101,330,0,0,0,0,0,0,0,0,0,0,0,0,0,0,0,0,1913,0,0,0,0,0,0,0,0
2021-01-04T23:59:59+01:00,0,0,26,7,96,70,55,89,85,208,115,147,105,119,126,221,101,330,0,0,0,0,0,0,0,0,0,0,0,0,0,0,0,0,1900,0,0,0,0,0,0,0,0
2021-01-03T23:59:59+01:00,0,0,26,7,96,70,55,89,85,208,114,147,104,119,126,221,101,330,0,0,0,0,0,0,0,0,0,0,0,0,0,0,0,0,1898,0,0,0,0,0,0,0,0
2021-01-02T23:59:59+01:00,0,0,26,7,96,70,55,89,85,208,113,147,104,119,126,221,101,329,0,0,0,0,0,0,0,0,0,0,0,0,0,0,0,0,1896,0,0,0,0,0,0,0,0
2021-01-01T23:59:59+01:00,0,0,26,7,96,70,55,89,85,208,112,146,104,119,126,221,101,329,0,0,0,0,0,0,0,0,0,0,0,0,0,0,0,0,1894,0,0,0,0,0,0,0,0
2020-12-31T23:59:59+01:00,0,0,26,7,96,70,55,89,85,208,111,146,104,119,126,221,101,329,0,0,0,0,0,0,0,0,0,0,0,0,0,0,0,0,1893,0,0,0,0,0,0,0,0
2020-12-30T23:59:59+01:00,0,0,26,7,96,70,54,89,85,208,111,146,104,119,126,221,100,329,0,0,0,0,0,0,0,0,0,0,0,0,0,0,0,0,1891,0,0,0,0,0,0,0,0
2020-12-29T23:59:59+01:00,0,0,14,2,64,52,32,59,49,133,63,88,51,50,71,132,62,221,0,0,0,0,0,0,0,0,0,0,0,0,0,0,0,0,1143,0,0,0,0,0,0,0,0
2020-12-28T23:59:59+01:00,0,0,5,2,36,24,19,30,21,67,25,41,22,22,27,51,34,82,0,0,0,0,0,0,0,0,0,0,0,0,0,0,0,0,508,0,0,0,0,0,0,0,0
2020-12-27T23:59:59+01:00,0,0,1,0,8,5,7,2,1,5,0,2,0,1,2,2,4,6,0,0,0,0,0,0,0,0,0,0,0,0,0,0,0,0,46,0,0,0,0,0,0,0,0
