Datum,<24_1_m,<24_1_w,25-34_1_m,25-34_1_w,35-44_1_m,35-44_1_w,45-54_1_m,45-54_1_w,55-64_1_m,55-64_1_w,65-74_1_m,65-74_1_w,75-84_1_m,75-84_1_w,>84_1_m,>84_1_w,<24_2_m,<24_2_w,25-34_2_m,25-34_2_w,35-44_2_m,35-44_2_w,45-54_2_m,45-54_2_w,55-64_2_m,55-64_2_w,65-74_2_m,65-74_2_w,75-84_2_m,75-84_2_w,>84_2_m,>84_2_w,bp_1,bp_2,mo_1,mo_2,az_1,az_2,ja
2021-04-29T23:59:59+02:00,8705,10488,21077,26283,21378,27793,25034,36685,33296,41474,38066,47423,34325,47190,7564,15522,2983,2992,6202,7915,5697,9406,6308,12628,7585,11340,7707,9929,20596,27741,6310,13044,280500,134765,42175,22873,119626,743,2
2021-04-28T23:59:59+02:00,8412,10257,20582,25815,20746,27215,24142,35817,31940,39998,37002,45970,34040,46771,7521,15431,2927,2944,6100,7806,5606,9295,6217,12475,7327,11031,7038,9094,20251,27243,6275,12982,272151,132463,41431,21595,118075,551,2
2021-04-27T23:59:59+02:00,8204,10063,20155,25399,20137,26687,23309,35044,30784,38643,36011,44666,33727,46294,7480,15352,2901,2916,6000,7705,5556,9209,6148,12349,7084,10789,6451,8378,19908,26821,6261,12967,264762,130467,40574,20665,116617,309,2
2021-04-26T23:59:59+02:00,7994,9871,19742,24988,19588,26161,22491,34283,29602,37390,35039,43378,33469,45871,7447,15268,2886,2904,5966,7670,5527,9179,6112,12314,6859,10559,5861,7674,19580,26442,6244,12945,257355,128617,39767,19827,115459,277,1
2021-04-25T23:59:59+02:00,7866,9721,19406,24726,19212,25826,21852,33651,28590,36367,33998,42072,33187,45501,7421,15212,2874,2893,5951,7649,5507,9161,6093,12289,6824,10523,5702,7455,19291,26036,6232,12912,250331,128038,39083,19086,115193,267,1
2021-04-24T23:59:59+02:00,7668,9508,18962,24299,18660,25295,21023,32805,27609,35391,33767,41776,33107,45365,7411,15201,2871,2888,5938,7642,5501,9154,6087,12285,6811,10504,5623,7337,19211,25922,6229,12904,244470,127603,39082,19056,114294,247,1
2021-04-23T23:59:59+02:00,7420,9285,18500,23826,18105,24680,20159,31952,26492,34189,33070,40704,32983,45165,7398,15180,2863,2872,5907,7620,5468,9112,6046,12248,6766,10450,5425,7032,18689,25305,6155,12776,237018,125764,38762,18743,113327,226,1
2021-04-22T23:59:59+02:00,7166,9047,17872,23222,17324,23915,19097,30930,25201,32740,32131,39472,32777,44868,7374,15134,2848,2852,5865,7566,5420,9031,5978,12171,6683,10374,5081,6565,18026,24476,6068,12632,228159,123650,37957,17793,112153,192,1
2021-04-21T23:59:59+02:00,6927,8849,17331,22715,16653,23325,18080,29989,23675,31162,31191,38309,32532,44507,7335,15076,2828,2832,5825,7514,5370,8963,5918,12073,6586,10296,4874,6225,17377,23675,5983,12487,219464,121619,37185,17042,111006,164,1
2021-04-20T23:59:59+02:00,6713,8625,16765,22233,15918,22639,17036,28961,22212,29667,30139,36923,32257,44167,7296,15011,2811,2816,5783,7479,5329,8918,5870,12006,6512,10233,4731,6015,16798,22951,5898,12353,210658,120006,36315,16339,109588,157,1
2021-04-19T23:59:59+02:00,6510,8441,16210,21803,15239,22068,16016,28026,20784,28250,28901,35385,31984,43764,7262,14933,2798,2803,5763,7449,5298,8889,5829,11958,6434,10154,4571,5807,16177,22266,5820,12237,202140,118411,35533,15688,107902,153,1
2021-04-18T23:59:59+02:00,6299,8278,15755,21464,14600,21508,14961,27194,19432,27041,27662,33869,31712,43412,7235,14879,2738,2747,5633,7321,5191,8779,5726,11811,6335,10042,4417,5587,15611,21625,5737,12106,193754,116838,34712,14417,106834,150,1
2021-04-17T23:59:59+02:00,6256,8242,15598,21387,14428,21423,14700,27002,19158,26768,27191,33367,31602,43286,7229,14868,2704,2694,5531,7170,5080,8621,5625,11616,6245,9930,4354,5499,15390,21355,5730,12097,192545,115092,34708,14414,105251,134,1
2021-04-16T23:59:59+02:00,6182,8182,15418,21223,14215,21272,14398,26727,18643,26231,26265,32263,31481,43092,7208,14851,2647,2629,5409,6985,4958,8441,5460,11374,6061,9721,4113,5229,14788,20588,5655,11991,189202,111910,34419,14015,104029,123,1
2021-04-15T23:59:59+02:00,6101,8086,15198,21006,13943,20986,13942,26346,17872,25458,25067,30833,31263,42814,7193,14819,2566,2529,5208,6730,4756,8138,5257,11058,5848,9454,3900,4945,13983,19532,5572,11872,184775,108172,33608,13067,102543,108,1
2021-04-14T23:59:59+02:00,6005,8009,14989,20801,13689,20757,13531,26003,17051,24682,23662,29222,30999,42473,7167,14770,2350,2387,4999,6475,4575,7891,5039,10816,5634,9193,3756,4701,13256,18656,5484,11713,180318,105195,32718,11629,100773,100,1
2021-04-13T23:59:59+02:00,5938,7947,14793,20659,13465,20574,13158,25689,16324,23997,22155,27570,30743,42102,7148,14707,2253,2319,4833,6281,4400,7689,4841,10568,5463,8986,3620,4521,12725,18054,5396,11585,176234,102929,31841,10513,98893,91,1
2021-04-12T23:59:59+02:00,5858,7858,14567,20460,13166,20325,12756,25267,15613,23278,20721,25804,30491,41803,7121,14656,2106,2205,4658,6122,4249,7504,4681,10386,5325,8832,3492,4358,12294,17539,5311,11464,171971,101266,30801,9170,96971,89,1
2021-04-11T23:59:59+02:00,5770,7773,14346,20267,12879,20116,12325,24908,14943,22625,19373,24216,30281,41525,7096,14613,2061,2164,4543,6008,4139,7383,4563,10266,5203,8718,3367,4218,11810,16944,5212,11311,167905,99610,29843,8212,95307,87,1
2021-04-10T23:59:59+02:00,5765,7767,14332,20257,12871,20107,12308,24896,14860,22530,18706,23304,30036,41169,7079,14591,2054,2152,4534,5999,4127,7372,4550,10250,5141,8640,3261,4103,11250,16108,5098,11131,166848,97474,29814,8212,93915,83,1
2021-04-09T23:59:59+02:00,5753,7751,14303,20210,12834,20061,12263,24848,14483,22090,17263,21512,29687,40626,7051,14553,2031,2143,4514,5981,4100,7348,4510,10217,5104,8590,3145,3966,10380,15111,4990,10972,164285,95054,29473,7966,91529,81,1
2021-04-08T23:59:59+02:00,5706,7724,14214,20135,12762,19983,12157,24739,14025,21524,15533,19399,29143,39734,6999,14446,2008,2129,4488,5927,4046,7267,4451,10142,5035,8518,3034,3848,9877,14499,4822,10764,160475,93232,28448,7542,89300,81,0
2021-04-07T23:59:59+02:00,5669,7689,14107,20059,12674,19906,12069,24629,13552,21053,14079,17592,28576,38897,6951,14354,1985,2116,4438,5854,3964,7191,4360,10053,4952,8428,2933,3744,9106,13353,4629,10439,156152,90714,27569,6762,88135,69,0
2021-04-06T23:59:59+02:00,5633,7657,14013,19987,12593,19846,11987,24565,13062,20559,12478,15579,27994,38073,6934,14288,1914,2052,4310,5735,3864,7065,4239,9911,4850,8306,2817,3618,8360,12374,4414,10146,152154,88352,26683,5555,86411,68,0
2021-04-05T23:59:59+02:00,5598,7622,13942,19925,12521,19778,11931,24482,12661,20178,10876,13614,27383,37150,6898,14229,1837,1974,4146,5582,3701,6908,4085,9771,4712,8183,2673,3484,7519,11364,4219,9851,148984,86005,25620,3938,84184,66,0
2021-04-04T23:59:59+02:00,5584,7602,13930,19904,12516,19763,11923,24468,12523,20059,9839,12309,26989,36589,6877,14184,1835,1970,4140,5579,3699,6904,4081,9765,4711,8179,2667,3469,7264,10868,4154,9760,147257,85048,25618,3938,82184,59,0
2021-04-03T23:59:59+02:00,5579,7593,13915,19889,12507,19757,11914,24458,12504,20009,8813,11096,26232,35515,6835,14089,1832,1967,4138,5575,3697,6900,4073,9753,4696,8169,2662,3457,7111,10589,4136,9701,144803,84459,25613,3938,80289,59,0
2021-04-02T23:59:59+02:00,5573,7572,13877,19862,12473,19714,11871,24412,12412,19927,8130,10113,24797,33599,6723,13880,1821,1953,4113,5552,3676,6858,4035,9674,4566,7891,2526,3316,6723,10165,4017,9541,140344,82653,25276,3715,79315,59,0
2021-04-01T23:59:59+02:00,5507,7489,13781,19731,12362,19570,11723,24250,11785,19448,7396,9198,23466,31837,6627,13691,1751,1884,4006,5452,3614,6794,3965,9605,4494,7788,2422,3168,6192,9431,3886,9335,136131,80425,24147,3310,77583,52,0
2021-03-31T23:59:59+02:00,5454,7427,13652,19580,12236,19425,11542,24045,11506,19194,6883,8558,22174,30107,6504,13503,1737,1872,3985,5429,3580,6766,3929,9555,4459,7739,2350,3081,5680,8743,3756,9169,132204,78683,23053,3095,76533,52,0
2021-03-30T23:59:59+02:00,5387,7352,13526,19423,12126,19259,11412,23880,11342,19057,6487,8130,20956,28547,6395,13333,1718,1836,3945,5396,3512,6698,3842,9438,4330,7569,2208,2864,5233,8175,3648,8960,128842,76483,22121,2851,75649,38,0
2021-03-29T23:59:59+02:00,5334,7302,13415,19335,12065,19176,11316,23775,11201,18910,6145,7684,19696,27078,6301,13181,1657,1793,3899,5357,3430,6625,3732,9286,4176,7377,2101,2732,4634,7453,3536,8742,125262,73854,21252,2641,75400,35,0
2021-03-28T23:59:59+02:00,5266,7221,13302,19188,11984,19094,11226,23670,11101,18807,5808,7301,18688,25743,6206,13022,1620,1739,3788,5252,3231,6384,3667,9196,4124,7327,2035,2666,3831,6361,3416,8564,122298,70829,20466,2348,74863,24,0
2021-03-27T23:59:59+01:00,5227,7157,13193,19024,11864,18928,11113,23458,10994,18676,5735,7197,18427,25423,6198,13012,1615,1736,3784,5247,3229,6378,3346,8795,3963,7084,2030,2662,3812,6324,3386,8506,120450,69538,20436,2348,74740,11,0
2021-03-26T23:59:59+01:00,5178,7094,13079,18837,11746,18738,10949,23227,10842,18481,5541,6935,17847,24655,6122,12900,1614,1734,3779,5241,3208,6361,3323,8773,3728,6591,1880,2322,3515,5999,3269,8317,117374,67302,20103,2342,74694,10,0
2021-03-25T23:59:59+01:00,5097,6995,12872,18584,11545,18415,10730,22896,10602,18167,5287,6607,16850,23371,6023,12755,1604,1725,3760,5217,3179,6336,3279,8736,3677,6552,1803,2183,3055,5307,3152,8075,113402,65391,19035,2241,74359,8,0
2021-03-24T23:59:59+01:00,5000,6856,12664,18145,11346,18026,10516,22510,10393,17840,4973,6194,15842,22212,5917,12570,1578,1714,3734,5169,3143,6271,3223,8668,3629,6484,1746,2127,2726,4930,3030,7847,110324,64011,17951,2000,72729,8,0
2021-03-23T23:59:59+01:00,4931,6754,12496,17812,11160,17682,10329,22152,10196,17579,4835,5958,15175,21429,5813,12427,1563,1708,3722,5152,3124,6253,3203,8619,3593,6440,1709,2072,2478,4632,2846,7558,108034,62706,17230,1958,71464,8,0
2021-03-22T23:59:59+01:00,4869,6649,12293,17472,10985,17365,10127,21819,9989,17308,4674,5727,14549,20714,5712,12276,1547,1700,3700,5120,3100,6221,3172,8573,3561,6394,1668,2018,2267,4354,2672,7257,106229,61501,16518,1817,69781,6,0
2021-03-21T23:59:59+01:00,4778,6493,12002,17047,10714,16968,9879,21375,9748,16985,4539,5538,13860,19924,5589,12098,1538,1699,3683,5103,3080,6188,3150,8542,3544,6370,1649,1997,2095,4168,2520,7025,104374,60530,15210,1815,67953,6,0
2021-03-20T23:59:59+01:00,4739,6403,11857,16692,10586,16673,9737,21056,9571,16717,4413,5379,13227,18970,5471,11903,1537,1698,3683,5102,3077,6187,3147,8537,3539,6366,1643,1992,2061,4105,2502,6987,102181,60342,15207,1815,66006,6,0
2021-03-19T23:59:59+01:00,4681,6292,11678,16328,10410,16310,9556,20665,9364,16390,4223,5156,12207,17758,5349,11734,1530,1692,3667,5070,3046,6112,3109,8443,3436,6193,1529,1900,1986,4046,2392,6783,99479,59119,14792,1811,63830,4,0
2021-03-18T23:59:59+01:00,4584,6158,11401,15888,10146,15882,9292,20197,9152,16071,4077,4991,11556,16876,5161,11498,1523,1676,3652,5038,3024,6068,3090,8385,3411,6153,1510,1865,1947,3972,2265,6578,97685,58432,13783,1721,61462,4,0
2021-03-17T23:59:59+01:00,4384,6019,11099,15451,9890,15533,9049,19817,8913,15747,3949,4808,10711,15575,4944,11160,1522,1673,3640,5017,3019,6049,3079,8348,3395,6131,1508,1845,1922,3942,2151,6395,95023,57922,12255,1710,59771,4,0
2021-03-16T23:59:59+01:00,4220,5864,10746,14979,9640,15165,8754,19373,8632,15402,3805,4650,9868,14405,4714,10865,1507,1671,3636,5012,3010,6042,3073,8340,3384,6117,1487,1822,1885,3892,2034,6217,92700,57494,11057,1631,57325,4,0
2021-03-15T23:59:59+01:00,4053,5711,10431,14506,9350,14696,8453,18898,8365,15012,3652,4469,9129,13305,4542,10605,1496,1663,3619,4999,2999,6021,3053,8302,3366,6075,1472,1810,1870,3861,1920,6030,90737,56922,9687,1631,54753,3,0
2021-03-14T23:59:59+01:00,3973,5593,10144,14049,9089,14301,8137,18407,8103,14642,3471,4259,8278,12016,4294,10230,1483,1656,3595,4981,2977,5972,3033,8224,3341,6008,1438,1760,1810,3726,1756,5648,88405,56404,8656,1001,51925,3,0
2021-03-13T23:59:59+01:00,3896,5375,9897,13522,8918,13886,7962,17998,7965,14352,3395,4187,8084,11711,4261,10163,1483,1656,3595,4981,2976,5972,3033,8224,3340,6006,1434,1759,1807,3722,1755,5647,87752,56386,8656,1001,49164,3,0
2021-03-12T23:59:59+01:00,3811,5192,9643,12982,8690,13338,7716,17324,7609,13656,3235,4034,7692,11287,4153,10015,1482,1652,3592,4968,2971,5967,3026,8218,3336,6000,1408,1727,1786,3703,1657,5471,85982,55960,8405,1001,45990,3,0
2021-03-11T23:59:59+01:00,3634,4829,9271,12253,8380,12666,7362,16533,7294,13072,3076,3834,7100,10512,4009,9780,1459,1635,3564,4925,2925,5877,2989,8099,3284,5911,1366,1670,1703,3488,1457,4953,83538,55202,7957,101,42110,2,0
2021-03-10T23:59:59+01:00,3553,4678,8705,11736,7754,12187,7048,15982,7005,12543,2921,3690,6509,9764,3882,9576,1444,1619,3535,4865,2893,5795,2951,7950,3229,5809,1328,1626,1645,3385,1338,4673,81731,54005,7399,78,38403,2,0
2021-03-09T23:59:59+01:00,3418,4465,7944,11285,6907,11689,6648,15361,6652,11975,2696,3398,5976,9107,3758,9349,1438,1614,3509,4815,2867,5730,2935,7900,3212,5765,1311,1602,1613,3343,1227,4469,79438,53307,6040,42,35150,1,0
2021-03-08T23:59:59+01:00,3219,4183,7215,10750,6163,11209,6254,14807,6274,11453,2506,3206,5350,8332,3657,9149,1430,1603,3487,4748,2840,5661,2898,7808,3184,5697,1308,1593,1608,3336,1223,4467,76627,52848,4943,42,32157,1,0
2021-03-07T23:59:59+01:00,3086,4011,6864,10241,5740,10653,5971,14366,6050,11101,2416,3128,4519,7185,3512,8952,1426,1600,3483,4743,2835,5649,2894,7789,3174,5686,1304,1575,1585,3296,1207,4427,73379,52633,4108,40,30308,0,0
2021-03-06T23:59:59+01:00,3037,3823,6670,9796,5544,10221,5458,13445,5726,10472,2404,3112,4514,7174,3509,8951,1425,1598,3480,4740,2833,5648,2893,7788,3173,5683,1303,1572,1585,3294,1206,4427,72165,52608,4108,40,27583,0,0
2021-03-05T23:59:59+01:00,2931,3509,6441,9249,5345,9814,5281,12865,5321,9480,2203,2717,4117,6756,3401,8776,1412,1593,3462,4726,2828,5635,2885,7770,3163,5665,1290,1569,1585,3290,1201,4423,69828,52457,3875,40,24503,0,0
2021-03-04T23:59:59+01:00,2837,3254,6220,8827,5193,9469,5101,12433,5145,9144,2090,2517,3543,5905,3277,8507,1400,1571,3422,4632,2796,5571,2855,7669,3135,5604,1277,1561,1576,3278,1195,4412,67779,51914,3431,40,22252,0,0
2021-03-03T23:59:59+01:00,2775,3176,6041,8416,5016,9090,4893,11976,4966,8724,2007,2413,3123,5425,3147,8259,1378,1560,3386,4580,2760,5507,2814,7565,3093,5540,1264,1539,1557,3247,1189,4395,66352,51334,3192,40,19903,0,0
2021-03-02T23:59:59+01:00,2712,3067,5879,8082,4855,8819,4736,11571,4829,8429,1929,2327,2813,5054,2955,7969,1371,1549,3367,4563,2745,5479,2801,7518,3085,5511,1260,1531,1538,3228,1187,4391,65038,51084,2934,40,18054,0,0
2021-03-01T23:59:59+01:00,2677,3022,5774,7862,4772,8696,4654,11414,4734,8265,1881,2248,2506,4713,2789,7684,1362,1547,3353,4544,2735,5447,2782,7468,3074,5493,1254,1527,1531,3220,1184,4387,63821,50868,2714,40,17156,0,0
2021-02-28T23:59:59+01:00,2609,2960,5591,7608,4604,8473,4522,11234,4637,8147,1829,2189,2212,4396,2609,7413,1350,1540,3342,4534,2727,5440,2776,7451,3067,5483,1250,1525,1525,3203,1183,4356,62741,50712,2414,40,15878,0,0
2021-02-27T23:59:59+01:00,2489,2573,5429,7214,4498,8155,4435,10853,4549,7887,1781,2120,2171,4337,2582,7342,1346,1537,3341,4533,2723,5437,2771,7448,3063,5481,1249,1524,1524,3203,1183,4356,62318,50680,2414,39,13683,0,0
2021-02-26T23:59:59+01:00,2426,2466,5292,6987,4353,7910,4290,10603,4361,7636,1672,2041,2112,4300,2477,7165,1327,1524,3323,4498,2713,5398,2759,7401,3039,5433,1241,1515,1520,3196,1182,4354,61115,50385,2407,38,12569,0,0
2021-02-25T23:59:59+01:00,2302,2328,4931,6569,3944,7442,4018,10101,4148,7292,1627,2000,2090,4255,2370,6990,1308,1504,3291,4455,2676,5340,2724,7289,3001,5351,1231,1499,1505,3155,1169,4300,60699,49764,2302,34,9406,0,0
2021-02-24T23:59:59+01:00,2267,2256,4810,6343,3850,7220,3893,9869,4035,7149,1607,1975,2060,4212,2254,6793,1293,1495,3261,4389,2643,5272,2699,7210,2970,5285,1215,1481,1481,3106,1158,4234,60150,49169,2059,23,8384,0,0
2021-02-23T23:59:59+01:00,2012,2057,4445,5873,3581,6817,3673,9489,3887,6899,1591,1945,2015,4166,2142,6610,1272,1483,3220,4354,2618,5212,2675,7137,2930,5236,1198,1461,1456,3070,1147,4185,59701,48644,2014,10,5487,0,0
2021-02-22T23:59:59+01:00,2002,2033,4389,5813,3544,6753,3608,9393,3832,6811,1560,1922,1992,4115,2025,6416,1269,1465,3198,4312,2598,5172,2647,7075,2900,5191,1190,1450,1444,3059,1141,4176,59168,48284,1871,3,5169,0,0
2021-02-21T23:59:59+01:00,1992,2026,4355,5779,3499,6719,3571,9332,3797,6770,1550,1916,1986,4105,1907,6252,1261,1449,3176,4275,2570,5123,2632,7006,2870,5109,1178,1435,1418,2997,1118,4103,58821,47717,1866,3,4869,0,0
2021-02-20T23:59:59+01:00,1991,2024,4350,5777,3496,6719,3571,9331,3796,6769,1545,1915,1983,4101,1906,6252,1261,1449,3175,4273,2570,5123,2631,7004,2870,5109,1178,1434,1417,2997,1118,4103,58806,47709,1866,3,4854,0,0
2021-02-19T23:59:59+01:00,1971,2015,4341,5760,3488,6703,3559,9320,3785,6755,1520,1884,1961,4080,1807,6072,1259,1449,3174,4272,2569,5122,2631,7002,2868,5107,1178,1434,1417,2996,1118,4103,58385,47696,1860,3,4776,0,0
2021-02-18T23:59:59+01:00,1925,1974,4238,5650,3425,6598,3460,9145,3708,6633,1504,1849,1926,4005,1674,5872,1208,1386,3025,4041,2451,4836,2520,6670,2767,4892,1149,1386,1383,2911,1091,3957,57723,45670,1770,3,4093,0,0
2021-02-17T23:59:59+01:00,1900,1932,4136,5496,3342,6446,3341,8890,3588,6468,1448,1776,1856,3900,1557,5564,1142,1309,2871,3821,2339,4517,2389,6229,2649,4637,1097,1320,1330,2798,1053,3797,56453,43295,1761,3,3426,0,0
2021-02-16T23:59:59+01:00,1799,1840,3978,5301,3210,6257,3226,8673,3472,6308,1426,1752,1827,3863,1439,5355,1046,1269,2739,3655,2241,4300,2251,5914,2529,4407,1050,1217,1167,2480,806,3193,55708,40263,1746,1,2272,0,0
2021-02-15T23:59:59+01:00,1783,1815,3928,5213,3153,6169,3163,8559,3415,6212,1416,1739,1813,3841,1431,5331,1008,1231,2656,3522,2167,4121,2166,5633,2443,4214,1006,1150,1082,2287,741,2994,55243,38420,1745,1,1993,0,0
2021-02-14T23:59:59+01:00,1704,1781,3847,5134,3112,6054,3105,8398,3371,6116,1396,1706,1756,3701,1375,5088,996,1220,2610,3455,2125,4053,2107,5506,2384,4117,971,1112,1003,2104,674,2763,54991,37199,1114,1,1539,0,0
2021-02-13T23:59:59+01:00,1701,1779,3839,5131,3106,6052,3102,8397,3368,6114,1395,1704,1756,3699,1373,5088,996,1220,2610,3455,2125,4053,2106,5506,2383,4117,971,1112,1003,2104,674,2763,54973,37198,1114,0,1517,0,0
2021-02-12T23:59:59+01:00,1665,1755,3799,5101,3085,6033,3078,8360,3350,6076,1379,1695,1747,3682,1366,5067,987,1209,2577,3403,2092,4003,2078,5457,2366,4087,970,1112,1002,2104,673,2761,54749,36881,1113,0,1376,0,0
2021-02-11T23:59:59+01:00,1612,1693,3689,4934,2985,5852,2978,8052,3257,5888,1326,1635,1681,3494,1280,4745,938,1109,2298,2959,1883,3487,1836,4718,2115,3611,892,1040,907,1895,624,2495,54141,32807,124,0,836,0,0
2021-02-10T23:59:59+01:00,1592,1666,3627,4813,2919,5752,2932,7890,3211,5776,1312,1619,1656,3452,1265,4709,848,1024,2010,2536,1666,3029,1591,4092,1865,3200,793,885,741,1517,494,2017,53486,28308,121,0,584,0,0
2021-02-09T23:59:59+01:00,1574,1639,3575,4747,2890,5680,2908,7790,3174,5712,1310,1608,1626,3430,1257,4695,785,918,1738,2179,1473,2626,1422,3592,1702,2883,764,853,717,1437,474,1913,53167,25476,118,0,330,0,0
2021-02-08T23:59:59+01:00,1554,1636,3550,4717,2870,5640,2884,7739,3160,5686,1299,1600,1616,3403,1255,4681,765,870,1586,1936,1324,2373,1289,3276,1545,2652,734,830,668,1321,445,1753,52870,23367,92,0,328,0,0
2021-02-07T23:59:59+01:00,1404,1587,3460,4659,2817,5599,2857,7697,3136,5652,1292,1584,1606,3381,1250,4650,592,680,1322,1589,1094,1906,1076,2672,1322,2196,630,710,592,1153,403,1541,52566,19478,65,0,0,0,0
2021-02-06T23:59:59+01:00,1400,1583,3459,4657,2811,5596,2852,7692,3132,5649,1290,1581,1604,3379,1250,4650,440,484,1131,1363,963,1570,922,2247,1158,1808,552,626,573,1138,400,1538,52520,16913,65,0,0,0,0
2021-02-05T23:59:59+01:00,1389,1572,3444,4636,2802,5569,2841,7650,3110,5604,1285,1574,1601,3372,1249,4650,319,278,945,1054,811,1193,758,1790,970,1418,451,535,550,1123,398,1532,52283,14125,65,0,0,0,0
2021-02-04T23:59:59+01:00,1368,1550,3395,4584,2763,5488,2801,7521,3064,5528,1273,1561,1588,3337,1241,4627,166,119,637,683,522,752,515,1150,634,887,288,365,448,975,362,1382,51647,9885,42,0,0,0,0
2021-02-03T23:59:59+01:00,1345,1540,3352,4530,2731,5435,2778,7454,3029,5467,1260,1537,1550,3268,1224,4517,145,98,504,530,397,608,425,906,488,680,240,292,356,788,292,1126,50975,7875,42,0,0,0,0
2021-02-02T23:59:59+01:00,1323,1527,3308,4491,2699,5373,2751,7375,2992,5405,1238,1507,1513,3206,1197,4422,131,81,419,432,332,528,384,823,431,613,223,270,312,718,270,1009,50285,6976,42,0,0,0,0
2021-02-01T23:59:59+01:00,1306,1510,3283,4437,2669,5299,2718,7242,2960,5319,1222,1484,1486,3168,1183,4362,102,55,316,324,243,397,287,613,308,460,183,223,244,573,208,780,49606,5316,42,0,0,0,0
2021-01-31T23:59:59+01:00,1299,1496,3267,4406,2646,5257,2704,7187,2946,5280,1211,1467,1460,3101,1161,4285,91,52,286,298,222,350,262,568,279,427,162,200,200,465,171,632,49131,4665,42,0,0,0,0
2021-01-30T23:59:59+01:00,1299,1496,3265,4402,2645,5257,2703,7185,2946,5280,1211,1466,1459,3101,1161,4285,91,49,276,285,212,334,257,559,275,419,161,199,199,465,171,632,49120,4584,41,0,0,0,0
2021-01-29T23:59:59+01:00,1297,1496,3264,4398,2645,5256,2701,7183,2944,5278,1210,1466,1459,3099,1161,4285,86,45,255,271,190,311,245,546,263,411,158,197,195,459,170,630,49102,4432,40,0,0,0,0
2021-01-28T23:59:59+01:00,1274,1465,3189,4286,2593,5135,2639,7026,2887,5166,1196,1440,1443,3033,1139,4167,74,24,158,163,129,190,168,363,194,254,127,147,149,288,99,369,48042,2896,36,0,0,0,0
2021-01-27T23:59:59+01:00,1221,1406,3099,4146,2516,4948,2545,6733,2806,4991,1161,1393,1405,2937,1111,4031,37,9,93,78,62,91,81,208,112,139,98,116,109,215,75,262,46423,1785,26,0,0,0,0
2021-01-26T23:59:59+01:00,1136,1372,2976,3993,2445,4768,2461,6542,2731,4861,1141,1336,1305,2782,895,3629,36,9,90,77,61,90,79,208,110,138,96,115,109,215,75,262,44358,1770,15,0,0,0,0
2021-01-25T23:59:59+01:00,1117,1339,2895,3861,2401,4616,2395,6346,2670,4729,1129,1317,1290,2748,884,3602,35,9,89,77,59,90,79,208,110,138,96,115,109,215,75,262,43332,1766,7,0,0,0,0
2021-01-24T23:59:59+01:00,1105,1334,2878,3844,2390,4586,2365,6295,2639,4682,1120,1309,1278,2725,873,3567,35,9,89,77,59,90,79,208,110,138,96,115,109,215,75,262,42985,1766,5,0,0,0,0
2021-01-23T23:59:59+01:00,1105,1334,2878,3844,2390,4586,2365,6295,2638,4682,1120,1309,1278,2725,873,3567,35,9,89,77,59,90,79,208,110,138,96,115,109,215,75,262,42984,1766,5,0,0,0,0
2021-01-22T23:59:59+01:00,1097,1325,2843,3797,2358,4515,2334,6226,2618,4639,1119,1308,1277,2724,872,3564,35,9,89,77,59,90,79,208,110,138,96,115,109,215,75,262,42611,1766,5,0,0,0,0
2021-01-21T23:59:59+01:00,1066,1221,2572,3385,2168,4073,2147,5616,2408,4192,1072,1266,1228,2590,844,3415,30,8,79,69,55,73,66,172,90,126,88,98,90,157,64,202,39258,1467,5,0,0,0,0
2021-01-20T23:59:59+01:00,974,1132,2262,2955,1954,3595,1909,4989,2159,3761,969,1116,1063,2236,731,2959,30,8,79,69,55,72,66,172,90,126,88,98,90,157,64,202,34759,1466,5,0,0,0,0
2021-01-19T23:59:59+01:00,894,1012,1967,2518,1705,3105,1680,4326,1931,3351,901,1013,932,1953,637,2623,14,4,52,48,33,40,33,100,41,76,38,35,47,85,38,131,30544,815,4,0,0,0,0
2021-01-18T23:59:59+01:00,811,923,1718,2104,1464,2616,1415,3625,1697,2891,820,930,829,1719,592,2367,8,2,18,12,14,19,18,53,16,34,22,23,24,55,29,77,26518,424,3,0,0,0,0
2021-01-17T23:59:59+01:00,605,713,1404,1709,1190,2054,1159,2870,1423,2330,677,783,694,1429,486,2002,2,0,2,2,0,0,0,0,0,0,0,0,0,0,0,0,21525,6,3,0,0,0,0
2021-01-16T23:59:59+01:00,456,516,1228,1489,1075,1736,1008,2457,1269,1953,600,702,674,1415,484,2001,0,0,0,0,0,0,0,0,0,0,0,0,0,0,0,0,19061,0,2,0,0,0,0
2021-01-15T23:59:59+01:00,328,310,1046,1192,924,1387,846,1996,1080,1571,498,607,639,1383,474,1960,0,0,0,0,0,0,0,0,0,0,0,0,0,0,0,0,16239,0,2,0,0,0,0
2021-01-14T23:59:59+01:00,186,141,728,808,632,889,609,1312,719,1011,327,429,527,1193,426,1740,0,0,0,0,0,0,0,0,0,0,0,0,0,0,0,0,11677,0,0,0,0,0,0
2021-01-13T23:59:59+01:00,159,114,607,635,502,703,497,1037,565,785,274,350,440,1014,371,1479,0,0,0,0,0,0,0,0,0,0,0,0,0,0,0,0,9532,0,0,0,0,0,0
2021-01-12T23:59:59+01:00,145,94,531,542,432,609,443,922,495,698,248,313,368,840,315,1202,0,0,0,0,0,0,0,0,0,0,0,0,0,0,0,0,8197,0,0,0,0,0,0
2021-01-11T23:59:59+01:00,116,72,427,440,351,492,354,732,390,539,215,261,304,704,256,1005,0,0,0,0,0,0,0,0,0,0,0,0,0,0,0,0,6658,0,0,0,0,0,0
2021-01-10T23:59:59+01:00,100,57,353,363,286,407,298,637,325,477,186,227,240,559,204,779,0,0,0,0,0,0,0,0,0,0,0,0,0,0,0,0,5498,0,0,0,0,0,0
2021-01-09T23:59:59+01:00,100,55,335,344,263,383,291,623,317,471,185,226,239,557,204,779,0,0,0,0,0,0,0,0,0,0,0,0,0,0,0,0,5372,0,0,0,0,0,0
2021-01-08T23:59:59+01:00,94,50,295,310,223,342,267,591,289,444,169,207,218,490,186,694,0,0,0,0,0,0,0,0,0,0,0,0,0,0,0,0,4869,0,0,0,0,0,0
2021-01-07T23:59:59+01:00,77,31,202,207,162,245,204,425,224,311,140,163,164,321,116,434,0,0,0,0,0,0,0,0,0,0,0,0,0,0,0,0,3426,0,0,0,0,0,0
2021-01-06T23:59:59+01:00,64,19,148,125,115,160,150,300,165,216,107,131,124,249,80,304,0,0,0,0,0,0,0,0,0,0,0,0,0,0,0,0,2457,0,0,0,0,0,0
2021-01-05T23:59:59+01:00,39,9,89,78,62,95,85,211,110,140,102,120,116,231,79,281,0,0,0,0,0,0,0,0,0,0,0,0,0,0,0,0,1847,0,0,0,0,0,0
2021-01-04T23:59:59+01:00,38,9,89,78,59,93,85,211,110,140,102,119,116,231,79,281,0,0,0,0,0,0,0,0,0,0,0,0,0,0,0,0,1840,0,0,0,0,0,0
2021-01-03T23:59:59+01:00,38,9,89,78,59,93,85,211,110,140,102,119,116,231,79,281,0,0,0,0,0,0,0,0,0,0,0,0,0,0,0,0,1840,0,0,0,0,0,0
2021-01-02T23:59:59+01:00,38,9,89,78,59,93,85,211,110,140,102,119,116,231,79,281,0,0,0,0,0,0,0,0,0,0,0,0,0,0,0,0,1840,0,0,0,0,0,0
2021-01-01T23:59:59+01:00,38,9,89,78,59,93,85,211,110,139,102,119,116,231,79,281,0,0,0,0,0,0,0,0,0,0,0,0,0,0,0,0,1839,0,0,0,0,0,0
2020-12-31T23:59:59+01:00,38,9,89,78,59,93,85,211,110,139,102,119,116,231,79,281,0,0,0,0,0,0,0,0,0,0,0,0,0,0,0,0,1839,0,0,0,0,0,0
2020-12-30T23:59:59+01:00,38,9,89,78,58,93,85,211,110,139,102,119,116,231,79,281,0,0,0,0,0,0,0,0,0,0,0,0,0,0,0,0,1838,0,0,0,0,0,0
2020-12-29T23:59:59+01:00,20,5,63,58,35,57,49,136,62,89,47,50,68,141,49,190,0,0,0,0,0,0,0,0,0,0,0,0,0,0,0,0,1119,0,0,0,0,0,0
2020-12-28T23:59:59+01:00,8,4,37,26,20,28,20,68,23,41,23,22,25,50,29,76,0,0,0,0,0,0,0,0,0,0,0,0,0,0,0,0,500,0,0,0,0,0,0
2020-12-27T23:59:59+01:00,2,0,7,5,6,2,1,5,0,2,0,1,2,3,4,5,0,0,0,0,0,0,0,0,0,0,0,0,0,0,0,0,45,0,0,0,0,0,0
