Datum,<15_1_m,<15_1_w,15-24_1_m,15-24_1_w,25-34_1_m,25-34_1_w,35-44_1_m,35-44_1_w,45-54_1_m,45-54_1_w,55-64_1_m,55-64_1_w,65-74_1_m,65-74_1_w,75-84_1_m,75-84_1_w,>84_1_m,>84_1_w,<15_2_m,<15_2_w,15-24_2_m,15-24_2_w,25-34_2_m,25-34_2_w,35-44_2_m,35-44_2_w,45-54_2_m,45-54_2_w,55-64_2_m,55-64_2_w,65-74_2_m,65-74_2_w,75-84_2_m,75-84_2_w,>84_2_m,>84_2_w,bp_1,bp_2,mo_1,mo_2,az_1,az_2,ja,unb_1,unb_2
2021-11-02T23:59:59+01:00,12519,11847,72562,72287,114021,110204,102859,101792,98345,103436,96277,97872,57261,70969,44702,62059,11088,22537,10105,9781,65791,66009,106759,102867,96860,95464,93411,98194,92515,94086,55551,68879,43536,60247,10622,21390,865691,813369,138012,132651,158815,145850,99958,239,239
2021-11-01T23:59:59+01:00,12439,11775,72351,72133,113783,110027,102652,101650,98184,103320,96197,97818,57241,70935,44689,62039,11085,22532,10048,9720,65640,65865,106623,102735,96750,95370,93333,98109,92456,94031,55530,68847,43524,60229,10619,21383,864115,812319,137926,132574,158812,145845,99835,239,239
2021-10-31T23:59:59+01:00,12402,11751,72224,72050,113627,109953,102500,101561,98095,103263,96158,97788,57229,70928,44687,62035,11085,22531,10015,9702,65551,65825,106538,102679,96687,95332,93296,98085,92433,94015,55522,68842,43522,60227,10616,21379,863294,811926,137882,132542,158811,145841,99718,239,239
2021-10-30T23:59:59+02:00,12372,11732,72110,71970,113432,109863,102367,101474,97983,103162,96097,97760,57217,70910,44681,62028,11084,22528,9985,9695,65472,65769,106453,102621,96618,95285,93252,98038,92409,94004,55517,68837,43520,60223,10613,21376,862350,811517,137845,132490,158810,145838,99603,239,239
2021-10-29T23:59:59+02:00,12333,11692,71930,71844,113182,109691,102143,101326,97824,103066,96012,97709,57204,70899,44676,62018,11084,22524,9948,9664,65342,65657,106306,102519,96506,95197,93162,97963,92352,93962,55504,68824,43517,60218,10613,21376,861018,810730,137779,132435,158808,145836,99390,239,239
2021-10-28T23:59:59+02:00,12245,11634,71719,71668,112886,109444,101915,101157,97652,102922,95909,97627,57180,70867,44665,62001,11082,22518,9880,9607,65146,65452,106112,102318,96347,95030,93043,97844,92267,93916,55478,68774,43509,60199,10612,21369,859317,809363,137696,132359,158805,145831,99111,239,239
2021-10-27T23:59:59+02:00,12193,11575,71560,71507,112696,109246,101751,101019,97532,102812,95821,97569,57154,70825,44645,61977,11080,22513,9800,9542,64995,65297,105981,102195,96238,94934,92960,97756,92210,93862,55446,68735,43497,60176,10606,21357,857942,808308,137615,132266,158803,145821,98953,239,239
2021-10-26T23:59:59+02:00,12121,11491,71337,71292,112471,109049,101565,100889,97396,102706,95748,97506,57121,70799,44632,61958,11079,22506,9730,9457,64803,65106,105813,102049,96109,94797,92867,97676,92138,93797,55423,68698,43482,60145,10603,21347,856410,807018,137523,132192,158800,145820,98771,239,239
2021-10-25T23:59:59+02:00,12079,11469,71218,71201,112354,108946,101475,100815,97316,102640,95714,97474,57115,70791,44631,61950,11076,22503,9715,9442,64725,65040,105748,102002,96075,94765,92829,97650,92115,93784,55417,68691,43481,60143,10603,21343,855641,806664,137486,132169,158799,145817,98679,239,239
2021-10-24T23:59:59+02:00,12007,11407,71038,71032,112091,108770,101298,100653,97166,102514,95634,97396,57087,70753,44619,61942,11075,22500,9654,9387,64533,64852,105553,101844,95930,94641,92725,97548,92059,93726,55386,68654,43473,60119,10601,21339,854180,805468,137421,132082,158798,145814,98421,239,239
2021-10-23T23:59:59+02:00,11982,11380,70935,70948,111965,108672,101202,100571,97106,102465,95588,97372,57075,70740,44618,61941,11075,22500,9619,9348,64454,64765,105458,101784,95868,94587,92670,97495,92027,93698,55369,68643,43472,60116,10600,21339,853495,804927,137375,132028,158797,145812,98306,239,239
2021-10-22T23:59:59+02:00,11908,11338,70776,70816,111747,108518,101045,100454,96992,102367,95528,97319,57064,70723,44615,61932,11075,22498,9530,9263,64286,64587,105281,101642,95739,94470,92574,97411,91974,93645,55356,68632,43469,60103,10599,21337,852362,803821,137313,131953,158797,145805,98080,239,239
2021-10-21T23:59:59+02:00,11780,11212,70588,70662,111577,108338,100881,100291,96843,102254,95443,97256,57040,70689,44600,61908,11070,22485,9434,9144,64068,64368,105093,101428,95587,94274,92453,97300,91901,93574,55331,68596,43456,60074,10597,21327,850816,802230,137248,131844,158793,145795,97897,239,239
2021-10-20T23:59:59+02:00,11737,11166,70468,70535,111433,108204,100774,100206,96754,102174,95384,97201,57010,70652,44585,61889,11065,22469,9314,9049,63877,64188,104970,101270,95477,94136,92358,97195,91829,93523,55302,68542,43430,60041,10581,21298,849769,800782,137198,131784,158792,145791,97784,239,239
2021-10-19T23:59:59+02:00,11636,11074,70330,70402,111306,108081,100691,100130,96689,102117,95330,97149,56987,70617,44575,61869,11061,22454,9220,8956,63660,63987,104806,101112,95363,94014,92279,97099,91779,93466,55270,68500,43413,60000,10571,21283,848722,799383,137149,131699,158790,145784,97674,239,238
2021-10-18T23:59:59+02:00,11587,11037,70214,70314,111180,107983,100601,100054,96635,102066,95283,97103,56960,70575,44550,61834,11052,22438,9171,8906,63519,63841,104687,100950,95268,93900,92214,97019,91721,93411,55245,68470,43400,59974,10567,21280,847912,798314,137022,131628,158787,145781,97582,239,238
2021-10-17T23:59:59+02:00,11544,10997,70068,70186,111061,107873,100502,99980,96588,102013,95246,97052,56937,70553,44544,61819,11050,22433,9117,8854,63287,63587,104527,100808,95143,93766,92119,96936,91665,93350,55222,68439,43391,59956,10563,21274,847042,796980,136975,131532,158786,145774,97480,239,238
2021-10-16T23:59:59+02:00,11525,10976,70012,70138,111007,107829,100478,99955,96555,101986,95228,97043,56936,70550,44543,61817,11048,22433,9088,8822,63193,63500,104462,100753,95095,93705,92088,96905,91644,93332,55217,68433,43389,59953,10563,21273,846712,796489,136965,131482,158786,145773,97433,239,238
2021-10-15T23:59:59+02:00,11470,10936,69901,70054,110896,107739,100411,99881,96499,101933,95200,97011,56929,70548,44542,61810,11047,22433,9038,8746,63057,63316,104352,100640,95004,93605,92010,96824,91596,93294,55208,68411,43383,59942,10563,21271,846020,795510,136941,131410,158785,145771,97331,239,238
2021-10-14T23:59:59+02:00,11367,10840,69723,69875,110767,107598,100299,99789,96408,101854,95149,96955,56908,70512,44529,61785,11043,22428,8912,8608,62762,63032,104203,100431,94861,93408,91890,96693,91522,93217,55170,68360,43365,59915,10559,21263,844786,793650,136866,131288,158783,145765,97230,239,238
2021-10-13T23:59:59+02:00,11270,10774,69586,69765,110662,107497,100213,99698,96332,101775,95100,96900,56874,70472,44514,61755,11038,22412,8874,8572,62599,62885,104071,100292,94757,93264,91805,96607,91463,93147,55132,68317,43344,59885,10550,21253,843800,792522,136804,131213,158781,145756,97088,239,238
2021-10-12T23:59:59+02:00,11130,10667,69406,69632,110568,107385,100120,99607,96274,101717,95060,96854,56859,70440,44505,61739,11034,22405,8812,8525,62440,62723,103942,100164,94642,93143,91718,96538,91404,93091,55080,68283,43332,59863,10546,21241,842744,791376,136742,131152,158778,145750,96974,238,235
2021-10-11T23:59:59+02:00,11059,10605,69262,69518,110456,107282,100035,99530,96215,101642,95005,96814,56831,70413,44486,61719,11029,22392,8774,8492,62266,62555,103817,100039,94548,93046,91646,96451,91355,93044,55044,68240,43317,59837,10537,21233,841800,790319,136674,131066,158775,145741,96880,238,235
2021-10-10T23:59:59+02:00,10988,10554,69107,69407,110322,107145,99944,99440,96147,101566,94960,96778,56813,70393,44480,61705,11021,22387,8738,8458,62080,62407,103657,99881,94444,92914,91556,96347,91278,93002,55018,68216,43308,59824,10534,21224,840870,789187,136625,131006,158771,145731,96727,238,235
2021-10-09T23:59:59+02:00,10963,10538,69022,69349,110258,107101,99906,99400,96111,101534,94945,96764,56807,70387,44479,61704,11021,22387,8703,8417,61991,62329,103573,99805,94387,92856,91514,96302,91257,92981,55012,68205,43303,59816,10533,21223,840495,788646,136596,130947,158769,145727,96652,238,235
2021-10-08T23:59:59+02:00,10890,10484,68880,69252,110123,106998,99836,99309,96047,101487,94899,96718,56795,70371,44476,61701,11021,22386,8642,8330,61821,62142,103440,99655,94274,92740,91430,96208,91209,92941,54995,68192,43297,59807,10531,21222,839676,787545,136548,130860,158768,145720,96516,238,235
2021-10-07T23:59:59+02:00,10811,10408,68684,69075,109955,106829,99704,99169,95962,101370,94826,96652,56773,70335,44463,61681,11017,22375,8512,8206,61539,61889,103246,99436,94126,92524,91322,96074,91135,92868,54963,68143,43282,59775,10524,21212,838327,785740,136478,130736,158766,145712,96353,238,235
2021-10-06T23:59:59+02:00,10743,10352,68516,68935,109831,106694,99612,99063,95879,101311,94781,96601,56732,70292,44450,61660,11014,22361,8469,8156,61356,61718,103111,99290,94015,92409,91247,95975,91060,92793,54932,68102,43268,59748,10519,21195,837286,784559,136413,130672,158765,145701,96196,238,235
2021-10-05T23:59:59+02:00,10638,10264,68344,68798,109688,106554,99503,98937,95816,101234,94736,96547,56715,70265,44441,61624,11009,22348,8435,8113,61159,61545,102961,99104,93900,92259,91151,95890,90999,92721,54905,68058,43254,59731,10517,21182,836141,783300,136342,130606,158764,145696,96047,238,235
2021-10-04T23:59:59+02:00,10601,10235,68176,68632,109530,106411,99415,98832,95728,101151,94685,96490,56681,70219,44427,61594,11007,22326,8403,8080,61006,61363,102823,98970,93769,92139,91062,95798,90939,92672,54870,68016,43230,59697,10511,21162,835102,782201,136269,130547,158762,145686,95841,237,235
2021-10-03T23:59:59+02:00,10536,10181,67968,68453,109365,106258,99296,98726,95642,101054,94620,96436,56650,70186,44419,61569,11007,22323,8342,8045,60805,61208,102635,98795,93631,91980,90965,95687,90864,92615,54834,67972,43213,59672,10509,21154,833958,780942,136196,130461,158758,145677,95611,237,235
2021-10-02T23:59:59+02:00,10511,10155,67865,68354,109278,106192,99233,98664,95592,101005,94598,96415,56639,70168,44419,61568,11006,22321,8302,8011,60688,61093,102562,98721,93564,91914,90918,95640,90838,92593,54827,67955,43212,59668,10508,21154,833419,780353,136133,130414,158756,145657,95509,237,235
2021-10-01T23:59:59+02:00,10426,10053,67711,68189,109093,106048,99109,98552,95511,100935,94543,96375,56622,70150,44416,61556,11004,22319,8190,7902,60491,60865,102393,98567,93435,91772,90812,95531,90777,92536,54810,67926,43209,59659,10507,21151,832337,779071,136074,130328,158754,145618,95281,237,235
2021-09-30T23:59:59+02:00,10348,9982,67484,67968,108885,105812,98932,98360,95377,100792,94450,96275,56587,70104,44398,61525,11000,22304,8081,7781,60239,60600,102189,98358,93249,91562,90673,95383,90688,92443,54782,67877,43194,59626,10497,21136,830725,777387,135984,130210,158748,145569,94957,237,235
2021-09-29T23:59:59+02:00,10270,9927,67287,67779,108690,105612,98780,98199,95254,100682,94366,96204,56546,70049,44382,61490,10995,22285,8024,7722,60062,60433,102002,98181,93113,91397,90560,95277,90617,92362,54749,67829,43175,59580,10494,21121,829321,776154,135919,130131,158744,145534,94644,237,235
2021-09-28T23:59:59+02:00,10186,9850,67099,67572,108488,105448,98632,98044,95144,100572,94281,96126,56506,70010,44370,61452,10988,22258,7974,7675,59874,60249,101814,98028,92980,91263,90437,95148,90538,92293,54718,67792,43158,59552,10485,21106,827937,774982,135857,130045,158742,145501,94321,237,235
2021-09-27T23:59:59+02:00,10057,9718,66855,67323,108279,105276,98499,97895,95057,100462,94204,96054,56478,69963,44357,61422,10983,22247,7936,7621,59669,60062,101632,97893,92842,91126,90335,95036,90467,92217,54681,67736,43136,59526,10477,21095,826541,773921,135772,129965,158741,145460,93906,237,235
2021-09-26T23:59:59+02:00,9936,9624,66615,67091,108049,105084,98333,97750,94938,100338,94120,95973,56440,69930,44343,61399,10978,22234,7883,7575,59430,59865,101430,97712,92697,90963,90228,94918,90394,92141,54652,67708,43122,59498,10472,21080,825106,772789,135692,129870,158735,145401,93473,237,235
2021-09-25T23:59:59+02:00,9898,9583,66496,66968,107946,104994,98260,97690,94881,100286,94089,95944,56436,69922,44341,61396,10977,22234,7843,7536,59318,59748,101328,97619,92616,90893,90188,94852,90358,92119,54640,67697,43118,59494,10472,21080,824553,772240,135631,129818,158735,145373,93253,237,235
2021-09-24T23:59:59+02:00,9837,9522,66336,66784,107777,104824,98113,97542,94761,100182,94021,95890,56421,69905,44333,61383,10977,22232,7745,7426,59101,59518,101145,97428,92488,90746,90079,94745,90275,92053,54619,67675,43115,59489,10471,21077,823531,771053,135560,129752,158735,145311,92844,237,235
2021-09-23T23:59:59+02:00,9745,9399,66013,66450,107514,104572,97920,97312,94601,100018,93918,95780,56376,69846,44309,61354,10971,22203,7629,7307,58805,59236,100903,97198,92300,90536,89944,94595,90179,91949,54570,67626,43093,59461,10470,21054,821739,769513,135439,129642,158729,145242,92223,237,235
2021-09-22T23:59:59+02:00,9674,9319,65679,66127,107311,104356,97724,97106,94445,99883,93790,95683,56329,69777,44275,61310,10960,22181,7573,7266,58627,59057,100724,97030,92121,90399,89828,94477,90072,91873,54536,67581,43065,59430,10464,21039,819990,768487,135327,129565,158724,145159,91716,237,235
2021-09-21T23:59:59+02:00,9587,9231,65450,65880,107102,104176,97551,96948,94330,99774,93710,95613,56279,69726,44256,61267,10953,22167,7535,7230,58434,58875,100532,96874,91980,90268,89740,94388,89983,91799,54497,67524,43044,59391,10455,21021,818534,767441,135245,129470,158721,145096,91328,237,235
2021-09-20T23:59:59+02:00,9526,9174,65167,65573,106906,103993,97392,96780,94224,99677,93645,95537,56239,69683,44235,61224,10948,22156,7478,7175,58244,58722,100350,96730,91829,90115,89599,94289,89904,91728,54451,67487,43017,59355,10449,21005,817118,766448,135166,129388,158715,144949,90907,237,235
2021-09-19T23:59:59+02:00,9475,9130,64888,65399,106677,103800,97242,96611,94084,99576,93542,95461,56210,69630,44225,61200,10946,22145,7440,7133,58003,58526,100106,96555,91644,89949,89415,94118,89787,91646,54414,67426,42999,59321,10448,20992,815794,765251,135083,129270,158711,144686,90480,237,235
2021-09-18T23:59:59+02:00,9442,9085,64794,65296,106558,103704,97132,96524,94017,99506,93508,95433,56202,69621,44221,61195,10944,22144,7400,7093,57881,58406,100000,96456,91522,89868,89345,94055,89751,91616,54404,67421,42992,59318,10446,20988,815222,764618,134992,129205,158709,144674,90230,237,235
2021-09-17T23:59:59+02:00,9363,8998,64599,65136,106381,103546,96963,96371,93888,99408,93436,95357,56186,69594,44210,61189,10938,22138,7309,6994,57675,58171,99813,96295,91367,89749,89228,93949,89674,91554,54389,67395,42984,59311,10446,20985,814119,763487,134903,129108,158705,144657,89801,237,235
2021-09-16T23:59:59+02:00,9273,8890,64320,64836,106102,103289,96729,96134,93700,99231,93334,95266,56135,69539,44197,61161,10931,22124,7218,6883,57424,57901,99542,96066,91174,89537,89053,93787,89572,91467,54343,67344,42962,59290,10441,20974,812313,761984,134814,128972,158695,144594,89195,237,233
2021-09-15T23:59:59+02:00,9203,8835,63968,64542,105902,103077,96522,95942,93566,99071,93232,95180,56098,69482,44162,61130,10926,22097,7169,6834,57248,57742,99349,95905,91006,89381,88949,93675,89468,91402,54311,67297,42937,59257,10437,20958,810570,760938,134760,128855,158691,144560,88739,237,233
2021-09-14T23:59:59+02:00,9161,8786,63679,64334,105666,102861,96324,95761,93434,98932,93116,95094,56052,69424,44137,61092,10921,22081,7127,6798,57045,57560,99170,95719,90837,89217,88816,93564,89388,91330,54274,67257,42915,59230,10432,20943,809039,759897,134690,128764,158683,144461,88268,237,232
2021-09-13T23:59:59+02:00,9125,8752,63383,64069,105437,102631,96155,95594,93290,98797,93030,94997,56001,69370,44120,61059,10914,22069,7095,6761,56839,57376,98972,95529,90684,89061,88683,93458,89302,91256,54237,67213,42895,59201,10429,20926,807533,758804,134600,128650,158673,144419,87812,237,232
2021-09-12T23:59:59+02:00,9072,8704,63076,63824,105191,102384,95944,95366,93129,98669,92933,94916,55950,69320,44103,61028,10910,22058,7057,6731,56640,57215,98729,95321,90516,88892,88551,93342,89205,91180,54194,67156,42873,59173,10425,20909,806002,757777,134501,128522,158669,144348,87230,237,232
2021-09-11T23:59:59+02:00,9025,8671,62955,63692,105047,102266,95841,95256,93044,98591,92894,94884,55935,69306,44098,61016,10910,22057,7004,6705,56494,57125,98578,95216,90417,88794,88453,93276,89168,91154,54184,67137,42869,59163,10425,20908,805316,757184,134446,128442,158668,144329,86883,237,232
2021-09-10T23:59:59+02:00,8931,8560,62714,63428,104847,102054,95669,95066,92899,98465,92800,94812,55901,69277,44084,60998,10910,22055,6924,6627,56248,56916,98380,95031,90235,88611,88320,93147,89084,91083,54162,67116,42856,59144,10425,20904,803928,756024,134383,128325,158666,144314,86318,237,232
2021-09-09T23:59:59+02:00,8833,8460,62399,63151,104570,101735,95433,94778,92723,98240,92665,94697,55861,69212,44063,60969,10900,22034,6821,6524,55994,56692,98127,94783,90007,88379,88160,92993,88941,90999,54119,67067,42835,59115,10419,20898,801957,754611,134278,128139,158662,144240,85651,237,232
2021-09-08T23:59:59+02:00,8773,8409,62177,62918,104350,101499,95242,94557,92555,98073,92551,94567,55826,69145,44029,60929,10887,22010,6790,6494,55834,56536,97939,94576,89847,88184,88002,92850,88822,90894,54081,67005,42799,59073,10407,20864,800473,753596,134171,127991,158653,144153,85025,237,232
2021-09-07T23:59:59+02:00,8722,8356,61938,62700,104127,101262,95058,94368,92411,97932,92450,94490,55792,69095,44000,60873,10877,21987,6744,6458,55638,56369,97722,94381,89662,88020,87872,92741,88725,90804,54039,66959,42774,59041,10402,20845,798983,752511,134065,127863,158649,144025,84566,237,231
2021-09-06T23:59:59+02:00,8681,8313,61732,62524,103923,101089,94919,94209,92293,97802,92361,94415,55735,69037,43978,60845,10870,21954,6702,6421,55466,56201,97522,94216,89493,87863,87745,92614,88626,90724,53987,66910,42753,58996,10392,20821,797740,751401,133974,127728,158639,143940,84152,237,231
2021-09-05T23:59:59+02:00,8620,8263,61519,62320,103757,100903,94763,94039,92170,97690,92284,94347,55708,68996,43968,60824,10865,21947,6649,6365,55261,55999,97324,94017,89305,87701,87604,92487,88543,90638,53938,66860,42736,58973,10387,20805,796553,750233,133893,127557,158636,143845,83726,237,231
2021-09-04T23:59:59+02:00,8569,8233,61402,62210,103668,100805,94661,93953,92113,97622,92249,94322,55698,68985,43961,60814,10865,21946,6621,6321,55136,55884,97204,93891,89188,87602,87536,92406,88494,90604,53923,66849,42730,58962,10387,20804,795956,749582,133845,127434,158632,143827,83468,237,231
2021-09-03T23:59:59+02:00,8491,8158,61212,62025,103497,100650,94510,93808,92008,97509,92177,94271,55670,68958,43953,60799,10863,21938,6554,6255,54928,55700,97004,93674,88997,87407,87391,92235,88401,90526,53891,66815,42719,58943,10383,20801,794843,748331,133791,127207,158624,143791,83064,237,231
2021-09-02T23:59:59+02:00,8372,8068,60956,61778,103242,100406,94312,93589,91822,97347,92059,94172,55624,68901,43930,60764,10858,21916,6456,6173,54660,55441,96706,93393,88753,87135,87169,92028,88257,90410,53846,66733,42688,58892,10373,20764,793192,746670,133680,126850,158613,143671,82455,237,231
2021-09-01T23:59:59+02:00,8307,7986,60744,61564,103045,100235,94163,93438,91704,97222,91953,94098,55580,68851,43912,60740,10850,21898,6399,6110,54404,55219,96478,93172,88558,86921,86991,91862,88117,90300,53781,66644,42650,58848,10363,20743,791940,745218,133605,126591,158597,143552,81972,237,227
2021-08-31T23:59:59+02:00,8226,7911,60536,61315,102841,100052,93987,93280,91581,97107,91830,94016,55535,68800,43886,60700,10840,21882,6337,6040,54150,54960,96207,92925,88341,86688,86834,91702,87955,90195,53737,66571,42624,58793,10355,20724,790575,743721,133525,126284,158586,143443,81463,237,227
2021-08-30T23:59:59+02:00,8130,7835,60332,61129,102664,99908,93867,93147,91464,97004,91761,93937,55502,68772,43870,60666,10835,21866,6265,5975,53899,54766,95965,92692,88128,86459,86655,91560,87828,90070,53680,66493,42583,58730,10338,20695,789460,742283,133467,125971,158579,143296,81006,237,225
2021-08-29T23:59:59+02:00,8054,7757,60056,60887,102425,99711,93684,92974,91326,96887,91671,93847,55457,68722,43846,60636,10833,21857,6157,5864,53547,54457,95647,92400,87839,86201,86421,91364,87674,89944,53612,66418,42553,58690,10332,20678,788100,740374,133376,125635,158564,143151,80413,237,225
2021-08-28T23:59:59+02:00,7997,7690,59915,60775,102317,99602,93581,92890,91241,96812,91626,93817,55443,68709,43838,60632,10832,21855,6118,5797,53368,54308,95485,92267,87705,86090,86310,91276,87605,89901,53595,66397,42544,58683,10330,20677,787476,739554,133337,125530,158560,143125,80022,237,225
2021-08-27T23:59:59+02:00,7931,7605,59730,60581,102146,99434,93440,92763,91129,96705,91539,93759,55421,68680,43829,60615,10831,21852,6039,5726,53124,54060,95189,91989,87483,85883,86134,91119,87497,89802,53552,66361,42529,58657,10325,20674,786486,737971,133275,125329,158522,143088,79530,237,225
2021-08-26T23:59:59+02:00,7846,7506,59488,60333,101916,99216,93220,92538,90949,96524,91434,93662,55371,68617,43796,60588,10825,21840,5967,5659,52783,53772,94820,91637,87146,85573,85893,90860,87340,89670,53487,66272,42483,58614,10318,20662,785002,736043,133177,124921,158499,142955,78814,237,223
2021-08-25T23:59:59+02:00,7773,7416,59257,60136,101744,99075,93070,92356,90829,96402,91325,93582,55332,68565,43762,60544,10820,21817,5895,5599,52477,53522,94517,91382,86921,85328,85695,90672,87207,89544,53420,66187,42435,58546,10312,20631,783785,734310,133095,124611,158489,142887,78260,236,222
2021-08-24T23:59:59+02:00,7723,7364,59037,59917,101558,98902,92904,92194,90717,96275,91240,93511,55294,68511,43735,60501,10814,21792,5850,5532,52153,53262,94166,91098,86620,85078,85485,90483,87056,89384,53335,66092,42387,58480,10304,20609,782646,732496,133003,124308,158482,142666,77682,236,222
2021-08-23T23:59:59+02:00,7667,7310,58830,59708,101388,98744,92774,92033,90622,96190,91164,93426,55256,68469,43706,60475,10810,21774,5787,5470,51830,52991,93825,90817,86375,84802,85290,90312,86921,89257,53257,66000,42353,58430,10297,20591,781491,730597,132930,124020,158472,142490,77277,236,221
2021-08-22T23:59:59+02:00,7595,7254,58636,59524,101184,98583,92615,91897,90527,96074,91085,93359,55220,68423,43692,60451,10804,21760,5706,5387,51460,52639,93423,90416,86066,84497,85053,90085,86751,89133,53178,65894,42321,58369,10289,20570,780461,728281,132827,123706,158460,142274,76759,236,217
2021-08-21T23:59:59+02:00,7542,7216,58500,59400,101048,98478,92509,91793,90428,96013,91027,93324,55200,68401,43684,60434,10802,21757,5514,5199,51124,52338,93255,90267,85896,84339,84906,89960,86665,89070,53147,65870,42311,58353,10288,20564,779782,726752,132751,123477,158459,142232,76388,236,217
2021-08-20T23:59:59+02:00,7490,7164,58344,59226,100876,98325,92361,91659,90313,95889,90951,93262,55178,68376,43674,60417,10800,21752,5388,5097,50788,51990,92993,89996,85633,84105,84691,89755,86531,88958,53116,65829,42288,58329,10281,20557,778831,724778,132701,123268,158453,142166,75896,236,217
2021-08-19T23:59:59+02:00,7423,7104,58096,58991,100600,98098,92154,91467,90154,95723,90823,93159,55135,68317,43649,60386,10793,21738,5271,4972,50346,51550,92561,89593,85227,83698,84379,89441,86317,88775,53045,65721,42249,58267,10271,20539,777466,722069,132568,122823,158446,141960,75154,236,216
2021-08-18T23:59:59+02:00,7359,7049,57908,58830,100413,97918,92007,91304,90015,95601,90722,93063,55068,68253,43620,60341,10783,21718,5176,4872,49991,51177,92182,89262,84904,83366,84100,89191,86126,88602,52931,65606,42178,58175,10256,20510,776305,719663,132479,122432,158439,141720,74574,235,216
2021-08-17T23:59:59+02:00,7297,6998,57718,58671,100220,97743,91841,91154,89893,95470,90625,92971,55029,68206,43596,60313,10781,21703,5056,4739,49494,50752,91731,88841,84502,83009,83770,88896,85919,88399,52828,65481,42120,58098,10250,20486,775186,716635,132375,122022,158426,141430,74068,234,216
2021-08-16T23:59:59+02:00,7238,6932,57534,58492,100016,97568,91693,90994,89751,95352,90510,92874,54977,68144,43566,60262,10774,21689,4846,4555,48924,50170,91255,88386,84033,82609,83436,88602,85689,88194,52724,65367,42061,58020,10241,20449,774011,713084,132284,121579,158419,141204,73478,234,216
2021-08-15T23:59:59+02:00,7172,6884,57311,58301,99831,97384,91535,90851,89626,95246,90422,92815,54940,68103,43546,60233,10770,21682,4447,4156,47802,49023,90612,87696,83477,82064,83043,88214,85402,87988,52616,65245,42017,57961,10232,20430,772923,707265,132172,120949,158411,141024,72972,234,215
2021-08-14T23:59:59+02:00,7140,6851,57189,58211,99688,97283,91428,90775,89538,95177,90371,92770,54925,68087,43541,60226,10769,21681,4418,4133,47646,48879,90380,87522,83262,81856,82918,88113,85332,87944,52588,65214,42008,57950,10231,20428,772393,706446,132115,120625,158406,140974,72562,234,215
2021-08-13T23:59:59+02:00,7093,6806,57033,58077,99529,97155,91298,90637,89432,95062,90290,92706,54895,68036,43527,60202,10767,21674,4359,4072,47338,48556,89898,87116,82859,81478,82654,87880,85160,87803,52545,65146,41986,57925,10228,20416,771554,704205,132056,120067,158399,140894,72038,232,215
2021-08-12T23:59:59+02:00,7058,6756,56827,57913,99314,96978,91124,90472,89287,94920,90195,92625,54857,67983,43501,60168,10759,21657,4307,4009,46917,48161,89247,86545,82277,80928,82276,87552,84931,87624,52471,65044,41933,57866,10218,20398,770485,701219,131952,119229,158387,140644,71398,232,214
2021-08-11T23:59:59+02:00,7022,6701,56639,57742,99103,96798,90966,90332,89155,94803,90084,92523,54806,67923,43470,60129,10749,21642,4233,3960,46498,47698,88616,85892,81693,80418,81939,87244,84660,87381,52383,64902,41861,57741,10199,20349,769355,698029,131854,118272,158364,140308,70845,229,213
2021-08-10T23:59:59+02:00,6961,6653,56452,57575,98881,96648,90808,90181,89027,94689,90000,92446,54762,67876,43454,60089,10745,21629,4168,3895,46058,47220,87968,85260,81084,79874,81528,86863,84414,87162,52262,64793,41801,57658,10185,20318,768288,694663,131759,117329,158345,139991,70315,229,213
2021-08-09T23:59:59+02:00,6909,6594,56279,57414,98688,96493,90653,90044,88887,94591,89890,92382,54722,67827,43429,60054,10738,21614,4099,3817,45489,46652,87135,84583,80396,79286,81114,86513,84123,86938,52149,64661,41745,57557,10171,20276,767257,690822,131686,116267,158335,139644,69761,229,210
2021-08-08T23:59:59+02:00,6838,6525,56055,57225,98476,96303,90474,89878,88750,94469,89795,92306,54667,67780,43403,60020,10731,21594,4043,3756,44885,46037,86065,83641,79493,78475,80569,86035,83791,86637,52015,64507,41681,57467,10158,20250,766035,685687,131572,115082,158315,139330,69197,229,209
2021-08-07T23:59:59+02:00,6794,6474,55911,57101,98335,96187,90345,89776,88655,94411,89733,92266,54648,67753,43400,60010,10728,21589,3582,3381,44044,45144,85725,83300,79016,78034,80207,85682,83610,86492,51952,64423,41660,57431,10153,20241,765363,681946,131510,113935,158311,139226,68762,229,208
2021-08-06T23:59:59+02:00,6738,6425,55719,56950,98104,96001,90192,89646,88528,94296,89635,92195,54608,67725,43391,59983,10725,21585,3198,2982,43121,44253,85254,82831,78430,77478,79817,85298,83419,86345,51900,64358,41634,57399,10145,20228,764394,677968,131411,112658,158304,139090,68167,229,207
2021-08-05T23:59:59+02:00,6671,6353,55399,56701,97800,95731,89929,89425,88314,94104,89464,92059,54543,67635,43362,59931,10716,21567,2681,2534,41872,43078,84516,82147,77645,76676,79220,84733,83061,86043,51770,64199,41574,57296,10130,20195,762729,672371,131283,111017,158291,138545,67231,229,206
2021-08-04T23:59:59+02:00,6590,6303,55153,56510,97535,95518,89739,89257,88172,93965,89345,91960,54490,67584,43324,59884,10712,21557,2609,2474,41385,42581,83272,81098,76295,75534,78729,84276,82741,85795,51629,64060,41517,57208,10114,20169,761428,667154,131175,109503,158277,138075,66548,229,206
2021-08-03T23:59:59+02:00,6524,6237,54894,56316,97300,95323,89561,89091,88028,93820,89198,91838,54413,67504,43287,59826,10704,21549,2554,2432,40944,42148,82028,79960,74869,74345,78119,83708,82194,85302,51416,63857,41416,57052,10101,20133,760042,661318,131070,107803,158252,137372,65879,229,206
2021-08-02T23:59:59+02:00,6462,6174,54656,56114,97037,95099,89338,88916,87855,93678,89054,91725,54330,67431,43254,59773,10701,21529,2503,2368,40460,41646,80697,78847,73315,73135,77489,83143,81652,84818,51246,63653,41341,56931,10084,20099,758604,655210,130920,106044,158230,136766,65203,228,204
2021-08-01T23:59:59+02:00,6395,6089,54386,55848,96770,94830,89101,88740,87651,93532,88889,91615,54261,67345,43217,59721,10694,21522,2424,2315,39940,41147,79403,77765,71901,72032,76594,82392,81066,84354,51056,63414,41252,56826,10073,20075,756994,649020,130724,104141,158204,136152,64516,225,200
2021-07-31T23:59:59+02:00,6359,6051,54263,55754,96648,94735,88999,88673,87560,93461,88844,91579,54249,67335,43211,59717,10694,21521,1900,1865,38978,40118,78952,77323,71364,71477,76210,82064,80951,84258,51037,63380,41236,56814,10073,20072,756510,644328,130554,103267,158201,136057,64220,225,200
2021-07-30T23:59:59+02:00,6305,6016,54084,55608,96489,94558,88840,88524,87428,93346,88761,91509,54212,67304,43198,59699,10692,21519,1433,1415,37965,39055,78243,76666,70605,70742,75696,81537,80550,83934,50960,63291,41202,56754,10067,20060,755606,638116,130238,102128,158196,135847,63885,224,199
2021-07-29T23:59:59+02:00,6254,5957,53845,55424,96230,94330,88626,88315,87256,93171,88621,91382,54152,67240,43175,59660,10683,21498,946,950,36713,37811,77184,75793,69554,69792,74888,80774,80012,83505,50828,63126,41136,56658,10050,20033,754358,630331,129756,100572,158179,135291,63360,223,199
2021-07-28T23:59:59+02:00,6217,5904,53641,55254,96021,94123,88474,88133,87143,93031,88509,91285,54094,67165,43141,59612,10673,21468,905,900,36099,37201,76014,74815,68275,68692,74126,80059,79521,83045,50687,62925,41067,56555,10034,19992,753173,623982,129310,99156,158162,134500,63077,223,197
2021-07-27T23:59:59+02:00,6167,5862,53405,55031,95760,93913,88290,87947,86985,92876,88385,91187,54041,67089,43100,59549,10659,21420,844,844,35440,36429,74550,73565,66821,67474,73260,79213,78978,82524,50513,62712,40988,56434,10009,19950,751752,616651,128879,97702,158139,133269,62730,223,196
2021-07-26T23:59:59+02:00,6110,5809,53185,54823,95515,93722,88094,87778,86821,92739,88256,91085,53981,67009,43071,59492,10652,21398,789,786,34669,35587,73030,72232,65450,66235,72214,78220,78385,81992,50341,62497,40910,56285,9987,19905,750402,608561,128455,96171,158122,132190,62396,222,196
2021-07-25T23:59:59+02:00,6072,5765,52976,54619,95260,93493,87918,87584,86663,92608,88148,90987,53930,66946,43043,59448,10642,21363,678,677,33965,34822,71682,71023,64339,65223,71214,77307,77909,81538,50223,62311,40845,56198,9981,19870,748995,601583,128180,94612,158100,131389,62025,222,196
2021-07-24T23:59:59+02:00,5985,5707,52701,54322,94950,93180,87672,87375,86488,92451,88048,90906,53901,66912,43031,59425,10642,21357,629,626,33454,34323,70812,70326,63672,64665,70335,76607,77705,81387,50168,62268,40823,56173,9981,19868,747117,597146,128127,93676,158099,131260,61544,222,196
2021-07-23T23:59:59+02:00,5932,5651,52427,54050,94547,92893,87370,87158,86306,92273,87906,90812,53866,66864,43023,59407,10639,21351,576,581,32922,33660,69745,69463,62892,63995,69431,75758,77303,81059,50093,62170,40791,56134,9974,19854,745055,591495,128053,92517,158093,131085,61108,222,196
2021-07-22T23:59:59+02:00,5862,5588,52008,53648,94064,92444,86983,86820,85995,91974,87695,90625,53781,66770,42994,59347,10631,21325,501,518,32206,32924,68429,68468,61844,63116,67815,74400,76647,80546,49941,61963,40699,56018,9953,19814,741993,585017,127819,89763,158067,130317,60510,221,195
2021-07-21T23:59:59+02:00,5809,5534,51635,53262,93628,92027,86674,86521,85739,91728,87520,90437,53696,66685,42935,59280,10620,21297,451,460,31585,32263,67094,67425,60753,62222,65774,72707,75743,79800,49651,61654,40539,55830,9929,19758,739179,578714,127578,85437,158036,129224,60068,221,195
2021-07-20T23:59:59+02:00,5750,5470,51245,52867,93165,91558,86307,86194,85472,91472,87296,90240,53604,66551,42886,59221,10613,21272,404,416,30922,31599,65628,66229,59623,61257,64596,71647,75127,79242,49445,61423,40433,55672,9905,19697,736205,571646,127356,83755,157981,128194,59475,221,195
2021-07-19T23:59:59+02:00,5673,5396,50773,52406,92694,91080,85936,85861,85224,91259,87090,90062,53511,66431,42850,59141,10595,21237,360,363,30373,31011,64463,65172,58705,60398,63444,70611,74525,78725,49271,61226,40342,55526,9877,19653,732931,565851,127127,81947,157946,127003,59049,221,195
2021-07-18T23:59:59+02:00,5604,5326,49948,51590,91618,90024,85204,85248,84743,90826,86796,89770,53405,66284,42787,59045,10585,21206,324,319,29825,30421,63273,64103,57781,59480,62268,69584,73975,78226,49123,61063,40284,55442,9865,19624,726457,560009,126796,79918,157929,126197,58662,220,194
2021-07-17T23:59:59+02:00,5430,5139,49594,51256,91475,89888,85008,85089,84584,90688,86688,89688,53385,66257,42776,59033,10584,21203,272,264,29434,30033,62629,63503,57223,59058,61514,68849,73668,77984,49012,60945,40245,55384,9855,19613,725276,556980,126618,78950,157925,125581,57780,220,194
2021-07-16T23:59:59+02:00,5329,5048,49268,50958,91211,89663,84761,84892,84385,90504,86550,89581,53343,66225,42758,59019,10581,21198,237,229,28931,29526,61686,62589,56377,58370,60461,67813,73167,77563,48850,60757,40198,55315,9850,19604,723893,552005,126445,77629,157917,124841,56854,219,194
2021-07-15T23:59:59+02:00,5193,4914,48790,50544,90810,89280,84402,84513,84081,90226,86328,89412,53262,66134,42704,58949,10571,21170,188,196,28202,28894,60369,61520,55245,57384,59047,66500,72431,76973,48619,60494,40109,55184,9834,19549,721411,546169,126026,75424,157882,123166,55785,218,194
2021-07-14T23:59:59+02:00,5087,4799,48433,50168,90505,88984,84111,84198,83832,89988,86129,89254,53173,66027,42646,58860,10554,21140,169,173,27666,28319,59271,60523,54276,56538,58171,65648,71822,76384,48351,60216,40003,55009,9811,19505,719238,540728,125667,74500,157838,121466,54967,217,194
2021-07-13T23:59:59+02:00,4975,4682,48023,49784,90108,88628,83806,83889,83562,89726,85923,89086,53063,65922,42591,58796,10548,21119,153,163,26994,27635,57899,59335,53083,55547,57182,64735,71095,75746,48073,59892,39874,54830,9779,19453,716862,534367,125294,73384,157782,119409,54115,216,193
2021-07-12T23:59:59+02:00,4804,4512,47467,49263,89712,88287,83409,83569,83312,89464,85734,88925,52983,65827,42543,58733,10536,21104,144,155,26358,26970,56396,57982,51796,54486,55959,63589,70350,75124,47698,59462,39698,54607,9737,19388,714130,527059,124926,72362,157720,117056,53230,216,192
2021-07-11T23:59:59+02:00,4410,4138,46517,48335,89281,87853,82994,83182,83002,89176,85536,88777,52896,65735,42517,58677,10525,21087,132,147,25754,26403,55019,56721,50501,53441,54918,62556,69755,74573,47351,59081,39573,54432,9712,19346,710161,520434,124455,71355,157680,115267,52168,212,191
2021-07-10T23:59:59+02:00,4397,4125,46185,47987,88828,87372,82663,82871,82896,89076,85470,88720,52875,65712,42508,58663,10524,21083,129,139,25264,25863,53927,55774,49640,52856,54318,61988,69540,74387,46983,58663,39473,54327,9707,19335,709488,516105,123987,71270,157504,113945,50802,211,191
2021-07-09T23:59:59+02:00,4377,4113,45763,47543,88206,86809,82285,82526,82646,88888,85356,88628,52839,65683,42501,58650,10520,21074,123,124,24559,25086,52599,54542,48696,51977,53539,61138,69118,73982,46624,58253,39385,54237,9700,19323,708060,509920,123400,70865,157340,112595,49434,210,191
2021-07-08T23:59:59+02:00,4347,4086,45210,47039,87342,86099,81750,82009,82393,88644,85163,88474,52772,65616,42469,58603,10509,21058,115,107,23562,24136,50655,52963,47310,50824,52398,60010,68428,73346,46103,57693,39248,54073,9672,19255,705924,502151,122506,69587,157050,110052,47918,209,190
2021-07-07T23:59:59+02:00,4324,4059,44628,46443,86497,85335,81193,81526,82109,88347,84954,88310,52693,65516,42426,58539,10501,21038,103,92,22665,23215,48702,51274,45791,49688,51157,58828,67724,72812,45366,56950,39053,53835,9639,19197,703394,493947,121505,68476,156794,106939,46541,206,188
2021-07-06T23:59:59+02:00,4291,4038,44080,45917,85629,84598,80577,80932,81739,88016,84778,88134,52604,65435,42388,58477,10492,21013,94,82,21823,22335,46695,49493,44404,48437,49874,57488,66981,72093,44535,56175,38868,53596,9621,19142,700730,484951,120485,67396,156493,103973,45228,204,188
2021-07-05T23:59:59+02:00,4269,4002,42917,44918,84109,83495,79850,80312,81282,87593,84501,87869,52489,65299,42337,58399,10478,20985,83,70,20629,21260,44731,47886,43384,47476,48845,56524,66282,71475,43771,55313,38693,53371,9596,19102,697386,478941,119431,66524,156128,100880,41958,203,188
2021-07-04T23:59:59+02:00,4242,3979,41550,43689,82464,82184,79124,79709,80808,87170,84228,87666,52397,65175,42294,58348,10465,20956,80,63,19272,20051,42937,46368,42685,46731,48033,55670,65702,70905,43029,54460,38530,53180,9576,19055,694253,474277,118277,65588,155706,98264,38011,203,187
2021-07-03T23:59:59+02:00,3775,3564,39967,42121,81594,81524,78640,79223,80364,86693,84010,87494,52329,65074,42276,58296,10462,20950,76,62,18462,19356,42017,45673,42268,46355,47627,55270,65537,70739,42440,53731,38467,53081,9569,19045,690474,472337,116969,65489,155621,96671,35091,203,187
2021-07-02T23:59:59+02:00,3217,2992,38408,40616,80860,80798,77972,78516,79845,86191,83769,87290,52278,64987,42248,58249,10450,20937,67,54,17688,18621,40858,44709,41532,45656,46792,54487,65016,70288,41486,52525,38337,52893,9553,19026,685414,467243,115567,65020,155470,94167,32972,202,186
2021-07-01T23:59:59+02:00,2569,2445,36684,38944,79878,79927,77133,77683,79141,85552,83454,87014,52154,64831,42185,58147,10432,20908,56,42,16798,17680,39313,43471,40319,44595,45489,53354,64272,69707,40593,51384,38187,52684,9536,18994,679057,460792,113839,63370,155249,91391,30736,202,185
2021-06-30T23:59:59+02:00,2527,2415,35667,37919,78033,78426,75436,76194,78495,85004,83169,86721,52022,64671,42125,58050,10420,20881,47,32,15756,16689,37634,42247,39121,43490,44334,52290,63517,69075,40049,50697,38069,52484,9514,18958,673186,454634,112100,62031,155035,89501,27654,202,183
2021-06-29T23:59:59+02:00,2491,2383,34831,37009,76429,76937,73823,74785,77697,84288,82623,86228,51839,64452,42049,57919,10403,20845,34,23,14921,15776,36319,41105,38210,42665,43117,51235,62800,68490,39337,49759,37933,52265,9492,18914,666813,449435,110224,60199,154766,87551,25028,202,182
2021-06-28T23:59:59+02:00,2450,2349,34002,36184,74811,75526,72141,73388,76677,83502,82021,85730,51664,64224,41972,57813,10390,20813,25,18,14169,15012,35262,40079,37389,41935,41990,50239,62146,67942,38460,48673,37766,52042,9473,18869,660321,444574,108264,58685,154170,85346,22702,202,182
2021-06-27T23:59:59+02:00,2435,2334,33262,35431,73247,74156,70735,72181,75281,82381,81341,85175,51467,64008,41907,57695,10380,20784,20,18,13529,14372,34302,39319,36732,41335,41054,49390,61604,67500,37595,47640,37614,51863,9458,18838,654105,440656,106332,57917,153216,83083,20347,201,180
2021-06-26T23:59:59+02:00,1798,1725,32216,34315,72885,73835,70269,71716,74989,82070,81247,85097,51447,63982,41893,57685,10379,20781,20,17,13334,14160,33633,38775,36085,40913,40532,49055,60612,66490,36598,46503,37446,51650,9444,18805,649289,434657,105394,57862,153212,81138,20236,199,179
2021-06-25T23:59:59+02:00,1178,1129,31087,33125,72382,73301,69657,71023,74563,81623,80867,84772,51385,63894,41860,57642,10374,20767,17,16,12997,13767,32780,37984,35218,40093,39579,48215,59398,65256,36082,45803,37254,51349,9421,18764,642923,426228,104200,57413,153206,80072,20102,199,178
2021-06-24T23:59:59+02:00,566,571,29738,31795,71595,72541,68784,70140,73890,80990,80419,84409,51278,63765,41808,57572,10363,20734,14,13,12324,13050,31598,36689,33998,38828,38444,47099,57760,63881,35602,45286,37097,51159,9402,18705,635069,416852,102714,55852,153094,78184,19884,198,177
2021-06-23T23:59:59+02:00,539,538,29228,31231,70479,71557,67514,68999,73140,80302,79968,84005,51166,63591,41750,57476,10347,20702,12,12,11824,12512,30602,35449,33062,37605,37419,46219,55814,62162,35049,44720,36929,50933,9381,18640,628815,407051,101133,54791,152991,76930,19396,198,176
2021-06-22T23:59:59+02:00,516,521,28703,30624,69306,70524,66307,67971,72461,79598,79556,83634,51059,63465,41702,57392,10338,20676,10,11,11472,12091,29686,34518,32108,36711,36459,45315,53835,60322,34665,44244,36792,50691,9352,18582,622458,398487,99668,53220,152856,75810,19174,198,173
2021-06-21T23:59:59+02:00,484,487,28030,29931,67989,69343,65119,66842,71704,78818,79161,83241,50952,63354,41644,57303,10324,20635,9,11,11176,11770,29062,33932,31559,36142,35851,44724,51989,58663,33954,43442,36494,50267,9323,18506,615616,390898,98167,52023,152733,75132,18649,197,172
2021-06-20T23:59:59+02:00,399,406,27394,29258,66761,68202,64103,65909,70898,78078,78811,82904,50875,63226,41595,57236,10319,20602,5,10,10887,11501,28512,33430,31103,35652,35337,44201,50141,56865,33412,42760,36297,49933,9293,18446,609221,383466,96707,51272,152634,74661,18218,197,168
2021-06-19T23:59:59+02:00,367,371,27005,28881,66028,67632,63576,65402,70099,77425,78661,82780,50854,63200,41579,57220,10318,20602,5,9,10752,11300,28258,33110,30847,35327,35112,43939,48693,55471,33152,42412,36213,49794,9285,18418,605254,378052,95765,51260,152634,74466,18151,197,168
2021-06-18T23:59:59+02:00,339,337,26543,28403,65010,66891,62837,64791,69177,76588,78272,82449,50791,63125,41552,57184,10314,20594,5,9,10533,11056,27860,32685,30516,34915,34720,43540,46952,53790,32798,41897,36076,49583,9266,18384,599817,371175,94523,50970,152628,74240,18033,197,167
2021-06-17T23:59:59+02:00,309,306,25896,27780,63737,65894,61837,63982,67590,75179,77748,82045,50690,62971,41489,57103,10301,20567,5,9,10113,10691,27068,31986,29775,34235,33884,42837,45436,52291,32349,41264,35912,49327,9235,18334,593699,363710,91866,49824,152466,73853,17198,196,166
2021-06-16T23:59:59+02:00,274,267,25359,27171,62433,64760,60728,63014,65325,73252,76906,81389,50477,62763,41398,56991,10282,20534,5,7,9786,10422,26415,31311,29072,33613,33154,42201,44840,51724,32077,40899,35766,49128,9214,18293,587407,359994,87356,49116,152051,72335,16316,194,166
2021-06-15T23:59:59+02:00,235,236,24704,26445,61023,63532,59650,62030,64170,72166,76399,80971,50355,62615,41347,56896,10275,20505,5,7,9513,10139,25810,30574,28438,32859,32473,41477,43279,50090,31626,40342,35594,48895,9184,18228,580224,353254,85728,48218,151597,71082,15813,193,166
2021-06-14T23:59:59+02:00,212,204,24222,25837,59915,62485,58776,61186,63093,71161,75925,80581,50267,62492,41297,56825,10260,20480,4,7,9216,9837,25059,29686,27678,32023,31685,40662,41989,48745,31255,39842,35458,48674,9154,18176,574338,347095,84013,47200,151392,69407,15283,193,165
2021-06-13T23:59:59+02:00,207,189,23808,25366,58971,61581,58005,60400,61985,70194,75461,80159,50177,62377,41246,56765,10249,20450,4,7,8930,9530,24349,28842,26970,31184,30926,39807,40430,47156,30789,39228,35257,48368,9124,18086,569325,340021,82158,46419,151165,67633,14750,193,164
2021-06-12T23:59:59+02:00,194,171,23543,25076,58408,61073,57646,60121,61340,69557,75260,80047,50152,62346,41234,56751,10246,20446,4,7,8809,9410,23872,28264,26448,30608,30396,39246,39330,46182,30620,39049,35162,48203,9120,18075,566355,335766,81202,46416,151157,65754,14705,193,164
2021-06-11T23:59:59+02:00,175,156,23167,24633,57656,60254,56971,59492,60431,68626,74914,79742,50077,62271,41208,56715,10244,20440,4,6,8663,9212,23355,27590,25916,29951,29809,38609,38252,45170,30354,38692,35019,47982,9107,18048,561300,330903,79912,46157,151144,63891,14625,192,163
2021-06-10T23:59:59+02:00,160,139,22623,24043,56513,59315,56043,58675,59168,67453,74374,79342,50005,62164,41184,56666,10229,20411,4,6,8396,8956,22482,26648,24954,29009,28686,37670,36863,44004,29997,38211,34739,47549,9040,17972,555703,323986,77701,45450,150904,61581,14008,192,161
2021-06-09T23:59:59+02:00,140,124,21987,23437,55254,58209,54965,57760,58218,66542,73912,78949,49917,62064,41132,56604,10215,20380,4,5,8096,8693,21551,25781,24025,28126,27651,36716,35141,42211,29607,37711,34552,47279,8998,17881,549885,316530,76239,44717,150552,59678,12943,191,160
2021-06-08T23:59:59+02:00,118,106,21304,22711,53942,57078,53848,56778,57261,65687,73367,78515,49828,61940,41077,56512,10197,20350,3,4,7829,8442,20658,24893,22972,27263,26613,35753,33778,40903,29251,37205,34232,46820,8947,17797,543184,310221,75303,43945,150112,57210,11829,191,158
2021-06-07T23:59:59+02:00,101,89,20646,22069,52499,55819,52589,55799,56106,64699,72814,78110,49742,61833,41031,56449,10184,20324,2,3,7570,8216,19821,24075,21951,26454,25580,34880,32842,40117,28968,36811,33983,46394,8896,17706,535875,305587,74399,43127,149703,54662,10735,191,158
2021-06-06T23:59:59+02:00,94,84,20132,21534,51350,54708,51478,54820,55140,63746,72303,77706,49654,61754,40995,56386,10176,20308,2,3,7355,8019,19037,23180,21052,25581,24509,33894,31926,39299,28679,36469,33729,46003,8845,17632,529535,301033,73373,42386,149367,51737,9903,190,155
2021-06-05T23:59:59+02:00,88,76,19855,21220,50564,53949,50824,54315,54667,63270,72173,77594,49642,61741,40991,56383,10173,20308,2,3,7123,7605,18394,22118,20329,24469,23636,32640,30888,37979,28345,36003,33604,45828,8838,17612,525165,294736,73367,42348,149288,48354,9823,190,155
2021-06-04T23:59:59+02:00,78,70,19399,20632,49496,52933,50003,53449,54011,62482,71831,77268,49614,61704,40971,56368,10171,20303,2,2,6896,7285,17767,21269,19640,23471,22698,31359,29664,36637,28056,35635,33490,45652,8826,17591,518671,288260,73039,42279,149272,45635,9612,189,154
2021-06-03T23:59:59+02:00,68,59,18713,19931,47973,51632,48784,52315,53037,61455,71328,76809,49546,61601,40933,56321,10158,20277,2,2,6602,6888,17031,20220,18839,22322,21692,29928,28496,35149,27513,34851,33284,45324,8789,17515,510880,281514,72024,41524,148999,42408,8850,187,151
2021-06-02T23:59:59+02:00,63,55,18329,19407,46950,50637,47901,51549,52284,60693,71077,76596,49507,61567,40914,56292,10150,20263,1,2,6412,6651,16392,19527,17915,21562,20845,28976,27403,33742,27047,34245,33123,45073,8760,17445,504571,275236,72006,41510,148980,39737,8493,184,145
2021-06-01T23:59:59+02:00,53,49,17641,18659,45084,48902,46245,50091,50768,59230,70398,75996,49414,61455,40855,56220,10138,20215,1,1,6131,6332,15237,18627,16403,20598,19630,27722,26175,32345,26489,33547,32872,44721,8714,17343,495448,268731,70636,40938,148433,36361,6717,179,141
2021-05-31T23:59:59+02:00,51,45,17156,18161,43777,47756,45029,48979,49529,58103,69713,75485,49331,61353,40810,56154,10126,20177,1,1,5853,5997,14193,17794,14996,19674,18449,26604,24945,31002,25968,32828,32677,44423,8680,17242,489190,262424,69472,40393,147966,33442,4929,178,139
2021-05-30T23:59:59+02:00,45,44,16822,17766,42809,46815,44121,48077,48523,57104,69159,74940,49226,61198,40738,56038,10110,20134,1,1,5660,5752,13645,17087,14366,18974,17547,25630,23844,29830,25197,31877,32378,44004,8635,17153,483245,256451,68442,39590,147556,31158,4249,177,133
2021-05-29T23:59:59+02:00,45,43,16688,17638,42444,46496,43777,47811,48283,56912,69101,74887,49220,61192,40731,56034,10110,20133,1,1,5496,5508,13137,16286,13720,18127,16702,24463,22727,28530,25038,31644,32314,43909,8632,17146,481261,250848,68319,39590,147549,28571,4240,176,132
2021-05-28T23:59:59+02:00,44,41,16385,17329,41736,45868,43265,47244,47773,56379,68823,74593,49154,61109,40704,55984,10107,20128,1,1,5250,5121,12604,15371,13040,17263,15839,23227,21624,27089,24786,31277,32219,43776,8622,17130,476951,244793,67812,39486,147525,25632,4202,176,127
2021-05-27T23:59:59+02:00,41,38,15854,16775,40583,44878,42246,46349,46784,55487,68245,74155,49032,60949,40650,55913,10096,20089,1,1,5007,4772,11960,14549,12257,16329,14769,22034,20365,25576,24282,30539,32047,43515,8588,17047,471047,237436,66299,38680,146806,23561,3838,174,123
2021-05-26T23:59:59+02:00,39,37,15440,16334,39484,43955,41208,45475,45755,54608,67638,73643,48880,60768,40566,55748,10074,20041,1,1,4813,4570,11404,13788,11539,15482,13757,20902,18965,23982,23696,29751,31830,43169,8534,16945,465883,230162,64279,37808,145818,21497,3539,174,123
2021-05-25T23:59:59+02:00,39,36,15034,15915,38477,43067,40240,44625,44803,53685,67019,73111,48697,60528,40487,55614,10049,19988,1,1,4593,4363,10863,13144,10774,14713,12684,19661,17531,22476,23108,28971,31593,42842,8477,16850,460540,222785,62699,36864,144709,19584,3292,174,120
2021-05-24T23:59:59+02:00,39,35,14686,15587,37639,42328,39372,43950,43943,52895,66484,72627,48573,60351,40424,55490,10029,19943,1,1,4445,4234,10418,12676,10138,14133,11795,18826,16242,21209,22432,28137,31376,42510,8418,16761,455915,215863,61460,35921,143966,18967,2881,173,120
2021-05-23T23:59:59+02:00,35,35,14519,15406,37172,41953,38920,43547,43494,52489,66214,72400,48488,60259,40385,55443,10022,19919,1,1,4256,4093,9951,12200,9518,13529,10849,18009,15044,20145,21959,27565,31122,42219,8367,16675,452712,208852,61078,35839,143944,17899,2793,173,120
2021-05-22T23:59:59+02:00,33,33,14322,15190,36478,41387,38233,43092,42919,52076,65196,71382,48281,60000,40313,55329,10012,19898,1,1,4144,3796,9735,11783,9365,13205,10607,17564,14773,19743,21865,27448,31088,42177,8360,16666,446236,207622,61074,35836,143929,15981,2762,173,120
2021-05-21T23:59:59+02:00,32,32,13935,14777,35410,40480,37174,42171,41850,51174,63839,70091,48052,59664,40233,55180,9995,19865,1,1,4033,3697,9528,11519,9150,12937,10271,17234,14357,19371,21644,27162,31026,42087,8351,16658,436632,205659,60713,35530,143693,14977,2745,171,116
2021-05-20T23:59:59+02:00,29,32,13123,14032,33970,39035,35756,40774,40446,49973,62543,68941,47759,59324,40086,54998,9974,19815,1,1,3875,3519,9002,10913,8500,12229,9571,16383,13603,18405,20824,26040,30831,41789,8312,16571,426395,201284,59010,34683,142672,11923,2364,169,115
2021-05-19T23:59:59+02:00,29,31,12579,13454,32793,37626,34657,39396,39315,49011,60536,67169,47278,58766,39899,54733,9931,19709,1,1,3769,3379,8721,10540,8205,11856,9131,15876,12965,17741,19957,24909,30604,41485,8255,16456,415531,197038,57495,33869,141559,10673,2160,167,111
2021-05-18T23:59:59+02:00,27,31,12151,12993,31752,36614,33578,38483,38273,48078,58470,65301,46922,58320,39744,54492,9899,19649,1,1,3567,3211,8225,9947,7736,11314,8581,15204,12283,16972,19014,23675,30367,41142,8217,16350,406843,192927,55541,33027,140366,7879,1863,164,111
2021-05-17T23:59:59+02:00,25,30,11895,12708,31233,36058,33084,37921,37679,47445,56573,63591,46219,57496,39466,54093,9862,19576,1,1,3480,3101,7958,9670,7438,11016,8178,14790,11710,16365,18090,22540,30132,40821,8182,16275,399249,188539,54412,32281,139557,7249,1574,162,105
2021-05-16T23:59:59+02:00,25,30,11676,12452,30704,35556,32621,37429,37158,46872,54675,61759,45670,56798,39272,53775,9834,19520,1,1,3381,2998,7668,9373,7115,10674,7708,14324,11127,15777,17160,21387,29921,40530,8143,16206,392273,184243,53443,31430,138890,6658,1060,160,103
2021-05-15T23:59:59+02:00,25,30,11515,12244,30426,35224,32383,37109,36929,46609,53105,60279,45419,56493,39195,53636,9828,19492,1,1,3359,2978,7643,9344,7100,10653,7689,14309,11108,15752,17048,21171,29710,40220,8135,16196,386455,183239,53439,31429,138844,6605,1043,160,101
2021-05-14T23:59:59+02:00,25,30,11262,11953,29950,34712,32003,36647,36409,46134,51222,58439,45057,55991,39055,53430,9812,19452,1,1,3330,2953,7572,9272,7042,10578,7625,14247,10925,15551,16311,20101,29424,39731,8118,16156,378615,180290,53107,31090,138709,6464,993,159,101
2021-05-13T23:59:59+02:00,22,29,10968,11615,29300,34062,31398,36044,35730,45459,49743,56921,44624,55363,38883,53183,9785,19405,1,1,3250,2902,7441,9167,6952,10483,7522,14136,10593,15203,15248,18856,29038,39090,8075,16081,371455,176463,52091,30528,137956,6075,875,157,98
2021-05-12T23:59:59+02:00,21,27,10834,11467,29012,33740,31130,35749,35413,45143,49460,56610,44528,55256,38831,53106,9778,19366,1,0,3236,2875,7408,9131,6920,10447,7490,14095,10422,15045,14867,18419,28731,38604,8053,16034,368759,174379,52003,30517,137799,6030,754,156,98
2021-05-11T23:59:59+02:00,20,24,10468,11132,28150,32921,30309,34992,34551,44357,47718,54834,44071,54655,38657,52818,9740,19263,1,0,3144,2778,7164,8852,6691,10145,7273,13726,9943,14500,13876,17269,28313,37985,8015,15940,361807,170683,50293,29617,135898,4690,527,155,98
2021-05-10T23:59:59+02:00,19,24,10156,10842,27407,32219,29534,34297,33781,43586,46411,53560,43686,54147,38469,52515,9690,19149,1,0,3099,2731,7034,8727,6594,10025,7128,13546,9674,14197,13174,16400,27883,37369,7990,15860,355544,167844,49173,29234,134207,3845,415,153,94
2021-05-09T23:59:59+02:00,18,24,9911,10587,26718,31528,28875,33603,33059,42889,44871,52075,43186,53523,38271,52211,9653,19063,1,0,3051,2683,6907,8590,6489,9886,7013,13332,9362,13885,12375,15500,27516,36827,7970,15804,348423,164975,48102,28683,133062,3110,329,149,94
2021-05-08T23:59:59+02:00,18,24,9818,10514,26336,31227,28420,33284,32590,42580,43817,51245,43033,53360,38232,52151,9650,19057,1,0,3046,2679,6897,8585,6484,9878,7004,13320,9352,13872,12338,15437,26835,35874,7933,15728,343848,163097,48062,28656,132974,3093,323,149,94
2021-05-07T23:59:59+02:00,17,24,9670,10363,25861,30843,27962,32905,32083,42227,42771,50415,42762,53017,38122,51995,9638,19030,1,0,2977,2649,6833,8539,6428,9823,6952,13267,9178,13650,11705,14626,25887,34481,7886,15646,338688,158973,47754,28284,132815,2874,303,145,94
2021-05-06T23:59:59+02:00,15,23,9260,10066,24946,30075,26899,32103,30855,41397,41155,49199,42376,52465,37927,51753,9600,18956,1,0,2901,2600,6703,8395,6308,9693,6803,13079,8904,13345,11050,13756,24918,33095,7851,15584,330821,155156,46677,27325,131145,2124,287,140,94
2021-05-05T23:59:59+02:00,15,22,8881,9864,24062,29470,26044,31452,29771,40608,39172,47380,41928,51916,37719,51469,9543,18843,1,0,2857,2567,6582,8263,6208,9578,6702,12933,8658,13083,10334,12921,23899,31767,7821,15512,322960,151237,45825,26435,129028,1716,206,140,92
2021-05-04T23:59:59+02:00,15,21,8639,9620,23279,28823,25070,30715,28699,39768,37646,45911,41455,51329,37442,51123,9492,18720,1,0,2814,2544,6510,8191,6123,9508,6626,12846,8421,12861,9598,12056,22951,30517,7787,15449,316281,147473,44853,25630,126391,1506,103,139,91
2021-05-03T23:59:59+02:00,15,20,8424,9405,22583,28244,24237,30113,27791,39067,36687,45159,41107,50858,37226,50832,9440,18618,1,0,2765,2509,6439,8113,6042,9440,6536,12763,8193,12645,8838,11155,22029,29297,7756,15398,311408,143698,44079,24805,124141,1263,64,134,89
2021-05-02T23:59:59+02:00,15,20,8255,9240,21948,27667,23505,29521,26973,38447,35870,44522,40849,50529,37114,50645,9405,18561,1,0,2728,2485,6398,8072,6004,9405,6495,12721,8012,12471,8235,10413,21317,28425,7735,15379,306587,140496,43312,24528,123003,1130,56,128,86
2021-05-01T23:59:59+02:00,14,20,8098,9053,21572,27217,23025,28950,26330,37728,35042,43628,40582,50152,37015,50492,9399,18544,1,0,2722,2478,6373,8062,5988,9396,6477,12708,7996,12454,8198,10349,21278,28368,7731,15375,300470,140204,43310,24521,122898,1088,55,128,86
2021-04-30T23:59:59+02:00,14,19,7947,8869,21184,26793,22575,28380,25575,36939,34025,42655,40351,49830,36917,50338,9387,18521,1,0,2698,2464,6348,8044,5966,9378,6448,12687,7963,12421,8157,10280,21228,28286,7728,15365,294126,139894,43303,24445,122715,991,48,127,84
2021-04-29T23:59:59+02:00,13,19,7663,8627,20588,26214,21907,27700,24646,35974,32748,41312,39305,48426,36600,49865,9329,18393,1,0,2662,2426,6256,7935,5877,9277,6354,12547,7758,12146,7530,9551,20818,27769,7704,15290,285361,137817,42516,23213,121282,742,48,122,81
2021-04-28T23:59:59+02:00,12,18,7378,8409,20068,25750,21269,27106,23763,35125,31347,39858,38137,46833,36258,49371,9267,18251,1,0,2590,2376,6141,7813,5766,9145,6250,12391,7537,11870,6838,8701,20400,27186,7664,15219,276673,135342,41738,21906,119641,514,48,120,78
2021-04-27T23:59:59+02:00,11,18,7187,8228,19645,25321,20646,26569,22904,34342,30130,38530,37043,45387,35876,48801,9197,18124,1,0,2563,2352,6040,7715,5713,9047,6184,12265,7323,11675,6232,7966,19999,26685,7644,15196,268835,133250,40870,20958,118086,267,48,120,77
2021-04-26T23:59:59+02:00,10,18,7003,8058,19224,24899,20099,26045,22094,33586,28915,37292,35982,43964,35568,48313,9146,17996,1,0,2550,2341,5994,7673,5668,9008,6146,12220,7135,11513,5619,7230,19624,26240,7621,15168,261126,131283,40045,20112,116880,235,44,117,77
2021-04-25T23:59:59+02:00,10,17,6895,7922,18889,24628,19720,25705,21483,32961,27924,36332,34843,42531,35249,47883,9104,17914,1,0,2535,2333,5976,7646,5649,8988,6126,12194,7097,11486,5491,7046,19287,25775,7605,15123,253904,130647,39328,19369,116619,223,43,116,76
2021-04-24T23:59:59+02:00,10,17,6728,7741,18447,24204,19168,25169,20697,32159,26836,35277,34593,42218,35156,47718,9094,17902,1,0,2531,2326,5964,7636,5638,8978,6121,12190,7087,11479,5416,6932,19190,25633,7602,15115,247933,130185,39323,19329,115719,207,43,116,75
2021-04-23T23:59:59+02:00,10,17,6498,7539,18000,23725,18601,24553,19868,31343,25671,34075,33811,41047,35012,47485,9080,17879,1,0,2525,2307,5937,7615,5601,8939,6074,12144,7041,11427,5252,6654,18650,25002,7502,14945,240334,128333,38992,18981,114730,185,43,115,74
2021-04-22T23:59:59+02:00,9,16,6281,7330,17392,23138,17808,23772,18819,30319,24345,32635,32769,39692,34767,47127,9040,17800,1,0,2509,2291,5889,7562,5551,8854,5995,12065,6965,11356,4965,6231,17933,24126,7381,14749,231280,126150,38066,18008,113558,150,43,112,72
2021-04-21T23:59:59+02:00,9,15,6079,7146,16863,22667,17150,23167,17827,29418,22792,31040,31761,38452,34469,46684,8991,17711,1,0,2485,2274,5845,7504,5491,8779,5929,11963,6869,11276,4804,5958,17232,23273,7265,14568,222373,124049,37290,17236,112424,118,43,111,70
2021-04-20T23:59:59+02:00,8,14,5892,6949,16301,22194,16400,22514,16827,28414,21317,29569,30608,36957,34152,46238,8937,17612,1,0,2471,2260,5796,7465,5449,8733,5882,11894,6791,11212,4687,5801,16628,22496,7139,14387,213336,122356,36401,16518,111014,110,42,110,66
2021-04-19T23:59:59+02:00,8,14,5705,6787,15771,21767,15723,21961,15828,27537,19922,28163,29220,35308,33833,45752,8877,17494,1,0,2460,2243,5772,7432,5413,8700,5843,11848,6710,11136,4558,5640,15981,21778,7031,14225,204596,120705,35620,15851,109307,107,42,105,66
2021-04-18T23:59:59+02:00,7,14,5516,6645,15338,21443,15102,21398,14854,26740,18585,27024,27829,33656,33498,45327,8815,17404,1,0,2410,2196,5640,7306,5297,8588,5737,11697,6604,11018,4438,5454,15391,21112,6915,14043,196025,119056,34787,14581,108237,103,42,104,65
2021-04-17T23:59:59+02:00,7,13,5479,6609,15184,21368,14928,21313,14619,26562,18329,26803,27323,33110,33373,45179,8806,17389,1,0,2383,2157,5540,7152,5192,8432,5637,11510,6516,10887,4385,5391,15145,20818,6905,14029,194802,117301,34782,14577,106664,95,42,104,65
2021-04-16T23:59:59+02:00,7,13,5414,6553,15002,21214,14716,21152,14331,26316,17911,26390,26277,31879,33237,44971,8786,17366,1,0,2338,2107,5426,6964,5052,8251,5487,11267,6315,10663,4182,5156,14494,20024,6808,13883,191435,114046,34496,14178,105458,88,42,104,64
2021-04-15T23:59:59+02:00,6,12,5342,6473,14787,21003,14448,20867,13900,25965,17271,25759,24907,30261,32978,44645,8751,17284,1,0,2265,2022,5229,6729,4855,7935,5281,10947,6101,10377,3980,4904,13661,18940,6693,13716,186855,110218,33685,13234,103974,79,42,103,63
2021-04-14T23:59:59+02:00,6,12,5261,6403,14581,20802,14194,20643,13515,25631,16603,25136,23324,28471,32665,44244,8696,17190,1,0,2073,1902,5009,6468,4669,7686,5055,10698,5868,10089,3845,4698,12928,18020,6565,13502,182243,107118,32812,11780,102179,73,42,101,63
2021-04-13T23:59:59+02:00,6,12,5206,6353,14375,20672,13954,20461,13172,25332,16030,24632,21609,26615,32346,43827,8666,17081,1,0,1986,1849,4840,6278,4483,7462,4855,10443,5660,9850,3702,4529,12408,17405,6439,13339,177994,104698,31933,10663,100279,63,42,101,63
2021-04-12T23:59:59+02:00,6,11,5144,6284,14156,20477,13650,20199,12782,24915,15449,24080,19996,24669,32055,43464,8624,17006,1,0,1858,1754,4656,6118,4331,7285,4693,10250,5523,9691,3582,4374,11974,16894,6327,13177,173607,103005,30878,9320,98341,61,42,99,60
2021-04-11T23:59:59+02:00,6,11,5073,6208,13935,20279,13354,19987,12365,24561,14882,23567,18484,22886,31794,43121,8579,16924,1,0,1819,1715,4536,6006,4220,7161,4570,10119,5387,9560,3466,4253,11481,16284,6194,12969,169306,101244,29918,8342,96656,59,40,96,56
2021-04-10T23:59:59+02:00,6,11,5068,6199,13917,20264,13345,19976,12347,24543,14856,23545,17793,21962,31502,42702,8561,16897,1,0,1814,1701,4521,5995,4204,7146,4557,10105,5334,9493,3361,4138,10926,15453,6063,12771,168226,99091,29891,8342,95244,57,37,96,56
2021-04-09T23:59:59+02:00,6,11,5053,6179,13876,20216,13298,19923,12297,24484,14591,23290,16269,20069,31096,42055,8527,16854,1,0,1788,1682,4498,5979,4177,7119,4511,10067,5297,9445,3274,4017,10058,14465,5913,12572,165586,96628,29551,8093,92829,55,35,93,52
2021-04-08T23:59:59+02:00,6,11,5007,6151,13775,20141,13217,19841,12196,24380,14251,22929,14492,17849,30475,41049,8464,16730,1,0,1763,1667,4468,5925,4126,7034,4446,9987,5225,9368,3165,3912,9579,13857,5707,12324,161730,94764,28518,7659,90597,54,28,91,49
2021-04-07T23:59:59+02:00,6,11,4974,6119,13664,20056,13120,19753,12088,24272,13868,22564,12969,15990,29829,40066,8410,16629,1,0,1744,1653,4414,5856,4039,6960,4357,9903,5136,9268,3074,3817,8819,12759,5467,11917,157258,92183,27638,6881,89377,47,26,89,47
2021-04-06T23:59:59+02:00,6,11,4943,6095,13565,19990,13037,19696,12012,24208,13489,22214,11330,13981,29168,39095,8378,16558,1,0,1681,1598,4283,5727,3931,6837,4238,9753,5031,9136,2958,3697,8111,11825,5193,11552,153241,89789,26760,5647,87664,45,24,87,47
2021-04-05T23:59:59+02:00,6,10,4905,6065,13491,19923,12967,19626,11956,24128,13214,21961,9716,12027,28441,38042,8343,16495,1,0,1610,1530,4129,5574,3762,6680,4084,9602,4876,9006,2827,3580,7295,10856,4922,11160,150023,87405,25744,3980,85445,42,20,84,47
2021-04-04T23:59:59+02:00,6,10,4887,6047,13480,19899,12956,19607,11949,24109,13115,21888,8690,10764,27990,37402,8318,16439,1,0,1607,1527,4121,5568,3761,6675,4079,9598,4874,8997,2822,3571,7057,10388,4839,11035,148282,86442,25739,3979,83435,36,18,82,45
2021-04-03T23:59:59+02:00,6,10,4884,6037,13463,19880,12944,19597,11939,24099,13101,21870,7781,9696,27108,36157,8268,16327,1,0,1603,1523,4119,5563,3759,6672,4071,9586,4860,8983,2815,3558,6917,10121,4800,10953,145804,85828,25731,3979,81534,35,17,81,45
2021-04-02T23:59:59+02:00,6,10,4879,6017,13427,19854,12906,19553,11893,24050,13028,21804,7268,8948,25519,34054,8123,16057,1,0,1593,1507,4094,5539,3734,6632,4035,9525,4738,8698,2686,3401,6541,9721,4651,10747,141346,83999,25390,3750,80564,35,15,81,44
2021-04-01T23:59:59+02:00,5,9,4829,5957,13332,19711,12788,19402,11744,23896,12429,21359,6704,8237,24011,32082,7995,15816,1,0,1529,1459,3983,5419,3668,6560,3967,9458,4659,8593,2589,3259,6026,9037,4473,10470,137144,81722,24252,3341,78817,31,14,79,42
2021-03-31T23:59:59+02:00,5,9,4777,5900,13208,19556,12654,19246,11555,23716,12168,21097,6381,7863,22527,30125,7843,15586,1,0,1516,1448,3958,5396,3635,6532,3928,9411,4619,8538,2525,3183,5536,8389,4294,10231,133200,79933,23156,3124,77770,31,11,79,41
2021-03-30T23:59:59+02:00,5,9,4711,5832,13071,19407,12542,19065,11426,23551,12000,20959,6191,7649,21135,28390,7698,15380,1,0,1499,1412,3917,5363,3570,6460,3838,9298,4487,8368,2386,2979,5112,7830,4150,9975,129828,77698,22228,2881,76881,19,7,77,40
2021-03-29T23:59:59+02:00,5,9,4670,5789,12950,19313,12476,18981,11346,23444,11848,20825,6032,7450,19705,26703,7571,15177,1,0,1441,1371,3862,5316,3496,6391,3719,9154,4333,8176,2263,2839,4546,7157,3993,9698,126223,75027,21361,2667,76627,18,6,77,38
2021-03-28T23:59:59+02:00,5,9,4622,5720,12828,19171,12392,18889,11244,23344,11741,20721,5880,7242,18519,25194,7451,14980,1,0,1408,1328,3763,5208,3302,6164,3631,9036,4280,8120,2210,2775,3789,6140,3808,9427,123211,71968,20565,2369,76096,11,6,74,36
2021-03-27T23:59:59+01:00,5,9,4589,5670,12719,19007,12276,18727,11127,23140,11632,20574,5813,7158,18230,24846,7440,14962,1,0,1401,1325,3758,5204,3299,6157,3345,8686,4080,7822,2204,2772,3776,6105,3771,9362,121372,70652,20525,2369,75948,7,6,73,34
2021-03-26T23:59:59+01:00,5,8,4550,5613,12607,18816,12141,18527,10975,22910,11470,20361,5647,6944,17620,24054,7341,14811,1,0,1399,1323,3753,5197,3276,6141,3326,8666,3867,7371,2025,2365,3513,5819,3619,9123,118270,68376,20184,2362,75869,7,5,72,34
2021-03-25T23:59:59+01:00,5,8,4474,5520,12409,18575,11940,18205,10765,22582,11230,20035,5432,6656,16588,22748,7213,14620,1,0,1390,1311,3734,5172,3242,6114,3274,8628,3820,7328,1953,2252,3077,5134,3457,8815,114297,66396,19110,2262,75522,5,5,71,34
2021-03-24T23:59:59+01:00,5,8,4391,5408,12188,18121,11722,17792,10541,22190,10998,19661,5161,6308,15544,21531,7071,14392,1,0,1367,1297,3709,5128,3206,6050,3220,8556,3768,7255,1899,2195,2768,4799,3305,8541,111180,65002,18018,2020,73758,5,5,71,32
2021-03-23T23:59:59+01:00,5,8,4334,5339,12020,17779,11520,17439,10350,21822,10771,19370,5022,6109,14901,20712,6931,14217,1,0,1350,1289,3693,5107,3185,6033,3194,8505,3729,7212,1862,2137,2536,4525,3094,8213,108798,63646,17285,1978,72490,4,5,71,32
2021-03-22T23:59:59+01:00,5,8,4282,5264,11820,17444,11332,17115,10126,21497,10556,19067,4871,5899,14282,19997,6798,14033,1,0,1337,1279,3662,5075,3153,5996,3167,8448,3692,7167,1817,2082,2339,4272,2896,7875,106932,62382,16565,1837,70826,3,5,68,31
2021-03-21T23:59:59+01:00,5,8,4209,5139,11538,17029,11049,16713,9855,21042,10299,18711,4757,5727,13586,19206,6654,13827,1,0,1328,1278,3645,5059,3132,5963,3144,8421,3673,7143,1797,2052,2170,4108,2724,7603,105048,61374,15265,1832,68969,3,4,68,28
2021-03-20T23:59:59+01:00,4,8,4181,5069,11395,16700,10926,16398,9714,20746,10123,18429,4629,5567,12958,18261,6513,13610,1,0,1327,1277,3644,5057,3129,5962,3141,8416,3667,7138,1793,2047,2138,4046,2698,7560,102853,61174,15260,1832,67046,3,4,68,28
2021-03-19T23:59:59+01:00,4,7,4136,4987,11227,16338,10741,16046,9536,20365,9903,18070,4471,5370,11929,17055,6350,13399,1,0,1318,1270,3627,5028,3099,5884,3096,8322,3563,6961,1668,1936,2062,3981,2585,7351,100147,59889,14850,1828,64869,3,4,64,28
2021-03-18T23:59:59+01:00,4,7,4048,4881,10978,15912,10478,15600,9255,19898,9678,17727,4325,5204,11302,16184,6119,13132,1,0,1314,1259,3610,4993,3079,5840,3075,8266,3536,6912,1648,1903,2026,3914,2458,7139,98337,59203,13842,1736,62486,3,4,63,27
2021-03-17T23:59:59+01:00,4,7,3872,4765,10680,15500,10219,15241,9012,19535,9424,17377,4204,5037,10485,14942,5856,12707,1,0,1313,1256,3597,4976,3072,5820,3065,8232,3519,6889,1645,1879,2002,3884,2346,6954,95678,58694,12296,1722,60826,3,4,63,27
2021-03-16T23:59:59+01:00,4,7,3727,4639,10344,15037,9951,14872,8736,19090,9128,17010,4063,4869,9664,13815,5575,12349,1,0,1300,1253,3593,4969,3062,5815,3059,8220,3511,6875,1618,1853,1963,3833,2225,6772,93345,58245,11104,1644,58367,3,3,61,27
2021-03-15T23:59:59+01:00,4,7,3580,4519,10030,14575,9659,14416,8438,18615,8838,16599,3917,4700,8947,12748,5347,12023,1,0,1290,1245,3572,4957,3050,5791,3037,8181,3491,6833,1603,1840,1944,3801,2108,6583,91369,57653,9740,1642,55795,3,2,56,27
2021-03-14T23:59:59+01:00,4,7,3508,4427,9772,14145,9408,14019,8118,18122,8556,16205,3757,4513,8139,11508,5036,11559,1,0,1276,1238,3551,4939,3029,5749,3015,8102,3463,6765,1576,1786,1883,3673,1939,6184,89041,57120,8717,1019,52991,3,0,54,27
2021-03-13T23:59:59+01:00,4,7,3425,4170,9457,13480,9159,13439,7889,17537,8346,15766,3646,4409,7945,11210,4984,11467,1,0,1276,1238,3551,4939,3028,5748,3014,8101,3460,6763,1573,1785,1881,3669,1938,6183,88367,57100,8717,1019,49202,3,0,54,26
2021-03-12T23:59:59+01:00,4,7,3360,4021,9209,12945,8921,12913,7655,16900,7986,15015,3481,4237,7557,10800,4844,11277,1,0,1272,1235,3546,4925,3025,5743,3007,8093,3456,6757,1546,1756,1859,3653,1841,6002,86574,56671,8465,1017,46040,3,0,53,26
2021-03-11T23:59:59+01:00,4,7,3201,3748,8828,12189,8616,12240,7321,16113,7638,14364,3319,4031,6994,10079,4649,10969,1,0,1254,1224,3514,4881,2980,5666,2972,7970,3404,6658,1500,1702,1775,3448,1637,5467,84110,55912,8009,117,42144,2,0,47,22
2021-03-10T23:59:59+01:00,4,7,3132,3640,8338,11684,7939,11763,7002,15619,7340,13772,3162,3871,6426,9384,4472,10692,1,0,1244,1210,3484,4824,2948,5589,2936,7832,3350,6535,1458,1660,1713,3350,1515,5180,82268,54715,7453,94,38480,0,0,46,20
2021-03-09T23:59:59+01:00,4,6,3025,3461,7663,11240,7062,11286,6585,15007,6974,13166,2925,3572,5913,8745,4315,10408,1,0,1239,1207,3461,4778,2921,5524,2919,7780,3331,6489,1444,1636,1677,3308,1403,4974,79947,54015,6089,59,35275,0,0,46,18
2021-03-08T23:59:59+01:00,4,6,2851,3222,7033,10698,6254,10807,6183,14486,6577,12597,2715,3363,5306,8008,4165,10137,1,0,1233,1200,3439,4714,2896,5447,2880,7685,3299,6414,1437,1627,1674,3299,1398,4971,77121,53539,4949,57,32299,0,0,43,18
2021-03-07T23:59:59+01:00,4,6,2738,3088,6704,10202,5846,10265,5889,14039,6332,12205,2615,3271,4544,6946,3949,9851,1,0,1229,1197,3436,4709,2891,5435,2876,7668,3291,6400,1431,1613,1651,3258,1381,4927,73862,53322,4117,54,30476,0,0,39,18
2021-03-06T23:59:59+01:00,4,6,2693,2945,6520,9755,5647,9850,5413,13180,5955,11468,2593,3243,4538,6935,3946,9848,1,0,1229,1196,3433,4703,2889,5434,2875,7667,3290,6397,1430,1610,1651,3256,1380,4927,72631,53297,4117,54,27754,0,0,37,17
2021-03-05T23:59:59+01:00,4,6,2594,2685,6307,9178,5433,9458,5235,12613,5576,10484,2364,2775,4158,6554,3808,9627,1,0,1215,1193,3417,4687,2884,5421,2866,7649,3278,6378,1416,1602,1650,3252,1375,4923,70293,53138,3882,54,24647,0,0,37,15
2021-03-04T23:59:59+01:00,4,6,2512,2475,6093,8748,5274,9118,5053,12190,5399,10106,2269,2606,3599,5728,3638,9281,1,0,1203,1177,3373,4589,2852,5353,2834,7552,3247,6303,1396,1594,1636,3238,1365,4912,68226,52560,3435,53,22401,0,0,37,12
2021-03-03T23:59:59+01:00,3,6,2453,2418,5921,8336,5105,8753,4837,11740,5211,9660,2186,2500,3191,5287,3477,8985,1,0,1182,1167,3338,4543,2815,5287,2792,7453,3198,6227,1376,1568,1616,3207,1359,4894,66790,51963,3190,49,20053,0,0,36,11
2021-03-02T23:59:59+01:00,3,6,2396,2324,5765,8004,4947,8499,4672,11340,5048,9340,2117,2411,2886,4928,3259,8659,1,0,1177,1156,3320,4521,2800,5260,2775,7404,3190,6199,1371,1558,1598,3187,1356,4889,65419,51703,2930,48,18219,0,0,36,11
2021-03-01T23:59:59+01:00,3,6,2369,2293,5659,7788,4847,8354,4587,11187,4946,9165,2060,2333,2587,4604,3068,8339,1,0,1171,1153,3305,4503,2788,5231,2759,7358,3176,6171,1365,1555,1591,3177,1353,4883,64142,51481,2706,48,17313,0,0,34,11
2021-02-28T23:59:59+01:00,2,6,2316,2248,5478,7527,4674,8134,4449,11001,4835,9035,2020,2268,2290,4302,2864,8023,1,0,1162,1147,3291,4493,2781,5224,2754,7344,3169,6157,1360,1552,1583,3157,1352,4850,63014,51319,2401,48,16023,0,0,34,10
2021-02-27T23:59:59+01:00,2,6,2226,1936,5304,7103,4575,7826,4367,10653,4762,8785,1992,2207,2260,4256,2842,7971,1,0,1158,1143,3289,4491,2776,5222,2750,7341,3164,6153,1359,1552,1582,3154,1351,4849,62775,51280,2401,45,13863,0,0,34,10
2021-02-26T23:59:59+01:00,2,6,2159,1857,5159,6868,4428,7567,4215,10387,4552,8499,1863,2099,2200,4216,2733,7788,1,0,1137,1130,3273,4456,2764,5182,2739,7289,3143,6099,1353,1541,1578,3146,1350,4847,61441,50974,2395,44,12728,0,0,34,10
2021-02-25T23:59:59+01:00,2,6,2026,1753,4835,6462,4000,7115,3930,9870,4319,8117,1804,2040,2169,4158,2616,7592,1,0,1118,1112,3233,4410,2733,5132,2693,7183,3104,6006,1342,1525,1561,3105,1336,4788,60959,50331,2289,42,9533,0,0,33,9
2021-02-24T23:59:59+01:00,2,6,1992,1687,4718,6249,3896,6903,3809,9628,4196,7958,1781,2007,2138,4115,2501,7392,1,0,1105,1107,3203,4348,2698,5068,2667,7098,3075,5935,1326,1508,1537,3055,1324,4719,60409,49736,2044,30,8492,0,0,33,8
2021-02-23T23:59:59+01:00,2,6,1762,1543,4347,5763,3615,6517,3589,9248,4040,7676,1750,1974,2093,4067,2387,7207,1,0,1086,1095,3167,4320,2670,5010,2642,7022,3039,5876,1306,1488,1510,3020,1314,4664,59944,49206,1997,16,5612,0,0,33,8
2021-02-22T23:59:59+01:00,2,6,1752,1524,4297,5704,3579,6455,3522,9152,3979,7581,1716,1947,2067,4016,2266,7008,1,0,1080,1081,3146,4276,2650,4971,2617,6963,3009,5823,1294,1474,1499,3009,1306,4655,59394,48837,1856,9,5291,0,0,32,8
2021-02-21T23:59:59+01:00,2,6,1740,1518,4267,5671,3535,6417,3482,9099,3935,7530,1706,1939,2062,4006,2142,6841,1,0,1073,1070,3125,4236,2621,4921,2602,6895,2980,5736,1281,1458,1475,2948,1277,4574,59039,48257,1850,8,4978,0,0,31,8
2021-02-20T23:59:59+01:00,2,6,1736,1517,4260,5668,3532,6415,3482,9097,3932,7529,1701,1937,2060,4002,2141,6841,1,0,1073,1070,3123,4234,2621,4921,2601,6894,2980,5736,1281,1457,1474,2948,1277,4574,59020,48249,1850,8,4958,0,0,30,8
2021-02-19T23:59:59+01:00,2,6,1707,1507,4246,5649,3522,6401,3471,9087,3923,7514,1674,1908,2039,3984,2041,6658,1,0,1072,1068,3122,4233,2620,4920,2601,6891,2977,5734,1281,1456,1474,2946,1277,4574,58596,48232,1844,8,4870,0,0,29,7
2021-02-18T23:59:59+01:00,2,6,1655,1474,4152,5537,3450,6297,3384,8922,3837,7372,1653,1887,2012,3922,1909,6461,1,0,1024,1026,2982,4015,2493,4653,2491,6552,2869,5469,1248,1413,1442,2859,1248,4419,57938,46190,1794,8,4173,0,0,27,6
2021-02-17T23:59:59+01:00,2,5,1632,1444,4055,5388,3367,6144,3265,8687,3711,7170,1599,1817,1934,3817,1783,6145,0,0,966,977,2834,3793,2377,4344,2367,6142,2740,5157,1197,1350,1394,2746,1198,4242,56697,43811,1784,7,3459,0,0,25,6
2021-02-16T23:59:59+01:00,2,5,1555,1377,3893,5198,3232,5963,3156,8454,3589,7005,1576,1792,1899,3788,1662,5933,0,0,879,946,2702,3638,2280,4134,2242,5821,2610,4905,1141,1257,1247,2441,932,3612,55999,40777,1768,4,2290,0,0,22,6
2021-02-15T23:59:59+01:00,2,5,1537,1358,3844,5112,3172,5877,3099,8340,3523,6900,1564,1778,1884,3765,1653,5910,0,0,843,923,2622,3509,2205,3955,2161,5543,2522,4695,1096,1192,1154,2262,861,3382,55530,38918,1765,2,2007,0,0,21,5
2021-02-14T23:59:59+01:00,2,5,1472,1329,3762,5038,3129,5772,3044,8187,3480,6791,1544,1746,1830,3634,1594,5651,0,0,834,917,2572,3441,2165,3887,2107,5424,2456,4589,1068,1153,1064,2085,785,3132,55288,37673,1136,2,1565,0,0,21,4
2021-02-13T23:59:59+01:00,2,5,1468,1328,3754,5032,3122,5771,3041,8185,3477,6789,1543,1742,1830,3632,1592,5651,0,0,834,917,2572,3441,2165,3886,2105,5423,2455,4589,1065,1152,1063,2085,785,3132,55267,37668,1135,0,1541,0,0,21,1
2021-02-12T23:59:59+01:00,2,4,1430,1309,3717,4999,3099,5751,3019,8153,3458,6745,1527,1732,1820,3615,1583,5630,0,0,826,910,2539,3388,2131,3841,2075,5370,2437,4558,1064,1151,1062,2084,784,3130,55042,37349,1132,0,1399,0,0,20,1
2021-02-11T23:59:59+01:00,2,4,1376,1261,3603,4830,3007,5577,2921,7844,3359,6533,1467,1672,1748,3431,1491,5284,0,0,786,845,2284,2943,1903,3367,1843,4624,2165,4027,974,1079,966,1886,725,2847,54400,33264,139,0,853,0,0,18,0
2021-02-10T23:59:59+01:00,2,4,1350,1237,3541,4726,2944,5472,2878,7694,3305,6400,1448,1655,1720,3393,1477,5245,0,0,703,785,1991,2534,1692,2923,1606,4015,1907,3567,862,933,795,1506,580,2323,53748,28722,137,0,589,0,0,17,0
2021-02-09T23:59:59+01:00,2,3,1338,1218,3485,4657,2915,5403,2857,7602,3268,6331,1440,1639,1692,3370,1467,5232,0,0,653,705,1729,2186,1500,2537,1421,3515,1736,3206,830,900,770,1429,558,2207,53436,25882,132,0,334,0,0,17,0
2021-02-08T23:59:59+01:00,2,3,1324,1214,3456,4626,2896,5364,2836,7551,3248,6302,1428,1632,1682,3344,1465,5213,0,0,638,668,1578,1950,1359,2280,1289,3207,1578,2943,790,879,722,1322,525,2032,53134,23760,106,0,331,0,0,15,0
2021-02-07T23:59:59+01:00,2,3,1191,1171,3352,4571,2842,5321,2809,7513,3223,6264,1418,1615,1673,3320,1458,5180,0,0,492,522,1311,1593,1118,1831,1077,2619,1349,2419,686,750,641,1161,479,1804,52837,19852,78,0,0,0,0,11,0
2021-02-06T23:59:59+01:00,2,3,1187,1169,3350,4569,2838,5319,2802,7510,3219,6261,1417,1613,1672,3316,1457,5179,0,0,369,371,1111,1346,982,1527,936,2213,1183,2003,599,654,614,1143,477,1801,52794,17329,78,0,0,0,0,11,0
2021-02-05T23:59:59+01:00,2,2,1175,1158,3335,4547,2831,5292,2792,7468,3201,6215,1411,1605,1669,3310,1456,5179,0,0,269,212,926,1031,836,1157,761,1764,1008,1593,484,549,588,1123,474,1797,52559,14572,78,0,0,0,0,11,0
2021-02-04T23:59:59+01:00,2,2,1159,1139,3289,4496,2791,5217,2750,7339,3153,6131,1397,1590,1655,3276,1446,5151,0,0,140,85,625,663,546,740,522,1158,669,995,304,368,483,976,429,1633,51917,10336,55,0,0,0,0,11,0
2021-02-03T23:59:59+01:00,2,2,1137,1133,3262,4452,2762,5176,2727,7288,3123,6075,1387,1579,1629,3236,1438,5098,0,0,119,69,495,513,414,597,417,914,513,748,251,288,378,761,332,1269,51446,8078,50,0,0,0,0,10,0
2021-02-02T23:59:59+01:00,2,2,1115,1119,3226,4421,2730,5123,2702,7214,3088,6012,1363,1551,1593,3180,1412,5001,0,0,110,60,413,414,343,519,367,824,460,666,231,265,332,688,304,1134,50795,7130,49,0,0,0,0,10,0
2021-02-01T23:59:59+01:00,2,2,1099,1108,3207,4369,2702,5062,2671,7088,3057,5917,1343,1522,1567,3142,1395,4936,0,0,82,45,313,309,251,392,275,617,329,501,192,216,261,548,236,887,50131,5454,49,0,0,0,0,9,0
2021-01-31T23:59:59+01:00,2,2,1093,1098,3192,4339,2678,5018,2655,7033,3044,5873,1331,1505,1544,3076,1367,4851,0,0,72,43,287,285,226,345,253,573,299,461,171,197,215,447,193,719,49643,4786,49,0,0,0,0,9,0
2021-01-30T23:59:59+01:00,2,2,1092,1098,3189,4335,2677,5018,2654,7032,3044,5872,1331,1504,1543,3076,1367,4851,0,0,71,39,278,271,213,330,248,562,295,455,170,194,214,447,193,719,49632,4699,46,0,0,0,0,9,0
2021-01-29T23:59:59+01:00,2,2,1091,1096,3188,4332,2677,5016,2653,7030,3041,5870,1331,1504,1543,3075,1367,4851,0,0,64,35,260,256,190,310,232,545,284,446,164,190,210,441,192,717,49614,4536,46,0,0,0,0,9,0
2021-01-28T23:59:59+01:00,2,2,1069,1077,3121,4230,2623,4907,2595,6874,2975,5740,1315,1482,1527,3007,1344,4725,0,0,54,18,164,152,127,187,163,360,209,282,131,147,164,278,115,428,48565,2979,43,0,0,0,0,7,0
2021-01-27T23:59:59+01:00,2,2,1023,1038,3038,4088,2542,4728,2501,6592,2891,5539,1283,1437,1486,2913,1307,4573,0,0,25,6,100,69,59,92,84,211,119,148,100,115,120,208,88,308,46943,1852,33,0,0,0,0,7,0
2021-01-26T23:59:59+01:00,1,2,946,1010,2921,3954,2463,4544,2419,6411,2821,5384,1257,1388,1396,2760,1084,4168,0,0,25,6,95,68,58,91,82,211,117,147,98,114,119,208,88,308,44901,1835,21,0,0,0,0,7,0
2021-01-25T23:59:59+01:00,1,2,928,993,2840,3826,2419,4397,2359,6217,2762,5234,1238,1366,1382,2733,1071,4132,0,0,25,6,94,68,56,89,82,211,117,145,98,113,119,208,88,308,43880,1827,14,0,0,0,0,6,0
2021-01-24T23:59:59+01:00,1,2,918,989,2820,3810,2408,4365,2333,6178,2729,5173,1225,1359,1373,2709,1057,4098,0,0,25,6,94,68,56,88,82,210,116,145,97,113,119,208,88,308,43531,1823,10,0,0,0,0,6,0
2021-01-23T23:59:59+01:00,1,2,918,989,2820,3809,2408,4365,2332,6177,2728,5173,1222,1358,1372,2709,1057,4098,0,0,25,6,94,68,56,88,82,210,116,145,97,113,119,208,88,306,43526,1821,9,0,0,0,0,3,0
2021-01-22T23:59:59+01:00,1,2,911,982,2789,3763,2374,4300,2300,6102,2707,5126,1220,1356,1371,2707,1056,4095,0,0,25,6,94,68,56,88,82,210,116,145,97,113,119,208,88,306,43152,1821,9,0,0,0,0,1,0
2021-01-21T23:59:59+01:00,1,2,896,914,2532,3353,2173,3885,2119,5492,2483,4641,1163,1309,1321,2582,1018,3932,0,0,21,6,83,62,52,72,69,170,96,134,87,98,100,154,74,235,39806,1513,9,0,0,0,0,1,0
2021-01-20T23:59:59+01:00,1,2,815,850,2222,2946,1967,3424,1888,4884,2228,4166,1049,1169,1149,2228,883,3408,0,0,21,6,83,62,52,71,68,170,95,134,87,98,100,154,72,235,35270,1508,9,0,0,0,0,0,0
2021-01-19T23:59:59+01:00,1,2,752,771,1929,2499,1727,2967,1654,4224,1985,3692,975,1072,1021,1939,775,3026,0,0,10,3,50,44,33,44,35,100,44,77,39,36,50,83,44,152,31004,844,7,0,0,0,0,0,0
2021-01-18T23:59:59+01:00,1,2,677,711,1699,2103,1488,2494,1408,3540,1732,3188,889,986,915,1724,719,2743,0,0,5,2,19,10,13,21,17,54,17,33,19,21,26,56,31,82,27015,426,4,0,0,0,0,0,0
2021-01-17T23:59:59+01:00,0,2,499,550,1384,1700,1210,1963,1154,2808,1450,2566,748,829,761,1432,595,2348,0,0,0,1,4,2,0,0,0,0,0,0,1,0,0,0,0,0,21996,8,3,0,0,0,0,0,0
2021-01-16T23:59:59+01:00,0,1,379,400,1202,1456,1090,1677,1014,2410,1293,2159,662,733,733,1415,593,2347,0,0,0,0,0,0,0,0,0,0,0,0,0,0,0,0,0,0,19562,0,2,0,0,0,0,0,0
2021-01-15T23:59:59+01:00,0,1,276,239,1017,1158,941,1331,846,1965,1115,1757,543,622,695,1380,580,2306,0,0,0,0,0,0,0,0,0,0,0,0,0,0,0,0,0,0,16771,0,1,0,0,0,0,0,0
2021-01-14T23:59:59+01:00,0,0,158,106,704,776,649,863,611,1309,752,1136,353,433,570,1193,520,2055,0,0,0,0,0,0,0,0,0,0,0,0,0,0,0,0,0,0,12188,0,0,0,0,0,0,0,0
2021-01-13T23:59:59+01:00,0,0,132,86,594,609,525,697,494,1052,595,871,297,357,481,1008,448,1750,0,0,0,0,0,0,0,0,0,0,0,0,0,0,0,0,0,0,9996,0,0,0,0,0,0,0,0
2021-01-12T23:59:59+01:00,0,0,122,70,511,520,449,596,429,922,524,766,262,308,393,811,374,1365,0,0,0,0,0,0,0,0,0,0,0,0,0,0,0,0,0,0,8422,0,0,0,0,0,0,0,0
2021-01-11T23:59:59+01:00,0,0,93,57,415,426,364,485,344,746,419,593,228,257,326,678,305,1152,0,0,0,0,0,0,0,0,0,0,0,0,0,0,0,0,0,0,6888,0,0,0,0,0,0,0,0
2021-01-10T23:59:59+01:00,0,0,78,49,351,353,297,402,291,649,349,525,199,226,261,538,243,897,0,0,0,0,0,0,0,0,0,0,0,0,0,0,0,0,0,0,5708,0,0,0,0,0,0,0,0
2021-01-09T23:59:59+01:00,0,0,77,47,335,332,273,381,283,633,341,518,198,225,260,536,243,897,0,0,0,0,0,0,0,0,0,0,0,0,0,0,0,0,0,0,5579,0,0,0,0,0,0,0,0
2021-01-08T23:59:59+01:00,0,0,71,39,300,297,228,340,255,590,314,478,180,205,235,476,222,794,0,0,0,0,0,0,0,0,0,0,0,0,0,0,0,0,0,0,5024,0,0,0,0,0,0,0,0
2021-01-07T23:59:59+01:00,0,0,57,25,210,196,159,241,196,424,244,341,150,166,180,311,148,508,0,0,0,0,0,0,0,0,0,0,0,0,0,0,0,0,0,0,3556,0,0,0,0,0,0,0,0
2021-01-06T23:59:59+01:00,0,0,45,15,162,117,112,160,145,297,179,242,118,134,138,244,105,362,0,0,0,0,0,0,0,0,0,0,0,0,0,0,0,0,0,0,2575,0,0,0,0,0,0,0,0
2021-01-05T23:59:59+01:00,0,0,28,7,97,70,59,93,87,214,118,150,108,124,129,225,104,336,0,0,0,0,0,0,0,0,0,0,0,0,0,0,0,0,0,0,1949,0,0,0,0,0,0,0,0
2021-01-04T23:59:59+01:00,0,0,26,7,97,69,56,90,87,214,118,148,108,122,128,225,104,336,0,0,0,0,0,0,0,0,0,0,0,0,0,0,0,0,0,0,1935,0,0,0,0,0,0,0,0
2021-01-03T23:59:59+01:00,0,0,26,7,97,69,56,89,87,213,117,148,107,122,128,225,104,336,0,0,0,0,0,0,0,0,0,0,0,0,0,0,0,0,0,0,1931,0,0,0,0,0,0,0,0
2021-01-02T23:59:59+01:00,0,0,26,7,97,69,56,89,87,213,116,148,107,122,128,225,104,335,0,0,0,0,0,0,0,0,0,0,0,0,0,0,0,0,0,0,1929,0,0,0,0,0,0,0,0
2021-01-01T23:59:59+01:00,0,0,26,7,97,69,56,89,87,213,115,147,107,122,128,225,104,335,0,0,0,0,0,0,0,0,0,0,0,0,0,0,0,0,0,0,1927,0,0,0,0,0,0,0,0
2020-12-31T23:59:59+01:00,0,0,26,7,97,69,56,89,87,213,114,147,107,122,128,225,104,335,0,0,0,0,0,0,0,0,0,0,0,0,0,0,0,0,0,0,1926,0,0,0,0,0,0,0,0
2020-12-30T23:59:59+01:00,0,0,26,7,97,69,55,89,86,213,114,147,107,122,128,225,103,335,0,0,0,0,0,0,0,0,0,0,0,0,0,0,0,0,0,0,1923,0,0,0,0,0,0,0,0
2020-12-29T23:59:59+01:00,0,0,14,2,65,52,33,60,50,138,64,89,53,53,73,136,63,227,0,0,0,0,0,0,0,0,0,0,0,0,0,0,0,0,0,0,1172,0,0,0,0,0,0,0,0
2020-12-28T23:59:59+01:00,0,0,5,2,36,24,20,30,21,67,25,41,23,22,27,51,34,82,0,0,0,0,0,0,0,0,0,0,0,0,0,0,0,0,0,0,510,0,0,0,0,0,0,0,0
2020-12-27T23:59:59+01:00,0,0,1,0,8,5,8,2,1,5,0,2,1,1,2,2,4,6,0,0,0,0,0,0,0,0,0,0,0,0,0,0,0,0,0,0,48,0,0,0,0,0,0,0,0
