Datum,<15_1_m,<15_1_w,15-24_1_m,15-24_1_w,25-34_1_m,25-34_1_w,35-44_1_m,35-44_1_w,45-54_1_m,45-54_1_w,55-64_1_m,55-64_1_w,65-74_1_m,65-74_1_w,75-84_1_m,75-84_1_w,>84_1_m,>84_1_w,<15_2_m,<15_2_w,15-24_2_m,15-24_2_w,25-34_2_m,25-34_2_w,35-44_2_m,35-44_2_w,45-54_2_m,45-54_2_w,55-64_2_m,55-64_2_w,65-74_2_m,65-74_2_w,75-84_2_m,75-84_2_w,>84_2_m,>84_2_w,bp_1,bp_2,mo_1,mo_2,az_1,az_2,ja,unb_1,unb_2
2021-10-25T23:59:59+02:00,12051,11458,70698,70517,112123,108891,101468,100802,97301,102632,95712,97467,57103,70790,44648,61972,11079,22515,9683,9423,64264,64410,105554,101960,96080,94756,92826,97655,92113,93761,55398,68678,43480,60131,10602,21343,854370,805519,137418,132107,158743,145718,98551,222,222
2021-10-24T23:59:59+02:00,11979,11396,70521,70347,111861,108715,101294,100640,97152,102506,95632,97389,57078,70753,44638,61961,11078,22512,9622,9369,64081,64240,105362,101804,95939,94633,92723,97554,92058,93702,55369,68644,43475,60109,10600,21340,852908,804359,137353,132022,158742,145717,98304,222,222
2021-10-23T23:59:59+02:00,11953,11369,70421,70265,111735,108617,101197,100560,97092,102457,95586,97365,57066,70740,44637,61960,11078,22512,9587,9330,64003,64156,105269,101744,95876,94579,92668,97502,92026,93674,55352,68633,43474,60106,10599,21340,852229,803823,137307,131970,158741,145715,98188,222,222
2021-10-22T23:59:59+02:00,11879,11327,70263,70135,111518,108464,101040,100443,96980,102359,95527,97312,57055,70723,44634,61951,11078,22510,9499,9245,63836,63981,105094,101602,95749,94464,92572,97417,91972,93620,55339,68621,43471,60093,10598,21338,851105,802723,137245,131897,158741,145708,97961,222,222
2021-10-21T23:59:59+02:00,11752,11203,70080,69984,111347,108287,100875,100282,96833,102247,95442,97249,57032,70689,44623,61932,11074,22501,9406,9130,63624,63770,104910,101394,95601,94272,92453,97307,91901,93549,55315,68587,43463,60069,10596,21331,849581,801177,137183,131794,158737,145700,97785,222,222
2021-10-20T23:59:59+02:00,11711,11158,69965,69863,111203,108154,100765,100199,96745,102167,95384,97194,57002,70653,44608,61913,11069,22485,9286,9036,63438,63594,104792,101244,95490,94135,92359,97202,91831,93498,55288,68533,43439,60037,10581,21304,848546,799754,137133,131738,158736,145696,97677,222,222
2021-10-19T23:59:59+02:00,11610,11066,69827,69734,111083,108033,100682,100122,96681,102111,95330,97142,56978,70617,44598,61893,11065,22470,9192,8943,63226,63397,104634,101088,95377,94013,92281,97106,91780,93441,55256,68491,43422,59996,10571,21289,847509,798371,137083,131652,158734,145689,97570,222,221
2021-10-18T23:59:59+02:00,11561,11029,69710,69648,110959,107936,100594,100046,96628,102059,95283,97096,56951,70575,44573,61857,11056,22453,9148,8899,63087,63255,104517,100928,95282,93900,92216,97026,91722,93387,55232,68461,43409,59970,10567,21286,846704,797322,136954,131584,158731,145686,97479,222,221
2021-10-17T23:59:59+02:00,11518,10988,69565,69524,110846,107830,100496,99973,96582,102005,95246,97045,56928,70553,44567,61842,11054,22448,9094,8847,62858,63005,104363,100784,95158,93767,92120,96943,91667,93326,55209,68430,43400,59952,10563,21280,845849,796000,136907,131488,158730,145679,97378,222,221
2021-10-16T23:59:59+02:00,11499,10967,69510,69476,110792,107786,100472,99946,96550,101978,95229,97036,56927,70550,44566,61840,11052,22448,9065,8815,62766,62919,104297,100729,95109,93707,92088,96912,91645,93308,55204,68424,43398,59949,10563,21279,845523,795512,136898,131439,158730,145678,97327,222,221
2021-10-15T23:59:59+02:00,11446,10928,69400,69396,110681,107696,100405,99873,96494,101926,95202,97004,56920,70548,44565,61833,11051,22448,9016,8739,62630,62737,104186,100619,95019,93608,92010,96833,91597,93270,55196,68402,43392,59938,10563,21277,844841,794541,136874,131368,158729,145676,97226,222,221
2021-10-14T23:59:59+02:00,11343,10833,69226,69218,110551,107556,100292,99781,96404,101847,95151,96949,56899,70512,44553,61808,11047,22443,8891,8603,62339,62458,104042,100415,94878,93411,91894,96702,91524,93193,55159,68352,43375,59911,10559,21269,843610,792708,136801,131248,158727,145670,97128,222,221
2021-10-13T23:59:59+02:00,11247,10768,69091,69110,110447,107458,100208,99692,96328,101768,95102,96894,56865,70472,44538,61778,11042,22427,8853,8568,62180,62314,103915,100281,94773,93269,91809,96616,91466,93124,55121,68309,43355,59881,10550,21259,842633,791597,136740,131174,158725,145661,96990,222,221
2021-10-12T23:59:59+02:00,11107,10661,68913,68978,110354,107346,100115,99601,96270,101710,95062,96848,56850,70440,44529,61762,11038,22420,8791,8520,62023,62156,103787,100153,94659,93148,91721,96547,91407,93068,55070,68275,43343,59859,10546,21248,841580,790456,136678,131113,158722,145656,96877,221,219
2021-10-11T23:59:59+02:00,11036,10599,68775,68865,110244,107244,100030,99523,96211,101635,95007,96808,56822,70414,44510,61742,11033,22407,8753,8487,61856,61992,103660,100029,94564,93052,91649,96461,91358,93021,55034,68232,43328,59833,10537,21240,840645,789410,136612,131029,158719,145646,96782,221,219
2021-10-10T23:59:59+02:00,10964,10548,68619,68759,110112,107107,99940,99434,96146,101559,94964,96771,56804,70394,44504,61728,11025,22402,8718,8453,61672,61845,103503,99871,94460,92921,91561,96356,91281,92980,55009,68208,43319,59820,10534,21230,839722,788283,136563,130970,158715,145636,96633,221,219
2021-10-09T23:59:59+02:00,10939,10530,68534,68702,110050,107062,99901,99396,96110,101527,94949,96757,56798,70388,44503,61727,11025,22402,8683,8412,61586,61771,103422,99794,94404,92866,91520,96311,91260,92959,55003,68197,43314,59812,10533,21229,839346,787753,136534,130912,158713,145632,96560,221,219
2021-10-08T23:59:59+02:00,10866,10476,68394,68609,109919,106960,99830,99304,96045,101481,94902,96710,56786,70372,44500,61724,11025,22401,8622,8325,61419,61590,103292,99646,94290,92751,91437,96218,91212,92919,54987,68184,43308,59803,10531,21228,838527,786663,136487,130825,158712,145625,96430,221,219
2021-10-07T23:59:59+02:00,10788,10400,68197,68437,109755,106794,99698,99164,95959,101365,94830,96644,56764,70335,44486,61703,11021,22390,8493,8202,61142,61343,103099,99429,94143,92535,91329,96084,91138,92847,54955,68135,43293,59771,10524,21219,837185,784871,136417,130704,158710,145617,96270,221,219
2021-10-06T23:59:59+02:00,10721,10344,68031,68301,109632,106662,99609,99059,95879,101306,94785,96593,56723,70293,44473,61682,11018,22376,8450,8153,60964,61174,102965,99284,94032,92419,91255,95987,91062,92773,54924,68095,43279,59744,10519,21202,836157,783700,136355,130640,158709,145606,96116,221,219
2021-10-05T23:59:59+02:00,10616,10255,67862,68166,109492,106524,99500,98933,95817,101230,94740,96539,56705,70266,44464,61646,11013,22363,8416,8111,60770,61004,102818,99101,93918,92269,91158,95902,91001,92701,54897,68052,43265,59727,10517,21189,835019,782451,136284,130575,158708,145601,95970,221,219
2021-10-04T23:59:59+02:00,10579,10225,67701,68003,109340,106382,99413,98829,95729,101147,94689,96482,56671,70220,44450,61617,11011,22341,8384,8078,60622,60823,102683,98968,93789,92150,91069,95810,90942,92652,54862,68010,43241,59693,10511,21169,833995,781361,136212,130518,158706,145591,95767,220,219
2021-10-03T23:59:59+02:00,10514,10171,67502,67837,109176,106230,99300,98726,95643,101051,94625,96428,56640,70187,44442,61592,11010,22338,8323,8042,60428,60670,102497,98793,93651,91990,90973,95700,90868,92595,54826,67966,43224,59668,10508,21161,832878,780110,136144,130433,158702,145582,95539,220,219
2021-10-02T23:59:59+02:00,10489,10145,67401,67745,109091,106165,99237,98665,95593,101002,94604,96407,56629,70169,44442,61591,11009,22336,8283,8008,60310,60556,102425,98717,93584,91924,90927,95653,90842,92573,54819,67949,43223,59664,10507,21161,832351,779522,136082,130384,158700,145562,95438,220,219
2021-10-01T23:59:59+02:00,10404,10044,67250,67585,108913,106025,99120,98557,95515,100935,94551,96368,56612,70151,44440,61579,11007,22334,8170,7902,60116,60333,102257,98564,93455,91783,90822,95546,90781,92516,54802,67920,43220,59655,10506,21158,831310,778254,136022,130299,158698,145523,95211,220,219
2021-09-30T23:59:59+02:00,10327,9974,67030,67368,108706,105788,98945,98365,95381,100794,94459,96269,56577,70105,44423,61548,11003,22320,8061,7781,59866,60073,102058,98357,93270,91573,90684,95399,90693,92424,54775,67871,43205,59622,10496,21144,829716,776586,135932,130182,158692,145475,94890,220,219
2021-09-29T23:59:59+02:00,10249,9918,66838,67182,108515,105594,98797,98206,95259,100687,94377,96198,56537,70050,44406,61513,10998,22301,8004,7722,59694,59906,101876,98180,93135,91410,90574,95293,90622,92343,54742,67823,43186,59576,10493,21129,828339,775363,135867,130106,158688,145441,94579,220,219
2021-09-28T23:59:59+02:00,10164,9842,66655,66981,108317,105435,98653,98051,95150,100577,94293,96120,56496,70011,44394,61475,10991,22274,7956,7675,59508,59728,101689,98025,93003,91276,90452,95166,90543,92274,54711,67786,43169,59548,10484,21114,826977,774202,135805,130020,158686,145407,94259,220,219
2021-09-27T23:59:59+02:00,10035,9710,66418,66736,108110,105265,98521,97903,95064,100469,94217,96049,56469,69964,44381,61444,10986,22263,7918,7621,59308,59544,101509,97890,92866,91141,90350,95054,90473,92199,54674,67731,43147,59521,10476,21103,825593,773153,135727,129940,158685,145366,93847,220,219
2021-09-26T23:59:59+02:00,9914,9618,66182,66509,107883,105076,98355,97759,94948,100347,94133,95968,56432,69932,44367,61421,10981,22250,7865,7575,59072,59350,101307,97710,92721,90978,90244,94936,90400,92123,54645,67703,43133,59493,10471,21088,824177,772024,135649,129846,158679,145307,93418,220,219
2021-09-25T23:59:59+02:00,9876,9577,66067,66385,107780,104986,98281,97700,94891,100296,94102,95940,56428,69924,44365,61418,10980,22250,7825,7536,58962,59232,101206,97616,92640,90907,90204,94870,90363,92102,54634,67692,43129,59489,10471,21088,823628,771476,135589,129794,158679,145279,93198,220,219
2021-09-24T23:59:59+02:00,9815,9516,65910,66206,107613,104819,98135,97554,94772,100193,94033,95886,56413,69907,44357,61404,10980,22248,7727,7426,58748,59006,101026,97425,92514,90760,90095,94763,90279,92036,54613,67670,43126,59484,10470,21085,822616,770295,135519,129728,158679,145217,92794,220,219
2021-09-23T23:59:59+02:00,9723,9394,65595,65879,107355,104571,97943,97327,94613,100029,93931,95776,56368,69848,44333,61375,10974,22219,7611,7307,58457,58728,100785,97197,92327,90551,89962,94613,90184,91932,54564,67621,43104,59456,10469,21062,820845,768765,135400,129618,158673,145147,92181,220,219
2021-09-22T23:59:59+02:00,9652,9314,65261,65562,107152,104361,97747,97125,94458,99894,93804,95679,56321,69779,44299,61331,10963,22197,7555,7266,58279,58551,100606,97033,92150,90415,89846,94495,90077,91856,54530,67577,43076,59425,10463,21047,819108,767745,135290,129541,158668,145064,91678,220,219
2021-09-21T23:59:59+02:00,9565,9229,65038,65318,106945,104181,97575,96967,94343,99786,93724,95609,56271,69728,44281,61288,10956,22185,7517,7230,58090,58372,100415,96879,92010,90284,89758,94406,89988,91782,54491,67520,43055,59386,10454,21029,817664,766705,135209,129445,158665,145001,91296,220,219
2021-09-20T23:59:59+02:00,9505,9172,64756,65016,106752,104000,97415,96800,94238,99689,93659,95533,56231,69685,44261,61245,10951,22174,7460,7176,57900,58223,100236,96736,91858,90132,89617,94307,89909,91711,54445,67483,43029,59350,10448,21013,816256,765718,135132,129364,158660,144854,90878,220,219
2021-09-19T23:59:59+02:00,9455,9128,64479,64846,106525,103808,97266,96632,94100,99588,93556,95458,56203,69631,44251,61220,10949,22162,7422,7134,57659,58030,99995,96563,91673,89966,89434,94135,89792,91629,54408,67422,43011,59316,10447,21000,814940,764523,135051,129249,158657,144592,90453,220,219
2021-09-18T23:59:59+02:00,9423,9083,64385,64746,106406,103712,97156,96546,94032,99518,93522,95430,56195,69622,44247,61215,10947,22161,7383,7094,57539,57910,99891,96465,91551,89886,89363,94072,89756,91599,54398,67417,43004,59313,10445,20996,814370,763896,134962,129184,158655,144580,90203,220,219
2021-09-17T23:59:59+02:00,9344,8996,64192,64587,106231,103556,96988,96393,93902,99421,93450,95354,56179,69595,44236,61209,10941,22155,7292,6996,57336,57676,99706,96304,91399,89768,89246,93966,89679,91538,54383,67390,42996,59306,10445,20993,813276,762777,134873,129087,158651,144563,89773,220,219
2021-09-16T23:59:59+02:00,9254,8889,63920,64294,105957,103301,96757,96157,93714,99243,93348,95264,56128,69541,44223,61182,10934,22141,7201,6885,57087,57407,99442,96076,91206,89559,89070,93806,89578,91451,54337,67340,42974,59285,10440,20981,811493,761287,134786,128951,158640,144499,89171,220,217
2021-09-15T23:59:59+02:00,9184,8833,63572,64003,105759,103088,96550,95964,93578,99084,93246,95180,56091,69484,44188,61151,10929,22114,7153,6836,56914,57251,99248,95912,91037,89403,88965,93693,89475,91389,54305,67292,42949,59252,10436,20965,809754,760244,134733,128834,158636,144463,88717,220,217
2021-09-14T23:59:59+02:00,9142,8782,63283,63798,105526,102874,96353,95785,93445,98944,93130,95094,56045,69427,44163,61113,10924,22098,7111,6800,56713,57071,99073,95726,90870,89240,88832,93583,89393,91317,54268,67252,42927,59225,10431,20950,808227,759210,134663,128742,158628,144364,88250,220,216
2021-09-13T23:59:59+02:00,9106,8748,62992,63534,105300,102646,96183,95617,93301,98809,93043,94997,55994,69373,44146,61080,10917,22086,7079,6763,56506,56889,98878,95536,90716,89083,88701,93477,89307,91243,54231,67207,42907,59196,10428,20933,806730,758123,134575,128628,158618,144322,87791,220,216
2021-09-12T23:59:59+02:00,9053,8700,62687,63292,105056,102400,95973,95389,93139,98680,92947,94918,55944,69323,44129,61049,10913,22075,7041,6733,56307,56729,98635,95328,90549,88915,88566,93361,89210,91168,54188,67150,42885,59168,10424,20916,805211,757099,134477,128501,158614,144250,87207,220,216
2021-09-11T23:59:59+02:00,9006,8667,62566,63160,104914,102280,95870,95279,93054,98602,92908,94886,55929,69309,44124,61037,10913,22074,6988,6707,56160,56640,98487,95222,90451,88816,88467,93295,89173,91142,54178,67131,42881,59158,10424,20915,804526,756503,134419,128424,158614,144231,86861,220,216
2021-09-10T23:59:59+02:00,8911,8556,62330,62899,104716,102068,95698,95089,92913,98477,92814,94814,55895,69280,44110,61019,10913,22072,6908,6629,55919,56434,98289,95036,90268,88633,88335,93166,89089,91071,54156,67110,42868,59139,10424,20911,803148,755345,134356,128307,158611,144216,86301,220,216
2021-09-09T23:59:59+02:00,8813,8458,62021,62626,104441,101753,95465,94800,92737,98252,92679,94698,55856,69215,44089,60990,10903,22051,6805,6526,55670,56211,98037,94786,90045,88401,88174,93011,88948,90986,54113,67061,42847,59110,10418,20905,801193,753937,134252,128121,158607,144143,85637,220,216
2021-09-08T23:59:59+02:00,8753,8408,61805,62398,104227,101520,95275,94582,92573,98085,92565,94568,55821,69148,44055,60950,10890,22027,6774,6496,55512,56057,97853,94582,89886,88206,88017,92867,88829,90881,54075,66999,42811,59068,10407,20871,799731,752930,134147,127973,158598,144056,85016,220,216
2021-09-07T23:59:59+02:00,8702,8355,61568,62186,104002,101287,95091,94392,92432,97945,92463,94491,55787,69099,44026,60894,10880,22005,6728,6460,55317,55894,97636,94386,89701,88041,87889,92759,88731,90791,54033,66953,42786,59036,10402,20854,798253,751850,134043,127846,158594,143928,84557,220,216
2021-09-06T23:59:59+02:00,8661,8313,61364,62012,103801,101115,94952,94234,92315,97817,92375,94417,55730,69042,44004,60867,10873,21972,6686,6423,55148,55726,97438,94223,89534,87884,87761,92633,88632,90711,53981,66904,42765,58991,10392,20830,797025,750746,133953,127711,158583,143844,84145,220,216
2021-09-05T23:59:59+02:00,8600,8263,61154,61811,103638,100928,94797,94064,92192,97705,92298,94349,55703,69001,43994,60846,10868,21965,6633,6367,54944,55524,97244,94023,89346,87723,87621,92506,88548,90625,53932,66854,42748,58968,10387,20814,795844,749579,133872,127541,158580,143749,83722,220,216
2021-09-04T23:59:59+02:00,8549,8233,61036,61701,103552,100829,94696,93979,92135,97637,92263,94324,55694,68990,43988,60836,10868,21964,6605,6323,54818,55410,97126,93897,89230,87624,87552,92425,88499,90591,53917,66843,42742,58957,10387,20813,795250,748928,133824,127418,158576,143731,83466,220,216
2021-09-03T23:59:59+02:00,8471,8160,60847,61519,103383,100676,94549,93835,92031,97523,92191,94272,55666,68963,43980,60821,10866,21957,6538,6258,54612,55228,96925,93680,89038,87429,87406,92252,88406,90512,53885,66809,42731,58938,10383,20810,794153,747678,133771,127191,158568,143695,83060,220,216
2021-09-02T23:59:59+02:00,8353,8069,60596,61274,103132,100436,94353,93615,91846,97364,92074,94174,55620,68906,43957,60786,10862,21935,6441,6176,54346,54970,96631,93403,88793,87156,87185,92045,88263,90397,53840,66727,42700,58887,10373,20773,792514,746020,133662,126834,158557,143576,82460,220,216
2021-09-01T23:59:59+02:00,8289,7987,60387,61063,102936,100266,94205,93464,91730,97240,91969,94100,55576,68856,43939,60762,10854,21917,6384,6113,54091,54751,96404,93182,88598,86942,87007,91878,88123,90287,53775,66638,42662,58843,10363,20752,791271,744570,133589,126574,158541,143457,81980,220,212
2021-08-31T23:59:59+02:00,8209,7912,60183,60819,102737,100083,94027,93307,91607,97125,91846,94019,55531,68805,43913,60722,10845,21901,6323,6043,53838,54493,96135,92933,88381,86708,86850,91718,87962,90183,53731,66565,42636,58788,10356,20733,789918,743076,133509,126265,158529,143347,81476,220,212
2021-08-30T23:59:59+02:00,8113,7836,59980,60635,102565,99940,93910,93177,91490,97021,91779,93940,55498,68777,43897,60688,10840,21885,6251,5978,53587,54300,95895,92700,88171,86480,86672,91575,87836,90059,53674,66487,42595,58724,10339,20704,788813,741641,133452,125952,158522,143200,81024,220,210
2021-08-29T23:59:59+02:00,8036,7758,59703,60395,102325,99742,93725,93003,91351,96904,91690,93850,55453,68728,43873,60658,10838,21876,6143,5867,53235,53990,95575,92411,87880,86221,86437,91379,87682,89932,53605,66412,42565,58684,10333,20687,787453,739731,133362,125616,158507,143055,80426,220,210
2021-08-28T23:59:59+02:00,7980,7691,59566,60284,102219,99634,93622,92920,91266,96829,91645,93820,55439,68715,43865,60654,10837,21874,6104,5800,53057,53842,95413,92279,87746,86110,86326,91291,87613,89889,53588,66391,42556,58677,10331,20686,786834,738909,133323,125511,158503,143029,80040,220,210
2021-08-27T23:59:59+02:00,7914,7606,59379,60092,102049,99467,93481,92793,91155,96723,91559,93763,55417,68686,43856,60637,10836,21871,6025,5729,52810,53596,95117,92005,87525,85904,86153,91136,87506,89790,53545,66355,42541,58651,10326,20683,785848,737335,133261,125310,158466,142993,79549,220,210
2021-08-26T23:59:59+02:00,7829,7507,59142,59845,101823,99249,93263,92569,90976,96542,91452,93665,55368,68624,43823,60610,10830,21859,5952,5662,52474,53313,94749,91655,87190,85594,85912,90878,87348,89658,53481,66266,42495,58608,10319,20671,784378,735422,133163,124902,158443,142861,78832,220,208
2021-08-25T23:59:59+02:00,7757,7417,58914,59648,101653,99106,93112,92387,90856,96419,91343,93586,55330,68572,43789,60566,10825,21836,5880,5602,52173,53061,94446,91400,86965,85350,85715,90690,87215,89532,53414,66181,42447,58540,10313,20640,783165,733696,133081,124590,158433,142793,78278,219,207
2021-08-24T23:59:59+02:00,7707,7365,58694,59428,101467,98933,92946,92225,90745,96292,91258,93515,55292,68518,43762,60523,10819,21811,5835,5535,51851,52798,94096,91113,86664,85100,85505,90500,87064,89372,53329,66087,42399,58474,10305,20618,782027,731878,132989,124288,158426,142573,77699,219,207
2021-08-23T23:59:59+02:00,7651,7313,58491,59222,101302,98777,92816,92065,90653,96207,91182,93430,55254,68475,43733,60497,10815,21793,5772,5473,51528,52531,93757,90833,86416,84823,85310,90330,86929,89246,53251,65994,42364,58423,10298,20600,780886,729977,132918,123999,158416,142399,77297,219,206
2021-08-22T23:59:59+02:00,7581,7257,58296,59040,101099,98619,92658,91929,90558,96091,91103,93363,55218,68429,43719,60473,10809,21779,5691,5390,51156,52177,93354,90430,86108,84516,85073,90101,86760,89122,53172,65888,42332,58362,10290,20579,779863,727651,132816,123686,158404,142183,76779,219,202
2021-08-21T23:59:59+02:00,7527,7219,58162,58917,100965,98513,92553,91825,90459,96030,91046,93328,55198,68407,43711,60456,10807,21776,5499,5202,50823,51876,93187,90282,85939,84358,84926,89977,86674,89059,53141,65864,42322,58346,10289,20573,779186,726125,132741,123458,158403,142142,76410,219,202
2021-08-20T23:59:59+02:00,7475,7167,58007,58745,100793,98361,92402,91691,90344,95906,90970,93266,55176,68382,43701,60439,10805,21771,5373,5100,50491,51537,92923,90015,85676,84124,84711,89773,86541,88948,53110,65823,42299,58322,10282,20566,778231,724160,132691,123252,158397,142077,75923,219,202
2021-08-19T23:59:59+02:00,7408,7107,57759,58509,100518,98133,92194,91499,90184,95740,90842,93163,55133,68323,43676,60408,10798,21757,5256,4975,50047,51099,92493,89614,85267,83722,84400,89457,86327,88765,53039,65715,42260,58260,10272,20548,776865,721459,132558,122805,158389,141871,75180,219,201
2021-08-18T23:59:59+02:00,7344,7052,57578,58348,100334,97953,92049,91336,90045,95619,90741,93068,55066,68259,43647,60363,10788,21737,5161,4876,49696,50732,92115,89288,84946,83390,84122,89207,86137,88592,52925,65600,42189,58168,10257,20518,775712,719065,132469,122416,158382,141631,74606,218,201
2021-08-17T23:59:59+02:00,7282,7001,57389,58191,100142,97779,91883,91187,89923,95488,90645,92976,55027,68212,43623,60335,10786,21722,5042,4744,49203,50310,91665,88866,84543,83035,83793,88913,85930,88389,52822,65475,42131,58091,10251,20494,774600,716049,132365,122006,158369,141341,74100,217,201
2021-08-16T23:59:59+02:00,7223,6935,57207,58014,99939,97605,91735,91026,89781,95370,90530,92879,54975,68150,43594,60284,10779,21708,4832,4560,48636,49735,91187,88418,84074,82637,83458,88619,85699,88183,52718,65360,42073,58013,10242,20457,773431,712514,132273,121562,158362,141113,73511,217,201
2021-08-15T23:59:59+02:00,7157,6887,56986,57825,99754,97421,91577,90885,89655,95264,90441,92819,54937,68109,43574,60255,10775,21701,4434,4162,47512,48597,90543,87727,83517,82093,83063,88231,85412,87976,52610,65238,42029,57954,10233,20438,772345,706699,132162,120933,158354,140933,73004,217,200
2021-08-14T23:59:59+02:00,7125,6854,56865,57737,99613,97321,91473,90809,89568,95195,90390,92774,54922,68093,43569,60248,10774,21700,4405,4139,47358,48453,90310,87553,83303,81885,82939,88130,85342,87932,52582,65207,42020,57943,10232,20436,771821,705881,132106,120609,158349,140882,72597,217,200
2021-08-13T23:59:59+02:00,7078,6809,56709,57607,99455,97193,91345,90671,89462,95080,90309,92710,54892,68042,43555,60224,10772,21693,4345,4078,47053,48135,89833,87148,82903,81508,82675,87897,85171,87791,52539,65139,41998,57918,10229,20424,770985,703653,132047,120052,158342,140802,72077,215,200
2021-08-12T23:59:59+02:00,7043,6759,56505,57445,99241,97016,91171,90505,89317,94938,90214,92630,54854,67989,43529,60190,10764,21676,4293,4015,46638,47744,89185,86571,82323,80957,82295,87569,84943,87612,52465,65037,41945,57859,10219,20406,769921,700677,131943,119210,158329,140552,71438,215,199
2021-08-11T23:59:59+02:00,7007,6704,56318,57273,99034,96833,91011,90363,89184,94822,90103,92527,54802,67929,43498,60151,10755,21661,4219,3966,46222,47284,88557,85918,81741,80446,81957,87262,84672,87369,52376,64895,41873,57734,10200,20357,768787,697495,131845,118254,158306,140216,70885,212,198
2021-08-10T23:59:59+02:00,6946,6656,56133,57107,98812,96684,90854,90213,89055,94709,90019,92450,54757,67882,43482,60111,10751,21648,4155,3901,45785,46814,87910,85288,81132,79903,81546,86882,84427,87152,52255,64786,41813,57651,10186,20326,767723,694149,131750,117309,158287,139899,70357,212,198
2021-08-09T23:59:59+02:00,6894,6597,55960,56944,98617,96530,90699,90075,88914,94611,89908,92386,54718,67833,43457,60076,10744,21633,4086,3823,45218,46259,87073,84611,80442,79314,81131,86532,84134,86928,52142,64654,41757,57550,10172,20284,766695,690325,131677,116244,158277,139551,69795,212,195
2021-08-08T23:59:59+02:00,6823,6528,55733,56753,98405,96341,90520,89910,88777,94488,89813,92310,54663,67786,43431,60042,10737,21612,4030,3762,44612,45643,86000,83670,79534,78501,80585,86054,83802,86627,52008,64500,41693,57460,10159,20257,765471,685182,131565,115060,158257,139235,69226,212,194
2021-08-07T23:59:59+02:00,6779,6477,55588,56629,98265,96225,90391,89807,88682,94430,89750,92270,54644,67759,43428,60032,10734,21607,3569,3386,43771,44761,85662,83332,79057,78061,80224,85700,83620,86482,51945,64416,41672,57424,10154,20248,764798,681461,131503,113910,158253,139130,68790,212,193
2021-08-06T23:59:59+02:00,6723,6428,55396,56477,98033,96040,90238,89677,88557,94313,89652,92199,54604,67731,43419,60005,10731,21603,3188,2987,42849,43870,85191,82861,78468,77505,79833,85314,83429,86335,51893,64351,41646,57392,10146,20235,763833,677487,131403,112629,158246,138994,68191,212,192
2021-08-05T23:59:59+02:00,6655,6356,55074,56231,97733,95769,89976,89455,88344,94121,89482,92063,54539,67641,43390,59953,10722,21585,2672,2538,41607,42700,84457,82177,77688,76703,79236,84749,83072,86032,51763,64191,41586,57289,10131,20203,762172,671909,131275,110990,158234,138449,67255,212,191
2021-08-04T23:59:59+02:00,6574,6306,54834,56044,97480,95556,89791,89288,88202,93981,89364,91965,54486,67590,43352,59906,10718,21575,2600,2478,41131,42206,83230,81126,76344,75558,78746,84293,82751,85784,51621,64053,41529,57202,10115,20177,760879,666702,131166,109478,158220,137979,66594,212,191
2021-08-03T23:59:59+02:00,6508,6240,54576,55849,97244,95364,89613,89123,88059,93835,89218,91844,54408,67509,43315,59848,10710,21567,2545,2436,40692,41779,81980,79986,74919,74368,78137,83723,82206,85291,51407,63848,41428,57047,10102,20141,759498,660869,131061,107777,158195,137275,65923,212,191
2021-08-02T23:59:59+02:00,6446,6177,54337,55646,96982,95141,89390,88947,87887,93695,89074,91731,54325,67436,43282,59795,10707,21547,2494,2372,40212,41292,80657,78874,73368,73159,77509,83157,81662,84806,51237,63644,41353,56926,10085,20107,758061,654791,130911,106016,158173,136670,65248,211,189
2021-08-01T23:59:59+02:00,6380,6092,54069,55381,96714,94871,89152,88771,87684,93550,88910,91621,54256,67350,43245,59743,10700,21540,2418,2320,39692,40799,79364,77792,71954,72054,76615,82404,81076,84340,51047,63405,41265,56821,10074,20083,756450,648605,130716,104112,158148,136056,64564,208,186
2021-07-31T23:59:59+02:00,6344,6054,53947,55287,96593,94776,89051,88704,87593,93479,88865,91585,54244,67340,43239,59739,10700,21539,1894,1869,38732,39778,78918,77347,71417,71501,76230,82077,80960,84244,51028,63372,41249,56809,10074,20080,755968,643926,130546,103237,158145,135961,64269,208,186
2021-07-30T23:59:59+02:00,6289,6019,53769,55145,96434,94599,88893,88555,87461,93364,88782,91515,54207,67309,43226,59721,10698,21537,1427,1418,37725,38722,78212,76694,70662,70763,75715,81549,80559,83919,50951,63283,41215,56749,10068,20068,755068,637731,130230,102098,158141,135751,63934,207,185
2021-07-29T23:59:59+02:00,6238,5960,53533,54960,96172,94371,88681,88346,87290,93189,88642,91388,54147,67245,43202,59682,10690,21516,940,950,36476,37486,77154,75822,69611,69811,74907,80785,80021,83489,50819,63118,41148,56653,10051,20041,753819,629951,129748,100540,158125,135195,63411,206,185
2021-07-28T23:59:59+02:00,6201,5907,53332,54790,95965,94164,88530,88165,87174,93049,88530,91290,54089,67170,43168,59634,10680,21486,899,900,35862,36882,75982,74841,68334,68712,74145,80071,79530,83031,50678,62917,41078,56550,10035,20000,752640,623606,129300,99126,158108,134405,63127,206,183
2021-07-27T23:59:59+02:00,6152,5866,53098,54568,95704,93954,88348,87981,87016,92896,88406,91192,54036,67094,43126,59571,10666,21438,838,844,35208,36126,74523,73591,66881,67494,73280,79226,78986,82512,50503,62704,40998,56429,10010,19958,751228,616300,128869,97675,158085,133173,62781,206,182
2021-07-26T23:59:59+02:00,6095,5813,52878,54360,95458,93766,88149,87814,86853,92759,88276,91091,53975,67014,43097,59515,10659,21416,783,786,34440,35295,73006,72255,65508,66256,72231,78234,78394,81981,50330,62489,40920,56281,9988,19913,749881,608222,128445,96141,158068,132099,62446,205,182
2021-07-25T23:59:59+02:00,6057,5769,52670,54157,95206,93536,87972,87620,86695,92628,88168,90993,53924,66951,43069,59471,10649,21381,672,677,33734,34533,71661,71047,64390,65241,71228,77320,77915,81526,50212,62303,40855,56194,9982,19878,748474,601238,128170,94574,158047,131297,62077,205,182
2021-07-24T23:59:59+02:00,5970,5711,52395,53859,94897,93220,87725,87412,86519,92471,88068,90912,53895,66917,43057,59448,10649,21375,623,626,33229,34041,70797,70350,63719,64684,70351,76618,77710,81375,50157,62260,40833,56169,9982,19876,746592,596814,128117,93639,158046,131169,61596,205,182
2021-07-23T23:59:59+02:00,5917,5655,52121,53584,94496,92932,87426,87197,86338,92294,87928,90818,53861,66869,43049,59430,10646,21369,570,581,32709,33392,69731,69492,62938,64017,69448,75768,77307,81047,50082,62162,40801,56130,9975,19862,744536,591191,128043,92481,158040,130996,61162,205,182
2021-07-22T23:59:59+02:00,5847,5591,51702,53182,94017,92486,87040,86863,86028,91995,87718,90632,53776,66775,43020,59370,10638,21343,496,518,32000,32669,68414,68498,61887,63136,67830,74409,76653,80536,49930,61955,40709,56014,9954,19822,741487,584733,127808,89724,158015,130227,60565,204,181
2021-07-21T23:59:59+02:00,5795,5538,51330,52797,93580,92069,86733,86561,85771,91750,87544,90444,53691,66690,42961,59303,10627,21315,446,460,31385,32018,67082,67455,60799,62242,65786,72717,75748,79791,49639,61646,40548,55826,9930,19765,738673,578438,127568,85405,157985,129135,60124,204,181
2021-07-20T23:59:59+02:00,5737,5474,50939,52402,93115,91602,86367,86235,85503,91495,87321,90247,53599,66555,42912,59244,10620,21289,399,416,30726,31369,65617,66264,59665,61279,64608,71657,75136,79235,49433,61414,40442,55668,9906,19704,735701,571389,127347,83729,157929,128109,59530,204,181
2021-07-19T23:59:59+02:00,5660,5400,50467,51943,92645,91123,85994,85900,85255,91282,87114,90068,53506,66435,42876,59164,10602,21254,355,363,30182,30785,64451,65205,58746,60418,63454,70621,74537,78720,49259,61218,40350,55522,9878,19660,732425,565598,127116,81922,157894,126919,59104,204,181
2021-07-18T23:59:59+02:00,5591,5330,49640,51127,91565,90067,85262,85285,84772,90849,86820,89776,53400,66286,42813,59067,10592,21223,319,319,29627,30198,63262,64129,57821,59498,62275,69594,73986,78220,49111,61055,40292,55439,9866,19631,725948,559748,126783,79896,157877,126109,58709,203,180
2021-07-17T23:59:59+02:00,5417,5143,49287,50793,91422,89931,85067,85125,84615,90711,86713,89693,53380,66259,42802,59055,10591,21220,267,264,29239,29817,62614,63533,57265,59076,61523,68858,73680,77979,49001,60937,40253,55381,9856,19620,724766,556730,126607,78928,157872,125495,57830,203,180
2021-07-16T23:59:59+02:00,5316,5052,48964,50502,91156,89707,84821,84928,84415,90527,86574,89586,53338,66227,42784,59041,10588,21215,232,229,28742,29315,61674,62623,56418,58388,60469,67820,73178,77558,48840,60749,40207,55312,9851,19611,723388,551770,126437,77606,157863,124755,56905,202,180
2021-07-15T23:59:59+02:00,5180,4918,48490,50090,90756,89325,84460,84548,84110,90248,86352,89417,53257,66136,42729,58971,10579,21188,189,196,28013,28685,60355,61554,55291,57402,59057,66506,72444,76971,48609,60487,40118,55182,9836,19556,720910,545940,126016,75411,157828,123082,55838,201,180
2021-07-14T23:59:59+02:00,5074,4803,48135,49714,90449,89033,84173,84234,83861,90009,86152,89259,53167,66029,42671,58882,10562,21157,170,173,27481,28120,59257,60559,54320,56556,58178,65655,71835,76383,48341,60209,40012,55008,9813,19512,718741,540509,125657,74491,157782,121379,55023,200,180
2021-07-13T23:59:59+02:00,4962,4686,47731,49329,90051,88679,83868,83927,83593,89748,85946,89090,53057,65924,42616,58817,10556,21136,154,163,26818,27443,57887,59372,53129,55564,57188,64741,71109,75743,48063,59885,39882,54830,9781,19460,716375,534160,125284,73377,157726,119326,54170,199,179
2021-07-12T23:59:59+02:00,4791,4516,47179,48812,89655,88335,83472,83605,83345,89487,85756,88929,52977,65829,42568,58754,10544,21121,145,155,26188,26785,56384,58020,51843,54505,55964,63595,70364,75124,47689,59456,39706,54607,9740,19395,713651,526870,124916,72355,157663,116977,53284,199,179
2021-07-11T23:59:59+02:00,4396,4143,46228,47885,89223,87900,83058,83217,83035,89199,85558,88781,52890,65738,42543,58698,10533,21104,133,147,25584,26216,55005,56758,50547,53459,54922,62562,69768,74572,47342,59076,39581,54432,9715,19353,709680,520241,124447,71346,157623,115186,52221,196,178
2021-07-10T23:59:59+02:00,4383,4130,45898,47541,88767,87419,82725,82907,82930,89099,85492,88724,52869,65715,42534,58684,10532,21100,130,139,25096,25678,53913,55813,49684,52875,54322,61993,69552,74386,46972,58657,39481,54327,9710,19342,709010,515911,123978,71261,157446,113863,50857,195,178
2021-07-09T23:59:59+02:00,4364,4118,45480,47098,88147,86854,82348,82563,82678,88912,85378,88632,52833,65686,42527,58671,10528,21091,124,124,24392,24900,52591,54581,48742,51995,53542,61142,69130,73981,46613,58247,39393,54237,9703,19330,707590,509733,123392,70855,157283,112515,49486,194,178
2021-07-08T23:59:59+02:00,4334,4091,44928,46597,87286,86143,81817,82048,82424,88669,85183,88478,52766,65619,42495,58625,10517,21075,116,107,23403,23959,50649,53003,47356,50842,52401,60013,68438,73345,46091,57687,39257,54073,9675,19261,705462,501976,122500,69582,156994,109971,47970,193,177
2021-07-07T23:59:59+02:00,4311,4064,44343,46003,86445,85382,81264,81565,82138,88371,84974,88314,52687,65518,42452,58561,10509,21055,104,92,22512,23042,48701,51320,45837,49703,51160,58828,67737,72810,45354,56944,39062,53835,9642,19203,702941,493788,121500,68471,156736,106861,46591,190,175
2021-07-06T23:59:59+02:00,4278,4043,43798,45479,85579,84644,80650,80973,81768,88040,84798,88138,52598,65436,42414,58499,10500,21030,94,82,21673,22173,46696,49536,44451,48451,49879,57490,66989,72091,44523,56169,38876,53596,9624,19148,700288,484811,120478,67388,156436,103890,45277,188,175
2021-07-05T23:59:59+02:00,4256,4007,42636,44492,84060,83542,79921,80352,81309,87617,84523,87873,52483,65300,42363,58420,10486,21002,83,70,20480,21106,44734,47931,43429,47487,48851,56527,66292,71472,43759,55307,38701,53371,9599,19109,696962,478815,119418,66515,156071,100797,42006,187,175
2021-07-04T23:59:59+02:00,4229,3984,41273,43274,82408,82223,79193,79746,80835,87195,84250,87670,52391,65175,42320,58369,10473,20973,80,63,19126,19900,42932,46404,42729,46741,48039,55673,65707,70902,43016,54457,38538,53180,9579,19062,693835,474144,118264,65578,155648,98183,38049,187,174
2021-07-03T23:59:59+02:00,3762,3567,39699,41726,81542,81566,78708,79256,80389,86717,84031,87498,52323,65074,42302,58317,10470,20967,76,62,18315,19210,42012,45709,42311,46366,47633,55273,65541,70736,42425,53728,38475,53081,9572,19052,690083,472204,116951,65479,155564,96589,35131,187,174
2021-07-02T23:59:59+02:00,3204,2996,38143,40225,80809,80835,78036,78549,79870,86214,83790,87294,52272,64988,42274,58270,10458,20954,67,54,17545,18479,40853,44741,41576,45667,46800,54490,65019,70285,41472,52522,38345,52893,9556,19033,685035,467120,115546,65011,155413,94091,33003,186,172
2021-07-01T23:59:59+02:00,2557,2449,36422,38555,79825,79965,77196,77716,79163,85575,83475,87017,52148,64831,42211,58168,10440,20925,56,42,16662,17550,39304,43500,40360,44606,45496,53357,64276,69706,40581,51384,38196,52684,9539,19001,678690,460688,113816,63357,155189,91324,30759,186,172
2021-06-30T23:59:59+02:00,2515,2419,35410,37537,77982,78462,75496,76223,78517,85027,83189,86724,52015,64671,42151,58071,10428,20898,47,32,15628,16570,37624,42279,39161,43500,44339,52295,63520,69076,40035,50697,38078,52485,9517,18965,672821,454545,112079,62019,154975,89437,27676,186,171
2021-06-29T23:59:59+02:00,2480,2387,34570,36637,76382,76966,73884,74811,77721,84311,82643,86233,51832,64452,42075,57940,10410,20862,34,23,14792,15665,36308,41129,38249,42676,43119,51242,62802,68491,39323,49760,37942,52265,9494,18921,666460,449350,110201,60186,154706,87484,25045,186,170
2021-06-28T23:59:59+02:00,2439,2353,33743,35824,74768,75548,72203,73417,76700,83524,82039,85736,51657,64224,41998,57834,10397,20829,25,18,14040,14902,35247,40106,37428,41946,41990,50242,62151,67943,38450,48675,37775,52043,9475,18875,659983,444497,108244,58670,154110,85283,22712,186,169
2021-06-27T23:59:59+02:00,2424,2338,33005,35077,73205,74176,70796,72208,75302,82400,81361,85179,51460,64007,41933,57716,10387,20800,20,18,13403,14266,34287,39344,36772,41345,41054,49391,61608,67500,37584,47642,37623,51864,9460,18844,653769,440583,106307,57901,153157,83017,20357,185,167
2021-06-26T23:59:59+02:00,1787,1728,31962,33970,72845,73857,70330,71743,75010,82089,81268,85101,51440,63981,41919,57706,10386,20797,20,17,13209,14057,33622,38800,36125,40924,40531,49056,60616,66490,36588,46504,37455,51651,9446,18811,648971,434592,105367,57847,153153,81071,20246,183,166
2021-06-25T23:59:59+02:00,1169,1130,30838,32792,72349,73322,69719,71048,74584,81642,80892,84778,51378,63893,41885,57663,10381,20783,17,16,12875,13666,32771,38006,35256,40104,39584,48215,59401,65255,36072,45804,37264,51351,9423,18770,642633,426167,104173,57398,153146,80008,20112,183,165
2021-06-24T23:59:59+02:00,566,570,29494,31465,71569,72561,68845,70162,73911,81007,80445,84414,51271,63764,41833,57593,10370,20749,14,13,12207,12956,31595,36702,34036,38839,38453,47103,57764,63880,35593,45286,37107,51161,9404,18710,634796,416801,102685,55842,153034,78123,19893,182,164
2021-06-23T23:59:59+02:00,539,537,28990,30909,70455,71578,67573,69022,73161,80320,79994,84009,51159,63590,41773,57497,10354,20717,12,12,11712,12422,30596,35461,33101,37617,37428,46217,55817,62158,35038,44720,36940,50935,9383,18645,628552,407007,101112,54777,152928,76863,19404,182,163
2021-06-22T23:59:59+02:00,516,520,28469,30309,69282,70543,66367,67996,72483,79616,79582,83639,51051,63464,41725,57413,10345,20691,10,11,11364,12005,29683,34531,32147,36725,36470,45315,53840,60314,34653,44244,36803,50693,9354,18587,622205,398454,99649,53207,152794,75745,19182,182,161
2021-06-21T23:59:59+02:00,484,486,27800,29627,67962,69360,65178,66866,71724,78835,79188,83247,50944,63354,41666,57324,10331,20650,9,11,11070,11687,29058,33947,31595,36156,35862,44724,51991,58657,33941,43442,36505,50268,9324,18511,615372,390863,98146,52010,152671,75068,18657,181,160
2021-06-20T23:59:59+02:00,399,405,27164,28957,66733,68219,64158,65931,70919,78094,78834,82909,50867,63227,41617,57257,10326,20617,5,10,10782,11419,28510,33443,31139,35666,35349,44200,50143,56859,33399,42760,36308,49933,9294,18451,608972,383432,96683,51259,152571,74596,18227,181,156
2021-06-19T23:59:59+02:00,367,371,26777,28578,66000,67645,63630,65425,70119,77439,78683,82785,50846,63202,41601,57241,10325,20617,5,9,10647,11220,28256,33122,30884,35342,35125,43937,48697,55463,33140,42412,36224,49794,9286,18423,605000,378019,95738,51247,152571,74402,18162,181,156
2021-06-18T23:59:59+02:00,339,337,26317,28104,64984,66907,62893,64814,69198,76601,78293,82453,50783,63127,41574,57205,10321,20609,5,9,10431,10976,27856,32699,30552,34929,34733,43538,46957,53784,32786,41897,36087,49583,9267,18389,599573,371143,94497,50958,152565,74178,18044,181,155
2021-06-17T23:59:59+02:00,310,306,25672,27492,63712,65908,61890,64007,67609,75190,77766,82049,50682,62973,41511,57124,10308,20582,5,9,10014,10613,27067,32001,29811,34249,33896,42838,45445,52287,32339,41264,35923,49327,9236,18339,593465,363693,91836,49815,152403,73793,17208,180,154
2021-06-16T23:59:59+02:00,275,267,25138,26896,62409,64773,60785,63035,65341,73265,76922,81393,50468,62765,41420,57012,10289,20549,5,7,9690,10349,26417,31326,29107,33627,33167,42201,44849,51720,32068,40900,35777,49127,9215,18298,587193,359986,87325,49108,151984,72279,16323,178,154
2021-06-15T23:59:59+02:00,236,236,24485,26189,61000,63549,59704,62053,64186,72180,76415,80974,50346,62616,41369,56916,10282,20519,5,7,9420,10066,25815,30588,28471,32873,32486,41477,43287,50085,31616,40343,35605,48894,9185,18233,580028,353244,85699,48214,151531,71024,15820,178,154
2021-06-14T23:59:59+02:00,213,204,24010,25589,59890,62496,58828,61207,63109,71175,75942,80585,50258,62494,41319,56844,10267,20494,4,7,9126,9764,25065,29695,27708,32037,31697,40661,41997,48740,31246,39845,35468,48671,9155,18182,574151,347086,83982,47194,151326,69347,15288,178,153
2021-06-13T23:59:59+02:00,208,189,23591,25119,58949,61589,58054,60420,62001,70206,75478,80163,50168,62379,41268,56785,10255,20464,4,7,8841,9459,24356,28852,26997,31199,30936,39805,40436,47151,30780,39233,35265,48365,9125,18092,569128,340015,82127,46410,151100,67572,14754,178,152
2021-06-12T23:59:59+02:00,195,171,23333,24838,58390,61080,57693,60141,61359,69567,75277,80051,50143,62348,41256,56771,10252,20460,4,7,8721,9339,23880,28271,26475,30625,30407,39243,39335,46176,30611,39054,35170,48200,9121,18081,566173,335760,81173,46407,151092,65691,14710,178,152
2021-06-11T23:59:59+02:00,176,156,22964,24399,57638,60266,57016,59510,60452,68634,74931,79746,50068,62273,41230,56735,10250,20454,4,6,8581,9145,23363,27597,25942,29968,29823,38607,38255,45164,30343,38697,35027,47978,9108,18054,561128,330899,79881,46146,151078,63831,14635,177,151
2021-06-10T23:59:59+02:00,161,139,22421,23818,56496,59329,56088,58690,59189,67461,74392,79347,49996,62165,41206,56685,10235,20425,4,6,8316,8890,22490,26654,24978,29029,28700,37669,36864,43996,29986,38216,34747,47544,9041,17978,555538,323980,77672,45438,150840,61524,14017,177,149
2021-06-09T23:59:59+02:00,141,124,21787,23233,55232,58226,55012,57778,58239,66552,73930,78955,49908,62065,41154,56623,10221,20394,4,5,8020,8628,21559,25791,24049,28146,27664,36719,35143,42203,29596,37715,34560,47274,8999,17887,549738,316532,76219,44706,150487,59621,12955,176,148
2021-06-08T23:59:59+02:00,119,106,21109,22521,53918,57096,53894,56796,57286,65696,73384,78520,49819,61941,41099,56531,10203,20364,3,4,7753,8383,20659,24900,22994,27283,26629,35757,33779,40897,29239,37209,34239,46816,8948,17803,543049,310221,75289,43934,150047,57153,11841,176,146
2021-06-07T23:59:59+02:00,102,89,20456,21887,52479,55836,52634,55816,56129,64709,72832,78116,49734,61835,41053,56468,10190,20336,2,3,7497,8157,19818,24078,21972,26475,25596,34886,32844,40115,28957,36816,33988,46389,8897,17710,535754,305594,74388,43116,149640,54601,10743,176,146
2021-06-06T23:59:59+02:00,95,84,19944,21353,51333,54727,51526,54836,55162,63757,72321,77712,49647,61757,41017,56405,10182,20320,2,3,7285,7961,19037,23182,21071,25600,24525,33902,31927,39296,28667,36474,33733,45999,8846,17636,529416,301034,73366,42374,149305,51679,9916,175,143
2021-06-05T23:59:59+02:00,89,76,19674,21044,50550,53970,50873,54333,54688,63281,72190,77600,49635,61744,41013,56402,10179,20320,2,3,7054,7548,18394,22113,20345,24488,23649,32648,30889,37976,28333,36008,33609,45823,8839,17616,525065,294727,73360,42335,149225,48296,9836,175,143
2021-06-04T23:59:59+02:00,79,70,19221,20458,49486,52955,50053,53465,54033,62493,71847,77273,49608,61706,40993,56387,10177,20315,2,2,6831,7231,17768,21265,19656,23492,22709,31368,29665,36632,28044,35642,33495,45647,8827,17595,518575,288252,73032,42266,149208,45581,9630,174,142
2021-06-03T23:59:59+02:00,69,59,18540,19763,47966,51650,48835,52335,53060,61468,71343,76813,49541,61602,40955,56339,10164,20290,2,2,6539,6832,17031,20219,18855,22341,21701,29938,28496,35146,27502,34860,33289,45320,8790,17520,510800,281505,72018,41511,148934,42360,8868,172,139
2021-06-02T23:59:59+02:00,64,55,18159,19250,46942,50659,47950,51569,52309,60705,71093,76600,49502,61568,40936,56311,10156,20276,1,2,6348,6596,16390,19527,17928,21580,20852,28986,27401,33739,27036,34254,33128,45069,8761,17450,504506,275220,72000,41497,148914,39684,8514,170,133
2021-06-01T23:59:59+02:00,53,49,17480,18510,45073,48924,46292,50108,50791,59241,70415,76002,49410,61457,40877,56239,10144,20228,1,1,6068,6279,15227,18628,16414,20615,19635,27731,26169,32341,26479,33556,32877,44717,8715,17348,495396,268707,70634,40925,148366,36309,6731,166,129
2021-05-31T23:59:59+02:00,51,45,16997,18016,43762,47779,45072,48997,49550,58117,69731,75491,49327,61354,40831,56172,10132,20190,1,1,5789,5950,14180,17796,15000,19691,18453,26615,24941,30997,25960,32835,32682,44418,8681,17248,489145,262400,69470,40382,147896,33390,4938,165,128
2021-05-30T23:59:59+02:00,45,44,16667,17619,42790,46837,44164,48094,48544,57119,69173,74945,49222,61199,40759,56057,10116,20147,1,1,5598,5704,13633,17092,14370,18991,17551,25641,23839,29823,25189,31884,32383,44000,8636,17159,483190,256426,68439,39579,147487,31106,4261,164,123
2021-05-29T23:59:59+02:00,45,43,16534,17494,42424,46520,43819,47830,48304,56926,69115,74892,49216,61193,40752,56053,10116,20146,1,1,5434,5459,13122,16287,13726,18143,16705,24473,22723,28522,25030,31651,32319,43905,8633,17152,481211,250815,68316,39579,147480,28518,4252,163,122
2021-05-28T23:59:59+02:00,44,41,16230,17188,41720,45892,43307,47264,47793,56392,68838,74597,49151,61110,40725,56003,10113,20141,1,1,5191,5075,12587,15374,13046,17279,15841,23237,21620,27082,24779,31282,32224,43772,8623,17136,476910,244760,67809,39475,147454,25585,4213,163,117
2021-05-27T23:59:59+02:00,41,38,15704,16644,40566,44901,42289,46367,46803,55500,68259,74160,49029,60950,40671,55932,10102,20101,1,1,4953,4730,11940,14556,12263,16345,14769,22041,20362,25569,24277,30543,32052,43511,8589,17052,471024,237404,66291,38669,146736,23523,3845,161,113
2021-05-26T23:59:59+02:00,39,37,15292,16206,39471,43981,41249,45490,45773,54622,67653,73647,48877,60769,40587,55766,10080,20053,1,1,4760,4530,11387,13797,11543,15498,13757,20909,18962,23974,23692,29755,31835,43165,8535,16950,465873,230132,64268,37797,145746,21465,3544,161,113
2021-05-25T23:59:59+02:00,39,36,14885,15794,38466,43092,40281,44637,44821,53701,67034,73117,48694,60529,40508,55632,10054,20000,1,1,4544,4322,10846,13156,10778,14727,12685,19667,17527,22466,23103,28973,31598,42838,8478,16855,460537,222747,62688,36853,144635,19556,3299,161,110
2021-05-24T23:59:59+02:00,39,35,14539,15469,37630,42358,39413,43963,43960,52913,66504,72631,48571,60352,40445,55508,10034,19955,1,1,4400,4194,10400,12690,10143,14148,11794,18832,16240,21201,22427,28140,31381,42505,8419,16765,455924,215827,61454,35911,143888,18940,2893,160,110
2021-05-23T23:59:59+02:00,35,35,14371,15292,37163,41983,38962,43559,43510,52506,66234,72404,48488,60260,40406,55461,10027,19931,1,1,4210,4054,9934,12215,9523,13543,10849,18016,15042,20137,21954,27568,31128,42216,8368,16679,452724,208821,61072,35829,143866,17874,2805,160,109
2021-05-22T23:59:59+02:00,33,33,14174,15076,36472,41418,38274,43107,42935,52094,65215,71386,48282,60001,40334,55347,10017,19910,1,1,4099,3757,9720,11798,9370,13217,10607,17571,14772,19735,21860,27451,31094,42174,8361,16670,446254,207592,61068,35826,143852,15957,2774,160,109
2021-05-21T23:59:59+02:00,32,32,13789,14667,35405,40508,37211,42185,41868,51192,63857,70096,48053,59665,40254,55199,10000,19877,1,1,3989,3658,9514,11533,9155,12950,10271,17242,14355,19363,21639,27165,31032,42084,8352,16662,436650,205630,60708,35520,143617,14954,2757,158,105
2021-05-20T23:59:59+02:00,29,32,12982,13927,33965,39052,35792,40785,40461,49993,62562,68946,47760,59325,40108,55017,9979,19827,1,1,3838,3483,8989,10927,8505,12238,9571,16391,13599,18397,20820,26043,30837,41786,8313,16575,426408,201257,59008,34675,142597,11905,2373,156,104
2021-05-19T23:59:59+02:00,29,31,12437,13353,32788,37637,34693,39408,39332,49032,60554,67170,47277,58767,39922,54753,9936,19721,1,1,3732,3346,8711,10551,8209,11864,9132,15883,12959,17734,19954,24912,30610,41482,8256,16460,415543,197005,57489,33861,141485,10662,2169,154,100
2021-05-18T23:59:59+02:00,27,31,12014,12895,31753,36627,33613,38496,38290,48098,58486,65297,46921,58320,39767,54512,9904,19661,1,1,3531,3179,8214,9955,7738,11320,8583,15212,12278,16963,19010,23676,30373,41140,8218,16354,406861,192891,55538,33020,140292,7865,1870,151,100
2021-05-17T23:59:59+02:00,25,30,11760,12610,31234,36070,33118,37936,37697,47461,56584,63587,46217,57496,39489,54113,9867,19587,1,1,3444,3068,7947,9679,7440,11022,8179,14797,11705,16356,18087,22543,30138,40819,8183,16278,399265,188504,54408,32274,139481,7235,1578,149,96
2021-05-16T23:59:59+02:00,25,30,11542,12354,30709,35566,32655,37444,37175,46888,54683,61756,45668,56797,39295,53794,9839,19531,1,1,3346,2966,7657,9384,7116,10680,7705,14331,11123,15768,17157,21390,29928,40529,8144,16209,392286,184212,53440,31422,138817,6646,1061,147,94
2021-05-15T23:59:59+02:00,25,30,11382,12148,30431,35232,32418,37124,36947,46624,53114,60273,45418,56492,39218,53655,9833,19503,1,1,3324,2946,7632,9355,7101,10659,7686,14315,11104,15745,17046,21174,29718,40219,8136,16199,386469,183210,53436,31421,138771,6593,1044,147,93
2021-05-14T23:59:59+02:00,25,30,11134,11859,29958,34727,32038,36661,36428,46147,51233,58434,45055,55990,39078,53449,9817,19463,1,1,3296,2924,7561,9284,7043,10585,7622,14252,10921,15544,16308,20103,29432,39730,8119,16159,378644,180262,53105,31082,138637,6454,994,146,93
2021-05-13T23:59:59+02:00,22,29,10844,11523,29306,34075,31433,36056,35750,45475,49758,56917,44623,55361,38906,53202,9790,19416,1,1,3216,2874,7429,9179,6953,10490,7519,14141,10589,15195,15244,18858,29043,39088,8076,16084,371497,176432,52089,30519,137882,6065,874,144,90
2021-05-12T23:59:59+02:00,21,27,10710,11377,29018,33755,31161,35762,35436,45160,49474,56605,44528,55254,38854,53124,9783,19377,1,0,3202,2847,7396,9143,6921,10454,7488,14100,10417,15037,14863,18421,28737,38602,8054,16037,368805,174350,52002,30508,137724,6020,752,143,90
2021-05-11T23:59:59+02:00,20,24,10353,11046,28159,32934,30338,35005,34573,44373,47733,54828,44071,54654,38680,52836,9745,19274,1,0,3113,2749,7153,8863,6695,10150,7271,13731,9939,14492,13872,17272,28320,37984,8016,15943,361859,170658,50292,29610,135827,4680,526,142,90
2021-05-10T23:59:59+02:00,19,24,10042,10758,27411,32229,29563,34310,33804,43602,46424,53553,43687,54145,38492,52533,9695,19160,1,0,3070,2702,7024,8738,6598,10029,7126,13552,9670,14188,13167,16404,27890,37370,7991,15863,355592,167820,49174,29227,134132,3837,413,140,86
2021-05-09T23:59:59+02:00,18,24,9802,10504,26723,31542,28904,33617,33079,42905,44884,52069,43187,53522,38292,52229,9658,19074,1,0,3020,2654,6896,8596,6493,9889,7011,13338,9358,13876,12368,15504,27523,36829,7971,15807,348478,164952,48101,28676,132993,3095,325,136,86
2021-05-08T23:59:59+02:00,18,24,9709,10431,26340,31240,28449,33298,32611,42596,43829,51239,43034,53359,38253,52168,9655,19068,1,0,3016,2650,6886,8591,6488,9881,7003,13326,9348,13863,12331,15441,26842,35878,7934,15731,343900,163077,48061,28649,132905,3079,319,136,86
2021-05-07T23:59:59+02:00,17,24,9567,10281,25866,30856,27990,32918,32105,42243,42780,50410,42762,53016,38143,52011,9643,19041,1,0,2952,2623,6825,8547,6430,9826,6951,13273,9172,13641,11698,14630,25893,34487,7886,15649,338740,158953,47753,28279,132748,2866,300,132,86
2021-05-06T23:59:59+02:00,15,23,9161,9986,24947,30087,26926,32115,30876,41414,41164,49192,42378,52463,37948,51768,9605,18967,1,0,2880,2576,6694,8400,6312,9696,6802,13085,8899,13336,11044,13761,24923,33101,7851,15587,330870,155141,46674,27320,131080,2117,284,127,86
2021-05-05T23:59:59+02:00,15,22,8787,9783,24064,29487,26071,31462,29790,40626,39183,47371,41930,51914,37740,51484,9548,18854,1,0,2836,2543,6574,8270,6211,9581,6701,12939,8652,13076,10328,12926,23905,31774,7821,15515,323016,151227,45822,26430,128964,1710,202,127,84
2021-05-04T23:59:59+02:00,15,21,8544,9543,23281,28840,25095,30722,28718,39787,37657,45904,41456,51327,37463,51138,9497,18731,1,0,2793,2520,6502,8197,6126,9511,6624,12852,8415,12854,9593,12061,22955,30524,7787,15452,316336,147462,44851,25625,126327,1498,99,126,83
2021-05-03T23:59:59+02:00,15,20,8333,9329,22583,28258,24260,30120,27807,39088,36697,45152,41108,50856,37246,50846,9445,18629,1,0,2744,2486,6431,8119,6045,9443,6534,12769,8187,12638,8834,11159,22034,29303,7756,15401,311461,143688,44075,24800,124074,1255,60,122,81
2021-05-02T23:59:59+02:00,15,20,8167,9165,21948,27680,23526,29529,26989,38469,35881,44514,40850,50527,37133,50659,9410,18572,1,0,2707,2462,6389,8079,6007,9408,6493,12727,8005,12464,8231,10417,21321,28430,7735,15382,306641,140482,43309,24523,122935,1123,52,117,78
2021-05-01T23:59:59+02:00,14,20,8011,8978,21573,27227,23047,28961,26342,37751,35052,43619,40583,50150,37034,50505,9404,18555,1,0,2701,2454,6364,8069,5991,9399,6475,12714,7989,12447,8194,10353,21282,28373,7731,15378,300521,140190,43307,24515,122830,1081,51,117,78
2021-04-30T23:59:59+02:00,14,19,7860,8798,21185,26802,22597,28390,25585,36963,34033,42648,40351,49829,36936,50351,9392,18532,1,0,2679,2440,6340,8051,5969,9381,6446,12693,7957,12414,8154,10284,21232,28291,7728,15368,294179,139880,43299,24440,122647,987,44,116,77
2021-04-29T23:59:59+02:00,13,19,7582,8555,20590,26222,21928,27708,24654,35997,32755,41307,39305,48425,36619,49878,9334,18403,1,0,2644,2405,6249,7941,5880,9280,6352,12553,7752,12139,7527,9555,20822,27773,7704,15293,285411,137803,42513,23207,121215,741,44,111,75
2021-04-28T23:59:59+02:00,12,18,7300,8339,20069,25756,21289,27114,23770,35149,31349,39855,38138,46832,36277,49384,9272,18262,1,0,2572,2357,6134,7820,5769,9149,6249,12397,7531,11863,6833,8705,20406,27191,7664,15222,276724,135329,41734,21904,119576,513,44,107,73
2021-04-27T23:59:59+02:00,11,18,7110,8159,19641,25327,20666,26577,22910,34365,30128,38527,37045,45384,35895,48815,9202,18135,1,0,2546,2332,6033,7722,5716,9051,6183,12272,7316,11668,6227,7967,20003,26691,7644,15199,268879,133232,40866,20957,118019,266,44,107,72
2021-04-26T23:59:59+02:00,10,18,6928,7992,19219,24907,20118,26053,22099,33608,28912,37286,35985,43961,35588,48327,9151,18007,1,0,2533,2321,5987,7679,5671,9012,6145,12227,7128,11506,5614,7231,19628,26246,7621,15171,261167,131264,40041,20111,116815,234,40,106,72
2021-04-25T23:59:59+02:00,10,17,6822,7855,18884,24635,19737,25712,21487,32983,27921,36325,34849,42528,35270,47897,9109,17925,1,0,2519,2313,5969,7653,5651,8992,6125,12201,7090,11479,5486,7047,19291,25781,7605,15126,253944,130629,39325,19367,116554,223,39,104,71
2021-04-24T23:59:59+02:00,10,17,6657,7676,18442,24208,19185,25175,20700,32180,26834,35271,34598,42215,35177,47732,9099,17913,1,0,2515,2306,5957,7643,5640,8982,6120,12197,7080,11472,5411,6935,19194,25639,7602,15118,247971,130170,39320,19327,115655,206,39,104,70
2021-04-23T23:59:59+02:00,10,17,6428,7474,17993,23730,18618,24560,19871,31363,25668,34070,33816,41043,35033,47499,9085,17890,1,0,2509,2287,5930,7621,5603,8943,6075,12151,7034,11420,5247,6655,18654,25007,7502,14947,240368,128316,38990,18978,114668,184,39,103,69
2021-04-22T23:59:59+02:00,9,16,6212,7265,17386,23146,17826,23782,18818,30336,24341,32630,32776,39688,34788,47140,9045,17811,1,0,2493,2271,5883,7569,5553,8859,5996,12072,6958,11349,4960,6233,17936,24130,7381,14750,231314,126131,38067,18008,113495,149,39,100,67
2021-04-21T23:59:59+02:00,9,15,6009,7082,16856,22676,17166,23177,17826,29435,22787,31036,31768,38448,34490,46697,8996,17722,1,0,2469,2254,5839,7511,5493,8784,5930,11970,6862,11269,4798,5959,17235,23277,7265,14569,222405,124027,37291,17237,112361,117,39,99,65
2021-04-20T23:59:59+02:00,8,14,5823,6885,16292,22202,16415,22522,16826,28430,21311,29563,30614,36952,34172,46252,8942,17623,1,0,2455,2240,5790,7472,5452,8738,5882,11901,6784,11205,4681,5801,16633,22500,7139,14389,213359,122335,36402,16521,110949,109,38,98,60
2021-04-19T23:59:59+02:00,8,14,5636,6725,15758,21774,15739,21969,15827,27553,19917,28161,29225,35305,33853,45767,8882,17504,1,0,2444,2223,5766,7439,5416,8704,5843,11855,6703,11129,4552,5640,15985,21782,7031,14227,204623,120682,35622,15854,109241,106,38,93,60
2021-04-18T23:59:59+02:00,7,14,5446,6584,15325,21450,15119,21405,14853,26758,18579,27021,27832,33654,33519,45342,8820,17414,1,0,2394,2176,5635,7312,5301,8592,5737,11704,6597,11011,4432,5454,15395,21116,6915,14045,196057,119034,34788,14584,108168,102,38,91,59
2021-04-17T23:59:59+02:00,7,13,5408,6548,15172,21374,14946,21319,14616,26579,18324,26800,27325,33107,33394,45194,8811,17399,1,0,2367,2137,5534,7158,5196,8436,5637,11517,6509,10880,4379,5390,15149,20822,6905,14031,194833,117277,34783,14580,106591,94,38,91,59
2021-04-16T23:59:59+02:00,7,13,5343,6493,14993,21224,14732,21158,14329,26333,17904,26389,26279,31876,33258,44986,8790,17376,1,0,2322,2086,5420,6971,5058,8255,5486,11274,6310,10659,4177,5155,14498,20026,6808,13884,191471,114026,34496,14180,105387,87,38,91,59
2021-04-15T23:59:59+02:00,6,12,5271,6414,14779,21013,14465,20871,13899,25983,17264,25760,24908,30257,32998,44660,8755,17294,1,0,2250,2001,5223,6736,4861,7937,5280,10954,6095,10373,3975,4902,13665,18941,6693,13717,186891,110195,33685,13235,103905,78,38,90,58
2021-04-14T23:59:59+02:00,6,12,5189,6345,14575,20813,14209,20647,13513,25647,16595,25137,23324,28469,32685,44259,8700,17200,1,0,2058,1881,5004,6475,4675,7687,5053,10705,5858,10085,3840,4696,12930,18022,6565,13503,182275,107092,32812,11779,102112,72,38,88,57
2021-04-13T23:59:59+02:00,6,12,5135,6295,14369,20683,13969,20465,13169,25348,16024,24632,21609,26613,32365,43843,8670,17092,1,0,1971,1828,4837,6284,4490,7463,4853,10449,5651,9846,3698,4527,12410,17406,6440,13340,178024,104676,31936,10661,100214,62,38,87,57
2021-04-12T23:59:59+02:00,6,11,5072,6227,14150,20488,13664,20202,12779,24931,15442,24080,19999,24668,32073,43481,8628,17017,1,0,1843,1734,4654,6125,4338,7287,4691,10256,5515,9687,3579,4373,11975,16895,6328,13178,173634,102988,30882,9319,98279,60,38,85,54
2021-04-11T23:59:59+02:00,6,11,5001,6152,13928,20290,13367,19989,12361,24577,14873,23567,18488,22888,31812,43138,8583,16935,1,0,1805,1697,4534,6012,4227,7163,4568,10125,5379,9556,3463,4253,11482,16283,6195,12970,169331,101228,29922,8340,96595,58,36,82,51
2021-04-10T23:59:59+02:00,6,11,4996,6143,13910,20275,13358,19978,12343,24559,14847,23545,17796,21963,31520,42719,8565,16908,1,0,1801,1683,4519,6002,4212,7148,4555,10111,5326,9489,3358,4138,10927,15451,6065,12772,168252,99078,29895,8340,95180,56,33,82,51
2021-04-09T23:59:59+02:00,6,11,4982,6123,13870,20227,13311,19926,12294,24500,14583,23291,16272,20071,31113,42072,8531,16865,1,0,1776,1668,4496,5986,4184,7121,4511,10073,5288,9440,3271,4017,10058,14463,5916,12574,165611,96619,29557,8091,92769,54,31,80,48
2021-04-08T23:59:59+02:00,6,11,4937,6096,13769,20153,13230,19844,12193,24396,14242,22929,14498,17850,30490,41064,8468,16741,1,0,1753,1653,4466,5933,4132,7036,4446,9993,5216,9363,3161,3913,9580,13855,5709,12327,161750,94759,28524,7656,90541,53,24,78,45
2021-04-07T23:59:59+02:00,6,11,4906,6065,13658,20069,13135,19756,12084,24288,13859,22564,12972,15990,29847,40081,8414,16640,1,0,1734,1639,4412,5864,4045,6963,4357,9909,5127,9263,3070,3818,8819,12757,5469,11919,157281,92177,27644,6878,89321,46,22,77,43
2021-04-06T23:59:59+02:00,6,11,4875,6042,13559,20002,13052,19698,12009,24225,13482,22214,11332,13981,29187,39109,8382,16569,1,0,1671,1584,4281,5735,3936,6840,4237,9759,5023,9132,2954,3698,8111,11823,5195,11553,153266,89783,26766,5642,87608,45,20,75,43
2021-04-05T23:59:59+02:00,6,10,4837,6012,13483,19935,12983,19630,11953,24145,13208,21961,9716,12028,28460,38056,8346,16506,1,0,1600,1517,4126,5583,3768,6685,4083,9608,4868,9002,2823,3581,7295,10854,4923,11161,150051,87399,25749,3975,85383,42,19,73,43
2021-04-04T23:59:59+02:00,6,10,4820,5995,13472,19912,12973,19611,11946,24126,13109,21889,8688,10765,28008,37416,8321,16450,1,0,1598,1514,4118,5577,3767,6680,4078,9604,4866,8993,2818,3571,7058,10386,4839,11036,148311,86436,25745,3975,83372,36,17,72,40
2021-04-03T23:59:59+02:00,6,10,4817,5984,13455,19893,12961,19601,11936,24115,13095,21872,7780,9697,27126,36172,8271,16338,1,0,1594,1510,4116,5572,3765,6677,4070,9592,4852,8979,2811,3558,6919,10120,4800,10954,145835,85824,25736,3975,81471,35,16,71,40
2021-04-02T23:59:59+02:00,6,10,4812,5964,13419,19866,12923,19558,11890,24066,13022,21806,7266,8947,25536,34068,8125,16067,1,0,1584,1494,4090,5548,3739,6637,4034,9531,4731,8694,2683,3401,6543,9720,4650,10748,141369,83993,25395,3746,80502,35,14,71,40
2021-04-01T23:59:59+02:00,5,9,4762,5904,13325,19722,12805,19408,11741,23912,12423,21361,6701,8236,24026,32095,7997,15825,1,0,1520,1446,3978,5428,3673,6565,3966,9464,4652,8589,2586,3259,6028,9036,4472,10471,137163,81715,24255,3337,78757,31,13,69,38
2021-03-31T23:59:59+02:00,5,9,4711,5847,13201,19567,12671,19253,11552,23731,12161,21099,6378,7861,22541,30139,7844,15595,1,0,1507,1435,3953,5405,3640,6537,3927,9417,4612,8534,2522,3183,5538,8388,4293,10231,133215,79925,23161,3120,77710,31,10,69,37
2021-03-30T23:59:59+02:00,5,9,4646,5779,13063,19418,12560,19072,11422,23566,11993,20961,6187,7643,21148,28405,7699,15390,1,0,1490,1399,3912,5372,3575,6465,3837,9304,4480,8364,2385,2979,5114,7829,4147,9974,129842,77689,22232,2877,76819,19,6,67,36
2021-03-29T23:59:59+02:00,5,9,4606,5737,12943,19324,12494,18987,11341,23459,11841,20827,6028,7444,19720,26716,7572,15187,1,0,1430,1358,3857,5325,3501,6396,3718,9160,4326,8172,2262,2839,4547,7156,3990,9697,126237,75015,21365,2663,76566,18,5,67,34
2021-03-28T23:59:59+02:00,5,9,4558,5668,12821,19183,12408,18895,11239,23359,11734,20723,5876,7238,18534,25207,7452,14989,1,0,1397,1315,3758,5217,3307,6169,3630,9043,4275,8116,2209,2775,3789,6140,3805,9427,123225,71958,20568,2367,76036,11,5,64,32
2021-03-27T23:59:59+01:00,5,9,4525,5618,12712,19019,12292,18733,11123,23154,11625,20573,5809,7153,18244,24859,7441,14971,1,0,1390,1312,3753,5213,3304,6162,3343,8694,4075,7817,2203,2772,3776,6105,3768,9362,121380,70641,20528,2367,75889,7,5,63,30
2021-03-26T23:59:59+01:00,5,8,4489,5561,12600,18829,12158,18533,10971,22924,11466,20362,5644,6938,17634,24066,7342,14819,1,0,1388,1311,3748,5206,3281,6146,3324,8674,3863,7367,2024,2365,3512,5819,3615,9123,118282,68366,20187,2360,75813,7,4,63,30
2021-03-25T23:59:59+01:00,5,8,4413,5469,12402,18589,11957,18209,10761,22596,11226,20035,5429,6651,16601,22759,7214,14628,1,0,1379,1300,3728,5180,3247,6119,3272,8636,3816,7324,1952,2252,3076,5136,3452,8814,114304,66385,19114,2260,75468,5,4,62,30
2021-03-24T23:59:59+01:00,5,8,4332,5357,12181,18138,11738,17797,10538,22204,10993,19662,5159,6305,15556,21541,7072,14400,1,0,1356,1286,3704,5136,3211,6054,3218,8565,3764,7251,1898,2195,2766,4800,3301,8540,111185,64990,18023,2019,73712,4,4,62,29
2021-03-23T23:59:59+01:00,5,8,4275,5288,12013,17794,11538,17444,10347,21837,10767,19371,5020,6106,14914,20724,6932,14225,1,0,1340,1278,3688,5116,3190,6036,3192,8514,3725,7208,1860,2136,2534,4526,3089,8212,108807,63631,17291,1977,72444,4,4,62,29
2021-03-22T23:59:59+01:00,5,8,4223,5211,11814,17461,11349,17120,10123,21512,10551,19067,4869,5897,14291,20008,6799,14042,1,0,1327,1268,3657,5083,3158,5999,3165,8457,3688,7163,1815,2082,2337,4272,2891,7874,106942,62366,16571,1836,70774,3,4,59,28
2021-03-21T23:59:59+01:00,5,8,4151,5087,11536,17044,11066,16716,9851,21055,10294,18713,4755,5725,13594,19217,6655,13835,1,0,1319,1267,3640,5067,3136,5966,3142,8430,3669,7139,1795,2052,2168,4108,2719,7602,105055,61357,15269,1831,68920,3,4,59,25
2021-03-20T23:59:59+01:00,4,8,4123,5017,11394,16713,10943,16402,9711,20758,10118,18430,4627,5565,12966,18272,6515,13617,1,0,1318,1266,3640,5065,3133,5965,3139,8425,3663,7134,1791,2047,2136,4046,2694,7559,102860,61159,15264,1831,66996,3,4,59,25
2021-03-19T23:59:59+01:00,4,7,4078,4935,11226,16350,10759,16050,9536,20377,9898,18070,4468,5366,11936,17065,6352,13406,1,0,1309,1259,3623,5036,3103,5887,3093,8331,3559,6958,1665,1935,2059,3981,2581,7351,100151,59872,14852,1827,64820,3,4,56,25
2021-03-18T23:59:59+01:00,4,7,3992,4831,10977,15927,10494,15605,9254,19910,9673,17726,4321,5200,11309,16194,6121,13140,1,0,1305,1248,3606,5001,3083,5843,3072,8275,3532,6909,1645,1902,2023,3914,2455,7139,98341,59187,13843,1735,62442,3,4,55,24
2021-03-17T23:59:59+01:00,4,7,3816,4716,10680,15515,10234,15248,9010,19547,9418,17376,4200,5033,10491,14953,5858,12714,1,0,1304,1245,3593,4983,3076,5823,3062,8241,3515,6885,1642,1878,1999,3884,2343,6954,95684,58676,12295,1721,60782,3,4,55,24
2021-03-16T23:59:59+01:00,4,7,3673,4592,10343,15052,9965,14879,8735,19101,9120,17010,4060,4866,9668,13824,5577,12355,1,0,1291,1242,3589,4976,3066,5818,3056,8229,3507,6871,1616,1853,1960,3833,2222,6772,93350,58229,11101,1643,58322,3,3,55,24
2021-03-15T23:59:59+01:00,4,7,3526,4473,10032,14589,9673,14424,8437,18626,8832,16599,3914,4697,8951,12756,5348,12029,1,0,1281,1234,3568,4964,3054,5794,3034,8190,3487,6829,1601,1840,1941,3801,2105,6583,91373,57637,9738,1641,55754,3,2,50,24
2021-03-14T23:59:59+01:00,4,7,3453,4386,9773,14158,9421,14026,8119,18132,8550,16205,3752,4510,8142,11514,5037,11564,1,0,1267,1228,3547,4946,3033,5752,3012,8110,3459,6761,1574,1786,1880,3673,1936,6184,89042,57103,8716,1019,52948,3,0,47,24
2021-03-13T23:59:59+01:00,4,7,3371,4129,9458,13492,9171,13447,7891,17548,8341,15766,3641,4405,7949,11217,4985,11472,1,0,1267,1228,3547,4946,3032,5751,3011,8109,3456,6759,1570,1785,1878,3669,1935,6183,88371,57082,8716,1019,49160,3,0,47,23
2021-03-12T23:59:59+01:00,4,7,3308,3986,9210,12954,8932,12922,7657,16911,7983,15015,3478,4234,7561,10807,4844,11283,1,0,1263,1225,3542,4932,3029,5747,3004,8101,3452,6753,1543,1756,1857,3653,1837,6002,86585,56653,8464,1018,46000,3,0,47,23
2021-03-11T23:59:59+01:00,4,7,3154,3712,8827,12202,8628,12251,7323,16123,7636,14365,3317,4028,6998,10084,4649,10974,1,0,1245,1214,3510,4889,2984,5670,2969,7977,3400,6655,1498,1702,1773,3448,1633,5467,84121,55896,8006,116,42114,2,0,41,21
2021-03-10T23:59:59+01:00,4,7,3087,3605,8337,11698,7949,11773,7003,15628,7336,13772,3158,3868,6428,9387,4471,10696,1,0,1234,1200,3480,4832,2952,5593,2933,7838,3346,6532,1456,1659,1711,3349,1511,5178,82271,54693,7450,93,38446,0,0,40,19
2021-03-09T23:59:59+01:00,4,6,2980,3425,7660,11256,7069,11296,6586,15016,6971,13166,2922,3569,5915,8748,4313,10412,1,0,1229,1197,3457,4785,2925,5528,2917,7786,3328,6486,1442,1635,1675,3306,1399,4973,79950,53994,6085,58,35239,0,0,40,17
2021-03-08T23:59:59+01:00,4,6,2806,3188,7025,10715,6259,10817,6184,14495,6574,12596,2713,3360,5307,8011,4163,10141,1,0,1223,1190,3435,4721,2900,5451,2878,7691,3296,6411,1435,1626,1672,3298,1394,4970,77122,53519,4945,56,32259,0,0,38,17
2021-03-07T23:59:59+01:00,4,6,2694,3055,6696,10220,5850,10275,5888,14048,6330,12204,2613,3268,4543,6948,3946,9856,1,0,1219,1187,3432,4716,2895,5439,2874,7674,3288,6397,1429,1612,1649,3257,1377,4926,73862,53302,4112,53,30436,0,0,34,17
2021-03-06T23:59:59+01:00,4,6,2649,2912,6511,9772,5652,9861,5412,13190,5953,11466,2591,3240,4537,6937,3943,9853,1,0,1219,1186,3429,4710,2893,5438,2873,7673,3287,6394,1428,1609,1649,3255,1376,4926,72630,53277,4112,53,27715,0,0,32,16
2021-03-05T23:59:59+01:00,4,6,2553,2655,6298,9196,5438,9469,5235,12624,5574,10483,2362,2773,4157,6554,3804,9632,1,0,1206,1183,3413,4694,2888,5425,2864,7655,3275,6375,1414,1601,1648,3251,1371,4922,70291,53119,3877,53,24617,0,0,32,14
2021-03-04T23:59:59+01:00,4,6,2475,2448,6085,8761,5279,9129,5053,12201,5397,10105,2267,2603,3599,5728,3633,9284,1,0,1194,1167,3370,4595,2855,5357,2832,7558,3244,6300,1395,1593,1634,3237,1361,4911,68219,52541,3431,52,22375,0,0,32,11
2021-03-03T23:59:59+01:00,3,6,2418,2393,5914,8350,5110,8765,4838,11750,5208,9660,2184,2497,3190,5286,3473,8988,1,0,1173,1158,3335,4549,2818,5291,2791,7459,3195,6224,1375,1567,1614,3206,1355,4893,66782,51946,3186,48,20034,0,0,31,10
2021-03-02T23:59:59+01:00,3,6,2362,2299,5757,8018,4952,8510,4672,11350,5045,9340,2114,2406,2884,4927,3254,8661,1,0,1168,1148,3317,4528,2803,5264,2774,7410,3187,6196,1370,1557,1596,3186,1352,4888,65407,51688,2925,47,18197,0,0,31,10
2021-03-01T23:59:59+01:00,3,6,2335,2268,5650,7801,4853,8365,4587,11197,4943,9165,2057,2329,2585,4603,3063,8341,1,0,1162,1145,3303,4510,2791,5235,2757,7364,3173,6168,1364,1554,1589,3176,1349,4882,64129,51466,2702,47,17291,0,0,29,10
2021-02-28T23:59:59+01:00,2,6,2282,2224,5469,7541,4678,8145,4450,11011,4832,9035,2017,2264,2287,4301,2859,8025,1,0,1153,1139,3289,4500,2784,5228,2752,7350,3166,6154,1359,1551,1581,3156,1348,4849,63000,51304,2398,47,16001,0,0,29,9
2021-02-27T23:59:59+01:00,2,6,2194,1913,5297,7117,4579,7836,4368,10663,4759,8785,1989,2203,2257,4255,2837,7974,1,0,1149,1135,3287,4498,2779,5226,2748,7347,3161,6150,1358,1551,1580,3154,1347,4848,62763,51266,2398,44,13844,0,0,29,9
2021-02-26T23:59:59+01:00,2,6,2129,1836,5154,6881,4432,7577,4215,10396,4549,8501,1860,2095,2196,4215,2728,7791,1,0,1127,1122,3271,4463,2767,5186,2737,7295,3140,6096,1352,1540,1576,3146,1346,4846,61428,50959,2392,43,12714,0,0,29,9
2021-02-25T23:59:59+01:00,2,6,2000,1735,4831,6473,4004,7123,3931,9879,4316,8119,1801,2036,2165,4157,2612,7595,1,0,1109,1105,3231,4418,2736,5136,2691,7188,3101,6003,1341,1524,1559,3105,1332,4787,60947,50318,2286,41,9524,0,0,28,8
2021-02-24T23:59:59+01:00,2,6,1966,1669,4715,6259,3900,6910,3810,9637,4193,7959,1778,2003,2134,4114,2497,7394,1,0,1096,1100,3201,4356,2701,5072,2665,7103,3072,5932,1325,1507,1534,3055,1320,4718,60394,49722,2042,29,8482,0,0,28,7
2021-02-23T23:59:59+01:00,2,6,1739,1524,4343,5772,3618,6523,3591,9257,4037,7676,1748,1971,2089,4066,2383,7209,1,0,1077,1087,3165,4329,2673,5014,2640,7027,3036,5873,1305,1487,1507,3020,1310,4663,59931,49192,1995,15,5600,0,0,28,7
2021-02-22T23:59:59+01:00,2,6,1730,1506,4293,5713,3582,6459,3524,9162,3976,7580,1713,1944,2063,4015,2263,7011,1,0,1072,1073,3144,4283,2653,4975,2615,6967,3007,5820,1293,1473,1496,3009,1302,4654,59383,48821,1853,9,5278,0,0,28,7
2021-02-21T23:59:59+01:00,2,6,1718,1501,4263,5679,3538,6422,3484,9108,3932,7530,1703,1936,2058,4005,2139,6844,1,0,1065,1062,3123,4243,2624,4925,2600,6899,2979,5732,1280,1457,1473,2948,1274,4572,59029,48242,1847,8,4965,0,0,27,7
2021-02-20T23:59:59+01:00,2,6,1715,1500,4256,5676,3535,6420,3484,9106,3929,7529,1698,1934,2056,4001,2138,6844,1,0,1065,1062,3121,4241,2624,4925,2599,6898,2979,5732,1280,1456,1472,2948,1274,4572,59010,48234,1847,8,4946,0,0,26,7
2021-02-19T23:59:59+01:00,2,6,1689,1493,4242,5657,3524,6407,3473,9096,3920,7514,1671,1905,2035,3983,2037,6661,1,0,1064,1061,3120,4240,2623,4924,2599,6895,2976,5730,1280,1455,1472,2946,1274,4572,58586,48218,1841,8,4863,0,0,25,6
2021-02-18T23:59:59+01:00,2,6,1639,1461,4147,5546,3452,6303,3386,8931,3834,7373,1651,1885,2007,3922,1905,6464,1,0,1018,1019,2979,4021,2496,4655,2489,6556,2867,5465,1247,1412,1440,2859,1245,4419,57928,46175,1793,8,4168,0,0,25,5
2021-02-17T23:59:59+01:00,2,5,1617,1431,4050,5397,3369,6150,3267,8696,3708,7171,1597,1814,1929,3816,1779,6146,0,0,960,970,2830,3799,2380,4344,2365,6145,2738,5153,1195,1349,1392,2746,1195,4243,56683,43792,1783,7,3455,0,0,23,5
2021-02-16T23:59:59+01:00,2,5,1541,1363,3890,5205,3235,5968,3159,8463,3586,7005,1574,1790,1894,3787,1657,5934,0,0,873,939,2698,3644,2283,4133,2239,5823,2608,4902,1139,1256,1245,2441,929,3612,55985,40755,1767,4,2285,0,0,21,5
2021-02-15T23:59:59+01:00,2,5,1524,1344,3841,5119,3175,5882,3102,8349,3520,6900,1562,1776,1879,3764,1648,5911,0,0,837,916,2617,3515,2208,3954,2158,5545,2520,4692,1094,1191,1152,2262,858,3382,55516,38895,1764,2,2003,0,0,20,4
2021-02-14T23:59:59+01:00,2,5,1458,1316,3760,5045,3132,5776,3047,8195,3477,6791,1542,1744,1825,3633,1589,5653,0,0,828,910,2567,3447,2169,3886,2104,5426,2454,4586,1066,1152,1062,2085,783,3133,55274,37653,1136,2,1560,0,0,20,3
2021-02-13T23:59:59+01:00,2,5,1455,1315,3752,5039,3125,5775,3044,8193,3474,6789,1541,1740,1825,3631,1587,5653,0,0,828,910,2567,3447,2169,3885,2102,5425,2453,4586,1064,1151,1061,2085,783,3133,55253,37648,1135,0,1537,0,0,20,1
2021-02-12T23:59:59+01:00,2,4,1417,1297,3715,5006,3102,5755,3022,8161,3455,6744,1525,1730,1816,3614,1578,5632,0,0,820,903,2534,3393,2134,3840,2072,5372,2435,4555,1063,1150,1060,2084,782,3131,55028,37327,1133,0,1395,0,0,19,1
2021-02-11T23:59:59+01:00,2,4,1367,1251,3602,4833,3010,5581,2924,7851,3356,6532,1466,1670,1744,3430,1486,5285,0,0,781,839,2281,2947,1906,3367,1839,4624,2164,4024,973,1078,964,1885,723,2848,54387,33243,138,0,852,0,0,17,0
2021-02-10T23:59:59+01:00,2,4,1342,1227,3540,4730,2946,5476,2882,7701,3302,6399,1447,1653,1716,3392,1472,5246,0,0,700,781,1990,2537,1693,2922,1602,4015,1906,3564,861,931,793,1505,579,2323,53735,28702,136,0,590,0,0,16,0
2021-02-09T23:59:59+01:00,2,3,1329,1209,3484,4661,2917,5407,2861,7608,3265,6330,1439,1637,1688,3369,1462,5233,0,0,650,701,1725,2186,1501,2535,1417,3515,1735,3202,829,898,768,1428,557,2207,53422,25854,131,0,335,0,0,16,0
2021-02-08T23:59:59+01:00,2,3,1316,1205,3455,4631,2898,5368,2839,7557,3246,6301,1427,1630,1678,3343,1460,5214,0,0,635,666,1574,1950,1360,2278,1285,3207,1577,2939,789,878,720,1321,524,2032,53122,23735,105,0,332,0,0,14,0
2021-02-07T23:59:59+01:00,2,3,1182,1162,3351,4576,2844,5325,2812,7519,3221,6262,1417,1613,1669,3320,1453,5181,0,0,488,520,1308,1592,1118,1830,1074,2617,1349,2418,685,750,638,1159,477,1802,52825,19825,77,0,0,0,0,10,0
2021-02-06T23:59:59+01:00,2,3,1178,1160,3349,4574,2840,5323,2805,7516,3217,6259,1416,1611,1668,3317,1452,5180,0,0,365,371,1108,1344,982,1526,934,2211,1183,2002,598,654,611,1141,475,1799,52783,17304,77,0,0,0,0,10,0
2021-02-05T23:59:59+01:00,2,2,1166,1149,3334,4552,2833,5296,2795,7474,3199,6213,1410,1603,1665,3311,1451,5180,0,0,264,210,926,1027,836,1156,759,1762,1008,1591,483,549,585,1121,472,1795,52548,14544,77,0,0,0,0,10,0
2021-02-04T23:59:59+01:00,2,2,1150,1131,3288,4501,2793,5221,2753,7344,3151,6129,1396,1588,1651,3277,1441,5152,0,0,137,84,624,657,546,739,520,1156,668,994,303,368,480,974,427,1631,51906,10308,54,0,0,0,0,10,0
2021-02-03T23:59:59+01:00,2,2,1128,1125,3261,4456,2764,5180,2730,7293,3121,6073,1386,1577,1625,3236,1433,5100,0,0,117,68,494,509,415,597,417,913,512,747,250,288,375,759,330,1269,51434,8060,49,0,0,0,0,9,0
2021-02-02T23:59:59+01:00,2,2,1106,1111,3225,4425,2733,5127,2705,7219,3086,6010,1362,1549,1589,3180,1407,5003,0,0,108,59,412,412,343,519,367,823,459,665,230,265,329,686,302,1134,50784,7113,48,0,0,0,0,9,0
2021-02-01T23:59:59+01:00,2,2,1090,1100,3207,4372,2704,5066,2674,7092,3056,5914,1342,1520,1562,3142,1390,4938,0,0,80,44,311,308,252,393,275,617,328,500,192,216,258,546,234,887,50117,5441,48,0,0,0,0,8,0
2021-01-31T23:59:59+01:00,2,2,1084,1089,3192,4342,2680,5022,2658,7037,3043,5869,1330,1503,1539,3076,1363,4852,0,0,70,42,285,284,227,346,253,573,298,460,171,197,213,446,192,718,49627,4775,48,0,0,0,0,8,0
2021-01-30T23:59:59+01:00,2,2,1083,1089,3189,4338,2679,5022,2657,7036,3043,5868,1330,1502,1538,3076,1363,4852,0,0,70,38,278,270,214,331,248,562,294,454,170,194,212,446,192,718,49616,4691,45,0,0,0,0,8,0
2021-01-29T23:59:59+01:00,2,2,1082,1088,3188,4334,2679,5020,2656,7034,3040,5866,1330,1502,1538,3075,1363,4852,0,0,64,34,260,256,191,311,232,545,283,446,164,190,208,440,191,716,49598,4531,45,0,0,0,0,8,0
2021-01-28T23:59:59+01:00,2,2,1061,1069,3119,4232,2625,4911,2598,6878,2973,5735,1314,1480,1522,3007,1340,4728,0,0,54,18,164,153,127,188,163,360,208,282,131,147,162,277,114,427,48548,2975,42,0,0,0,0,6,0
2021-01-27T23:59:59+01:00,2,2,1015,1030,3037,4090,2544,4732,2504,6596,2889,5534,1281,1435,1481,2913,1303,4576,0,0,25,6,100,70,59,93,84,211,118,148,100,115,118,207,87,308,46926,1849,32,0,0,0,0,6,0
2021-01-26T23:59:59+01:00,1,2,938,1002,2920,3957,2465,4547,2422,6415,2819,5379,1255,1387,1391,2760,1079,4170,0,0,25,6,95,69,58,92,82,211,116,147,98,114,118,207,87,308,44883,1833,20,0,0,0,0,6,0
2021-01-25T23:59:59+01:00,1,2,920,985,2840,3829,2421,4400,2362,6220,2760,5229,1236,1365,1377,2733,1066,4134,0,0,25,6,94,69,56,90,82,211,116,145,98,113,118,207,87,308,43861,1825,14,0,0,0,0,5,0
2021-01-24T23:59:59+01:00,1,2,910,981,2820,3813,2411,4368,2336,6181,2727,5168,1223,1358,1368,2709,1052,4099,0,0,25,6,94,69,56,89,82,210,115,145,97,113,118,207,87,308,43512,1821,10,0,0,0,0,5,0
2021-01-23T23:59:59+01:00,1,2,910,981,2820,3812,2411,4368,2335,6180,2726,5168,1221,1357,1367,2709,1052,4099,0,0,25,6,94,69,56,89,82,210,115,145,97,113,118,207,87,306,43507,1819,9,0,0,0,0,3,0
2021-01-22T23:59:59+01:00,1,2,903,974,2789,3766,2376,4303,2303,6105,2705,5121,1219,1355,1366,2707,1051,4096,0,0,25,6,94,69,56,89,82,210,115,145,97,113,118,207,87,306,43132,1819,9,0,0,0,0,1,0
2021-01-21T23:59:59+01:00,1,2,888,907,2533,3354,2175,3888,2121,5494,2482,4636,1162,1308,1317,2582,1013,3933,0,0,21,6,83,63,52,73,69,170,95,134,87,98,99,154,73,235,39786,1512,9,0,0,0,0,1,0
2021-01-20T23:59:59+01:00,1,2,809,844,2221,2946,1967,3426,1889,4886,2226,4163,1048,1167,1147,2228,878,3407,0,0,21,6,83,63,52,72,68,170,94,134,87,98,99,154,71,235,35246,1507,9,0,0,0,0,0,0
2021-01-19T23:59:59+01:00,1,2,747,765,1927,2500,1727,2968,1655,4226,1983,3689,974,1070,1019,1939,772,3025,0,0,10,3,50,44,33,44,35,100,44,77,39,36,49,83,44,152,30982,843,7,0,0,0,0,0,0
2021-01-18T23:59:59+01:00,1,2,674,706,1698,2102,1488,2496,1409,3541,1730,3185,888,985,913,1724,716,2743,0,0,5,2,19,10,13,21,17,54,17,33,19,21,26,56,31,82,26997,426,4,0,0,0,0,0,0
2021-01-17T23:59:59+01:00,0,2,495,545,1382,1698,1210,1964,1154,2807,1449,2564,747,828,758,1431,593,2348,0,0,0,1,4,2,0,0,0,0,0,0,1,0,0,0,0,0,21972,8,3,0,0,0,0,0,0
2021-01-16T23:59:59+01:00,0,1,375,396,1200,1454,1090,1679,1014,2409,1292,2157,661,732,730,1414,591,2347,0,0,0,0,0,0,0,0,0,0,0,0,0,0,0,0,0,0,19540,0,2,0,0,0,0,0,0
2021-01-15T23:59:59+01:00,0,1,271,235,1017,1154,941,1333,846,1963,1114,1754,542,621,692,1379,578,2306,0,0,0,0,0,0,0,0,0,0,0,0,0,0,0,0,0,0,16746,0,1,0,0,0,0,0,0
2021-01-14T23:59:59+01:00,0,0,155,105,703,771,649,865,611,1307,751,1134,352,432,567,1191,518,2055,0,0,0,0,0,0,0,0,0,0,0,0,0,0,0,0,0,0,12166,0,0,0,0,0,0,0,0
2021-01-13T23:59:59+01:00,0,0,130,84,593,604,525,698,494,1050,594,869,296,356,478,1006,446,1750,0,0,0,0,0,0,0,0,0,0,0,0,0,0,0,0,0,0,9973,0,0,0,0,0,0,0,0
2021-01-12T23:59:59+01:00,0,0,120,68,510,517,448,597,429,920,523,764,261,307,390,809,372,1365,0,0,0,0,0,0,0,0,0,0,0,0,0,0,0,0,0,0,8400,0,0,0,0,0,0,0,0
2021-01-11T23:59:59+01:00,0,0,91,55,414,421,363,486,344,746,418,591,227,256,323,676,302,1152,0,0,0,0,0,0,0,0,0,0,0,0,0,0,0,0,0,0,6865,0,0,0,0,0,0,0,0
2021-01-10T23:59:59+01:00,0,0,76,47,350,348,296,404,291,649,348,523,199,225,259,537,241,896,0,0,0,0,0,0,0,0,0,0,0,0,0,0,0,0,0,0,5689,0,0,0,0,0,0,0,0
2021-01-09T23:59:59+01:00,0,0,76,45,335,327,272,382,283,633,340,516,198,224,258,535,241,896,0,0,0,0,0,0,0,0,0,0,0,0,0,0,0,0,0,0,5561,0,0,0,0,0,0,0,0
2021-01-08T23:59:59+01:00,0,0,71,37,301,294,227,341,255,590,313,477,180,204,233,475,220,793,0,0,0,0,0,0,0,0,0,0,0,0,0,0,0,0,0,0,5011,0,0,0,0,0,0,0,0
2021-01-07T23:59:59+01:00,0,0,57,25,210,196,159,242,196,424,243,340,150,165,178,310,146,507,0,0,0,0,0,0,0,0,0,0,0,0,0,0,0,0,0,0,3548,0,0,0,0,0,0,0,0
2021-01-06T23:59:59+01:00,0,0,45,15,162,117,112,161,145,297,178,241,118,133,136,243,103,362,0,0,0,0,0,0,0,0,0,0,0,0,0,0,0,0,0,0,2568,0,0,0,0,0,0,0,0
2021-01-05T23:59:59+01:00,0,0,28,7,97,70,59,94,87,214,117,149,108,124,127,224,102,336,0,0,0,0,0,0,0,0,0,0,0,0,0,0,0,0,0,0,1943,0,0,0,0,0,0,0,0
2021-01-04T23:59:59+01:00,0,0,26,7,97,69,56,91,87,214,117,147,108,122,127,224,102,336,0,0,0,0,0,0,0,0,0,0,0,0,0,0,0,0,0,0,1930,0,0,0,0,0,0,0,0
2021-01-03T23:59:59+01:00,0,0,26,7,97,69,56,90,87,213,116,147,107,122,127,224,102,336,0,0,0,0,0,0,0,0,0,0,0,0,0,0,0,0,0,0,1926,0,0,0,0,0,0,0,0
2021-01-02T23:59:59+01:00,0,0,26,7,97,69,56,90,87,213,115,147,107,122,127,224,102,335,0,0,0,0,0,0,0,0,0,0,0,0,0,0,0,0,0,0,1924,0,0,0,0,0,0,0,0
2021-01-01T23:59:59+01:00,0,0,26,7,97,69,56,90,87,213,114,146,107,122,127,224,102,335,0,0,0,0,0,0,0,0,0,0,0,0,0,0,0,0,0,0,1922,0,0,0,0,0,0,0,0
2020-12-31T23:59:59+01:00,0,0,26,7,97,69,56,90,87,213,113,146,107,122,127,224,102,335,0,0,0,0,0,0,0,0,0,0,0,0,0,0,0,0,0,0,1921,0,0,0,0,0,0,0,0
2020-12-30T23:59:59+01:00,0,0,26,7,97,69,55,90,86,213,113,146,107,122,127,224,101,335,0,0,0,0,0,0,0,0,0,0,0,0,0,0,0,0,0,0,1918,0,0,0,0,0,0,0,0
2020-12-29T23:59:59+01:00,0,0,14,2,65,52,33,60,50,138,64,88,53,53,72,135,63,227,0,0,0,0,0,0,0,0,0,0,0,0,0,0,0,0,0,0,1169,0,0,0,0,0,0,0,0
2020-12-28T23:59:59+01:00,0,0,5,2,36,24,20,30,21,67,25,41,23,22,27,51,34,82,0,0,0,0,0,0,0,0,0,0,0,0,0,0,0,0,0,0,510,0,0,0,0,0,0,0,0
2020-12-27T23:59:59+01:00,0,0,1,0,8,5,8,2,1,5,0,2,1,1,2,2,4,6,0,0,0,0,0,0,0,0,0,0,0,0,0,0,0,0,0,0,48,0,0,0,0,0,0,0,0
