Datum,<24_1_m,<24_1_w,25-34_1_m,25-34_1_w,35-44_1_m,35-44_1_w,45-54_1_m,45-54_1_w,55-64_1_m,55-64_1_w,65-74_1_m,65-74_1_w,75-84_1_m,75-84_1_w,>84_1_m,>84_1_w,<24_2_m,<24_2_w,25-34_2_m,25-34_2_w,35-44_2_m,35-44_2_w,45-54_2_m,45-54_2_w,55-64_2_m,55-64_2_w,65-74_2_m,65-74_2_w,75-84_2_m,75-84_2_w,>84_2_m,>84_2_w,bp_1,bp_2,mo_1,mo_2,az_1,az_2,ja
2021-06-13T23:59:59+02:00,27413,29521,58842,61062,56251,59657,62875,71319,73075,78230,47814,60261,38463,53629,8345,17348,10207,11435,24659,28612,26190,31072,31235,40185,39199,45752,30099,38698,32915,45638,7451,15294,560429,333034,80417,45708,149412,66052,13847
2021-06-12T23:59:59+02:00,27143,29203,58319,60596,55924,59387,62244,70701,72936,78151,47794,60235,38453,53614,8342,17346,10073,11278,24176,28022,25680,30531,30732,39642,38166,44819,29954,38545,32830,45486,7447,15287,557638,328904,79515,45708,149412,64233,13823
2021-06-11T23:59:59+02:00,26729,28702,57619,59840,55286,58813,61321,69740,72683,77938,47738,60164,38431,53589,8340,17341,9907,11043,23672,27376,25189,29897,30160,39003,37135,43871,29726,38234,32704,45284,7437,15265,552864,324288,78239,45459,149406,62391,13765
2021-06-10T23:59:59+02:00,26136,28084,56631,58944,54433,58063,60053,68570,72297,77641,47680,60079,38405,53541,8331,17316,9600,10728,22776,26439,24268,29005,29066,38084,35858,42770,29412,37817,32441,44875,7382,15202,547521,317584,76289,44767,149176,60154,13218
2021-06-09T23:59:59+02:00,25477,27467,55549,57904,53485,57211,59154,67698,71956,77361,47606,59985,38357,53483,8320,17290,9257,10430,21856,25554,23355,28129,28049,37144,34232,41043,29078,37381,32280,44623,7345,15121,542054,310326,75217,44078,148841,58282,12191
2021-06-08T23:59:59+02:00,24699,26683,54290,56850,52442,56288,58179,66814,71543,77043,47531,59877,38309,53400,8300,17262,8953,10145,20915,24687,22362,27270,27011,36202,32982,39797,28759,36938,31987,44183,7301,15056,535664,304259,74307,43324,148432,55858,11107
2021-06-07T23:59:59+02:00,23927,25968,52897,55656,51231,55338,57022,65831,71120,76732,47452,59786,38271,53341,8291,17239,8660,9874,20030,23846,21368,26468,25964,35314,32164,39085,28501,36578,31759,43778,7257,14981,528600,299749,73420,42527,148047,53316,10035
2021-06-06T23:59:59+02:00,23312,25353,51776,54587,50162,54380,56062,64878,70724,76435,47374,59719,38236,53282,8283,17224,8409,9609,19214,22960,20465,25603,24898,34368,31361,38358,28240,36269,31509,43399,7213,14913,522393,295269,72416,41794,147690,50437,9288
2021-06-05T23:59:59+02:00,22976,24955,50971,53803,49527,53831,55584,64357,70611,76321,47358,59698,38228,53278,8281,17224,8144,9195,18588,21960,19789,24602,24035,33226,30410,37169,27970,35875,31409,43244,7207,14900,518130,288987,72412,41757,147233,47751,9228
2021-06-04T23:59:59+02:00,22452,24314,49964,52852,48776,52987,54925,63596,70352,76083,47334,59667,38214,53265,8279,17219,7872,8819,17970,21110,19124,23606,23086,31953,29291,35930,27715,35544,31308,43099,7195,14883,511920,282731,72094,41687,147207,45029,9058
2021-06-03T23:59:59+02:00,21694,23540,48546,51594,47655,51909,53964,62576,69973,75742,47275,59575,38177,53221,8268,17198,7531,8332,17236,20079,18338,22467,22051,30508,28196,34535,27220,34805,31121,42810,7164,14816,504352,276073,71263,40945,146928,41827,8364
2021-06-02T23:59:59+02:00,21247,22959,47564,50672,46878,51210,53216,61858,69793,75585,47242,59544,38157,53192,8262,17186,7332,8043,16525,19411,17496,21722,21218,29474,27168,33251,26797,34246,30975,42581,7143,14756,498312,269967,71251,40929,146905,39145,8097
2021-06-01T23:59:59+02:00,20437,22102,45686,48935,45287,49813,51654,60358,69267,75148,47159,59441,38101,53124,8250,17144,6993,7672,15290,18516,16053,20755,20020,28234,26047,31923,26287,33618,30767,42270,7104,14664,489212,263674,69940,40372,146359,35772,6395
2021-05-31T23:59:59+02:00,19863,21514,44360,47789,44096,48741,50401,59213,68729,74775,47094,59343,38056,53056,8240,17117,6655,7295,14158,17700,14724,19855,18845,27074,24910,30665,25819,32979,30601,41993,7074,14576,482993,257493,68789,39833,145901,32893,4704
2021-05-30T23:59:59+02:00,19485,21063,43363,46834,43211,47857,49389,58207,68278,74320,46989,59193,37995,52949,8225,17080,6431,7000,13600,17002,14106,19167,17926,26067,23835,29522,25134,32102,30334,41613,7037,14499,477074,251623,67765,39039,145487,30601,4112
2021-05-29T23:59:59+02:00,19343,20923,42986,46502,42887,47617,49157,58009,68229,74275,46983,59184,37989,52947,8225,17080,6238,6682,13074,16209,13469,18296,17031,24865,22833,28341,24986,31893,30285,41537,7034,14492,475100,246095,67666,39039,145460,28021,4110
2021-05-28T23:59:59+02:00,18985,20569,42301,45881,42390,47079,48644,57452,67987,74023,46926,59100,37962,52903,8222,17075,5960,6214,12511,15324,12807,17417,16124,23615,21845,27028,24760,31562,30206,41424,7024,14476,470856,240172,67172,38933,145395,25116,4076
2021-05-27T23:59:59+02:00,18371,19966,41156,44913,41413,46216,47661,56575,67477,73646,46819,58960,37914,52835,8211,17036,5692,5818,11853,14483,12021,16489,15058,22390,20646,25585,24310,30900,30054,41189,6991,14402,465102,232933,65671,38133,144679,23098,3717
2021-05-26T23:59:59+02:00,17880,19480,40048,43987,40414,45351,46617,55687,66955,73196,46677,58792,37843,52684,8194,16990,5461,5589,11282,13691,11286,15626,14028,21221,19316,24066,23776,30171,29864,40885,6943,14308,460013,225729,63658,37285,143698,21073,3426
2021-05-25T23:59:59+02:00,17413,19001,39035,43107,39479,44521,45631,54746,66445,72734,46518,58575,37766,52557,8171,16944,5224,5342,10716,13032,10534,14821,12921,19969,17969,22624,23242,29444,29652,40602,6894,14233,454746,218451,62091,36358,142604,19208,3202
2021-05-24T23:59:59+02:00,17010,18633,38204,42380,38622,43833,44759,53957,65994,72319,46404,58404,37706,52438,8154,16908,5047,5181,10255,12554,9902,14252,11996,19093,16715,21410,22656,28658,29457,40313,6846,14156,450160,211658,60879,35427,141889,18609,2797
2021-05-23T23:59:59+02:00,16816,18431,37722,42008,38180,43448,44315,53559,65746,72117,46341,58315,37670,52397,8148,16886,4829,5012,9793,12072,9263,13646,10997,18253,15629,20405,22194,28116,29240,40060,6809,14080,447007,204773,60516,35349,141863,17563,2713
2021-05-22T23:59:59+02:00,16580,18167,37028,41474,37540,43000,43752,53159,64769,71142,46154,58073,37613,52298,8139,16867,4689,4665,9602,11691,9103,13327,10744,17784,15392,20037,22104,28012,29211,40027,6804,14074,440715,203576,60513,35348,141846,15661,2681
2021-05-21T23:59:59+02:00,16128,17695,35947,40562,36515,42110,42688,52248,63493,69922,45954,57765,37538,52167,8126,16836,4564,4547,9403,11429,8900,13081,10384,17437,15014,19681,21910,27750,29154,39944,6794,14068,431264,201666,60170,35046,141592,14680,2668
2021-05-20T23:59:59+02:00,15229,16883,34498,39070,35143,40808,41283,51022,62334,68854,45686,57459,37408,51999,8108,16792,4377,4318,8863,10835,8272,12363,9657,16571,14249,18690,21184,26746,28981,39675,6761,13995,421210,197352,58510,34215,140563,11677,2293
2021-05-19T23:59:59+02:00,14594,16226,33327,37568,34059,39550,40157,50052,60386,67125,45281,56958,37238,51759,8069,16697,4257,4158,8588,10473,7986,11976,9193,16061,13577,17980,20392,25705,28771,39398,6710,13893,410470,193156,57009,33412,139473,10456,2094
2021-05-18T23:59:59+02:00,14075,15704,32285,36556,33008,38645,39125,49104,58393,65342,44968,56545,37096,51536,8043,16645,4016,3940,8109,9882,7517,11428,8634,15371,12874,17175,19515,24578,28567,39094,6678,13792,401904,189115,55082,32574,138295,7692,1789
2021-05-17T23:59:59+02:00,13756,15381,31787,36014,32551,38100,38524,48458,56480,63616,44332,55782,36853,51182,8017,16586,3907,3793,7853,9610,7221,11132,8214,14949,12281,16521,18664,23521,28366,38809,6648,13723,394377,184791,54005,31830,137532,7086,1505
2021-05-16T23:59:59+02:00,13499,15085,31271,35517,32098,37610,37982,47882,54595,61755,43845,55149,36679,50898,7993,16543,3778,3669,7577,9318,6889,10798,7718,14462,11708,15896,17787,22462,28178,38554,6621,13664,387473,180575,53046,30996,136887,6513,995
2021-05-15T23:59:59+02:00,13316,14847,31015,35197,31849,37287,37755,47635,53010,60246,43631,54879,36609,50774,7990,16516,3756,3651,7556,9294,6874,10781,7703,14449,11694,15876,17640,22213,28004,38288,6615,13657,381692,179602,53045,30996,136840,6474,979
2021-05-14T23:59:59+02:00,13026,14515,30555,34712,31492,36832,37236,47152,51159,58411,43302,54426,36488,50590,7976,16483,3722,3628,7490,9228,6823,10717,7643,14382,11459,15612,16944,21160,27754,37871,6602,13626,373990,176739,52726,30659,136711,6335,928
2021-05-13T23:59:59+02:00,12691,14136,29919,34080,30910,36228,36531,46488,49719,56879,42923,53874,36330,50366,7957,16454,3640,3573,7375,9134,6740,10624,7540,14274,11062,15155,15923,19981,27425,37305,6565,13559,366958,172984,51732,30103,135969,5962,826
2021-05-12T23:59:59+02:00,12540,13965,29637,33776,30648,35944,36232,46170,49463,56596,42825,53771,36279,50288,7951,16417,3619,3544,7348,9099,6715,10588,7515,14241,10867,14979,15547,19510,27159,36901,6548,13515,364332,170982,51655,30093,135812,5917,703
2021-05-11T23:59:59+02:00,12114,13554,28809,32980,29818,35206,35365,45374,47765,54851,42434,53239,36119,50012,7921,16332,3510,3415,7104,8830,6513,10290,7296,13864,10317,14367,14606,18375,26806,36384,6524,13433,357506,167351,49958,29214,133950,4590,479
2021-05-10T23:59:59+02:00,11748,13233,28074,32265,29038,34511,34584,44612,46516,53601,42073,52775,35947,49724,7876,16235,3464,3358,6975,8702,6420,10177,7160,13668,10003,14010,13915,17529,26443,35848,6502,13368,351292,164567,48850,28843,132299,3761,371
2021-05-09T23:59:59+02:00,11467,12932,27391,31584,28391,33837,33836,43916,45034,52131,41633,52231,35765,49444,7847,16159,3406,3301,6850,8559,6321,10034,7053,13462,9592,13622,13185,16645,26127,35388,6486,13322,344338,161747,47778,28293,131197,3028,285
2021-05-08T23:59:59+02:00,11357,12847,26985,31277,27955,33525,33385,43615,44020,51306,41506,52091,35726,49388,7845,16154,3401,3298,6844,8556,6313,10027,7047,13450,9582,13607,13051,16461,25547,34563,6456,13259,339851,159898,47738,28267,131111,3015,282
2021-05-07T23:59:59+02:00,11183,12666,26510,30905,27515,33168,32886,43263,42999,50489,41270,51782,35628,49235,7835,16133,3346,3267,6796,8518,6265,9979,6992,13394,9357,13304,12359,15548,24738,33384,6417,13194,334814,155866,47432,27903,130957,2825,264
2021-05-06T23:59:59+02:00,10724,12315,25553,30134,26477,32382,31654,42428,41467,49318,40924,51269,35455,49012,7800,16070,3278,3207,6665,8376,6156,9848,6833,13210,9050,12939,11619,14557,23933,32236,6391,13138,327018,152128,46368,26960,129342,2094,254
2021-05-05T23:59:59+02:00,10295,12074,24671,29541,25608,31706,30541,41637,39568,47523,40525,50752,35256,48747,7752,15969,3231,3165,6551,8249,6060,9737,6731,13066,8767,12612,10802,13598,23091,31132,6366,13083,319196,148289,45517,26082,127281,1699,171
2021-05-04T23:59:59+02:00,10000,11798,23856,28893,24638,30974,29453,40777,38105,46078,40090,50203,35009,48426,7712,15868,3191,3138,6481,8173,5979,9670,6658,12996,8466,12316,9989,12647,22304,30074,6342,13032,312584,144614,44559,25281,124671,1495,66
2021-05-03T23:59:59+02:00,9754,11533,23113,28306,23822,30380,28516,40047,37227,45365,39755,49773,34815,48146,7671,15775,3141,3103,6409,8096,5905,9609,6565,12909,8184,12036,9152,11610,21553,29081,6321,12994,307747,140917,43785,24471,122439,1253,27
2021-05-02T23:59:59+02:00,9554,11312,22448,27744,23086,29794,27680,39412,36492,44774,39513,49452,34712,47973,7641,15724,3102,3081,6370,8053,5874,9577,6528,12871,7944,11787,8468,10821,20999,28358,6302,12979,302943,137772,43022,24199,121325,1122,21
2021-05-01T23:59:59+02:00,9367,11101,22060,27272,22602,29216,27014,38679,35701,43903,39282,49119,34628,47833,7637,15712,3095,3075,6345,8044,5861,9570,6509,12856,7930,11774,8427,10744,20967,28315,6298,12976,296870,137489,43021,24193,121214,1083,21
2021-04-30T23:59:59+02:00,9182,10883,21674,26841,22143,28658,26232,37891,34773,42986,39066,48817,34542,47702,7625,15693,3076,3059,6323,8029,5840,9554,6481,12833,7900,11741,8385,10663,20922,28245,6296,12971,290643,137186,43015,24124,121035,993,15
2021-04-29T23:59:59+02:00,8860,10601,21087,26260,21465,27962,25258,36909,33517,41616,38089,47505,34262,47269,7577,15581,3038,3018,6230,7920,5762,9450,6379,12684,7661,11424,7763,9957,20572,27777,6279,12909,281953,135142,42234,22914,119617,753,14
2021-04-28T23:59:59+02:00,8549,10352,20559,25776,20814,27367,24336,35996,32129,40114,37003,46029,33955,46816,7524,15462,2964,2964,6119,7798,5660,9328,6281,12524,7390,11104,7089,9114,20211,27272,6241,12845,273302,132732,41464,21626,118001,532,14
2021-04-27T23:59:59+02:00,8336,10141,20118,25356,20192,26828,23479,35206,30935,38738,35990,44699,33625,46302,7468,15354,2937,2933,6016,7698,5608,9237,6208,12397,7144,10858,6484,8387,19860,26836,6226,12828,265659,130658,40600,20696,116494,289,14
2021-04-26T23:59:59+02:00,8116,9940,19700,24941,19644,26293,22644,34427,29732,37465,35003,43383,33359,45860,7427,15240,2920,2921,5980,7658,5566,9199,6170,12356,6909,10619,5884,7678,19531,26448,6206,12805,258077,128723,39780,19856,115304,258,13
2021-04-25T23:59:59+02:00,7984,9783,19356,24676,19265,25949,21998,33787,28715,36435,33965,42066,33073,45472,7393,15169,2907,2911,5963,7636,5546,9181,6149,12331,6871,10584,5725,7462,19237,26030,6190,12763,250964,128107,39065,19118,115044,248,13
2021-04-24T23:59:59+02:00,7780,9566,18912,24243,18706,25414,21164,32936,27722,35462,33738,41771,32994,45335,7383,15158,2903,2905,5949,7628,5539,9172,6144,12327,6857,10565,5645,7341,19156,25914,6187,12755,245061,127664,39063,19081,114147,229,13
2021-04-23T23:59:59+02:00,7524,9339,18450,23765,18142,24795,20295,32078,26597,34261,33038,40692,32868,45133,7371,15137,2895,2886,5919,7605,5503,9128,6101,12289,6808,10507,5447,7036,18637,25295,6112,12622,237548,125832,38736,18737,113188,208,13
2021-04-22T23:59:59+02:00,7261,9097,17823,23144,17344,24007,19213,31024,25291,32803,32088,39452,32645,44812,7336,15068,2878,2867,5875,7551,5456,9046,6034,12211,6724,10425,5106,6572,17972,24461,6024,12468,228559,123703,37817,17778,112019,176,13
2021-04-21T23:59:59+02:00,7019,8891,17285,22640,16673,23406,18196,30077,23760,31214,31155,38275,32383,44430,7292,14991,2858,2847,5834,7498,5399,8972,5970,12112,6625,10346,4893,6230,17320,23663,5937,12318,219742,121641,37046,17017,110886,151,13
2021-04-20T23:59:59+02:00,6802,8660,16710,22156,15923,22717,17156,29039,22303,29709,30103,36886,32101,44063,7248,14910,2841,2832,5790,7460,5358,8925,5920,12047,6549,10279,4743,6015,16725,22934,5846,12173,210827,119981,36172,16300,109474,143,13
2021-04-19T23:59:59+02:00,6585,8475,16161,21720,15243,22147,16127,28100,20873,28288,28860,35357,31817,43643,7201,14812,2828,2816,5768,7427,5322,8895,5876,11998,6468,10200,4581,5803,16103,22246,5767,12054,202196,118357,35396,15643,107804,139,13
2021-04-18T23:59:59+02:00,6371,8308,15708,21376,14609,21579,15075,27269,19512,27077,27613,33836,31523,43266,7157,14731,2767,2763,5635,7302,5215,8784,5775,11850,6366,10088,4423,5580,15534,21594,5680,11916,193688,116744,34568,14379,106741,136,13
2021-04-17T23:59:59+02:00,6326,8272,15548,21299,14441,21493,14811,27076,19234,26807,27148,33335,31416,43143,7151,14719,2734,2711,5535,7149,5104,8624,5676,11654,6277,9977,4360,5493,15314,21327,5673,11907,192474,115005,34563,14375,105169,122,13
2021-04-16T23:59:59+02:00,6247,8209,15367,21131,14232,21346,14503,26801,18729,26273,26226,32238,31302,42950,7130,14701,2679,2647,5414,6968,4983,8445,5509,11412,6091,9764,4119,5228,14705,20561,5598,11804,189126,111821,34278,13982,103968,111,13
2021-04-15T23:59:59+02:00,6162,8115,15149,20913,13960,21061,14043,26421,17957,25493,25024,30795,31077,42655,7104,14633,2599,2543,5215,6715,4779,8143,5301,11094,5879,9490,3903,4943,13897,19501,5507,11679,184582,108036,33471,13042,102496,97,13
2021-04-14T23:59:59+02:00,6066,8032,14939,20706,13700,20824,13632,26068,17128,24709,23620,29174,30798,42296,7059,14548,2384,2405,5007,6455,4595,7893,5074,10840,5658,9221,3754,4700,13176,18612,5413,11508,179974,105000,32595,11592,100717,90,13
2021-04-13T23:59:59+02:00,5999,7966,14740,20565,13476,20641,13253,25750,16393,24007,22099,27527,30529,41914,7031,14449,2283,2336,4840,6261,4417,7688,4865,10586,5472,9005,3617,4521,12644,18006,5322,11377,175763,102667,31720,10480,98843,80,13
2021-04-12T23:59:59+02:00,5918,7876,14509,20365,13175,20386,12848,25311,15674,23279,20665,25768,30275,41603,6997,14381,2137,2223,4665,6107,4269,7504,4707,10401,5334,8851,3489,4359,12213,17487,5235,11250,171425,100993,30667,9146,96925,79,13
2021-04-11T23:59:59+02:00,5825,7787,14289,20168,12881,20168,12409,24939,14988,22616,19309,24166,30052,41304,6962,14308,2092,2185,4549,5993,4156,7381,4584,10278,5210,8737,3362,4215,11726,16878,5128,11083,167172,99259,29714,8208,95272,77,13
2021-04-10T23:59:59+02:00,5820,7779,14272,20157,12872,20157,12392,24925,14905,22524,18640,23252,29809,40948,6944,14285,2086,2173,4538,5983,4144,7370,4571,10262,5148,8659,3257,4102,11169,16043,5016,10903,166107,97130,29687,8208,93874,73,13
2021-04-09T23:59:59+02:00,5806,7762,14243,20109,12831,20108,12344,24874,14526,22082,17197,21457,29460,40409,6916,14251,2061,2162,4519,5965,4117,7345,4528,10229,5111,8608,3143,3964,10307,15051,4907,10743,163519,94713,29348,7963,91496,72,12
2021-04-08T23:59:59+02:00,5757,7732,14146,20032,12754,20031,12238,24764,14072,21519,15480,19346,28928,39511,6867,14144,2037,2146,4492,5910,4065,7263,4462,10151,5041,8537,3035,3844,9804,14437,4740,10536,159704,92881,28326,7539,89282,71,9
2021-04-07T23:59:59+02:00,5723,7698,14039,19953,12665,19951,12143,24654,13591,21040,14034,17530,28363,38677,6820,14057,2015,2133,4438,5840,3981,7188,4373,10061,4956,8450,2937,3739,9034,13291,4549,10213,155348,90366,27453,6764,88129,60,8
2021-04-06T23:59:59+02:00,5687,7667,13942,19882,12587,19895,12062,24588,13101,20549,12436,15523,27786,37863,6803,13991,1943,2069,4308,5721,3881,7063,4252,9916,4852,8327,2822,3613,8290,12310,4333,9923,151346,88000,26573,5557,86435,58,8
2021-04-05T23:59:59+02:00,5645,7634,13870,19816,12517,19829,12006,24507,12703,20166,10841,13571,27177,36956,6773,13939,1866,1989,4143,5566,3718,6907,4096,9774,4710,8203,2670,3478,7448,11292,4133,9624,148163,85657,25559,3897,84220,55,8
2021-04-04T23:59:59+02:00,5631,7615,13859,19796,12512,19811,11998,24489,12565,20048,9804,12271,26786,36394,6752,13894,1864,1984,4137,5564,3716,6902,4092,9767,4709,8197,2664,3465,7193,10799,4068,9535,146435,84705,25557,3897,82227,48,6
2021-04-03T23:59:59+02:00,5627,7604,13843,19779,12503,19802,11989,24478,12544,19998,8778,11059,26033,35320,6711,13799,1861,1981,4135,5559,3714,6898,4084,9755,4694,8186,2658,3454,7037,10521,4050,9477,143971,84114,25551,3897,80340,48,5
2021-04-02T23:59:59+02:00,5620,7585,13804,19754,12467,19759,11946,24430,12452,19914,8097,10081,24609,33414,6599,13591,1850,1965,4109,5537,3692,6855,4044,9676,4567,7906,2525,3316,6656,10096,3933,9322,139530,82320,25216,3676,79371,48,5
2021-04-01T23:59:59+02:00,5555,7500,13712,19618,12353,19613,11799,24269,11828,19437,7370,9164,23281,31665,6504,13402,1777,1894,4005,5437,3629,6789,3975,9606,4495,7802,2422,3166,6129,9365,3804,9117,135336,80094,24091,3273,77639,41,4
2021-03-31T23:59:59+02:00,5497,7436,13585,19464,12222,19465,11619,24069,11548,19186,6860,8528,21996,29954,6383,13217,1763,1882,3984,5414,3596,6761,3939,9556,4458,7750,2349,3079,5619,8676,3675,8950,131415,78349,23006,3057,76604,41,4
2021-03-30T23:59:59+02:00,5429,7361,13451,19307,12110,19298,11486,23907,11381,19049,6469,8102,20781,28410,6276,13051,1744,1844,3943,5380,3527,6692,3850,9436,4332,7579,2208,2862,5179,8114,3570,8738,128063,76150,22082,2819,75722,28,1
2021-03-29T23:59:59+02:00,5375,7312,13344,19218,12048,19213,11391,23804,11239,18905,6129,7657,19537,26950,6181,12900,1679,1799,3893,5339,3444,6618,3737,9286,4177,7384,2097,2729,4580,7403,3462,8521,124501,73512,21219,2609,75482,26,1
2021-03-28T23:59:59+02:00,5314,7236,13228,19075,11968,19132,11298,23702,11137,18803,5790,7272,18533,25611,6087,12743,1641,1745,3784,5233,3242,6378,3674,9193,4126,7333,2034,2663,3778,6316,3343,8343,121529,70496,20432,2313,74967,16,1
2021-03-27T23:59:59+01:00,5277,7173,13120,18913,11849,18965,11188,23491,11032,18674,5716,7167,18272,25292,6079,12734,1635,1742,3780,5228,3239,6372,3354,8791,3964,7091,2029,2659,3759,6281,3315,8287,119702,69205,20395,2313,74844,7,1
2021-03-26T23:59:59+01:00,5228,7107,13009,18730,11733,18772,11023,23259,10879,18477,5521,6907,17690,24522,6004,12626,1634,1740,3774,5222,3218,6355,3332,8770,3733,6592,1879,2320,3463,5955,3198,8101,116635,66972,20058,2307,74793,6,1
2021-03-25T23:59:59+01:00,5149,7004,12806,18474,11529,18450,10805,22926,10640,18160,5267,6579,16699,23245,5903,12480,1623,1729,3752,5192,3186,6330,3283,8734,3681,6550,1798,2178,3011,5250,3082,7860,112670,65027,18986,2206,74459,5,1
2021-03-24T23:59:59+01:00,5049,6862,12593,18032,11326,18061,10578,22533,10430,17830,4947,6170,15697,22087,5799,12299,1597,1715,3728,5144,3151,6265,3225,8664,3632,6479,1741,2121,2679,4869,2961,7636,109597,63638,17898,1963,72797,5,1
2021-03-23T23:59:59+01:00,4979,6763,12425,17700,11139,17715,10384,22171,10230,17569,4810,5935,15032,21302,5696,12156,1580,1708,3715,5126,3130,6248,3205,8615,3598,6435,1706,2066,2432,4576,2777,7351,107282,62340,17170,1922,71553,5,1
2021-03-22T23:59:59+01:00,4919,6661,12226,17364,10959,17394,10170,21837,10017,17299,4650,5704,14411,20591,5595,12007,1565,1699,3690,5090,3099,6210,3172,8566,3564,6388,1663,2012,2218,4295,2602,7059,105456,61103,16458,1783,69889,5,1
2021-03-21T23:59:59+01:00,4826,6504,11937,16951,10683,16995,9915,21393,9769,16975,4518,5517,13726,19800,5477,11830,1556,1698,3673,5073,3078,6177,3151,8535,3544,6364,1645,1991,2042,4109,2451,6822,103582,60125,15162,1778,68071,5,1
2021-03-20T23:59:59+01:00,4787,6412,11795,16601,10552,16699,9774,21074,9592,16708,4392,5360,13096,18848,5360,11636,1555,1697,3673,5071,3075,6176,3148,8530,3539,6360,1639,1986,2010,4045,2432,6785,101396,59937,15158,1778,66131,5,1
2021-03-19T23:59:59+01:00,4731,6305,11621,16241,10381,16340,9593,20686,9386,16374,4204,5141,12085,17642,5240,11466,1547,1690,3656,5037,3044,6102,3109,8434,3434,6185,1522,1892,1940,3986,2322,6582,98712,58704,14749,1774,63974,3,1
2021-03-18T23:59:59+01:00,4633,6166,11355,15805,10119,15909,9325,20217,9174,16054,4060,4973,11435,16765,5053,11234,1541,1674,3640,5004,3021,6058,3090,8377,3408,6145,1503,1860,1901,3911,2199,6379,96914,58023,13743,1684,61619,3,1
2021-03-17T23:59:59+01:00,4435,6029,11060,15374,9861,15563,9083,19838,8934,15734,3932,4789,10594,15473,4838,10894,1538,1671,3627,4984,3017,6040,3079,8340,3391,6123,1501,1840,1877,3879,2090,6195,94270,57518,12201,1670,59959,3,1
2021-03-16T23:59:59+01:00,4274,5875,10703,14905,9611,15195,8789,19398,8656,15390,3791,4630,9752,14305,4607,10605,1522,1668,3623,4978,3008,6033,3073,8332,3381,6108,1479,1817,1839,3829,1972,6019,91948,57087,11013,1590,57524,3,1
2021-03-15T23:59:59+01:00,4106,5724,10385,14431,9322,14730,8486,18922,8390,15002,3640,4453,9015,13206,4439,10354,1511,1660,3605,4964,2996,6010,3054,8294,3361,6065,1463,1805,1823,3796,1859,5835,89995,56509,9651,1589,54959,3,0
2021-03-14T23:59:59+01:00,4025,5608,10104,13976,9066,14333,8168,18434,8128,14633,3464,4248,8177,11924,4194,9984,1497,1653,3581,4945,2974,5961,3033,8216,3336,6002,1429,1753,1765,3662,1696,5460,87684,55985,8643,975,52139,3,0
2021-03-13T23:59:59+01:00,3937,5365,9833,13404,8875,13851,7961,17951,7960,14303,3378,4174,7980,11617,4164,9919,1497,1653,3581,4945,2973,5961,3033,8216,3335,6000,1425,1752,1763,3658,1695,5459,87034,55968,8643,975,48995,3,0
2021-03-12T23:59:59+01:00,3851,5187,9583,12873,8649,13303,7714,17282,7602,13609,3222,4022,7597,11192,4058,9774,1495,1649,3578,4932,2969,5957,3026,8210,3331,5994,1399,1719,1742,3640,1597,5285,85280,55545,8396,975,45842,3,0
2021-03-11T23:59:59+01:00,3674,4820,9217,12150,8351,12630,7363,16489,7288,13022,3066,3821,7014,10421,3914,9538,1471,1633,3550,4890,2924,5868,2990,8092,3281,5905,1358,1664,1662,3429,1403,4788,82852,54807,7950,99,41976,2,0
2021-03-10T23:59:59+01:00,3592,4665,8647,11644,7727,12153,7053,15945,6993,12497,2907,3678,6433,9675,3790,9336,1456,1616,3522,4829,2892,5786,2953,7942,3224,5804,1321,1621,1609,3328,1286,4516,81052,53628,7398,76,38285,1,0
2021-03-09T23:59:59+01:00,3456,4446,7896,11192,6881,11661,6655,15325,6643,11921,2689,3388,5905,9024,3672,9110,1450,1611,3498,4778,2866,5722,2937,7892,3207,5760,1305,1598,1577,3286,1179,4321,78773,52944,6043,42,35048,1,0
2021-03-08T23:59:59+01:00,3252,4159,7169,10662,6143,11179,6254,14769,6261,11397,2489,3191,5278,8249,3569,8900,1442,1599,3475,4710,2837,5653,2900,7800,3179,5690,1302,1589,1573,3278,1175,4319,75958,52480,4900,41,32063,0,0
2021-03-07T23:59:59+01:00,3119,3989,6821,10161,5723,10624,5976,14327,6040,11049,2399,3113,4448,7113,3426,8706,1439,1596,3472,4705,2832,5641,2896,7781,3170,5680,1298,1572,1553,3239,1160,4281,72723,52275,4070,40,30241,0,0
2021-03-06T23:59:59+01:00,3068,3802,6627,9722,5528,10190,5464,13404,5717,10421,2386,3097,4443,7102,3424,8705,1438,1594,3470,4702,2830,5640,2895,7780,3169,5677,1296,1569,1553,3237,1159,4281,71502,52250,4070,40,27528,0,0
2021-03-05T23:59:59+01:00,2961,3485,6406,9176,5326,9780,5288,12828,5317,9438,2186,2703,4047,6686,3315,8535,1425,1587,3453,4688,2825,5627,2887,7762,3158,5659,1282,1565,1553,3233,1154,4277,69183,52095,3839,40,24455,0,0
2021-03-04T23:59:59+01:00,2866,3231,6190,8759,5172,9436,5110,12396,5143,9099,2075,2502,3484,5836,3195,8269,1412,1565,3411,4592,2791,5562,2856,7661,3128,5596,1264,1558,1539,3220,1147,4266,67146,51528,3399,40,22218,0,0
2021-03-03T23:59:59+01:00,2803,3153,6011,8347,4992,9058,4903,11943,4961,8684,1992,2399,3062,5359,3068,8027,1389,1554,3375,4541,2754,5499,2813,7556,3086,5530,1250,1537,1521,3189,1141,4249,65726,50945,3159,39,19877,0,0
2021-03-02T23:59:59+01:00,2741,3042,5841,8012,4835,8790,4740,11538,4823,8389,1913,2311,2755,4989,2875,7741,1383,1542,3356,4524,2738,5471,2800,7508,3078,5501,1246,1529,1502,3170,1139,4245,64396,50693,2904,39,18035,0,0
2021-03-01T23:59:59+01:00,2706,2992,5735,7789,4745,8666,4654,11382,4725,8225,1862,2230,2447,4646,2708,7465,1374,1539,3343,4505,2729,5438,2781,7457,3067,5483,1240,1525,1495,3162,1137,4241,63152,50477,2683,39,17142,0,0
2021-02-28T23:59:59+01:00,2640,2932,5556,7532,4575,8443,4521,11199,4626,8109,1810,2171,2153,4324,2530,7193,1362,1532,3331,4495,2721,5431,2774,7440,3060,5473,1236,1522,1489,3146,1136,4210,62067,50319,2382,39,15865,0,0
2021-02-27T23:59:59+01:00,2524,2553,5398,7147,4474,8136,4445,10847,4557,7878,1783,2118,2127,4281,2511,7141,1359,1529,3329,4495,2716,5429,2770,7436,3056,5471,1235,1521,1488,3146,1136,4210,61835,50290,2382,36,13703,0,0
2021-02-26T23:59:59+01:00,2458,2446,5254,6913,4328,7883,4292,10579,4352,7603,1662,2030,2069,4245,2406,6965,1338,1515,3311,4459,2706,5389,2758,7383,3033,5422,1230,1511,1484,3139,1135,4208,60524,49985,2376,36,12585,0,0
2021-02-25T23:59:59+01:00,2327,2316,4891,6498,3918,7413,4014,10076,4137,7257,1613,1986,2037,4185,2295,6775,1319,1495,3279,4419,2667,5329,2721,7273,2996,5340,1220,1495,1470,3099,1123,4153,60048,49364,2269,34,9421,0,0
2021-02-24T23:59:59+01:00,2287,2244,4770,6273,3825,7195,3884,9838,4022,7115,1593,1961,2007,4140,2183,6580,1305,1484,3249,4354,2633,5262,2696,7196,2966,5273,1204,1477,1447,3050,1112,4088,59505,48772,2024,24,8388,0,0
2021-02-23T23:59:59+01:00,2026,2050,4408,5805,3554,6792,3664,9462,3875,6867,1576,1932,1962,4095,2071,6398,1285,1472,3205,4319,2608,5202,2672,7121,2929,5224,1187,1456,1423,3013,1102,4041,59054,48249,1978,10,5505,0,0
2021-02-22T23:59:59+01:00,2015,2027,4354,5745,3519,6727,3598,9365,3820,6780,1543,1909,1939,4042,1955,6204,1280,1454,3185,4278,2588,5162,2646,7059,2899,5177,1179,1445,1412,3003,1096,4032,58517,47890,1835,5,5190,0,0
2021-02-21T23:59:59+01:00,2003,2020,4321,5710,3476,6693,3558,9301,3780,6738,1533,1903,1934,4033,1838,6041,1272,1438,3163,4240,2560,5111,2632,6992,2869,5094,1166,1429,1389,2942,1075,3961,58172,47328,1831,5,4879,0,0
2021-02-20T23:59:59+01:00,2002,2018,4316,5708,3474,6693,3558,9300,3779,6737,1528,1902,1932,4029,1837,6041,1272,1438,3162,4238,2560,5111,2631,6991,2869,5094,1166,1428,1388,2942,1075,3961,58158,47321,1831,5,4865,0,0
2021-02-19T23:59:59+01:00,1982,2009,4306,5692,3465,6678,3547,9290,3768,6723,1503,1870,1910,4009,1738,5863,1270,1437,3162,4237,2559,5110,2631,6989,2867,5092,1166,1428,1388,2941,1075,3961,57738,47308,1826,5,4789,0,0
2021-02-18T23:59:59+01:00,1933,1965,4204,5584,3403,6574,3451,9112,3691,6601,1487,1836,1875,3935,1608,5670,1218,1375,3014,4009,2440,4822,2518,6656,2767,4875,1136,1380,1357,2856,1051,3822,57089,45292,1736,4,4104,0,0
2021-02-17T23:59:59+01:00,1906,1921,4102,5428,3319,6421,3334,8859,3568,6436,1432,1764,1806,3833,1493,5370,1149,1302,2859,3788,2327,4507,2387,6218,2651,4624,1087,1316,1305,2746,1013,3666,55858,42941,1725,4,3409,0,0
2021-02-16T23:59:59+01:00,1807,1830,3948,5235,3190,6231,3220,8640,3452,6278,1410,1741,1778,3799,1379,5168,1053,1259,2732,3624,2229,4287,2248,5904,2530,4394,1040,1215,1147,2437,773,3076,55140,39946,1708,2,2258,0,0
2021-02-15T23:59:59+01:00,1791,1804,3898,5148,3133,6143,3157,8526,3394,6180,1400,1728,1764,3777,1371,5148,1013,1223,2650,3489,2155,4107,2164,5623,2444,4200,997,1148,1062,2250,711,2883,54676,38118,1706,1,1980,0,0
2021-02-14T23:59:59+01:00,1717,1769,3817,5072,3092,6027,3102,8366,3351,6085,1380,1697,1711,3639,1315,4913,1000,1213,2605,3422,2115,4038,2105,5498,2384,4101,962,1111,983,2065,645,2662,54431,36908,1091,1,1531,0,0
2021-02-13T23:59:59+01:00,1714,1767,3809,5069,3086,6025,3099,8365,3348,6083,1379,1694,1711,3637,1313,4913,1000,1213,2605,3422,2115,4038,2104,5498,2382,4101,962,1111,983,2065,645,2662,54413,36906,1090,0,1509,0,0
2021-02-12T23:59:59+01:00,1677,1742,3772,5039,3066,6006,3075,8328,3331,6045,1363,1687,1702,3620,1305,4895,991,1201,2571,3370,2082,3989,2076,5449,2365,4071,961,1111,982,2065,644,2660,54189,36588,1089,0,1375,0,0
2021-02-11T23:59:59+01:00,1622,1678,3664,4874,2966,5825,2974,8021,3239,5853,1308,1627,1635,3435,1225,4583,942,1101,2298,2926,1874,3479,1833,4715,2113,3600,885,1040,893,1861,596,2406,53567,32562,122,0,840,0,0
2021-02-10T23:59:59+01:00,1599,1651,3602,4754,2899,5726,2927,7856,3192,5744,1294,1611,1611,3392,1211,4548,849,1015,2009,2511,1661,3021,1590,4095,1867,3189,788,884,726,1484,474,1939,52916,28102,120,0,581,0,0
2021-02-09T23:59:59+01:00,1580,1625,3549,4689,2870,5654,2904,7756,3155,5680,1292,1602,1582,3371,1203,4534,787,907,1740,2163,1468,2618,1419,3590,1702,2875,760,851,704,1405,455,1839,52602,25283,115,0,329,0,0
2021-02-08T23:59:59+01:00,1559,1621,3525,4658,2851,5612,2879,7704,3140,5654,1282,1594,1574,3343,1201,4520,767,857,1586,1919,1322,2367,1288,3274,1545,2646,731,827,654,1291,427,1682,52300,23183,90,0,327,0,0
2021-02-07T23:59:59+01:00,1409,1572,3434,4601,2800,5571,2851,7662,3117,5621,1275,1578,1565,3321,1198,4489,594,668,1322,1575,1094,1902,1076,2670,1325,2186,627,707,579,1127,386,1478,52001,19316,63,0,0,0,0
2021-02-06T23:59:59+01:00,1405,1569,3432,4599,2794,5568,2846,7658,3113,5618,1273,1575,1563,3319,1198,4489,445,476,1130,1351,962,1572,925,2245,1161,1799,549,624,560,1113,383,1475,51956,16770,63,0,0,0,0
2021-02-05T23:59:59+01:00,1394,1557,3417,4576,2785,5541,2836,7612,3092,5575,1269,1567,1560,3312,1197,4489,327,274,946,1043,809,1194,760,1791,973,1414,449,533,537,1097,381,1471,51716,13999,63,0,0,0,0
2021-02-04T23:59:59+01:00,1375,1534,3370,4524,2745,5458,2796,7483,3045,5498,1257,1554,1546,3278,1190,4465,167,118,641,678,521,753,513,1149,639,878,286,363,441,951,346,1332,51077,9776,41,0,0,0,0
2021-02-03T23:59:59+01:00,1352,1525,3329,4473,2712,5407,2774,7418,3012,5437,1247,1531,1511,3210,1174,4361,146,96,508,523,398,613,423,908,490,674,236,290,353,773,277,1085,50433,7793,40,0,0,0,0
2021-02-02T23:59:59+01:00,1330,1511,3285,4436,2680,5347,2748,7340,2980,5377,1225,1501,1477,3147,1148,4270,130,80,424,427,333,529,380,826,434,608,219,267,306,703,258,975,49763,6899,39,0,0,0,0
2021-02-01T23:59:59+01:00,1313,1495,3260,4384,2650,5274,2714,7207,2950,5289,1209,1479,1451,3109,1134,4210,102,57,316,321,244,401,283,615,310,455,181,217,240,559,200,756,49089,5257,39,0,0,0,0
2021-01-31T23:59:59+01:00,1306,1481,3244,4353,2627,5230,2700,7153,2936,5250,1197,1461,1428,3043,1115,4135,91,54,286,296,223,354,260,571,281,422,160,197,198,454,164,612,48620,4623,39,0,0,0,0
2021-01-30T23:59:59+01:00,1306,1481,3241,4349,2626,5230,2699,7151,2936,5250,1197,1460,1427,3043,1115,4135,91,51,276,282,213,338,255,562,277,414,159,196,197,454,164,612,48610,4541,36,0,0,0,0
2021-01-29T23:59:59+01:00,1304,1480,3241,4345,2626,5229,2698,7149,2934,5248,1197,1460,1427,3042,1115,4135,85,47,255,268,190,314,243,549,265,407,156,194,193,448,163,610,48594,4387,36,0,0,0,0
2021-01-28T23:59:59+01:00,1281,1450,3169,4235,2576,5110,2634,6994,2875,5136,1182,1434,1413,2975,1095,4022,71,25,156,163,127,191,166,363,197,254,126,145,147,278,95,354,47547,2858,34,0,0,0,0
2021-01-27T23:59:59+01:00,1225,1393,3080,4096,2499,4924,2541,6707,2796,4966,1148,1388,1376,2882,1067,3888,36,10,91,77,61,92,80,209,114,138,97,114,107,205,71,252,45952,1754,24,0,0,0,0
2021-01-26T23:59:59+01:00,1139,1354,2960,3950,2427,4745,2456,6519,2724,4836,1128,1331,1281,2730,859,3494,35,10,88,76,60,91,78,209,112,137,95,113,107,205,71,252,43920,1739,13,0,0,0,0
2021-01-25T23:59:59+01:00,1120,1324,2880,3818,2381,4593,2393,6323,2664,4703,1116,1312,1266,2698,849,3467,35,10,87,76,58,91,78,208,112,136,95,113,107,205,71,252,42899,1734,8,0,0,0,0
2021-01-24T23:59:59+01:00,1108,1319,2863,3801,2371,4563,2363,6272,2633,4657,1107,1304,1255,2676,838,3434,35,10,87,76,58,91,78,208,112,136,95,113,107,205,71,252,42558,1734,6,0,0,0,0
2021-01-23T23:59:59+01:00,1108,1319,2863,3801,2371,4563,2363,6272,2631,4657,1107,1304,1255,2676,838,3434,35,10,87,76,58,91,78,208,112,136,95,113,107,205,71,252,42556,1734,6,0,0,0,0
2021-01-22T23:59:59+01:00,1100,1309,2828,3755,2340,4492,2332,6203,2612,4614,1106,1303,1254,2675,837,3431,35,10,87,76,58,91,78,208,112,136,95,113,107,205,71,252,42185,1734,6,0,0,0,0
2021-01-21T23:59:59+01:00,1068,1205,2563,3344,2150,4058,2145,5595,2401,4170,1060,1260,1209,2544,809,3289,30,9,77,68,54,73,65,171,90,125,87,96,89,152,60,196,38864,1442,6,0,0,0,0
2021-01-20T23:59:59+01:00,972,1117,2256,2926,1938,3583,1908,4975,2155,3744,962,1109,1045,2193,704,2848,30,9,77,68,54,72,65,171,90,125,87,96,89,152,60,196,34429,1441,6,0,0,0,0
2021-01-19T23:59:59+01:00,893,998,1962,2493,1694,3091,1678,4311,1927,3334,894,1008,917,1911,614,2521,13,5,49,47,33,40,33,100,40,75,37,35,46,81,36,127,30241,797,5,0,0,0,0
2021-01-18T23:59:59+01:00,815,910,1719,2084,1458,2604,1419,3615,1694,2881,817,926,815,1685,568,2277,7,3,17,12,14,19,17,53,15,34,22,23,23,54,27,73,26284,413,3,0,0,0,0
2021-01-17T23:59:59+01:00,604,702,1405,1693,1183,2045,1162,2859,1422,2321,673,780,680,1395,466,1928,1,1,2,2,0,0,0,0,0,0,0,0,0,0,0,0,21315,6,3,0,0,0,0
2021-01-16T23:59:59+01:00,457,510,1230,1475,1067,1733,1014,2447,1268,1945,596,700,660,1382,464,1927,0,0,0,0,0,0,0,0,0,0,0,0,0,0,0,0,18873,0,2,0,0,0,0
2021-01-15T23:59:59+01:00,334,306,1049,1181,914,1384,852,1989,1079,1569,495,606,626,1351,454,1889,0,0,0,0,0,0,0,0,0,0,0,0,0,0,0,0,16076,0,2,0,0,0,0
2021-01-14T23:59:59+01:00,188,139,730,803,623,885,612,1307,722,1007,326,428,520,1163,407,1681,0,0,0,0,0,0,0,0,0,0,0,0,0,0,0,0,11541,0,0,0,0,0,0
2021-01-13T23:59:59+01:00,162,112,610,629,497,703,499,1035,568,782,272,350,436,993,353,1424,0,0,0,0,0,0,0,0,0,0,0,0,0,0,0,0,9425,0,0,0,0,0,0
2021-01-12T23:59:59+01:00,146,94,532,538,425,608,442,921,498,696,244,309,361,818,302,1159,0,0,0,0,0,0,0,0,0,0,0,0,0,0,0,0,8093,0,0,0,0,0,0
2021-01-11T23:59:59+01:00,116,74,428,439,347,497,353,734,395,538,212,256,300,686,248,970,0,0,0,0,0,0,0,0,0,0,0,0,0,0,0,0,6593,0,0,0,0,0,0
2021-01-10T23:59:59+01:00,100,61,354,364,286,412,299,640,328,477,184,225,238,544,197,754,0,0,0,0,0,0,0,0,0,0,0,0,0,0,0,0,5463,0,0,0,0,0,0
2021-01-09T23:59:59+01:00,100,59,336,345,263,388,292,626,320,470,183,224,237,542,197,754,0,0,0,0,0,0,0,0,0,0,0,0,0,0,0,0,5336,0,0,0,0,0,0
2021-01-08T23:59:59+01:00,94,52,297,308,222,346,265,594,292,441,167,204,216,477,179,670,0,0,0,0,0,0,0,0,0,0,0,0,0,0,0,0,4824,0,0,0,0,0,0
2021-01-07T23:59:59+01:00,76,33,204,207,160,248,202,428,227,310,138,160,161,309,112,418,0,0,0,0,0,0,0,0,0,0,0,0,0,0,0,0,3393,0,0,0,0,0,0
2021-01-06T23:59:59+01:00,64,21,151,124,114,162,149,304,169,216,106,129,122,237,76,292,0,0,0,0,0,0,0,0,0,0,0,0,0,0,0,0,2436,0,0,0,0,0,0
2021-01-05T23:59:59+01:00,40,11,90,77,61,96,84,212,113,140,101,119,114,219,75,270,0,0,0,0,0,0,0,0,0,0,0,0,0,0,0,0,1822,0,0,0,0,0,0
2021-01-04T23:59:59+01:00,38,11,90,77,58,94,84,211,113,139,101,118,114,219,75,270,0,0,0,0,0,0,0,0,0,0,0,0,0,0,0,0,1812,0,0,0,0,0,0
2021-01-03T23:59:59+01:00,38,11,90,77,58,94,84,211,113,139,101,118,114,219,75,270,0,0,0,0,0,0,0,0,0,0,0,0,0,0,0,0,1812,0,0,0,0,0,0
2021-01-02T23:59:59+01:00,38,11,90,77,58,94,84,211,112,139,101,118,114,219,75,270,0,0,0,0,0,0,0,0,0,0,0,0,0,0,0,0,1811,0,0,0,0,0,0
2021-01-01T23:59:59+01:00,38,11,90,77,58,94,84,211,112,138,101,118,114,219,75,270,0,0,0,0,0,0,0,0,0,0,0,0,0,0,0,0,1810,0,0,0,0,0,0
2020-12-31T23:59:59+01:00,38,11,90,77,58,94,84,211,111,138,101,118,114,219,75,270,0,0,0,0,0,0,0,0,0,0,0,0,0,0,0,0,1809,0,0,0,0,0,0
2020-12-30T23:59:59+01:00,38,11,90,77,57,94,84,211,111,138,101,118,114,219,75,270,0,0,0,0,0,0,0,0,0,0,0,0,0,0,0,0,1808,0,0,0,0,0,0
2020-12-29T23:59:59+01:00,19,5,63,57,35,60,49,137,62,88,46,50,67,131,47,182,0,0,0,0,0,0,0,0,0,0,0,0,0,0,0,0,1098,0,0,0,0,0,0
2020-12-28T23:59:59+01:00,7,4,36,26,20,29,20,68,22,41,23,22,24,49,27,72,0,0,0,0,0,0,0,0,0,0,0,0,0,0,0,0,490,0,0,0,0,0,0
2020-12-27T23:59:59+01:00,1,0,7,5,6,2,1,5,0,2,0,1,2,3,4,5,0,0,0,0,0,0,0,0,0,0,0,0,0,0,0,0,44,0,0,0,0,0,0
