Datum,<15_1_m,<15_1_w,15-24_1_m,15-24_1_w,25-34_1_m,25-34_1_w,35-44_1_m,35-44_1_w,45-54_1_m,45-54_1_w,55-64_1_m,55-64_1_w,65-74_1_m,65-74_1_w,75-84_1_m,75-84_1_w,>84_1_m,>84_1_w,<15_2_m,<15_2_w,15-24_2_m,15-24_2_w,25-34_2_m,25-34_2_w,35-44_2_m,35-44_2_w,45-54_2_m,45-54_2_w,55-64_2_m,55-64_2_w,65-74_2_m,65-74_2_w,75-84_2_m,75-84_2_w,>84_2_m,>84_2_w,bp_1,bp_2,mo_1,mo_2,az_1,az_2,ja,unb_1,unb_2
2021-11-19T23:59:59+01:00,15434,14589,78891,77509,120494,116098,107926,106528,102046,106844,98563,100016,58151,71991,44996,62567,11162,22739,11395,10885,68578,68544,109630,105734,99188,97781,95150,99962,93825,95322,56143,69566,43797,60691,10690,21588,915882,836509,139748,133857,159000,146068,101699,306,336
2021-11-18T23:59:59+01:00,15059,14223,78529,77187,120170,115712,107642,106199,101835,106608,98432,99863,58076,71920,44980,62518,11156,22718,11279,10778,68352,68328,109400,105515,98957,97568,94984,99814,93713,95220,56109,69520,43783,60660,10686,21577,912347,834418,139626,133779,158994,146066,101644,306,336
2021-11-17T23:59:59+01:00,14834,13984,78223,76915,119851,115326,107386,105909,101640,106392,98323,99710,58014,71837,44958,62477,11150,22691,11228,10732,68187,68168,109222,105334,98821,97444,94877,99692,93633,95140,56072,69469,43770,60637,10682,21568,909342,832983,139491,133709,158986,146065,101583,306,336
2021-11-16T23:59:59+01:00,14601,13780,77819,76580,119408,114954,107058,105578,101411,106158,98172,99564,57948,71756,44937,62432,11140,22680,11160,10659,68014,67995,109013,105135,98658,97307,94777,99576,93538,95073,56047,69426,43749,60616,10680,21557,905857,831449,139420,133637,158983,146063,101497,306,334
2021-11-15T23:59:59+01:00,14348,13560,77358,76168,118939,114480,106659,105236,101157,105924,98016,99411,57880,71691,44909,62387,11132,22664,11104,10628,67864,67854,108826,104972,98515,97176,94673,99479,93457,95008,56016,69381,43722,60589,10675,21537,902001,830124,139309,133551,158980,146058,101410,306,333
2021-11-14T23:59:59+01:00,13970,13191,76852,75769,118430,114007,106313,104880,100886,105668,97854,99259,57817,71608,44885,62361,11130,22649,11027,10572,67704,67721,108640,104799,98380,97048,94566,99378,93386,94933,55975,69344,43708,60567,10671,21531,897820,828744,139182,133476,158964,146053,101344,306,333
2021-11-13T23:59:59+01:00,13848,13079,76556,75501,118144,113787,106092,104674,100729,105548,97786,99186,57800,71588,44882,62353,11130,22648,10996,10548,67601,67613,108532,104700,98295,96971,94506,99328,93352,94906,55966,69334,43705,60561,10671,21529,895790,828057,139120,133428,158956,146050,101246,306,333
2021-11-12T23:59:59+01:00,13667,12896,76164,75150,117817,113499,105795,104429,100504,105363,97654,99073,57770,71557,44872,62337,11129,22648,10940,10498,67458,67463,108401,104587,98181,96858,94410,99241,93293,94846,55951,69316,43700,60551,10670,21529,892905,826945,139057,133383,158954,146044,101188,306,333
2021-11-11T23:59:59+01:00,13443,12683,75665,74717,117355,113047,105403,104046,100249,105115,97495,98923,57700,71461,44854,62279,11121,22630,10780,10368,67247,67283,108238,104376,98020,96684,94291,99111,93217,94765,55915,69279,43674,60520,10666,21503,888985,825165,138939,133307,158944,146035,101097,306,333
2021-11-10T23:59:59+01:00,13316,12570,75272,74415,117002,112711,105121,103778,100063,104913,97353,98804,57648,71395,44833,62238,11115,22615,10704,10304,67088,67132,108093,104230,97915,96541,94198,99006,93143,94698,55871,69237,43655,60489,10659,21489,886194,823855,138830,133253,158930,146026,100985,306,333
2021-11-09T23:59:59+01:00,13204,12452,74782,74073,116533,112385,104842,103511,99830,104707,97204,98677,57596,71346,44809,62205,11111,22604,10593,10212,66919,66995,107934,104077,97778,96431,94124,98916,93084,94633,55841,69204,43642,60468,10652,21479,883118,822570,138724,133193,158926,146009,100878,306,332
2021-11-08T23:59:59+01:00,13083,12358,74275,73740,116109,112006,104526,103222,99599,104512,97072,98557,57537,71282,44784,62171,11105,22590,10551,10157,66782,66878,107783,103947,97683,96322,94055,98825,93035,94562,55802,69158,43633,60443,10649,21474,880020,821523,138604,133118,158916,146003,100763,306,332
2021-11-07T23:59:59+01:00,12983,12252,73849,73451,115686,111634,104190,102930,99381,104325,96937,98432,57483,71227,44754,62143,11101,22581,10499,10115,66650,66749,107630,103788,97568,96189,93979,98729,92970,94495,55768,69111,43609,60420,10645,21465,877083,820366,138469,133042,158911,145989,100650,306,332
2021-11-06T23:59:59+01:00,12893,12181,73602,73204,115376,111423,103975,102731,99212,104195,96861,98366,57470,71205,44747,62129,11100,22581,10474,10091,66564,66663,107516,103716,97497,96128,93938,98679,92942,94476,55764,69102,43606,60413,10643,21464,875164,819794,138405,133013,158908,145989,100548,306,332
2021-11-05T23:59:59+01:00,12778,12070,73348,72971,115104,111168,103740,102517,99024,104036,96756,98274,57453,71177,44739,62115,11099,22578,10394,10022,66456,66554,107408,103605,97415,96037,93867,98602,92894,94437,55754,69086,43602,60408,10642,21462,873037,818911,138333,132972,158905,145985,100445,306,332
2021-11-04T23:59:59+01:00,12670,11965,73159,72728,114842,110934,103531,102305,98840,103875,96649,98177,57414,71137,44729,62088,11096,22570,10297,9933,66313,66419,107284,103437,97319,95906,93779,98509,92821,94363,55723,69053,43589,60373,10638,21453,870966,817638,138262,132904,158901,145981,100354,305,332
2021-11-03T23:59:59+01:00,12606,11907,73002,72581,114604,110740,103377,102169,98732,103747,96561,98103,57386,71109,44716,62068,11093,22559,10252,9893,66166,66305,107163,103306,97214,95801,93699,98454,92765,94308,55705,69023,43572,60343,10632,21437,869448,816607,138217,132849,158899,145979,100271,304,332
2021-11-02T23:59:59+01:00,12568,11869,72801,72444,114348,110538,103176,102033,98578,103641,96472,98020,57360,71074,44705,62053,11089,22544,10131,9801,65988,66172,107004,103163,97111,95682,93616,98376,92704,94244,55679,68993,43559,60308,10628,21420,867896,815348,138144,132778,158897,145971,100150,304,332
2021-11-01T23:59:59+01:00,12482,11795,72584,72283,114109,110351,102959,101884,98413,103521,96390,97963,57340,71038,44695,62035,11086,22536,10071,9738,65827,66025,106859,103026,96994,95583,93535,98290,92642,94187,55655,68958,43546,60288,10625,21409,866285,814241,138040,132700,158893,145966,100019,304,332
2021-10-31T23:59:59+01:00,12445,11773,72459,72201,113953,110276,102806,101796,98325,103464,96351,97933,57329,71032,44693,62031,11086,22535,10038,9717,65737,65980,106774,102970,96926,95543,93496,98266,92619,94171,55648,68953,43544,60286,10622,21405,865469,813832,137998,132667,158892,145962,99902,304,332
2021-10-30T23:59:59+02:00,12414,11754,72344,72120,113757,110186,102670,101707,98214,103363,96289,97906,57317,71016,44688,62025,11085,22532,10009,9710,65657,65923,106690,102914,96855,95493,93451,98218,92594,94160,55642,68948,43543,60282,10619,21402,864524,813420,137961,132615,158891,145959,99784,304,332
2021-10-29T23:59:59+02:00,12375,11715,72165,71994,113507,110013,102446,101560,98056,103266,96204,97854,57304,71005,44683,62015,11085,22528,9972,9677,65526,65811,106543,102812,96741,95404,93362,98141,92536,94118,55629,68935,43540,60277,10619,21402,863194,812625,137894,132560,158889,145957,99571,304,332
2021-10-28T23:59:59+02:00,12283,11657,71951,71814,113210,109761,102216,101392,97882,103120,96097,97772,57282,70973,44673,62000,11083,22523,9902,9619,65327,65603,106347,102606,96580,95233,93241,98019,92452,94071,55603,68884,43532,60258,10618,21395,861473,811234,137812,132483,158885,145949,99292,304,332
2021-10-27T23:59:59+02:00,12231,11598,71788,71653,113016,109562,102049,101252,97761,103005,96009,97712,57257,70930,44654,61976,11081,22518,9817,9553,65171,65441,106214,102478,96468,95137,93152,97928,92395,94015,55571,68845,43521,60235,10612,21382,860080,810143,137732,132391,158883,145939,99130,304,332
2021-10-26T23:59:59+02:00,12158,11513,71565,71440,112789,109362,101865,101121,97622,102898,95936,97647,57224,70904,44642,61961,11080,22510,9747,9467,64979,65247,106043,102325,96337,95000,93056,97844,92322,93949,55548,68808,43506,60203,10609,21370,858556,808836,137638,132315,158877,145938,98939,304,332
2021-10-25T23:59:59+02:00,12116,11491,71445,71349,112672,109260,101775,101045,97542,102832,95902,97615,57218,70896,44641,61953,11078,22507,9732,9452,64899,65181,105977,102276,96302,94967,93017,97818,92299,93936,55542,68801,43505,60201,10609,21366,857787,808474,137600,132292,158876,145935,98847,304,332
2021-10-24T23:59:59+02:00,12044,11429,71261,71180,112409,109083,101598,100882,97389,102702,95823,97537,57190,70859,44629,61945,11077,22504,9671,9397,64703,64991,105779,102119,96155,94841,92912,97717,92242,93879,55510,68764,43497,60177,10607,21362,856312,807263,137534,132204,158876,145932,98592,304,332
2021-10-23T23:59:59+02:00,12019,11402,71159,71097,112286,108985,101505,100799,97329,102653,95778,97514,57178,70846,44628,61944,11077,22504,9636,9358,64624,64902,105685,102059,96093,94787,92857,97664,92211,93852,55492,68753,43496,60174,10606,21362,855629,806718,137489,132148,158875,145930,98483,304,332
2021-10-22T23:59:59+02:00,11945,11360,70999,70965,112066,108831,101344,100681,97215,102554,95718,97462,57167,70829,44626,61936,11077,22502,9548,9273,64454,64721,105505,101917,95961,94669,92760,97578,92156,93799,55479,68742,43493,60161,10605,21360,854487,805595,137428,132072,158875,145923,98259,304,332
2021-10-21T23:59:59+02:00,11813,11233,70806,70812,111881,108645,101174,100516,97065,102441,95630,97400,57145,70797,44611,61913,11072,22488,9451,9155,64234,64501,105314,101702,95807,94470,92636,97465,92083,93725,55454,68706,43480,60132,10603,21350,852908,803988,137362,131963,158872,145913,98072,304,332
2021-10-20T23:59:59+02:00,11766,11184,70684,70684,111738,108510,101063,100428,96975,102360,95569,97346,57116,70762,44596,61894,11067,22471,9328,9059,64038,64317,105190,101538,95694,94331,92539,97358,92009,93672,55427,68650,43454,60099,10586,21321,851847,802511,137311,131903,158870,145907,97957,304,332
2021-10-19T23:59:59+02:00,11664,11094,70540,70549,111606,108382,100977,100349,96904,102299,95512,97294,57093,70726,44588,61876,11063,22456,9234,8966,63820,64112,105023,101377,95578,94209,92460,97262,91959,93615,55395,68608,43436,60058,10576,21306,850775,801101,137259,131817,158865,145900,97845,304,331
2021-10-18T23:59:59+02:00,11613,11056,70408,70459,111464,108276,100874,100267,96843,102246,95456,97245,57065,70697,44571,61853,11056,22444,9183,8916,63676,63963,104903,101213,95483,94094,92393,97180,91901,93558,55369,68576,43424,60032,10572,21303,849876,800015,137177,131745,158860,145896,97752,304,331
2021-10-17T23:59:59+02:00,11569,11015,70251,70326,111334,108162,100764,100190,96789,102188,95417,97191,57043,70675,44565,61838,11054,22439,9129,8865,63443,63708,104740,101070,95354,93957,92294,97096,91843,93495,55346,68544,43414,60015,10568,21297,848945,798657,137127,131650,158858,145888,97652,304,331
2021-10-16T23:59:59+02:00,11550,10994,70192,70277,111276,108116,100738,100164,96756,102160,95398,97182,57042,70672,44564,61836,11052,22439,9099,8833,63348,63620,104675,101015,95307,93895,92263,97065,91822,93477,55341,68538,43412,60012,10568,21296,848603,798164,137114,131599,158858,145887,97605,304,331
2021-10-15T23:59:59+02:00,11495,10954,70080,70191,111164,108026,100670,100089,96700,102107,95369,97151,57035,70670,44564,61830,11051,22439,9049,8757,63211,63434,104564,100899,95215,93795,92185,96982,91774,93439,55332,68516,43407,60001,10568,21294,847907,797178,137091,131526,158857,145885,97502,304,331
2021-10-14T23:59:59+02:00,11392,10856,69898,70010,111025,107883,100554,99996,96603,102025,95315,97093,57014,70635,44552,61806,11048,22432,8922,8620,62913,63148,104409,100686,95068,93596,92064,96851,91700,93362,55294,68465,43388,59974,10564,21286,846648,795301,137014,131402,158848,145878,97398,304,331
2021-10-13T23:59:59+02:00,11293,10789,69751,69896,110912,107775,100461,99900,96523,101940,95265,97036,56979,70591,44537,61777,11043,22416,8884,8583,62751,62998,104273,100547,94963,93450,91976,96765,91639,93290,55256,68422,43367,59944,10555,21276,845612,794156,136943,131327,158844,145869,97256,304,331
2021-10-12T23:59:59+02:00,11152,10680,69571,69760,110813,107659,100363,99807,96462,101880,95223,96990,56965,70559,44527,61762,11039,22410,8822,8536,62590,62837,104142,100418,94847,93330,91888,96695,91580,93234,55204,68387,43355,59921,10551,21264,844535,793004,136877,131265,158840,145863,97141,303,328
2021-10-11T23:59:59+02:00,11081,10618,69426,69644,110694,107552,100277,99729,96400,101804,95168,96950,56937,70530,44507,61742,11034,22397,8784,8503,62415,62669,104016,100293,94752,93232,91816,96607,91529,93186,55167,68345,43340,59895,10542,21256,843569,791941,136809,131179,158837,145853,97046,303,328
2021-10-10T23:59:59+02:00,11009,10567,69270,69530,110555,107415,100183,99639,96333,101727,95122,96913,56919,70510,44501,61730,11026,22394,8747,8469,62227,62520,103855,100134,94647,93098,91726,96502,91452,93144,55141,68321,43331,59882,10539,21247,842629,790801,136761,131119,158833,145843,96891,303,328
2021-10-09T23:59:59+02:00,10984,10549,69183,69471,110489,107371,100145,99598,96295,101695,95107,96898,56912,70503,44500,61729,11026,22394,8712,8428,62138,62442,103771,100058,94590,93040,91684,96457,91431,93123,55135,68310,43326,59874,10538,21246,842243,790260,136731,131061,158831,145839,96815,303,328
2021-10-08T23:59:59+02:00,10910,10494,69040,69374,110352,107266,100073,99506,96231,101645,95059,96852,56900,70487,44497,61726,11026,22393,8651,8341,61968,62253,103638,99908,94476,92922,91599,96363,91383,93083,55118,68297,43320,59865,10536,21245,841412,789156,136682,130974,158830,145832,96677,303,327
2021-10-07T23:59:59+02:00,10830,10417,68837,69194,110172,107087,99937,99364,96143,101524,94985,96785,56878,70450,44484,61705,11022,22380,8521,8217,61686,61999,103443,99689,94328,92706,91492,96228,91309,93010,55086,68248,43305,59834,10529,21235,840010,787349,136612,130851,158828,145824,96514,303,327
2021-10-06T23:59:59+02:00,10760,10360,68665,69047,110042,106944,99840,99255,96058,101462,94940,96735,56841,70408,44473,61685,11019,22366,8478,8167,61501,61828,103308,99541,94217,92588,91417,96128,91234,92934,55055,68208,43290,59806,10524,21218,838939,786159,136545,130786,158827,145813,96357,303,327
2021-10-05T23:59:59+02:00,10655,10272,68493,68909,109896,106798,99726,99126,95995,101382,94895,96683,56823,70380,44464,61649,11014,22353,8444,8123,61303,61654,103157,99354,94102,92438,91321,96043,91173,92862,55027,68163,43277,59789,10521,21205,837770,784892,136475,130719,158826,145808,96210,303,327
2021-10-04T23:59:59+02:00,10617,10242,68319,68740,109732,106643,99625,99012,95901,101295,94841,96625,56787,70332,44449,61620,11013,22331,8411,8090,61147,61472,103013,99214,93969,92317,91230,95948,91109,92811,54991,68120,43253,59757,10515,21185,836681,783783,136403,130660,158824,145797,95985,302,327
2021-10-03T23:59:59+02:00,10553,10187,68109,68558,109562,106486,99501,98904,95814,101195,94776,96571,56756,70298,44441,61595,11013,22326,8350,8055,60945,61315,102825,99037,93832,92158,91131,95835,91034,92754,54955,68076,43236,59732,10513,21177,835511,782517,136328,130573,158820,145788,95755,302,327
2021-10-02T23:59:59+02:00,10527,10161,68006,68460,109473,106416,99436,98842,95763,101147,94753,96550,56745,70280,44441,61594,11012,22324,8310,8021,60828,61200,102752,98963,93765,92092,91085,95786,91008,92732,54948,68058,43235,59728,10512,21177,834963,781925,136265,130527,158818,145768,95653,302,327
2021-10-01T23:59:59+02:00,10442,10058,67851,68292,109286,106273,99308,98727,95681,101077,94696,96509,56727,70262,44438,61582,11010,22322,8198,7912,60629,60969,102583,98808,93632,91949,90980,95677,90946,92675,54931,68029,43231,59718,10511,21174,833863,780633,136207,130440,158816,145728,95424,302,327
2021-09-30T23:59:59+02:00,10364,9985,67620,68067,109076,106035,99128,98529,95544,100932,94602,96404,56691,70216,44420,61551,11006,22307,8089,7791,60376,60704,102377,98598,93445,91738,90839,95526,90855,92580,54904,67980,43216,59685,10501,21159,832221,778940,136117,130321,158810,145679,95096,301,327
2021-09-29T23:59:59+02:00,10284,9928,67421,67877,108880,105835,98972,98366,95418,100821,94518,96333,56650,70159,44404,61516,11001,22288,8031,7732,60194,60534,102189,98417,93309,91570,90724,95418,90784,92499,54870,67932,43197,59639,10498,21144,830796,777686,136053,130242,158806,145644,94783,301,326
2021-09-28T23:59:59+02:00,10199,9851,67231,67670,108672,105666,98823,98210,95308,100708,94433,96254,56610,70120,44392,61478,10994,22261,7981,7685,60005,60349,101999,98263,93176,91434,90600,95289,90705,92429,54839,67895,43180,59611,10489,21129,829395,776508,135991,130156,158804,145611,94457,301,326
2021-09-27T23:59:59+02:00,10070,9719,66985,67421,108461,105494,98689,98060,95219,100596,94355,96182,56582,70073,44378,61448,10989,22250,7943,7631,59798,60161,101811,98126,93036,91292,90498,95175,90633,92352,54802,67839,43159,59585,10481,21118,827988,775427,135905,130076,158803,145569,94042,301,326
2021-09-26T23:59:59+02:00,9949,9625,66742,67190,108231,105301,98522,97914,95097,100471,94270,96100,56544,70039,44363,61425,10984,22237,7890,7585,59552,59965,101607,97944,92890,91127,90390,95057,90560,92275,54773,67811,43145,59557,10476,21103,826541,774281,135824,129981,158797,145510,93609,301,326
2021-09-25T23:59:59+02:00,9910,9585,66622,67067,108128,105211,98448,97854,95040,100418,94239,96071,56540,70031,44361,61422,10983,22237,7850,7546,59437,59848,101505,97851,92809,91057,90348,94991,90524,92253,54761,67800,43141,59553,10476,21103,825986,773727,135762,129929,158797,145482,93389,301,326
2021-09-24T23:59:59+02:00,9849,9524,66458,66884,107955,105038,98300,97705,94919,100313,94170,96017,56525,70014,44353,61409,10983,22235,7752,7434,59213,59618,101320,97657,92680,90909,90238,94884,90439,92187,54740,67778,43139,59548,10475,21100,824959,772531,135690,129863,158797,145420,92971,301,326
2021-09-23T23:59:59+02:00,9757,9401,66134,66546,107688,104779,98105,97475,94758,100149,94067,95907,56479,69955,44329,61380,10977,22206,7636,7314,58915,59336,101075,97422,92490,90699,90103,94730,90341,92080,54691,67728,43117,59520,10474,21077,823150,770971,135569,129753,158791,145351,92347,301,326
2021-09-22T23:59:59+02:00,9687,9321,65800,66220,107478,104563,97907,97269,94602,100014,93938,95809,56432,69886,44295,61336,10966,22184,7580,7273,58735,59155,100895,97253,92311,90562,89987,94610,90233,92004,54657,67683,43089,59488,10468,21061,821390,769935,135455,129675,158786,145268,91840,301,326
2021-09-21T23:59:59+02:00,9600,9233,65571,65972,107270,104383,97733,97110,94487,99905,93858,95739,56383,69835,44277,61293,10959,22170,7542,7236,58542,58971,100702,97095,92169,90429,89898,94521,90142,91930,54618,67625,43069,59450,10459,21043,819934,768878,135373,129580,158783,145205,91452,301,326
2021-09-20T23:59:59+02:00,9538,9176,65287,65663,107069,104199,97574,96942,94380,99805,93792,95663,56343,69792,44256,61250,10954,22159,7485,7181,58350,58816,100517,96950,92018,90275,89757,94419,90061,91859,54571,67587,43042,59414,10453,21026,818507,767871,135293,129498,158777,145058,91028,301,326
2021-09-19T23:59:59+02:00,9487,9132,65006,65488,106840,104005,97424,96774,94240,99704,93688,95586,56314,69739,44246,61226,10952,22148,7447,7139,58108,58621,100272,96773,91833,90106,89572,94248,89943,91775,54534,67526,43024,59380,10452,21013,817177,766663,135210,129380,158773,144795,90602,301,326
2021-09-18T23:59:59+02:00,9454,9087,64913,65385,106720,103909,97313,96687,94174,99634,93654,95558,56306,69730,44242,61221,10950,22147,7407,7098,57986,58501,100165,96674,91710,90025,89501,94185,89906,91745,54524,67521,43017,59377,10450,21009,816604,766026,135120,129315,158771,144783,90352,301,325
2021-09-17T23:59:59+02:00,9375,9000,64716,65224,106542,103751,97144,96533,94045,99536,93582,95482,56290,69703,44231,61215,10944,22141,7316,6999,57779,58265,99974,96513,91555,89905,89384,94079,89829,91683,54509,67495,43009,59370,10450,21006,815499,764891,135031,129218,158767,144766,89920,301,325
2021-09-16T23:59:59+02:00,9285,8892,64437,64919,106262,103494,96908,96295,93858,99359,93480,95389,56239,69648,44218,61187,10937,22127,7225,6888,57529,57993,99703,96283,91361,89692,89209,93917,89727,91595,54463,67444,42987,59349,10445,20995,813683,763383,134941,129081,158757,144703,89315,301,323
2021-09-15T23:59:59+02:00,9215,8837,64085,64625,106062,103282,96702,96101,93724,99197,93379,95303,56202,69591,44183,61157,10932,22100,7176,6839,57351,57833,99510,96121,91191,89534,89104,93805,89623,91530,54431,67397,42962,59317,10441,20975,811940,762325,134886,128964,158753,144669,88859,301,323
2021-09-14T23:59:59+02:00,9173,8788,63796,64416,105822,103064,96505,95921,93593,99058,93263,95217,56155,69532,44157,61119,10927,22084,7134,6803,57148,57651,99331,95935,91023,89371,88972,93694,89543,91458,54395,67357,42940,59290,10436,20960,810398,761284,134816,128873,158745,144570,88392,301,322
2021-09-13T23:59:59+02:00,9137,8754,63499,64151,105593,102833,96336,95754,93449,98923,93176,95120,56104,69478,44140,61085,10920,22072,7102,6766,56941,57466,99133,95744,90870,89215,88839,93588,89457,91384,54357,67309,42920,59261,10433,20943,808889,760185,134726,128759,158735,144528,87935,301,321
2021-09-12T23:59:59+02:00,9084,8706,63185,63906,105345,102585,96125,95527,93286,98795,93078,95038,56053,69428,44123,61054,10916,22061,7064,6736,56740,57305,98889,95535,90701,89046,88706,93471,89360,91308,54314,67251,42899,59232,10429,20926,807347,759153,134627,128630,158731,144457,87351,301,321
2021-09-11T23:59:59+02:00,9037,8673,63065,63773,105201,102467,96022,95417,93200,98716,93039,95006,56038,69413,44118,61042,10916,22060,7011,6710,56592,57214,98738,95430,90602,88948,88607,93405,89323,91282,54304,67231,42895,59222,10429,20925,806662,758559,134572,128550,158729,144438,87001,301,320
2021-09-10T23:59:59+02:00,8943,8562,62824,63508,105001,102254,95849,95228,93055,98590,92944,94934,56003,69384,44104,61024,10916,22058,6931,6632,56345,57005,98540,95244,90420,88764,88474,93275,89237,91211,54282,67210,42882,59203,10429,20921,805272,757394,134508,128432,158726,144423,86436,301,320
2021-09-09T23:59:59+02:00,8845,8463,62505,63230,104724,101934,95611,94940,92876,98364,92808,94817,55962,69319,44083,60995,10906,22037,6828,6529,56090,56780,98286,94994,90188,88531,88312,93120,89094,91126,54239,67161,42861,59174,10423,20915,803288,755970,134403,128246,158722,144349,85767,301,319
2021-09-08T23:59:59+02:00,8784,8412,62280,62993,104498,101694,95417,94716,92706,98190,92691,94685,55927,69252,44049,60956,10893,22013,6797,6499,55929,56623,98095,94784,90027,88335,88152,92973,88975,91020,54200,67099,42826,59134,10411,20881,801776,754947,134295,128097,158711,144262,85135,301,319
2021-09-07T23:59:59+02:00,8733,8359,62041,62775,104273,101454,95233,94525,92562,98049,92590,94607,55893,69203,44020,60901,10884,21990,6751,6463,55732,56456,97876,94589,89841,88172,88020,92863,88878,90929,54158,67053,42801,59103,10406,20862,800283,753860,134189,127968,158706,144132,84675,301,318
2021-09-06T23:59:59+02:00,8691,8316,61832,62599,104065,101280,95090,94363,92444,97917,92503,94531,55835,69144,43998,60872,10877,21957,6708,6426,55560,56288,97673,94423,89670,88014,87892,92735,88780,90848,54105,67004,42781,59058,10396,20838,799028,752747,134098,127833,158695,144047,84254,301,318
2021-09-05T23:59:59+02:00,8630,8266,61615,62391,103894,101092,94934,94193,92318,97803,92426,94464,55807,69103,43988,60851,10872,21950,6655,6370,55354,56085,97475,94224,89483,87851,87749,92608,88697,90762,54056,66955,42764,59035,10391,20822,797823,751578,134017,127662,158692,143951,83827,300,318
2021-09-04T23:59:59+02:00,8579,8236,61496,62280,103804,100994,94832,94106,92260,97735,92391,94438,55797,69092,43981,60841,10872,21949,6627,6326,55228,55970,97354,94097,89366,87752,87681,92527,88647,90728,54041,66944,42758,59024,10391,20821,797220,750924,133969,127539,158688,143933,83568,300,318
2021-09-03T23:59:59+02:00,8501,8161,61302,62095,103630,100836,94680,93958,92154,97622,92319,94387,55769,69065,43973,60826,10870,21941,6560,6260,55019,55785,97154,93880,89175,87556,87535,92357,88554,90650,54009,66910,42747,59005,10387,20818,796093,749671,133915,127312,158680,143897,83163,300,318
2021-09-02T23:59:59+02:00,8379,8069,61039,61846,103371,100589,94478,93733,91964,97452,92199,94286,55721,69007,43950,60791,10865,21919,6461,6178,54749,55524,96855,93596,88927,87281,87311,92146,88410,90533,53964,66828,42716,58954,10377,20781,794405,747999,133803,126955,158668,143776,82543,300,318
2021-09-01T23:59:59+02:00,8314,7987,60826,61631,103171,100418,94329,93577,91844,97323,92092,94210,55677,68957,43932,60767,10857,21900,6404,6115,54492,55302,96627,93372,88731,87067,87133,91981,88268,90422,53899,66738,42678,58912,10369,20760,793136,746546,133727,126695,158652,143657,82058,300,314
2021-08-31T23:59:59+02:00,8232,7911,60614,61375,102964,100230,94149,93414,91720,97205,91965,94128,55630,68903,43906,60728,10846,21884,6342,6045,54238,55038,96354,93123,88513,86832,86975,91821,88104,90315,53855,66665,42652,58857,10361,20741,791735,745041,133647,126388,158641,143546,81542,300,314
2021-08-30T23:59:59+02:00,8136,7835,60408,61188,102783,100082,94027,93277,91602,97102,91895,94049,55596,68872,43890,60694,10841,21868,6270,5980,53985,54843,96109,92887,88297,86601,86794,91678,87977,90190,53796,66585,42611,58794,10344,20712,790609,743596,133589,126075,158634,143398,81073,300,311
2021-08-29T23:59:59+02:00,8060,7757,60130,60947,102543,99884,93842,93102,91462,96985,91805,93958,55551,68822,43866,60664,10839,21859,6162,5869,53633,54533,95789,92593,88006,86343,86559,91482,87823,90063,53728,66510,42581,58754,10338,20695,789241,741679,133498,125739,158617,143252,80480,300,311
2021-08-28T23:59:59+02:00,8003,7691,59989,60835,102435,99775,93739,93018,91377,96911,91759,93928,55537,68809,43858,60660,10838,21857,6123,5802,53455,54384,95627,92460,87871,86232,86448,91395,87754,90020,53711,66489,42572,58747,10336,20694,788616,740858,133459,125634,158613,143226,80091,300,311
2021-08-27T23:59:59+02:00,7937,7605,59805,60639,102263,99606,93598,92890,91264,96805,91672,93869,55515,68780,43849,60643,10837,21854,6044,5731,53212,54136,95331,92182,87648,86024,86270,91237,87646,89920,53669,66453,42557,58721,10331,20691,787621,739272,133397,125433,158575,143189,79598,300,311
2021-08-26T23:59:59+02:00,7851,7506,59562,60390,102032,99386,93378,92664,91085,96624,91566,93772,55464,68715,43816,60615,10831,21842,5972,5664,52870,53847,94962,91827,87310,85712,86029,90976,87489,89788,53604,66364,42511,58677,10324,20679,786125,737333,133299,125024,158552,143056,78883,300,309
2021-08-25T23:59:59+02:00,7778,7416,59331,60192,101859,99244,93226,92481,90965,96501,91457,93692,55425,68663,43783,60571,10826,21819,5900,5604,52562,53595,94655,91570,87083,85466,85830,90788,87357,89661,53537,66280,42463,58610,10318,20649,784903,735591,133217,124714,158541,142986,78329,299,308
2021-08-24T23:59:59+02:00,7728,7364,59111,59974,101673,99071,93060,92318,90853,96373,91372,93620,55387,68609,43757,60528,10820,21794,5855,5537,52238,53333,94303,91286,86780,85214,85621,90597,87205,89501,53452,66185,42416,58544,10310,20627,783764,733773,133126,124410,158534,142765,77749,299,307
2021-08-23T23:59:59+02:00,7672,7310,58903,59764,101503,98912,92930,92156,90758,96288,91295,93534,55349,68564,43728,60502,10816,21775,5792,5475,51914,53060,93961,91004,86536,84938,85426,90425,87069,89374,53372,66094,42382,58494,10303,20609,782600,731866,133053,124122,158524,142590,77344,298,306
2021-08-22T23:59:59+02:00,7600,7255,58708,59581,101298,98751,92771,92020,90663,96172,91215,93466,55313,68516,43714,60478,10810,21761,5711,5392,51541,52708,93557,90601,86224,84632,85189,90198,86899,89249,53292,65988,42350,58433,10295,20588,781568,729540,132950,123808,158512,142373,76824,298,302
2021-08-21T23:59:59+02:00,7547,7217,58571,59457,101162,98646,92665,91916,90564,96111,91157,93431,55293,68494,43706,60461,10808,21758,5519,5204,51205,52406,93389,90452,86053,84474,85042,90071,86813,89186,53261,65964,42340,58417,10294,20582,780888,728007,132874,123579,158511,142331,76453,298,302
2021-08-20T23:59:59+02:00,7495,7165,58416,59282,100990,98491,92516,91780,90447,95986,91079,93369,55271,68469,43696,60444,10806,21753,5393,5102,50869,52055,93127,90179,85789,84240,84827,89866,86680,89074,53230,65923,42317,58393,10287,20575,779930,726031,132824,123369,158505,142265,75959,297,302
2021-08-19T23:59:59+02:00,7428,7104,58165,59047,100714,98264,92309,91588,90287,95819,90951,93265,55228,68410,43671,60413,10799,21739,5276,4977,50425,51615,92693,89774,85383,83831,84515,89551,86465,88890,53158,65815,42278,58331,10277,20557,778560,723314,132690,122923,158498,142057,75216,297,301
2021-08-18T23:59:59+02:00,7364,7049,57977,58886,100527,98083,92162,91424,90146,95696,90850,93169,55161,68346,43642,60368,10789,21719,5181,4877,50070,51242,92314,89442,85058,83499,84236,89301,86274,88716,53044,65700,42207,58239,10262,20528,777394,720904,132601,122532,158491,141817,74636,296,301
2021-08-17T23:59:59+02:00,7302,6998,57788,58727,100332,97907,91996,91274,90022,95564,90753,93078,55121,68299,43618,60340,10787,21704,5060,4744,49574,50817,91861,89021,84655,83141,83905,89004,86067,88514,52941,65575,42149,58162,10256,20504,776270,717870,132497,122122,158478,141527,74130,295,301
2021-08-16T23:59:59+02:00,7242,6932,57603,58549,100129,97732,91848,91113,89881,95444,90638,92981,55069,68237,43588,60289,10780,21690,4850,4560,49003,50235,91386,88564,84186,82739,83572,88708,85837,88309,52836,65459,42090,58084,10247,20466,775091,714309,132406,121678,158471,141301,73542,295,301
2021-08-15T23:59:59+02:00,7176,6884,57380,58358,99943,97548,91689,90970,89756,95337,90550,92921,55031,68196,43568,60260,10776,21683,4451,4160,47880,49088,90741,87872,83629,82194,83177,88318,85549,88103,52728,65335,42046,58025,10238,20447,773999,708478,132294,121048,158463,141120,73035,295,300
2021-08-14T23:59:59+02:00,7144,6851,57257,58269,99800,97446,91582,90893,89667,95268,90499,92876,55015,68179,43563,60253,10775,21682,4422,4137,47723,48944,90508,87698,83411,81983,83051,88217,85479,88059,52700,65304,42037,58014,10237,20445,773465,707650,132236,120724,158458,141070,72625,295,300
2021-08-13T23:59:59+02:00,7097,6806,57101,58135,99641,97318,91452,90753,89560,95153,90418,92812,54985,68128,43549,60229,10773,21675,4363,4076,47414,48620,90023,87288,83006,81605,82787,87982,85307,87918,52656,65236,42015,57989,10234,20433,772624,705400,132176,120165,158451,140989,72100,293,298
2021-08-12T23:59:59+02:00,7062,6756,56894,57971,99426,97141,91274,90586,89414,95008,90323,92731,54948,68075,43523,60195,10765,21658,4311,4013,46993,48224,89372,86716,82422,81055,82410,87654,85076,87737,52581,65133,41962,57930,10224,20415,771548,702409,132072,119326,158439,140739,71457,293,297
2021-08-11T23:59:59+02:00,7026,6701,56704,57799,99215,96960,91116,90446,89282,94890,90212,92629,54896,68015,43491,60156,10755,21643,4237,3964,46573,47761,88740,86062,81836,80545,82071,87346,84805,87494,52492,64989,41889,57805,10205,20366,770412,699209,131973,118369,158416,140402,70904,290,296
2021-08-10T23:59:59+02:00,6965,6653,56517,57632,98992,96807,90959,90295,89154,94775,90127,92551,54853,67968,43475,60116,10751,21630,4172,3899,46133,47281,88092,85429,81228,80000,81659,86965,84558,87275,52371,64879,41829,57722,10191,20335,769340,695837,131877,117426,158397,140084,70375,290,296
2021-08-09T23:59:59+02:00,6913,6594,56344,57471,98799,96649,90803,90157,89012,94676,90016,92487,54813,67919,43450,60081,10744,21615,4103,3821,45563,46711,87258,84749,80539,79412,81244,86613,84265,87049,52260,64747,41773,57621,10177,20293,768300,691981,131804,116364,158387,139738,69822,289,293
2021-08-08T23:59:59+02:00,6842,6525,56120,57282,98585,96456,90620,89991,88875,94554,89921,92412,54758,67871,43424,60047,10737,21594,4047,3760,44957,46096,86185,83804,79632,78597,80696,86134,83931,86748,52125,64593,41709,57530,10164,20266,767070,686821,131689,115179,158367,139424,69258,288,292
2021-08-07T23:59:59+02:00,6798,6474,55976,57158,98444,96340,90488,89889,88780,94496,89859,92371,54739,67844,43421,60037,10734,21589,3586,3385,44115,45203,85845,83463,79155,78155,80333,85782,83750,86603,52062,64509,41688,57494,10159,20257,766396,683078,131627,114032,158362,139321,68822,288,291
2021-08-06T23:59:59+02:00,6742,6425,55784,57005,98212,96154,90334,89759,88653,94381,89761,92300,54699,67816,43412,60010,10731,21585,3202,2986,43193,44308,85372,82994,78568,77599,79943,85396,83559,86456,52010,64444,41662,57462,10151,20244,765423,679096,131528,112752,158355,139184,68227,288,290
2021-08-05T23:59:59+02:00,6675,6353,55464,56754,97908,95882,90069,89537,88438,94185,89590,92164,54634,67726,43383,59958,10722,21567,2685,2538,41943,43134,84633,82308,77781,76797,79345,84828,83199,86154,51879,64285,41602,57359,10136,20211,763746,673490,131400,111110,158342,138637,67291,288,289
2021-08-04T23:59:59+02:00,6594,6303,55218,56563,97640,95667,89880,89369,88294,94046,89471,92065,54581,67675,43345,59911,10718,21557,2613,2478,41456,42635,83389,81255,76428,75653,78854,84371,82879,85906,51738,64147,41544,57271,10120,20185,762438,668265,131293,109594,158328,138166,66608,288,289
2021-08-03T23:59:59+02:00,6528,6237,54960,56368,97404,95471,89701,89203,88150,93900,89325,91943,54503,67594,43308,59853,10710,21549,2558,2436,41015,42202,82142,80115,75002,74462,78244,83803,82330,85413,51523,63943,41443,57115,10107,20149,761049,662422,131188,107893,158304,137461,65937,287,289
2021-08-02T23:59:59+02:00,6466,6174,54720,56164,97141,95247,89476,89028,87979,93757,89183,91830,54420,67521,43275,59800,10707,21529,2507,2371,40530,41698,80811,79001,73446,73251,77612,83238,81788,84928,51352,63739,41368,56994,10090,20115,759608,656304,131038,106132,158281,136855,65262,286,286
2021-08-01T23:59:59+02:00,6399,6089,54449,55898,96872,94977,89239,88852,87774,93611,89018,91719,54351,67435,43238,59748,10700,21522,2428,2318,40009,41197,79516,77917,72030,72147,76714,82484,81201,84461,51161,63501,41280,56889,10079,20091,757992,650101,130842,104227,158255,136240,64575,283,280
2021-07-31T23:59:59+02:00,6363,6051,54326,55804,96750,94882,89136,88785,87683,93539,88973,91683,54339,67425,43232,59744,10700,21521,1903,1868,39047,40168,79065,77475,71493,71592,76330,82156,81086,84365,51142,63467,41264,56877,10079,20088,757506,645408,130672,103353,158252,136145,64279,283,280
2021-07-30T23:59:59+02:00,6308,6016,54148,55657,96590,94704,88977,88636,87551,93424,88890,91613,54302,67394,43219,59726,10698,21519,1436,1418,38032,39105,78355,76816,70732,70857,75816,81629,80684,84040,51065,63378,41230,56817,10073,20076,756600,639189,130356,102213,158247,135935,63943,282,279
2021-07-29T23:59:59+02:00,6257,5957,53910,55472,96329,94477,88763,88426,87379,93248,88749,91485,54243,67330,43196,59686,10689,21498,949,952,36780,37861,77295,75941,69680,69906,75007,80866,80146,83611,50932,63213,41163,56721,10056,20049,755346,631396,129874,100656,158230,135378,63419,281,279
2021-07-28T23:59:59+02:00,6220,5904,53706,55300,96120,94270,88611,88245,87266,93107,88636,91387,54184,67255,43162,59638,10679,21468,908,902,36165,37250,76122,74961,68398,68803,74243,80149,79654,83150,50789,63011,41095,56616,10040,20008,754157,625028,129429,99239,158213,134586,63134,281,277
2021-07-27T23:59:59+02:00,6170,5862,53470,55077,95858,94057,88427,88059,87108,92951,88512,91289,54129,67179,43121,59575,10665,21420,847,846,35503,36478,74657,73708,66944,67583,73375,79302,79108,82627,50614,62798,41016,56495,10015,19966,752730,617682,128998,97784,158190,133354,62786,281,276
2021-07-26T23:59:59+02:00,6113,5809,53249,54869,95614,93866,88228,87888,86943,92814,88383,91187,54068,67098,43092,59518,10658,21398,791,787,34731,35634,73134,72373,65570,66343,72328,78308,78513,82094,50441,62580,40937,56345,9993,19921,751374,609571,128574,96252,158171,132273,62452,280,275
2021-07-25T23:59:59+02:00,6075,5765,53041,54663,95358,93635,88052,87693,86785,92682,88274,91089,54016,67032,43064,59474,10648,21363,679,678,34026,34868,71783,71163,64459,65328,71327,77394,78036,81639,50321,62391,40872,56257,9987,19886,749955,602572,128299,94693,158149,131472,62082,280,275
2021-07-24T23:59:59+02:00,5988,5708,52765,54366,95048,93322,87806,87483,86609,92525,88174,91008,53987,66998,43052,59451,10648,21357,630,627,33514,34369,70913,70465,63792,64769,70448,76694,77832,81488,50266,62348,40850,56232,9987,19884,748076,598132,128245,93757,158148,131343,61601,280,275
2021-07-23T23:59:59+02:00,5935,5652,52491,54094,94644,93033,87502,87265,86427,92346,88032,90915,53951,66950,43044,59433,10645,21351,577,582,32981,33706,69846,69601,63007,64096,69541,75843,77430,81158,50190,62249,40818,56193,9980,19870,746007,592463,128171,92598,158142,131167,61165,280,275
2021-07-22T23:59:59+02:00,5865,5589,52072,53692,94162,92582,87115,86927,86117,92045,87820,90728,53866,66856,43015,59373,10637,21325,502,519,32264,32970,68530,68605,61959,63217,67922,74485,76774,80642,50038,62042,40726,56078,9959,19830,742941,585978,127938,89842,158116,130401,60567,279,274
2021-07-21T23:59:59+02:00,5812,5535,51699,53304,93726,92165,86805,86627,85862,91800,87646,90540,53781,66769,42956,59306,10626,21297,452,461,31642,32309,67194,67562,60867,62323,65880,72791,75866,79896,49748,61732,40565,55890,9935,19773,740122,579669,127699,85513,158085,129305,60125,279,274
2021-07-20T23:59:59+02:00,5753,5471,51309,52909,93262,91694,86436,86300,85593,91544,87422,90343,53689,66635,42907,59248,10619,21272,405,417,30975,31645,65726,66366,59736,61358,64701,71729,75249,79337,49542,61501,40459,55730,9911,19710,737141,572590,127477,83828,158030,128272,59533,279,274
2021-07-19T23:59:59+02:00,5676,5397,50836,52448,92790,91213,86065,85967,85344,91331,87216,90163,53596,66514,42871,59168,10601,21237,361,364,30426,31057,64560,65308,58819,60499,63547,70692,74647,78820,49368,61304,40369,55583,9883,19666,733860,566793,127248,82019,157994,127081,59106,279,274
2021-07-18T23:59:59+02:00,5607,5327,50009,51631,91713,90158,85333,85353,84862,90898,86923,89871,53489,66367,42808,59072,10591,21206,324,320,29878,30467,63368,64234,57894,59581,62370,69663,74096,78321,49220,61141,40310,55499,9871,19637,727380,560940,126918,79988,157977,126274,58719,278,273
2021-07-17T23:59:59+02:00,5433,5140,49656,51297,91570,90023,85138,85194,84703,90760,86815,89789,53469,66340,42797,59060,10590,21203,272,265,29488,30079,62723,63632,57333,59157,61616,68927,73787,78078,49109,61023,40271,55441,9861,19626,726201,557899,126740,79020,157973,125658,57838,278,273
2021-07-16T23:59:59+02:00,5332,5049,49331,51000,91305,89799,84890,84996,84504,90576,86677,89682,53427,66307,42779,59046,10587,21198,237,230,28984,29569,61780,62716,56486,58469,60561,67888,73286,77657,48947,60834,40224,55372,9856,19617,724817,552915,126567,77698,157966,124916,56911,277,273
2021-07-15T23:59:59+02:00,5196,4915,48850,50585,90903,89415,84531,84616,84201,90298,86453,89513,53344,66216,42725,58976,10577,21170,188,197,28253,28935,60460,61645,55350,57482,59146,66573,72548,77066,48714,60571,40135,55240,9840,19562,722326,547062,126148,75491,157931,123239,55842,276,271
2021-07-14T23:59:59+02:00,5090,4800,48493,50206,90599,89119,84239,84301,83952,90061,86253,89355,53255,66108,42667,58887,10560,21140,169,174,27716,28360,59361,60647,54381,56636,58268,65721,71938,76477,48445,60293,40029,55065,9817,19518,720149,541616,125789,74567,157887,121538,55024,275,270
2021-07-13T23:59:59+02:00,4978,4683,48083,49822,90202,88762,83931,83992,83682,89799,86045,89187,53144,66003,42612,58823,10554,21119,153,164,27045,27676,57988,59458,53186,55645,57277,64807,71211,75838,48167,59968,39900,54886,9785,19466,717766,535248,125416,73450,157831,119482,54171,275,269
2021-07-12T23:59:59+02:00,4807,4512,47525,49301,89806,88421,83534,83669,83432,89536,85855,89026,53063,65908,42565,58760,10542,21104,144,156,26408,27010,56484,58106,51899,54582,56054,63662,70464,75216,47790,59538,39725,54661,9743,19401,715025,527933,125047,72428,157770,117126,53288,274,268
2021-07-11T23:59:59+02:00,4413,4138,46574,48372,89375,87985,83119,83282,83121,89247,85659,88876,52973,65814,42539,58704,10531,21087,132,148,25802,26443,55105,56846,50601,53535,55014,62630,69869,74664,47441,59154,39600,54486,9718,19359,711043,521294,124574,71420,157730,115336,52230,270,267
2021-07-10T23:59:59+02:00,4400,4125,46242,48024,88921,87503,82788,82972,83014,89147,85594,88819,52952,65791,42530,58690,10530,21083,129,140,25312,25902,54013,55899,49739,52951,54412,62062,69653,74478,47073,58735,39500,54382,9713,19348,710371,516964,124106,71335,157554,114013,50862,269,267
2021-07-09T23:59:59+02:00,4380,4113,45818,47580,88299,86939,82411,82628,82765,88957,85478,88726,52916,65762,42523,58677,10526,21074,123,125,24607,25125,52685,54665,48795,52070,53632,61210,69230,74072,46714,58325,39412,54292,9706,19336,708941,510772,123518,70929,157390,112662,49494,266,267
2021-07-08T23:59:59+02:00,4350,4086,45265,47076,87435,86225,81875,82111,82510,88712,85284,88572,52848,65695,42491,58630,10515,21058,115,108,23610,24175,50740,53081,47410,50918,52492,60080,68537,73436,46193,57768,39275,54128,9678,19268,706800,503000,122623,69649,157101,110124,47973,265,266
2021-07-07T23:59:59+02:00,4327,4059,44683,46480,86589,85460,81315,81626,82224,88415,85075,88408,52769,65594,42448,58566,10507,21038,103,93,22711,23256,48786,51391,45892,49781,51248,58897,67832,72901,45455,57024,39079,53890,9644,19210,704260,494786,121622,68538,156845,107009,46596,262,264
2021-07-06T23:59:59+02:00,4294,4038,44134,45955,85720,84721,80698,81031,81854,88084,84898,88232,52680,65514,42410,58504,10498,21013,94,83,21869,22376,46778,49608,44502,48530,49965,57554,67088,72181,44623,56249,38894,53651,9626,19155,701589,485780,120602,67457,156546,104042,45283,260,264
2021-07-05T23:59:59+02:00,4272,4002,42970,44955,84201,83620,79971,80409,81395,87660,84619,87966,52565,65377,42359,58426,10484,20985,83,71,20675,21299,44814,48005,43482,47569,48936,56591,66389,71563,43860,55387,38720,53426,9601,19115,698239,479769,119545,66585,156181,100952,42016,257,264
2021-07-04T23:59:59+02:00,4244,3979,41604,43723,82559,82307,79244,79806,80923,87235,84345,87762,52473,65252,42316,58374,10471,20956,80,64,19320,20085,43021,46487,42781,46824,48121,55737,65809,70993,43115,54534,38557,53232,9581,19067,695100,475097,118390,65649,155758,98329,38070,257,263
2021-07-03T23:59:59+02:00,3777,3564,40019,42154,81687,81647,78756,79319,80478,86758,84128,87590,52406,65151,42297,58321,10468,20950,76,63,18511,19389,42100,45791,42363,46447,47715,55337,65644,70827,42525,53804,38494,53132,9574,19057,691311,473151,117081,65550,155674,96736,35149,257,263
2021-07-02T23:59:59+02:00,3219,2992,38460,40648,80950,80920,78085,78610,79958,86255,83886,87386,52355,65065,42269,58274,10456,20937,67,55,17738,18652,40942,44826,41627,45747,46880,54555,65121,70375,41571,52598,38364,52944,9558,19038,686240,468055,115678,65079,155524,94231,33031,254,262
2021-07-01T23:59:59+02:00,2570,2445,36735,38975,79966,80043,77245,77777,79254,85618,83571,87109,52230,64909,42206,58173,10438,20907,56,43,16845,17711,39394,43584,40411,44683,45574,53421,64374,69792,40679,51456,38214,52734,9541,19006,679873,461587,113950,63426,155304,91452,30792,254,261
2021-06-30T23:59:59+02:00,2528,2415,35717,37949,78122,78537,75545,76288,78608,85068,83285,86816,52101,64747,42146,58076,10426,20880,47,33,15802,16720,37714,42357,39210,43578,44417,52357,63618,69160,40131,50769,38095,52534,9519,18970,673991,455422,112209,62084,155094,89558,27708,254,259
2021-06-29T23:59:59+02:00,2491,2383,34879,37039,76516,77044,73931,74874,77808,84350,82739,86323,51918,64528,42070,57945,10409,20844,34,24,14965,15807,36397,41212,38298,42752,43195,51301,62899,68574,39418,49831,37959,52315,9497,18926,667603,450211,110333,60251,154825,87606,25078,254,258
2021-06-28T23:59:59+02:00,2450,2348,34050,36212,74898,75631,72248,73478,76786,83563,82135,85824,51743,64300,41993,57839,10396,20812,25,19,14213,15041,35341,40184,37475,42020,42066,50305,62244,68024,38540,48744,37792,52092,9477,18881,661102,445337,108372,58737,154229,85400,22751,254,258
2021-06-27T23:59:59+02:00,2435,2333,33310,35456,73332,74261,70839,72269,75389,82443,81457,85269,51546,64083,41928,57721,10386,20783,20,19,13572,14397,34378,39422,36817,41421,41127,49453,61703,67581,37674,47710,37640,51913,9462,18850,654878,441404,106439,57969,153276,83135,20395,253,256
2021-06-26T23:59:59+02:00,1797,1725,32264,34340,72969,73940,70373,71805,75097,82132,81364,85191,51526,64056,41913,57711,10385,20780,20,18,13377,14185,33708,38878,36170,40997,40604,49118,60711,66571,36677,46574,37471,51700,9448,18817,650061,435400,105501,57914,153272,81193,20283,252,254
2021-06-25T23:59:59+02:00,1177,1129,31134,33150,72465,73407,69760,71111,74669,81682,80984,84865,51464,63969,41880,57668,10380,20766,17,16,13036,13788,32854,38082,35301,40177,39647,48277,59497,65336,36162,45874,37279,51399,9425,18776,643686,426948,104307,57465,153267,80128,20149,252,253
2021-06-24T23:59:59+02:00,564,570,29785,31819,71676,72648,68886,70227,73994,81048,80534,84501,51356,63840,41828,57598,10369,20733,14,13,12363,13071,31672,36782,34077,38909,38509,47159,57859,63961,35682,45356,37122,51209,9406,18717,635820,417558,102821,55904,153155,78239,19930,251,250
2021-06-23T23:59:59+02:00,537,537,29275,31254,70560,71664,67615,69086,73244,80359,80083,84094,51244,63666,41770,57502,10353,20701,12,12,11863,12533,30675,35539,33139,37683,37484,46278,55912,62240,35129,44789,36954,50983,9386,18652,629561,407745,101240,54843,153052,76986,19441,251,248
2021-06-22T23:59:59+02:00,514,520,28750,30646,69385,70628,66408,68058,72565,79653,79669,83722,51137,63539,41723,57417,10344,20675,10,11,11510,12111,29758,34608,32183,36788,36523,45373,53933,60398,34742,44313,36816,50741,9357,18594,623195,399173,99773,53269,152918,75865,19217,251,245
2021-06-21T23:59:59+02:00,482,486,28077,29954,68067,69448,65220,66928,71808,78874,79273,83329,51029,63428,41665,57329,10330,20634,9,11,11214,11791,29132,34018,31631,36219,35914,44781,52086,58739,34031,43510,36520,50318,9328,18518,616350,391575,98272,52073,152796,75184,18694,250,244
2021-06-20T23:59:59+02:00,397,405,27441,29283,66836,68308,64203,65994,71002,78133,78923,82990,50952,63300,41616,57262,10325,20601,5,10,10923,11519,28580,33515,31173,35727,35401,44258,50237,56940,33487,42828,36323,49984,9298,18458,609951,384131,96812,51321,152696,74711,18263,250,240
2021-06-19T23:59:59+02:00,365,370,27051,28906,66103,67738,63676,65487,70203,77479,78771,82866,50931,63274,41600,57246,10324,20601,5,9,10787,11318,28326,33194,30917,35401,35176,43995,48788,55545,33227,42479,36238,49844,9290,18430,605980,378711,95870,51309,152696,74513,18196,250,240
2021-06-18T23:59:59+02:00,337,336,26585,28428,65084,66996,62937,64875,69279,76640,78381,82535,50868,63200,41573,57210,10321,20593,5,9,10567,11074,27926,32767,30586,34990,34783,43596,47044,53863,32872,41963,36101,49633,9270,18396,600537,371826,94626,51019,152690,74285,18076,250,239
2021-06-17T23:59:59+02:00,307,305,25936,27806,63811,65999,61937,64065,67689,75231,77857,82129,50767,63047,41510,57129,10308,20566,5,9,10143,10708,27132,32066,29843,34310,33944,42890,45527,52362,32421,41329,35937,49376,9239,18346,594417,364346,91968,49873,152528,73894,17238,249,236
2021-06-16T23:59:59+02:00,272,266,25397,27197,62506,64866,60824,63097,65423,73303,77013,81473,50554,62838,41418,57017,10289,20533,5,7,9816,10438,26479,31390,29139,33687,33212,42253,44930,51792,32148,40963,35791,49177,9218,18305,588112,360621,87453,49164,152117,72370,16359,246,236
2021-06-15T23:59:59+02:00,233,235,24742,26470,61095,63635,59744,62115,64267,72214,76505,81053,50430,62688,41368,56922,10282,20504,5,7,9543,10154,25874,30653,28502,32932,32532,41529,43370,50159,31696,40406,35619,48942,9188,18240,580917,353878,85824,48266,151663,71117,15854,245,236
2021-06-14T23:59:59+02:00,210,203,24258,25862,59987,62588,58868,61271,63190,71209,76029,80662,50342,62565,41318,56851,10267,20479,4,7,9246,9852,25123,29763,27741,32097,31743,40714,42080,48814,31324,39905,35483,48721,9158,18188,575025,347716,84109,47246,151458,69443,15323,245,235
2021-06-13T23:59:59+02:00,205,188,23844,25390,59045,61678,58096,60483,62083,70241,75562,80240,50252,62449,41267,56792,10256,20449,4,7,8958,9545,24411,28918,27032,31255,30985,39856,40517,47224,30856,39290,35282,48414,9128,18098,570004,340631,82254,46464,151233,67666,14786,244,233
2021-06-12T23:59:59+02:00,192,170,23580,25100,58482,61171,57737,60202,61439,69604,75361,80127,50227,62417,41255,56778,10253,20445,4,7,8837,9424,23934,28339,26509,30677,30454,39294,39417,46250,30687,39111,35187,48248,9124,18087,567032,336370,81299,46461,151226,65786,14740,244,233
2021-06-11T23:59:59+02:00,173,155,23204,24656,57729,60351,57061,59573,60530,68673,75014,79822,50152,62342,41229,56742,10251,20439,4,6,8691,9225,23417,27664,25977,30018,29866,38654,38338,45237,30421,38754,35044,48027,9111,18060,561974,331499,80009,46202,151213,63923,14658,243,232
2021-06-10T23:59:59+02:00,158,138,22660,24065,56583,59413,56133,58756,59267,67498,74473,79421,50080,62235,41205,56693,10236,20410,4,6,8424,8968,22542,26719,25015,29077,28744,37715,36947,44073,30063,38274,34764,47593,9044,17984,556373,324578,77797,45493,150973,61615,14039,243,231
2021-06-09T23:59:59+02:00,138,123,22023,23460,55322,58307,55054,57842,58315,66588,74012,79027,49992,62135,41153,56631,10222,20379,4,5,8123,8705,21609,25850,24085,28198,27710,36760,35226,42280,29672,37771,34578,47323,9002,17893,550552,317119,76334,44760,150622,59710,12975,241,230
2021-06-08T23:59:59+02:00,116,105,21340,22734,54011,57174,53935,56858,57356,65731,73466,78594,49902,62012,41098,56540,10204,20349,3,4,7855,8453,20717,24962,23030,27332,26670,35797,33861,40973,29314,37267,34257,46863,8951,17809,543841,310796,75397,43988,150182,57241,11865,240,228
2021-06-07T23:59:59+02:00,99,88,20681,22094,52567,55915,52676,55878,56201,64743,72912,78188,49816,61903,41052,56476,10191,20323,2,3,7595,8229,19877,24144,22009,26523,25634,34924,32925,40188,29030,36872,34008,46437,8900,17718,536525,306158,74493,43168,149773,54692,10772,240,228
2021-06-06T23:59:59+02:00,92,83,20167,21559,51418,54803,51564,54899,55236,63792,72401,77782,49727,61824,41016,56413,10183,20307,2,3,7380,8032,19094,23248,21109,25650,24563,33938,32007,39368,28741,36530,33754,46046,8849,17644,530180,301596,73467,42425,149436,51768,9944,239,225
2021-06-05T23:59:59+02:00,86,75,19890,21245,50632,54045,50911,54395,54763,63317,72271,77670,49717,61810,41011,56410,10180,20307,2,3,7148,7619,18451,22185,20385,24538,23690,32681,30970,38047,28406,36063,33629,45871,8842,17624,525806,295298,73461,42387,149365,48382,9864,239,223
2021-06-04T23:59:59+02:00,76,69,19435,20656,49563,53027,50090,53527,54105,62530,71930,77343,49689,61773,40991,56395,10178,20302,2,2,6921,7299,17820,21336,19697,23538,22749,31398,29745,36704,28117,35695,33515,45695,8830,17603,519307,288809,73132,42318,149349,45664,9653,238,222
2021-06-03T23:59:59+02:00,66,58,18749,19954,48039,51723,48868,52391,53126,61502,71427,76884,49621,61670,40953,56347,10165,20277,2,2,6628,6899,17082,20285,18896,22390,21742,29967,28577,35213,27575,34909,33309,45367,8793,17528,511499,282053,72117,41563,149076,42437,8892,236,219
2021-06-02T23:59:59+02:00,61,54,18364,19431,47015,50727,47982,51625,52373,60739,71176,76671,49582,61635,40935,56318,10157,20263,1,2,6438,6662,16442,19590,17970,21628,20892,29015,27481,33801,27110,34301,33147,45115,8764,17458,505185,275757,72098,41549,149057,39765,8535,233,211
2021-06-01T23:59:59+02:00,51,48,17676,18684,45150,48990,46327,50167,50853,59276,70496,76071,49489,61523,40877,56246,10145,20215,1,1,6157,6342,15287,18689,16458,20661,19672,27759,26253,32401,26550,33602,32896,44763,8718,17356,496060,269237,70729,40976,148510,36391,6757,228,205
2021-05-31T23:59:59+02:00,49,44,17191,18185,43844,47844,45111,49053,49613,58147,69812,75560,49405,61420,40832,56179,10133,20177,1,1,5879,6006,14245,17853,15049,19736,18491,26640,25019,31054,26028,32882,32701,44464,8684,17255,489802,262923,69564,40430,148043,33473,4963,227,199
2021-05-30T23:59:59+02:00,43,43,16856,17789,42876,46902,44202,48148,48603,57148,69260,75015,49299,61264,40760,56063,10117,20134,1,1,5685,5761,13696,17143,14419,19036,17583,25665,23916,29879,25256,31930,32401,44045,8639,17166,483847,256936,68533,39629,147634,31186,4282,226,189
2021-05-29T23:59:59+02:00,43,42,16721,17661,42511,46582,43858,47883,48362,56957,69202,74962,49293,61258,40753,56059,10117,20133,1,1,5521,5518,13186,16342,13773,18187,16740,24498,22798,28575,25095,31694,32336,43950,8636,17159,481863,251328,68410,39629,147627,28596,4272,225,185
2021-05-28T23:59:59+02:00,42,40,16419,17352,41802,45953,43346,47316,47852,56425,68924,74668,49227,61175,40727,56009,10114,20128,1,1,5275,5131,12650,15426,13091,17322,15875,23262,21696,27134,24843,31327,32241,43817,8626,17143,477555,245264,67903,39525,147603,25659,4233,225,180
2021-05-27T23:59:59+02:00,39,37,15886,16797,40648,44963,42328,46420,46864,55533,68345,74229,49104,61014,40673,55937,10103,20089,1,1,5030,4783,12005,14603,12305,16387,14801,22070,20433,25623,24337,30589,32069,43556,8592,17060,471647,237894,66389,38718,146885,23591,3867,221,175
2021-05-26T23:59:59+02:00,37,36,15472,16355,39548,44034,41289,45547,45834,54655,67738,73717,48951,60831,40589,55772,10080,20041,1,1,4836,4581,11450,13842,11587,15537,13789,20937,19031,24026,23751,29800,31851,43210,8538,16958,466471,230614,64368,37846,145898,21523,3569,220,174
2021-05-25T23:59:59+02:00,37,35,15068,15936,38541,43145,40321,44696,44880,53729,67117,73184,48767,60590,40510,55637,10055,19988,1,1,4615,4374,10908,13198,10820,14766,12715,19695,17598,22520,23163,29020,31614,42883,8481,16863,461121,223233,62788,36902,144788,19609,3320,219,171
2021-05-24T23:59:59+02:00,37,33,14717,15603,37703,42405,39453,44021,44019,52938,66583,72700,48643,60412,40447,55514,10035,19943,1,1,4466,4245,10463,12729,10183,14184,11825,18860,16306,21250,22485,28184,31396,42551,8422,16774,456488,216298,61548,35960,144045,18991,2907,218,169
2021-05-23T23:59:59+02:00,33,33,14550,15422,37237,42030,39000,43617,43568,52531,66311,72471,48558,60320,40408,55467,10028,19919,1,1,4277,4102,9995,12253,9561,13579,10878,18042,15105,20183,22011,27610,31142,42259,8371,16688,453279,209273,61166,35878,144023,17921,2818,217,168
2021-05-22T23:59:59+02:00,31,31,14353,15205,36543,41463,38313,43160,42992,52117,65292,71453,48351,60061,40336,55352,10018,19898,1,1,4165,3805,9779,11835,9407,13256,10636,17596,14833,19782,21917,27493,31108,42217,8364,16679,446795,208041,61162,35875,144008,16003,2787,217,168
2021-05-21T23:59:59+02:00,30,30,13964,14792,35472,40551,37252,42238,41922,51213,63935,70161,48121,59725,40256,55203,10001,19865,1,1,4052,3706,9571,11568,9192,12987,10299,17264,14415,19410,21696,27207,31046,42126,8355,16671,437177,206070,60801,35569,143770,14997,2768,215,163
2021-05-20T23:59:59+02:00,27,30,13150,14047,34032,39105,35832,40841,40515,50010,62638,69011,47826,59384,40109,55021,9980,19815,1,1,3894,3528,9044,10962,8539,12275,9596,16413,13660,18444,20875,26085,30851,41827,8316,16584,426931,201686,59097,34719,142748,11944,2384,213,162
2021-05-19T23:59:59+02:00,27,29,12606,13469,32854,37695,34733,39463,39382,49047,60629,67237,47344,58827,39922,54756,9937,19710,1,1,3788,3388,8764,10588,8242,11902,9155,15906,13022,17779,20007,24954,30623,41522,8259,16470,416060,197434,57582,33905,141633,10694,2181,211,157
2021-05-18T23:59:59+02:00,25,29,12177,13007,31813,36682,33652,38550,38341,48113,58562,65369,46990,58381,39766,54516,9905,19650,1,1,3584,3220,8267,9993,7773,11360,8604,15234,12339,17009,19064,23719,30385,41180,8221,16364,407368,193321,55628,33062,140442,7896,1882,208,157
2021-05-17T23:59:59+02:00,23,28,11921,12722,31292,36125,33158,37987,37747,47480,56664,63659,46284,57557,39487,54117,9868,19577,1,1,3496,3109,7999,9715,7474,11060,8202,14819,11765,16402,18139,22582,30149,40859,8186,16289,399771,188926,54497,32316,139631,7264,1591,206,150
2021-05-16T23:59:59+02:00,23,28,11701,12466,30763,35621,32695,37495,37224,46906,54762,61825,45735,56860,39293,53799,9840,19521,1,1,3397,3006,7709,9420,7150,10718,7731,14352,11181,15814,17209,21429,29939,40569,8148,16220,392789,184629,53527,31467,138961,6674,1076,204,148
2021-05-15T23:59:59+02:00,23,28,11540,12258,30484,35288,32457,37175,36996,46642,53192,60344,45484,56555,39216,53660,9834,19493,1,1,3374,2986,7681,9389,7135,10697,7712,14337,11160,15789,17095,21213,29727,40259,8140,16210,386969,183615,53523,31466,138915,6620,1059,203,146
2021-05-14T23:59:59+02:00,23,28,11287,11965,30006,34773,32076,36712,36474,46166,51305,58502,45122,56053,39076,53454,9817,19453,1,1,3344,2960,7609,9314,7071,10622,7648,14275,10976,15588,16355,20141,29441,39768,8123,16170,379112,180651,53192,31125,138779,6478,1007,202,146
2021-05-13T23:59:59+02:00,21,27,10993,11625,29355,34120,31470,36107,35792,45489,49825,56982,44688,55427,38905,53207,9790,19406,1,1,3264,2909,7477,9206,6979,10527,7542,14163,10640,15239,15294,18895,29056,39127,8080,16095,371941,176817,52175,30561,138027,6088,886,200,143
2021-05-12T23:59:59+02:00,20,25,10858,11477,29067,33795,31201,35812,35472,45171,49542,56668,44592,55318,38853,53130,9783,19368,1,0,3250,2882,7442,9170,6946,10491,7510,14121,10466,15080,14912,18458,28749,38640,8058,16049,369231,174724,52087,30550,137870,6043,765,199,143
2021-05-11T23:59:59+02:00,19,22,10492,11142,28206,32974,30375,35053,34608,44384,47799,54889,44134,54717,38679,52842,9745,19265,1,0,3157,2785,7197,8891,6714,10189,7293,13752,9986,14531,13919,17307,28330,38020,8019,15955,362265,171015,50377,29649,135969,4702,537,197,143
2021-05-10T23:59:59+02:00,18,22,10180,10852,27463,32272,29597,34359,33838,43613,46492,53613,43748,54209,38492,52539,9695,19151,1,0,3113,2738,7067,8766,6616,10069,7148,13572,9716,14227,13214,16437,27901,37405,7994,15874,356001,168171,49257,29265,134278,3859,424,193,139
2021-05-09T23:59:59+02:00,17,22,9935,10596,26773,31578,28937,33664,33113,42914,44952,52129,43247,53584,38294,52234,9658,19065,1,0,3065,2690,6939,8627,6511,9930,7032,13357,9403,13912,12414,15536,27533,36862,7974,15818,348871,165295,48185,28712,133131,3121,338,187,138
2021-05-08T23:59:59+02:00,17,22,9842,10523,26390,31276,28482,33344,32644,42606,43898,51299,43093,53420,38255,52174,9655,19059,1,0,3060,2685,6929,8620,6505,9921,7023,13344,9393,13899,12377,15473,26852,35909,7937,15742,344291,163414,48145,28684,133044,3102,332,187,138
2021-05-07T23:59:59+02:00,16,22,9694,10372,25913,30891,28024,32961,32136,42252,42852,50469,42822,53077,38145,52018,9643,19032,1,0,2991,2655,6865,8574,6447,9863,6971,13291,9219,13676,11743,14663,25902,34514,7890,15660,339122,159281,47837,28311,132885,2883,312,183,138
2021-05-06T23:59:59+02:00,14,21,9282,10075,24996,30119,26960,32157,30904,41422,41233,49253,42436,52526,37950,51775,9605,18958,1,0,2915,2606,6734,8429,6327,9733,6821,13102,8944,13369,11087,13794,24934,33129,7855,15598,331241,155461,46758,27351,131213,2133,295,179,138
2021-05-05T23:59:59+02:00,14,20,8900,9874,24112,29513,26103,31502,29818,40632,39250,47435,41988,51977,37741,51491,9548,18845,1,0,2870,2573,6612,8297,6227,9618,6718,12957,8698,13107,10370,12958,23916,31801,7826,15526,323372,151538,45905,26460,129094,1728,214,178,135
2021-05-04T23:59:59+02:00,14,19,8657,9629,23326,28866,25127,30763,28746,39790,37722,45966,41515,51390,37464,51145,9497,18722,1,0,2826,2549,6538,8225,6141,9547,6639,12868,8460,12883,9631,12091,22969,30552,7792,15463,316684,147759,44933,25654,126455,1518,110,176,134
2021-05-03T23:59:59+02:00,14,18,8442,9414,22627,28286,24294,30158,27838,39090,36760,45212,41166,50919,37248,50854,9445,18620,1,0,2777,2513,6464,8146,6061,9476,6549,12784,8232,12665,8870,11190,22049,29331,7761,15412,311802,143978,44157,24831,124204,1273,71,171,128
2021-05-02T23:59:59+02:00,14,18,8273,9249,21989,27708,23560,29564,27020,38469,35941,44573,40908,50590,37136,50667,9410,18563,1,0,2740,2489,6422,8105,6021,9440,6506,12742,8051,12491,8268,10448,21338,28461,7740,15393,306971,140777,43389,24555,123065,1140,62,165,122
2021-05-01T23:59:59+02:00,13,18,8116,9062,21613,27257,23080,28993,26377,37750,35113,43678,40641,50213,37037,50514,9404,18546,1,0,2734,2482,6396,8094,6004,9431,6488,12729,8035,12474,8231,10383,21300,28404,7736,15389,300852,140482,43387,24548,122960,1098,61,165,122
2021-04-30T23:59:59+02:00,13,17,7963,8878,21224,26833,22630,28422,25621,36961,34094,42705,40408,49890,36939,50360,9392,18523,1,0,2710,2468,6370,8076,5982,9411,6459,12707,8000,12441,8189,10314,21250,28321,7733,15379,294499,140166,43380,24471,122777,1001,54,163,119
2021-04-29T23:59:59+02:00,12,17,7678,8636,20626,26254,21960,27741,24687,35995,32817,41362,39363,48487,36622,49889,9334,18395,1,0,2674,2430,6278,7966,5893,9309,6364,12566,7794,12165,7561,9584,20840,27803,7709,15304,285726,138085,42596,23235,121342,751,54,157,116
2021-04-28T23:59:59+02:00,11,16,7393,8418,20105,25789,21321,27146,23805,35147,31415,39907,38196,46893,36278,49395,9272,18253,1,0,2600,2380,6161,7843,5782,9174,6258,12408,7568,11889,6862,8729,20422,27220,7669,15233,277036,135585,41819,21930,119698,522,53,154,109
2021-04-27T23:59:59+02:00,10,16,7202,8237,19679,25359,20697,26608,22946,34363,30193,38576,37100,45445,35896,48825,9202,18127,1,0,2573,2356,6060,7744,5729,9077,6190,12282,7353,11693,6257,7992,20021,26719,7649,15210,269182,133492,40951,20982,118144,275,53,151,104
2021-04-26T23:59:59+02:00,9,16,7018,8068,19258,24935,20149,26081,22135,33605,28977,37337,36039,44018,35588,48337,9151,17999,1,0,2559,2345,6014,7702,5684,9037,6152,12237,7165,11529,5643,7256,19646,26274,7626,15182,261463,131522,40126,20136,116937,243,49,145,102
2021-04-25T23:59:59+02:00,9,15,6909,7932,18922,24662,19769,25741,21522,32979,27983,36374,34899,42585,35269,47907,9109,17917,1,0,2544,2336,5996,7675,5665,9018,6132,12210,7126,11502,5515,7072,19309,25809,7610,15137,254227,130884,39409,19392,116676,231,48,143,102
2021-04-24T23:59:59+02:00,9,15,6741,7751,18480,24237,19215,25204,20736,32177,26893,35319,34648,42270,35176,47742,9099,17905,1,0,2540,2329,5984,7665,5654,9008,6127,12206,7115,11495,5440,6957,19213,25667,7607,15129,248248,130423,39404,19351,115774,214,48,143,101
2021-04-23T23:59:59+02:00,9,15,6510,7548,18033,23760,18643,24589,19906,31361,25726,34117,33866,41100,35032,47509,9085,17882,1,0,2534,2310,5957,7644,5615,8968,6081,12160,7068,11443,5276,6679,18673,25035,7507,14958,240641,128567,39074,19003,114786,192,47,143,100
2021-04-22T23:59:59+02:00,8,14,6293,7339,17424,23171,17848,23806,18854,30335,24398,32674,32823,39745,34787,47151,9045,17803,1,0,2518,2294,5909,7591,5564,8882,6002,12080,6991,11372,4989,6256,17956,24159,7386,14762,231574,126381,38146,18030,113611,157,47,140,97
2021-04-21T23:59:59+02:00,8,13,6092,7155,16895,22700,17188,23201,17863,29433,22843,31078,31814,38504,34489,46709,8996,17714,1,0,2494,2277,5865,7533,5504,8807,5935,11978,6896,11291,4827,5982,17255,23307,7270,14579,222662,124279,37371,17256,112476,125,47,139,94
2021-04-20T23:59:59+02:00,7,12,5904,6958,16330,22225,16436,22549,16862,28429,21366,29604,30661,37007,34171,46263,8942,17614,1,0,2480,2263,5816,7493,5460,8761,5888,11909,6818,11227,4709,5824,16651,22531,7143,14398,213608,122584,36482,16538,111066,117,46,138,87
2021-04-19T23:59:59+02:00,7,12,5717,6796,15800,21801,15758,21996,15862,27551,19970,28197,29272,35359,33852,45778,8882,17496,1,0,2469,2246,5792,7459,5423,8728,5849,11863,6737,11149,4580,5664,16004,21812,7035,14236,204866,120930,35701,15871,109361,114,46,132,86
2021-04-18T23:59:59+02:00,6,12,5528,6654,15367,21476,15136,21433,14886,26756,18633,27058,27880,33706,33516,45352,8820,17407,1,0,2419,2200,5661,7333,5307,8615,5742,11709,6630,11031,4460,5478,15414,21146,6919,14054,196292,119276,34868,14603,108290,110,46,130,84
2021-04-17T23:59:59+02:00,6,11,5491,6617,15212,21399,14961,21348,14650,26578,18379,26836,27374,33160,33391,45204,8811,17392,1,0,2392,2161,5561,7179,5202,8459,5642,11522,6542,10900,4407,5416,15168,20851,6909,14040,195066,117521,34863,14599,106715,102,46,130,84
2021-04-16T23:59:59+02:00,6,11,5426,6562,15030,21246,14749,21186,14362,26331,17961,26423,26328,31933,33255,44995,8791,17369,1,0,2348,2110,5445,6990,5060,8277,5492,11279,6340,10676,4204,5180,14518,20057,6812,13895,191703,114263,34576,14200,105509,94,46,130,81
2021-04-15T23:59:59+02:00,6,10,5353,6482,14814,21033,14480,20902,13927,25979,17318,25791,24958,30315,32996,44670,8756,17287,1,0,2275,2025,5249,6754,4864,7961,5285,10958,6126,10389,4002,4928,13684,18974,6697,13728,187112,110435,33765,13255,104025,85,46,129,79
2021-04-14T23:59:59+02:00,6,10,5273,6412,14608,20832,14226,20678,13542,25645,16650,25168,23372,28525,32683,44270,8701,17193,1,0,2081,1903,5029,6493,4678,7710,5058,10709,5892,10099,3867,4721,12950,18053,6568,13514,182497,107321,32894,11800,102230,80,46,127,79
2021-04-13T23:59:59+02:00,6,10,5217,6361,14400,20702,13982,20494,13197,25345,16076,24663,21655,26665,32365,43853,8671,17084,1,0,1993,1850,4860,6303,4491,7483,4858,10454,5681,9860,3723,4552,12429,17437,6441,13351,178233,104890,32013,10683,100328,69,46,126,79
2021-04-12T23:59:59+02:00,6,9,5155,6292,14181,20508,13677,20232,12807,24928,15493,24111,20042,24718,32074,43490,8629,17009,1,0,1865,1756,4677,6142,4340,7306,4695,10260,5544,9701,3603,4395,11995,16925,6329,13189,173843,103193,30958,9341,98391,67,46,123,76
2021-04-11T23:59:59+02:00,6,9,5084,6215,13959,20310,13378,20019,12388,24574,14925,23596,18531,22934,31813,43148,8584,16927,1,0,1826,1717,4555,6029,4228,7180,4572,10129,5408,9570,3487,4274,11501,16315,6196,12981,169534,101427,29998,8361,96705,65,44,119,72
2021-04-10T23:59:59+02:00,6,9,5079,6206,13939,20293,13368,20007,12370,24555,14899,23574,17838,22010,31522,42729,8566,16900,1,0,1821,1703,4540,6018,4212,7165,4559,10115,5355,9502,3382,4159,10945,15483,6065,12783,168449,99271,29970,8361,95291,63,41,119,72
2021-04-09T23:59:59+02:00,6,9,5065,6186,13897,20245,13318,19950,12319,24495,14634,23319,16314,20114,31116,42082,8532,16857,1,0,1794,1684,4517,6001,4185,7138,4515,10077,5318,9454,3295,4038,10076,14494,5916,12584,165799,96806,29628,8111,92877,61,39,115,70
2021-04-08T23:59:59+02:00,6,9,5019,6157,13796,20170,13237,19869,12215,24391,14291,22956,14537,17895,30495,41076,8469,16733,1,0,1769,1669,4487,5948,4134,7052,4450,9995,5242,9377,3187,3934,9597,13886,5710,12337,161940,94940,28595,7675,90642,60,32,112,68
2021-04-07T23:59:59+02:00,6,9,4984,6125,13683,20083,13138,19778,12105,24280,13902,22590,13006,16034,29846,40092,8415,16632,1,0,1749,1655,4433,5879,4046,6978,4360,9911,5153,9275,3096,3840,8835,12787,5470,11930,157437,92352,27713,6897,89419,52,30,109,67
2021-04-06T23:59:59+02:00,6,9,4953,6101,13583,20017,13055,19720,12027,24216,13524,22238,11368,14026,29185,39121,8383,16561,1,0,1685,1600,4302,5750,3936,6854,4241,9761,5047,9142,2980,3720,8127,11852,5195,11563,153418,89958,26833,5653,87708,50,28,106,67
2021-04-05T23:59:59+02:00,6,8,4914,6071,13509,19950,12985,19649,11970,24136,13248,21985,9752,12074,28458,38069,8348,16498,1,0,1615,1532,4148,5596,3768,6697,4089,9610,4892,9012,2849,3603,7310,10882,4925,11172,150199,87573,25820,3990,85486,47,24,101,67
2021-04-04T23:59:59+02:00,6,8,4896,6053,13499,19925,12975,19630,11963,24116,13148,21912,8726,10811,28007,37427,8323,16441,1,0,1612,1529,4140,5590,3767,6692,4084,9607,4890,9003,2844,3594,7071,10411,4842,11046,148454,86605,25815,3989,83476,41,22,99,66
2021-04-03T23:59:59+02:00,6,8,4893,6043,13481,19906,12963,19620,11953,24105,13134,21894,7817,9744,27126,36182,8273,16329,1,0,1608,1525,4138,5585,3766,6689,4076,9595,4876,8989,2837,3580,6929,10144,4803,10964,145975,85989,25807,3989,81576,40,21,98,66
2021-04-02T23:59:59+02:00,6,8,4888,6023,13445,19878,12924,19575,11907,24056,13059,21827,7304,8995,25536,34079,8128,16059,1,0,1597,1509,4112,5560,3741,6649,4040,9534,4755,8704,2708,3423,6554,9744,4655,10758,141513,84159,25464,3761,80604,40,19,97,65
2021-04-01T23:59:59+02:00,5,8,4838,5963,13350,19735,12808,19423,11760,23901,12459,21381,6740,8282,24027,32109,8001,15818,1,0,1533,1461,4000,5439,3675,6577,3972,9467,4676,8599,2611,3281,6037,9061,4477,10479,137312,81878,24325,3352,78858,36,18,95,62
2021-03-31T23:59:59+02:00,5,8,4786,5906,13226,19579,12673,19265,11571,23721,12197,21119,6416,7908,22542,30151,7848,15588,1,0,1520,1450,3975,5415,3642,6549,3935,9420,4636,8542,2545,3204,5547,8411,4298,10240,133362,80083,23228,3134,77809,36,15,95,62
2021-03-30T23:59:59+02:00,5,8,4720,5838,13089,19429,12561,19084,11442,23557,12029,20981,6225,7694,21151,28417,7702,15383,1,0,1503,1414,3934,5381,3577,6477,3844,9306,4504,8372,2406,3000,5123,7852,4155,9983,129991,77846,22300,2891,76921,24,10,93,61
2021-03-29T23:59:59+02:00,5,8,4679,5795,12968,19334,12492,19000,11361,23448,11877,20847,6065,7495,19721,26731,7575,15180,1,0,1445,1373,3879,5334,3502,6406,3724,9162,4349,8179,2282,2860,4557,7178,3998,9706,126383,75170,21432,2674,76666,23,9,91,59
2021-03-28T23:59:59+02:00,5,8,4632,5726,12846,19192,12408,18907,11258,23346,11767,20741,5913,7287,18537,25224,7455,14982,1,0,1412,1330,3780,5226,3308,6179,3635,9044,4296,8122,2229,2794,3799,6159,3812,9435,123366,72105,20637,2376,76134,16,9,88,55
2021-03-27T23:59:59+01:00,5,8,4599,5676,12737,19028,12292,18745,11141,23141,11658,20594,5845,7199,18247,24877,7444,14964,1,0,1405,1327,3775,5222,3305,6172,3350,8693,4097,7824,2223,2791,3786,6124,3775,9370,121525,70790,20597,2376,75982,12,9,87,53
2021-03-26T23:59:59+01:00,5,7,4560,5619,12623,18835,12156,18544,10989,22910,11495,20380,5678,6983,17637,24084,7345,14813,1,0,1403,1325,3770,5215,3281,6154,3330,8673,3882,7373,2044,2384,3523,5837,3623,9131,118414,68509,20256,2369,75901,10,8,84,53
2021-03-25T23:59:59+01:00,5,7,4484,5526,12426,18593,11955,18222,10779,22581,11254,20054,5462,6695,16605,22776,7217,14623,1,0,1394,1313,3751,5190,3247,6127,3278,8635,3833,7331,1970,2271,3086,5152,3461,8823,114442,66528,19180,2269,75552,7,8,82,51
2021-03-24T23:59:59+01:00,5,7,4401,5413,12205,18139,11736,17807,10554,22188,11021,19680,5192,6346,15562,21558,7075,14395,1,0,1371,1299,3726,5145,3211,6063,3224,8563,3781,7257,1915,2213,2777,4817,3308,8549,111325,65131,18086,2027,73783,7,8,82,47
2021-03-23T23:59:59+01:00,5,7,4344,5344,12037,17797,11533,17451,10362,21820,10792,19389,5051,6145,14918,20740,6936,14220,1,0,1354,1291,3709,5124,3189,6046,3198,8512,3739,7214,1877,2154,2545,4541,3096,8220,108936,63765,17353,1985,72512,5,8,82,47
2021-03-22T23:59:59+01:00,5,7,4292,5265,11837,17462,11346,17127,10139,21496,10577,19085,4900,5934,14299,20024,6804,14036,1,0,1341,1281,3678,5091,3157,6009,3171,8455,3702,7169,1832,2099,2348,4287,2898,7882,107064,62499,16632,1844,70850,4,8,81,46
2021-03-21T23:59:59+01:00,5,7,4219,5140,11553,17048,11063,16725,9869,21041,10319,18728,4786,5762,13602,19233,6660,13829,1,0,1332,1280,3661,5075,3136,5976,3148,8428,3683,7145,1811,2069,2179,4123,2726,7610,105174,61490,15331,1839,68996,4,7,81,43
2021-03-20T23:59:59+01:00,4,7,4190,5070,11411,16718,10940,16411,9728,20745,10144,18446,4657,5601,12973,18286,6519,13613,1,0,1331,1279,3660,5073,3133,5975,3145,8423,3677,7140,1807,2064,2147,4061,2700,7567,102976,61290,15326,1839,67073,4,7,81,43
2021-03-19T23:59:59+01:00,4,6,4144,4988,11243,16355,10755,16058,9551,20364,9924,18087,4498,5405,11945,17078,6357,13402,1,0,1323,1272,3643,5044,3103,5897,3100,8328,3571,6963,1680,1952,2071,3995,2590,7358,100266,60002,14916,1835,64897,4,7,78,43
2021-03-18T23:59:59+01:00,4,6,4056,4882,10995,15928,10492,15611,9269,19897,9699,17744,4352,5239,11318,16206,6126,13135,1,0,1319,1261,3626,5009,3083,5853,3079,8272,3544,6914,1659,1919,2035,3926,2463,7147,98457,59315,13908,1743,62512,4,7,75,41
2021-03-17T23:59:59+01:00,4,6,3877,4766,10697,15515,10234,15253,9026,19534,9445,17395,4231,5072,10501,14963,5862,12710,1,0,1318,1258,3612,4990,3075,5833,3069,8238,3527,6891,1655,1895,2011,3896,2351,6962,95796,58806,12362,1729,60853,4,5,75,38
2021-03-16T23:59:59+01:00,4,6,3732,4640,10361,15051,9965,14883,8749,19089,9147,17028,4090,4904,9680,13837,5581,12352,1,0,1305,1255,3608,4983,3065,5828,3063,8225,3518,6876,1628,1869,1972,3845,2230,6780,93463,58354,11168,1651,58391,4,4,73,38
2021-03-15T23:59:59+01:00,4,6,3585,4520,10046,14589,9673,14426,8450,18614,8857,16618,3943,4736,8962,12770,5353,12026,1,0,1295,1247,3587,4971,3053,5804,3041,8186,3498,6834,1611,1853,1953,3813,2113,6592,91486,57761,9804,1648,55817,4,3,68,36
2021-03-14T23:59:59+01:00,4,6,3513,4428,9789,14160,9422,14029,8130,18123,8575,16224,3780,4548,8154,11530,5042,11561,1,0,1281,1240,3566,4953,3032,5762,3019,8107,3470,6766,1584,1799,1892,3685,1945,6193,89154,57229,8781,1025,53016,4,1,66,36
2021-03-13T23:59:59+01:00,4,6,3431,4170,9474,13494,9172,13446,7901,17538,8363,15783,3668,4441,7959,11233,4990,11469,1,0,1281,1240,3566,4953,3031,5761,3018,8106,3467,6764,1581,1798,1890,3681,1944,6192,88477,57209,8780,1025,49218,4,1,66,35
2021-03-12T23:59:59+01:00,4,6,3365,4022,9225,12961,8934,12920,7667,16902,8002,15030,3503,4270,7570,10822,4850,11279,1,0,1277,1236,3561,4939,3028,5756,3011,8098,3463,6757,1554,1769,1868,3663,1845,6011,86678,56776,8530,1022,46059,4,1,64,34
2021-03-11T23:59:59+01:00,4,6,3206,3749,8843,12204,8629,12246,7333,16114,7653,14379,3341,4066,7007,10100,4654,10972,1,0,1258,1225,3529,4895,2983,5677,2976,7975,3411,6658,1508,1715,1784,3457,1641,5476,84208,56014,8074,121,42163,3,1,60,30
2021-03-10T23:59:59+01:00,4,6,3137,3641,8353,11699,7950,11768,7013,15620,7353,13784,3180,3903,6437,9403,4477,10695,1,0,1247,1211,3499,4838,2950,5600,2940,7837,3357,6536,1466,1672,1722,3359,1519,5189,82354,54816,7518,98,38493,0,1,57,28
2021-03-09T23:59:59+01:00,4,5,3029,3462,7678,11253,7071,11292,6595,15009,6988,13178,2944,3603,5924,8762,4319,10410,1,0,1242,1208,3476,4792,2923,5535,2923,7785,3338,6490,1452,1647,1686,3317,1407,4983,80034,54116,6148,63,35286,0,1,57,25
2021-03-08T23:59:59+01:00,4,5,2855,3223,7047,10711,6262,10812,6194,14488,6590,12608,2730,3392,5317,8024,4169,10138,1,0,1236,1201,3454,4728,2898,5458,2884,7690,3306,6415,1445,1638,1683,3307,1402,4980,77204,53639,4999,61,32310,0,1,55,25
2021-03-07T23:59:59+01:00,4,5,2742,3089,6718,10214,5854,10270,5898,14041,6345,12216,2630,3298,4555,6962,3953,9854,1,0,1232,1198,3450,4723,2893,5446,2880,7673,3298,6401,1439,1624,1660,3266,1385,4936,73945,53421,4166,58,30486,0,1,50,25
2021-03-06T23:59:59+01:00,4,5,2697,2946,6534,9767,5655,9854,5422,13181,5968,11478,2608,3270,4549,6951,3950,9851,1,0,1232,1197,3446,4717,2891,5445,2879,7672,3297,6398,1438,1621,1660,3264,1384,4936,72714,53395,4166,58,27760,0,1,49,24
2021-03-05T23:59:59+01:00,4,5,2598,2686,6321,9190,5440,9461,5244,12614,5588,10494,2379,2802,4168,6569,3812,9630,1,0,1218,1194,3430,4701,2886,5432,2869,7654,3285,6379,1424,1613,1659,3260,1379,4932,70373,53235,3930,58,24652,0,1,49,22
2021-03-04T23:59:59+01:00,4,5,2516,2476,6108,8760,5282,9121,5062,12189,5410,10117,2283,2632,3608,5743,3641,9284,1,0,1206,1178,3386,4603,2854,5364,2837,7557,3254,6304,1403,1604,1645,3246,1369,4921,68301,52657,3483,55,22408,0,1,48,19
2021-03-03T23:59:59+01:00,3,5,2457,2419,5936,8348,5112,8756,4846,11739,5221,9671,2200,2526,3200,5301,3480,8988,1,0,1185,1168,3351,4556,2816,5298,2795,7458,3205,6228,1383,1577,1625,3215,1363,4903,66864,52059,3238,51,20058,0,1,47,16
2021-03-02T23:59:59+01:00,3,5,2400,2325,5778,8016,4954,8502,4681,11339,5055,9351,2130,2436,2895,4941,3261,8662,1,0,1180,1157,3332,4534,2801,5271,2777,7409,3197,6200,1378,1567,1607,3195,1360,4898,65487,51798,2978,50,18223,0,0,46,16
2021-03-01T23:59:59+01:00,3,5,2373,2294,5671,7799,4854,8357,4595,11186,4953,9176,2073,2358,2595,4617,3070,8342,1,0,1174,1154,3317,4516,2789,5242,2760,7363,3181,6172,1372,1564,1600,3186,1357,4892,64209,51574,2754,50,17314,0,0,44,16
2021-02-28T23:59:59+01:00,2,5,2320,2248,5489,7537,4681,8136,4458,11000,4842,9045,2033,2293,2297,4314,2866,8026,1,0,1164,1148,3303,4506,2782,5235,2755,7349,3174,6158,1367,1561,1592,3166,1356,4859,63079,51411,2448,50,16021,0,0,44,15
2021-02-27T23:59:59+01:00,2,5,2230,1936,5316,7113,4582,7828,4375,10653,4768,8795,2005,2233,2266,4268,2844,7974,1,0,1160,1144,3301,4504,2777,5233,2751,7346,3169,6154,1366,1561,1591,3163,1355,4858,62838,51372,2448,47,13863,0,0,44,15
2021-02-26T23:59:59+01:00,2,5,2163,1857,5171,6879,4435,7569,4223,10387,4559,8509,1876,2125,2206,4228,2735,7791,1,0,1139,1131,3285,4470,2765,5193,2740,7294,3148,6100,1360,1550,1587,3155,1354,4856,61502,51067,2442,46,12732,0,0,44,15
2021-02-25T23:59:59+01:00,2,5,2030,1753,4847,6472,4007,7118,3938,9871,4325,8127,1817,2066,2175,4170,2618,7595,1,0,1120,1113,3245,4424,2734,5142,2694,7188,3108,6007,1348,1534,1570,3114,1340,4797,61019,50422,2335,44,9539,0,0,43,13
2021-02-24T23:59:59+01:00,2,5,1995,1687,4730,6258,3903,6906,3817,9629,4202,7968,1794,2033,2144,4127,2503,7395,1,0,1107,1108,3215,4361,2699,5077,2668,7103,3079,5936,1332,1517,1546,3064,1328,4728,60469,49825,2090,32,8496,0,0,43,12
2021-02-23T23:59:59+01:00,2,5,1765,1544,4360,5772,3621,6520,3595,9248,4044,7684,1763,2000,2099,4079,2389,7210,1,0,1088,1096,3179,4333,2671,5019,2643,7027,3043,5877,1312,1497,1519,3029,1318,4673,60000,49295,2043,18,5614,0,0,43,12
2021-02-22T23:59:59+01:00,2,5,1755,1525,4310,5713,3584,6458,3528,9152,3983,7589,1729,1973,2073,4028,2268,7012,1,0,1082,1082,3157,4289,2651,4980,2618,6968,3013,5825,1299,1482,1508,3018,1310,4664,59451,48925,1901,10,5293,0,0,42,12
2021-02-21T23:59:59+01:00,2,5,1743,1519,4280,5679,3540,6420,3488,9099,3939,7538,1717,1964,2068,4018,2144,6845,1,0,1074,1071,3136,4249,2621,4928,2603,6900,2984,5738,1286,1466,1484,2957,1281,4583,59094,48342,1895,8,4980,0,0,39,12
2021-02-20T23:59:59+01:00,2,5,1739,1518,4273,5676,3537,6418,3488,9097,3936,7537,1712,1962,2066,4014,2143,6845,1,0,1074,1071,3133,4247,2621,4928,2602,6899,2984,5738,1286,1465,1483,2957,1281,4583,59075,48333,1895,8,4960,0,0,38,12
2021-02-19T23:59:59+01:00,2,5,1710,1508,4259,5657,3526,6404,3477,9087,3927,7520,1685,1933,2045,3996,2043,6661,1,0,1073,1069,3131,4245,2620,4927,2602,6896,2981,5736,1286,1464,1483,2955,1281,4583,58650,48314,1889,8,4870,0,0,36,11
2021-02-18T23:59:59+01:00,2,5,1658,1475,4165,5545,3454,6300,3389,8922,3839,7377,1662,1898,2012,3924,1910,6460,1,0,1024,1027,2991,4027,2493,4659,2492,6558,2873,5471,1253,1421,1451,2868,1252,4428,57992,46271,1799,8,4172,0,0,34,10
2021-02-17T23:59:59+01:00,2,4,1635,1445,4068,5396,3370,6147,3271,8687,3713,7175,1607,1826,1934,3819,1784,6145,0,0,966,978,2842,3805,2377,4350,2367,6148,2744,5159,1202,1358,1403,2755,1202,4250,56749,43889,1789,7,3458,0,0,32,10
2021-02-16T23:59:59+01:00,2,4,1558,1378,3906,5206,3235,5966,3162,8454,3591,7012,1583,1800,1899,3790,1663,5934,0,0,879,947,2709,3650,2280,4140,2242,5827,2614,4907,1145,1264,1255,2450,935,3619,56052,40851,1773,4,2290,0,0,28,8
2021-02-15T23:59:59+01:00,2,4,1539,1359,3857,5121,3175,5880,3105,8340,3525,6907,1569,1784,1884,3767,1654,5911,0,0,843,924,2630,3521,2206,3961,2162,5549,2526,4697,1100,1199,1162,2271,864,3389,55580,38995,1769,2,2007,0,0,27,7
2021-02-14T23:59:59+01:00,2,4,1474,1329,3776,5047,3132,5775,3050,8187,3482,6798,1549,1752,1830,3636,1595,5652,0,0,834,918,2578,3453,2166,3893,2108,5429,2460,4591,1072,1160,1072,2094,788,3139,55338,37747,1139,2,1566,0,0,27,6
2021-02-13T23:59:59+01:00,2,4,1470,1328,3767,5041,3125,5774,3046,8185,3479,6796,1548,1748,1830,3634,1593,5652,0,0,834,918,2578,3453,2166,3892,2106,5428,2459,4591,1069,1159,1071,2094,788,3139,55315,37742,1138,0,1542,0,0,27,3
2021-02-12T23:59:59+01:00,2,3,1432,1309,3730,5008,3102,5754,3024,8152,3460,6752,1532,1738,1820,3617,1584,5631,0,0,826,911,2545,3400,2132,3847,2076,5375,2441,4560,1068,1157,1070,2092,787,3137,55089,37422,1135,0,1400,0,0,26,2
2021-02-11T23:59:59+01:00,2,3,1378,1261,3615,4838,3010,5579,2926,7844,3361,6540,1472,1678,1750,3433,1492,5285,0,0,786,846,2288,2954,1904,3372,1845,4630,2168,4029,978,1085,972,1893,728,2854,54448,33332,142,0,853,0,0,24,0
2021-02-10T23:59:59+01:00,2,3,1352,1238,3553,4734,2946,5474,2883,7694,3308,6407,1453,1660,1722,3395,1478,5246,0,0,703,786,1995,2545,1693,2928,1608,4021,1909,3570,866,939,801,1514,583,2330,53798,28791,140,0,589,0,0,21,0
2021-02-09T23:59:59+01:00,2,2,1340,1219,3498,4665,2917,5405,2862,7602,3271,6338,1445,1644,1694,3372,1468,5233,0,0,653,706,1732,2196,1501,2542,1423,3521,1737,3209,834,906,776,1436,561,2214,53487,25947,135,0,334,0,0,21,0
2021-02-08T23:59:59+01:00,2,2,1326,1215,3469,4635,2898,5367,2840,7551,3251,6309,1433,1637,1684,3346,1466,5214,0,0,638,669,1581,1960,1360,2285,1291,3213,1579,2946,794,885,728,1329,528,2039,53184,23825,110,0,331,0,0,20,0
2021-02-07T23:59:59+01:00,2,2,1193,1172,3365,4580,2844,5324,2813,7513,3226,6271,1423,1620,1675,3323,1459,5181,0,0,493,523,1313,1603,1120,1835,1079,2624,1350,2423,690,756,647,1168,482,1811,52887,19917,82,0,0,0,0,17,0
2021-02-06T23:59:59+01:00,2,2,1189,1170,3363,4578,2840,5322,2806,7510,3222,6268,1422,1618,1674,3319,1458,5180,0,0,370,372,1113,1355,984,1531,937,2216,1184,2007,602,657,619,1150,480,1808,52844,17385,82,0,0,0,0,17,0
2021-02-05T23:59:59+01:00,2,1,1177,1159,3348,4556,2833,5295,2796,7467,3204,6222,1416,1610,1671,3313,1457,5180,0,0,270,213,928,1039,838,1161,762,1768,1009,1597,486,552,592,1130,477,1804,52608,14626,82,0,0,0,0,17,0
2021-02-04T23:59:59+01:00,2,1,1161,1140,3302,4504,2793,5220,2754,7338,3156,6138,1401,1594,1657,3279,1447,5152,0,0,141,86,627,670,548,741,523,1161,668,999,305,371,486,982,432,1640,51965,10380,57,0,0,0,0,17,0
2021-02-03T23:59:59+01:00,2,1,1139,1134,3275,4462,2764,5179,2731,7290,3126,6082,1391,1583,1631,3239,1440,5099,0,0,120,70,497,518,416,598,418,914,512,752,252,291,381,767,334,1276,51500,8116,52,0,0,0,0,16,0
2021-02-02T23:59:59+01:00,2,1,1117,1120,3239,4431,2732,5126,2706,7216,3091,6019,1366,1555,1595,3184,1414,5003,0,0,111,61,414,419,345,519,368,824,459,670,232,268,335,694,306,1140,50851,7165,51,0,0,0,0,15,0
2021-02-01T23:59:59+01:00,2,1,1101,1109,3219,4379,2704,5065,2675,7090,3060,5924,1346,1525,1569,3146,1397,4938,0,0,83,46,314,314,253,392,276,617,328,505,193,219,263,554,238,893,50185,5488,51,0,0,0,0,14,0
2021-01-31T23:59:59+01:00,2,1,1093,1099,3204,4349,2679,5021,2659,7035,3047,5880,1334,1508,1546,3080,1369,4853,0,0,73,44,288,290,228,345,254,573,298,465,172,200,217,453,195,725,49694,4820,51,0,0,0,0,14,0
2021-01-30T23:59:59+01:00,2,1,1092,1099,3200,4344,2678,5020,2658,7034,3047,5879,1334,1507,1545,3080,1369,4853,0,0,72,40,279,276,215,330,249,562,294,459,171,197,216,453,195,725,49680,4733,48,0,0,0,0,14,0
2021-01-29T23:59:59+01:00,2,1,1091,1097,3198,4341,2678,5018,2658,7032,3044,5877,1334,1507,1545,3079,1369,4853,0,0,65,36,261,261,192,310,233,545,283,448,165,193,212,447,194,723,49662,4568,48,0,0,0,0,14,0
2021-01-28T23:59:59+01:00,2,1,1070,1078,3131,4239,2624,4909,2600,6876,2978,5746,1318,1485,1529,3011,1346,4727,0,0,55,19,165,156,128,187,164,360,208,284,132,150,166,284,117,433,48613,3008,45,0,0,0,0,12,0
2021-01-27T23:59:59+01:00,2,1,1024,1039,3048,4097,2543,4731,2505,6594,2894,5545,1286,1440,1488,2917,1309,4575,0,0,26,7,101,73,59,92,85,211,119,150,101,118,122,214,90,313,46991,1881,35,0,0,0,0,12,0
2021-01-26T23:59:59+01:00,1,1,947,1011,2930,3963,2464,4547,2423,6415,2824,5389,1259,1390,1398,2764,1085,4169,0,0,25,7,96,72,58,91,83,211,117,149,99,117,121,214,90,313,44947,1863,23,0,0,0,0,10,0
2021-01-25T23:59:59+01:00,1,1,929,994,2849,3835,2420,4400,2363,6220,2765,5239,1239,1368,1384,2737,1072,4133,0,0,25,7,94,71,56,89,83,211,117,147,99,116,121,214,90,313,43925,1853,15,0,0,0,0,9,0
2021-01-24T23:59:59+01:00,1,1,919,990,2828,3819,2409,4368,2337,6181,2731,5178,1226,1361,1375,2713,1058,4099,0,0,25,7,94,71,56,88,83,210,116,147,98,116,121,214,90,313,43575,1849,11,0,0,0,0,8,0
2021-01-23T23:59:59+01:00,1,1,919,990,2828,3818,2409,4367,2335,6180,2730,5178,1223,1360,1374,2713,1058,4099,0,0,25,6,94,71,56,88,83,210,116,147,98,116,121,214,90,311,43569,1846,9,0,0,0,0,5,0
2021-01-22T23:59:59+01:00,1,1,912,983,2797,3772,2375,4302,2303,6105,2709,5131,1221,1357,1373,2710,1057,4096,0,0,25,6,94,70,56,88,83,210,116,147,98,116,121,214,90,311,43194,1845,9,0,0,0,0,2,0
2021-01-21T23:59:59+01:00,1,1,896,915,2539,3361,2173,3885,2122,5494,2484,4647,1164,1311,1323,2590,1021,3938,0,0,21,6,83,64,52,72,70,170,96,134,88,100,101,154,74,235,39855,1520,9,0,0,0,0,1,0
2021-01-20T23:59:59+01:00,1,1,815,850,2229,2954,1967,3424,1891,4886,2229,4172,1050,1171,1151,2235,886,3414,0,0,21,6,83,64,52,71,69,170,95,134,88,100,101,154,72,235,35317,1515,9,0,0,0,0,0,0
2021-01-19T23:59:59+01:00,1,1,752,771,1935,2507,1728,2967,1657,4226,1985,3698,976,1074,1023,1946,778,3032,0,0,10,3,50,46,33,44,35,100,44,77,40,37,50,83,44,152,31050,848,7,0,0,0,0,0,0
2021-01-18T23:59:59+01:00,1,1,677,711,1705,2110,1489,2495,1411,3542,1733,3194,890,988,917,1730,722,2749,0,0,5,2,19,11,13,21,17,54,17,33,20,22,26,56,31,82,27061,429,4,0,0,0,0,0,0
2021-01-17T23:59:59+01:00,0,1,499,550,1388,1708,1211,1963,1157,2810,1451,2571,749,831,763,1438,598,2354,0,0,0,1,4,2,0,0,0,0,0,0,1,0,0,0,0,0,22039,8,3,0,0,0,0,0,0
2021-01-16T23:59:59+01:00,0,0,379,400,1206,1465,1091,1677,1017,2413,1293,2164,662,734,735,1421,596,2353,0,0,0,0,0,0,0,0,0,0,0,0,0,0,0,0,0,0,19604,0,2,0,0,0,0,0,0
2021-01-15T23:59:59+01:00,0,0,276,239,1021,1167,942,1332,849,1968,1116,1762,543,623,696,1386,583,2312,0,0,0,0,0,0,0,0,0,0,0,0,0,0,0,0,0,0,16814,0,1,0,0,0,0,0,0
2021-01-14T23:59:59+01:00,0,0,159,106,707,784,650,864,614,1311,752,1141,353,434,571,1199,523,2061,0,0,0,0,0,0,0,0,0,0,0,0,0,0,0,0,0,0,12229,0,0,0,0,0,0,0,0
2021-01-13T23:59:59+01:00,0,0,133,86,597,617,526,698,497,1053,595,875,297,358,482,1014,450,1756,0,0,0,0,0,0,0,0,0,0,0,0,0,0,0,0,0,0,10034,0,0,0,0,0,0,0,0
2021-01-12T23:59:59+01:00,0,0,123,70,512,526,450,597,431,921,524,769,262,309,394,817,376,1371,0,0,0,0,0,0,0,0,0,0,0,0,0,0,0,0,0,0,8452,0,0,0,0,0,0,0,0
2021-01-11T23:59:59+01:00,0,0,94,57,416,432,365,485,345,745,419,596,228,258,327,684,307,1158,0,0,0,0,0,0,0,0,0,0,0,0,0,0,0,0,0,0,6916,0,0,0,0,0,0,0,0
2021-01-10T23:59:59+01:00,0,0,79,49,352,359,298,402,292,648,349,528,199,227,262,544,245,903,0,0,0,0,0,0,0,0,0,0,0,0,0,0,0,0,0,0,5736,0,0,0,0,0,0,0,0
2021-01-09T23:59:59+01:00,0,0,78,47,336,338,274,381,284,632,341,521,198,226,261,542,245,903,0,0,0,0,0,0,0,0,0,0,0,0,0,0,0,0,0,0,5607,0,0,0,0,0,0,0,0
2021-01-08T23:59:59+01:00,0,0,72,39,301,303,229,340,255,589,314,480,180,206,236,482,224,799,0,0,0,0,0,0,0,0,0,0,0,0,0,0,0,0,0,0,5049,0,0,0,0,0,0,0,0
2021-01-07T23:59:59+01:00,0,0,58,25,211,200,160,241,196,424,244,343,150,167,181,317,150,513,0,0,0,0,0,0,0,0,0,0,0,0,0,0,0,0,0,0,3580,0,0,0,0,0,0,0,0
2021-01-06T23:59:59+01:00,0,0,46,15,164,121,113,160,145,297,179,244,118,135,139,250,107,367,0,0,0,0,0,0,0,0,0,0,0,0,0,0,0,0,0,0,2600,0,0,0,0,0,0,0,0
2021-01-05T23:59:59+01:00,0,0,28,8,98,74,59,93,88,214,118,152,108,125,130,231,106,341,0,0,0,0,0,0,0,0,0,0,0,0,0,0,0,0,0,0,1973,0,0,0,0,0,0,0,0
2021-01-04T23:59:59+01:00,0,0,26,8,97,72,56,90,88,214,118,150,108,123,129,231,106,341,0,0,0,0,0,0,0,0,0,0,0,0,0,0,0,0,0,0,1957,0,0,0,0,0,0,0,0
2021-01-03T23:59:59+01:00,0,0,26,8,97,71,56,89,88,213,117,150,107,123,129,231,106,341,0,0,0,0,0,0,0,0,0,0,0,0,0,0,0,0,0,0,1952,0,0,0,0,0,0,0,0
2021-01-02T23:59:59+01:00,0,0,26,7,97,71,56,89,87,213,116,150,107,123,129,231,106,340,0,0,0,0,0,0,0,0,0,0,0,0,0,0,0,0,0,0,1948,0,0,0,0,0,0,0,0
2021-01-01T23:59:59+01:00,0,0,26,7,97,71,56,89,87,213,115,149,107,123,129,231,106,340,0,0,0,0,0,0,0,0,0,0,0,0,0,0,0,0,0,0,1946,0,0,0,0,0,0,0,0
2020-12-31T23:59:59+01:00,0,0,26,7,97,71,56,89,87,213,114,149,107,123,129,231,106,340,0,0,0,0,0,0,0,0,0,0,0,0,0,0,0,0,0,0,1945,0,0,0,0,0,0,0,0
2020-12-30T23:59:59+01:00,0,0,26,7,97,71,55,89,86,213,114,149,107,123,129,231,105,340,0,0,0,0,0,0,0,0,0,0,0,0,0,0,0,0,0,0,1942,0,0,0,0,0,0,0,0
2020-12-29T23:59:59+01:00,0,0,14,2,65,54,33,60,50,138,64,91,53,54,74,142,65,232,0,0,0,0,0,0,0,0,0,0,0,0,0,0,0,0,0,0,1191,0,0,0,0,0,0,0,0
2020-12-28T23:59:59+01:00,0,0,5,2,36,26,20,30,21,67,25,41,23,22,27,51,34,82,0,0,0,0,0,0,0,0,0,0,0,0,0,0,0,0,0,0,512,0,0,0,0,0,0,0,0
2020-12-27T23:59:59+01:00,0,0,1,0,8,6,8,2,1,5,0,2,1,1,2,2,4,6,0,0,0,0,0,0,0,0,0,0,0,0,0,0,0,0,0,0,49,0,0,0,0,0,0,0,0
