Datum,<24_1_m,<24_1_w,25-34_1_m,25-34_1_w,35-44_1_m,35-44_1_w,45-54_1_m,45-54_1_w,55-64_1_m,55-64_1_w,65-74_1_m,65-74_1_w,75-84_1_m,75-84_1_w,>84_1_m,>84_1_w,<24_2_m,<24_2_w,25-34_2_m,25-34_2_w,35-44_2_m,35-44_2_w,45-54_2_m,45-54_2_w,55-64_2_m,55-64_2_w,65-74_2_m,65-74_2_w,75-84_2_m,75-84_2_w,>84_2_m,>84_2_w,bp_1,bp_2,mo_1,mo_2,az_1,az_2,ja
2021-06-07T23:59:59+02:00,23771,25751,52710,55400,51072,55074,56796,65530,70958,76578,47453,59745,38381,53403,8380,17411,8608,9790,19963,23787,21303,26379,25840,35184,32031,38950,28454,36502,31785,43773,7310,15080,528040,299205,73260,42500,147177,53098,9936
2021-06-06T23:59:59+02:00,23176,25149,51603,54348,50019,54130,55856,64592,70570,76285,47379,59684,38348,53355,8375,17400,8363,9534,19157,22908,20412,25528,24798,34249,31248,38238,28207,36208,31551,43421,7277,15039,521933,294905,72270,41777,146840,50230,9226
2021-06-05T23:59:59+02:00,22855,24798,50832,53639,49423,53656,55396,64146,70480,76213,47376,59676,38344,53353,8374,17400,8106,9137,18540,21927,19754,24551,23954,33140,30316,37074,27942,35819,31453,43266,7271,15026,517712,288678,72265,41740,146817,47691,9167
2021-06-04T23:59:59+02:00,22342,24168,49840,52705,48684,52834,54757,63403,70236,75987,47353,59648,38331,53342,8372,17394,7839,8768,17927,21089,19097,23571,23024,31889,29221,35861,27689,35490,31353,43124,7259,15009,511645,282552,71948,41670,146805,44990,8998
2021-06-03T23:59:59+02:00,21594,23402,48442,51462,47577,51769,53810,62393,69864,75647,47295,59558,38297,53301,8362,17373,7505,8287,17200,20065,18320,22442,22004,30456,28137,34478,27203,34761,31168,42837,7230,14945,504163,276009,71128,40932,146547,41789,8308
2021-06-02T23:59:59+02:00,21152,22834,47473,50560,46817,51081,53070,61688,69690,75493,47269,59528,38278,53275,8356,17361,7309,8001,16489,19401,17479,21706,21176,29428,27113,33200,26781,34206,31022,42608,7209,14885,498224,269945,71116,40916,146542,39109,8043
2021-06-01T23:59:59+02:00,20358,21988,45625,48859,45258,49729,51566,60252,69200,75086,47195,59432,38225,53210,8344,17319,6975,7639,15265,18511,16044,20744,19988,28203,26002,31879,26274,33580,30815,42299,7170,14793,489350,263703,69922,40368,146029,35765,6345
2021-05-31T23:59:59+02:00,19789,21399,44302,47709,44075,48663,50320,59108,68662,74714,47130,59334,38181,53144,8334,17294,6641,7263,14138,17693,14722,19849,18817,27044,24871,30621,25806,32944,30650,42022,7140,14705,483140,257538,68783,39836,145577,32894,4658
2021-05-30T23:59:59+02:00,19411,20950,43308,46761,43189,47783,49311,58106,68209,74261,47026,59185,38120,53037,8319,17257,6418,6974,13582,17000,14109,19165,17902,26039,23804,29483,25122,32067,30383,41644,7103,14628,477234,251699,67758,39042,145165,30606,4076
2021-05-29T23:59:59+02:00,19268,20809,42931,46430,42862,47538,49078,57904,68156,74214,47020,59176,38114,53035,8319,17257,6224,6656,13057,16208,13471,18296,17010,24839,22804,28302,24974,31859,30334,41568,7100,14621,475241,246180,67659,39042,145136,28026,4075
2021-05-28T23:59:59+02:00,18911,20458,42246,45807,42366,46996,48562,57344,67914,73964,46963,59092,38087,52991,8316,17252,5946,6187,12494,15324,12809,17418,16107,23586,21820,26992,24748,31530,30255,41455,7090,14605,470993,240269,67163,38937,145070,25117,4043
2021-05-27T23:59:59+02:00,18300,19855,41104,44840,41384,46129,47579,56467,67404,73584,46856,58953,38038,52923,8305,17213,5677,5792,11834,14479,12023,16491,15040,22359,20620,25555,24298,30870,30103,41218,7057,14531,465235,233022,65660,38137,144352,23101,3687
2021-05-26T23:59:59+02:00,17815,19380,40001,43925,40394,45270,46534,55583,66882,73133,46715,58786,37967,52773,8288,17167,5446,5564,11260,13686,11289,15627,14008,21192,19289,24032,23765,30142,29912,40913,7009,14437,460147,225798,63675,37295,143394,21081,3397
2021-05-25T23:59:59+02:00,17356,18906,39007,43051,39456,44441,45548,54640,66372,72667,46557,58569,37889,52647,8265,17121,5208,5318,10693,13026,10542,14820,12898,19944,17939,22592,23231,29415,29700,40632,6960,14363,454870,218518,62120,36368,142325,19218,3177
2021-05-24T23:59:59+02:00,16953,18537,38174,42329,38597,43751,44675,53853,65919,72254,46443,58398,37828,52527,8248,17085,5031,5156,10228,12544,9903,14244,11968,19068,16673,21376,22644,28629,29505,40342,6912,14286,450281,211682,60910,35437,141606,18616,2774
2021-05-23T23:59:59+02:00,16761,18336,37689,41957,38157,43366,44231,53454,65667,72051,46380,58310,37792,52486,8242,17063,4812,4987,9766,12058,9263,13639,10965,18229,15590,20371,22183,28087,29290,40090,6875,14210,447125,204798,60548,35359,141579,17568,2690
2021-05-22T23:59:59+02:00,16523,18071,36991,41421,37516,42917,43666,53054,64686,71076,46193,58068,37735,52388,8233,17044,4671,4641,9574,11673,9102,13318,10711,17760,15354,20003,22093,27982,29261,40056,6870,14204,440820,203594,60545,35359,141560,15663,2657
2021-05-21T23:59:59+02:00,16077,17603,35913,40513,36492,42031,42601,52144,63410,69855,45993,57760,37660,52257,8220,17012,4546,4522,9373,11409,8900,13072,10354,17413,14977,19649,21900,27720,29204,39973,6860,14198,431392,201687,60202,35059,141303,14680,2644
2021-05-20T23:59:59+02:00,15182,16795,34456,39020,35120,40727,41198,50918,62252,68786,45724,57454,37530,52088,8202,16968,4360,4293,8834,10821,8268,12353,9628,16549,14213,18656,21173,26715,29032,39702,6827,14125,421342,197368,58540,34229,140267,11681,2271
2021-05-19T23:59:59+02:00,14546,16141,33291,37525,34034,39471,40080,49949,60310,67063,45321,56953,37359,51848,8163,16872,4239,4131,8559,10457,7982,11964,9170,16040,13542,17947,20381,25678,28822,39425,6776,14023,410617,193177,57061,33427,139175,10459,2073
2021-05-18T23:59:59+02:00,14028,15620,32251,36516,32987,38565,39052,49004,58322,65280,45010,56541,37217,51624,8137,16821,4002,3914,8083,9868,7514,11417,8612,15348,12838,17145,19505,24553,28618,39120,6744,13922,402056,189141,55136,32586,138005,7698,1778
2021-05-17T23:59:59+02:00,13710,15299,31755,35979,32530,38020,38454,48358,56409,63554,44374,55779,36974,51271,8110,16761,3893,3769,7832,9596,7219,11121,8195,14929,12252,16502,18658,23505,28417,38837,6713,13853,394541,184865,54060,31841,137241,7090,1495
2021-05-16T23:59:59+02:00,13453,15005,31241,35482,32077,37534,37912,47781,54525,61693,43887,55147,36801,50987,8086,16718,3764,3645,7556,9304,6889,10791,7701,14443,11679,15879,17786,22446,28229,38584,6686,13795,387644,180666,53099,31007,136596,6514,990
2021-05-15T23:59:59+02:00,13270,14767,30986,35165,31828,37209,37685,47535,52941,60183,43673,54879,36731,50863,8083,16691,3743,3627,7535,9281,6875,10774,7686,14431,11665,15859,17638,22196,28055,38318,6680,13788,381866,179694,53099,31007,136549,6475,975
2021-05-14T23:59:59+02:00,12980,14435,30526,34679,31470,36755,37167,47054,51093,58350,43344,54426,36610,50679,8069,16658,3710,3603,7470,9217,6824,10711,7628,14366,11431,15596,16942,21145,27805,37900,6667,13757,374171,176841,52781,30670,136419,6337,924
2021-05-13T23:59:59+02:00,12646,14060,29891,34045,30888,36150,36464,46391,49655,56817,42964,53875,36452,50453,8050,16628,3630,3548,7357,9123,6742,10618,7525,14259,11034,15139,15924,19968,27474,37335,6630,13690,367136,173093,51789,30115,135681,5965,823
2021-05-12T23:59:59+02:00,12496,13889,29613,33740,30627,35867,36166,46074,49398,56533,42865,53772,36401,50375,8044,16591,3609,3521,7330,9089,6717,10586,7503,14226,10839,14964,15548,19499,27209,36932,6613,13646,364513,171107,51711,30104,135527,5920,700
2021-05-11T23:59:59+02:00,12072,13482,28786,32946,29802,35129,35299,45280,47699,54791,42472,53239,36241,50099,8014,16506,3502,3394,7086,8818,6515,10288,7285,13850,10288,14352,14605,18364,26856,36417,6589,13564,357698,167480,50017,29224,133665,4592,477
2021-05-10T23:59:59+02:00,11706,13161,28053,32231,29019,34435,34517,44517,46447,53540,42111,52774,36067,49810,7969,16409,3457,3337,6956,8690,6421,10177,7149,13653,9975,13996,13914,17518,26492,35881,6567,13499,351477,164699,48903,28855,132017,3759,369
2021-05-09T23:59:59+02:00,11424,12863,27371,31548,28372,33763,33773,43820,44967,52072,41673,52230,35885,49529,7940,16333,3400,3279,6831,8547,6322,10034,7043,13447,9564,13607,13182,16637,26175,35421,6551,13453,344534,161880,47828,28304,130918,3026,283
2021-05-08T23:59:59+02:00,11314,12779,26965,31243,27937,33454,33327,43521,43953,51247,41545,52091,35846,49473,7938,16328,3395,3276,6826,8545,6314,10027,7037,13435,9554,13592,13048,16453,25595,34597,6521,13390,340061,160033,47788,28278,130832,3014,280
2021-05-07T23:59:59+02:00,11142,12601,26501,30878,27507,33100,32830,43172,42940,50444,41311,51784,35748,49321,7928,16307,3339,3245,6779,8507,6266,9980,6982,13380,9328,13290,12356,15543,24784,33421,6482,13325,335090,156004,47484,27917,130678,2824,262
2021-05-06T23:59:59+02:00,10687,12251,25543,30109,26469,32318,31602,42339,41415,49274,40965,51271,35574,49097,7893,16243,3270,3186,6649,8366,6156,9850,6823,13196,9022,12924,11617,14552,23981,32277,6456,13269,327311,152271,46419,26977,129068,2094,252
2021-05-05T23:59:59+02:00,10259,12011,24665,29516,25599,31643,30486,41547,39516,47475,40565,50752,35376,48832,7845,16142,3223,3145,6535,8240,6060,9739,6721,13052,8743,12598,10800,13594,23141,31173,6431,13213,319490,148439,45569,26100,127002,1701,168
2021-05-04T23:59:59+02:00,9965,11734,23850,28869,24630,30911,29402,40686,38052,46029,40131,50207,35128,48511,7803,16039,3184,3119,6464,8166,5980,9672,6649,12982,8444,12302,9989,12644,22354,30115,6407,13162,312884,144772,44610,25298,124391,1501,62
2021-05-03T23:59:59+02:00,9719,11471,23109,28281,23812,30317,28466,39956,37173,45317,39796,49775,34933,48231,7762,15946,3134,3084,6393,8088,5906,9610,6556,12896,8164,12023,9153,11607,21604,29120,6386,13124,308045,141079,43837,24488,122159,1258,23
2021-05-02T23:59:59+02:00,9519,11248,22445,27720,23076,29732,27631,39321,36438,44727,39555,49454,34829,48058,7731,15894,3095,3062,6354,8045,5876,9578,6519,12859,7925,11774,8466,10820,21052,28396,6367,13109,303245,137936,43074,24216,121041,1127,18
2021-05-01T23:59:59+02:00,9333,11038,22058,27247,22592,29155,26967,38588,35648,43857,39324,49121,34745,47917,7727,15882,3088,3056,6331,8037,5863,9570,6500,12844,7911,11761,8425,10743,21019,28354,6363,13106,297182,137654,43073,24211,120926,1088,18
2021-04-30T23:59:59+02:00,9147,10820,21670,26814,22132,28598,26185,37804,34724,42940,39107,48819,34661,47787,7715,15862,3069,3040,6310,8022,5842,9554,6474,12821,7881,11728,8385,10665,20974,28286,6361,13100,290959,137358,43067,24142,120745,998,14
2021-04-29T23:59:59+02:00,8829,10539,21082,26236,21452,27901,25214,36824,33467,41571,38129,47509,34381,47355,7666,15749,3031,2999,6215,7912,5765,9450,6372,12673,7644,11411,7763,9957,20623,27820,6342,13037,282276,135316,42285,22931,119330,754,13
2021-04-28T23:59:59+02:00,8519,10291,20555,25753,20802,27303,24290,35909,32079,40064,37042,46033,34073,46902,7613,15629,2958,2946,6106,7793,5664,9329,6274,12513,7375,11091,7087,9115,20263,27313,6304,12973,273619,132916,41515,21642,117710,533,13
2021-04-27T23:59:59+02:00,8306,10082,20115,25329,20181,26765,23437,35123,30891,38690,36028,44705,33743,46389,7557,15521,2931,2915,6003,7692,5613,9239,6201,12386,7129,10845,6484,8388,19913,26876,6289,12956,265995,130842,40651,20715,116203,290,13
2021-04-26T23:59:59+02:00,8089,9882,19697,24913,19634,26232,22604,34345,29690,37421,35042,43392,33476,45946,7516,15405,2914,2903,5967,7651,5571,9201,6163,12345,6894,10607,5886,7676,19582,26490,6269,12933,258428,128908,39831,19873,115013,259,12
2021-04-25T23:59:59+02:00,7957,9726,19355,24650,19257,25892,21962,33707,28677,36392,34001,42073,33190,45558,7482,15334,2901,2893,5950,7630,5551,9183,6142,12320,6856,10572,5728,7459,19288,26072,6253,12891,251331,128292,39117,19135,114753,250,12
2021-04-24T23:59:59+02:00,7753,9509,18910,24216,18701,25357,21129,32858,27685,35417,33773,41778,33111,45421,7472,15323,2897,2887,5936,7622,5544,9175,6137,12316,6842,10553,5648,7339,19208,25958,6250,12883,245431,127852,39116,19100,113854,231,12
2021-04-23T23:59:59+02:00,7498,9282,18449,23738,18136,24738,20264,32002,26564,34219,33073,40702,32984,45219,7460,15302,2889,2868,5906,7599,5508,9131,6094,12278,6793,10495,5450,7035,18687,25339,6175,12750,237931,126019,38791,18756,112896,210,12
2021-04-22T23:59:59+02:00,7234,9041,17821,23114,17338,23950,19180,30948,25259,32761,32123,39463,32761,44897,7424,15232,2872,2850,5862,7546,5461,9048,6027,12201,6709,10414,5110,6571,18020,24506,6087,12596,228938,123890,37870,17800,111726,178,12
2021-04-21T23:59:59+02:00,6992,8839,17279,22609,16664,23353,18166,30001,23732,31175,31188,38286,32496,44512,7380,15154,2852,2830,5822,7495,5406,8974,5964,12102,6610,10335,4900,6230,17366,23707,5999,12446,220125,121832,37099,17042,110590,152,12
2021-04-20T23:59:59+02:00,6777,8611,16705,22125,15914,22664,17125,28964,22272,29670,30136,36896,32211,44146,7336,15072,2835,2815,5778,7457,5365,8928,5914,12037,6534,10269,4750,6015,16773,22977,5908,12300,211219,120177,36222,16324,109171,142,12
2021-04-19T23:59:59+02:00,6560,8425,16155,21688,15233,22094,16096,28028,20843,28250,28890,35365,31926,43724,7288,14973,2822,2800,5757,7424,5330,8898,5871,11989,6454,10190,4587,5804,16149,22289,5829,12180,202577,118554,35446,15669,107503,138,12
2021-04-18T23:59:59+02:00,6346,8260,15702,21345,14597,21526,15040,27197,19483,27040,27640,33843,31631,43347,7243,14892,2761,2747,5624,7299,5224,8787,5770,11840,6353,10078,4428,5581,15579,21637,5742,12042,194062,116940,34616,14405,106442,135,12
2021-04-17T23:59:59+02:00,6301,8224,15543,21269,14429,21441,14777,27005,19206,26769,27176,33341,31523,43223,7237,14880,2728,2696,5524,7143,5111,8627,5671,11644,6264,9966,4365,5494,15358,21370,5735,12033,192851,115195,34611,14401,104870,121,12
2021-04-16T23:59:59+02:00,6222,8162,15361,21101,14217,21293,14471,26729,18699,26233,26253,32245,31406,43030,7216,14862,2673,2633,5404,6963,4990,8448,5505,11403,6077,9754,4126,5229,14752,20608,5660,11930,189496,112023,34326,14010,103666,110,12
2021-04-15T23:59:59+02:00,6138,8068,15142,20883,13945,21007,14010,26349,17929,25451,25049,30801,31181,42732,7190,14793,2593,2530,5204,6710,4787,8145,5297,11085,5865,9479,3910,4945,13943,19548,5569,11806,184945,108239,33519,13068,102192,97,12
2021-04-14T23:59:59+02:00,6040,7984,14932,20677,13685,20769,13600,25999,17100,24665,23643,29181,30900,42371,7144,14708,2378,2392,4996,6449,4604,7896,5069,10831,5644,9211,3762,4700,13220,18659,5475,11635,180335,105200,32638,11619,100413,90,12
2021-04-13T23:59:59+02:00,5973,7920,14735,20535,13462,20586,13222,25681,16362,23964,22122,27535,30632,41987,7116,14609,2277,2323,4829,6255,4426,7691,4863,10578,5458,8993,3624,4521,12687,18051,5384,11504,176130,102866,31762,10506,98537,80,12
2021-04-12T23:59:59+02:00,5893,7830,14503,20335,13162,20331,12817,25242,15645,23237,20685,25773,30377,41675,7082,14541,2131,2211,4654,6100,4278,7506,4705,10394,5320,8839,3495,4361,12255,17531,5297,11377,171790,101191,30707,9172,96619,79,12
2021-04-11T23:59:59+02:00,5800,7742,14284,20137,12871,20114,12379,24872,14959,22577,19328,24172,30151,41377,7046,14469,2087,2173,4538,5987,4165,7383,4582,10271,5195,8723,3368,4217,11768,16924,5189,11209,167544,99461,29755,8229,94967,77,12
2021-04-10T23:59:59+02:00,5795,7734,14268,20127,12862,20103,12362,24858,14876,22485,18658,23257,29907,41022,7028,14446,2081,2161,4529,5977,4153,7372,4569,10255,5134,8645,3263,4104,11210,16090,5077,11030,166479,97336,29728,8229,93569,73,12
2021-04-09T23:59:59+02:00,5781,7717,14241,20078,12822,20055,12316,24808,14498,22043,17213,21461,29555,40481,7000,14412,2056,2152,4511,5959,4127,7347,4525,10222,5097,8594,3148,3966,10346,15096,4967,10870,163894,94916,29390,7984,91186,72,11
2021-04-08T23:59:59+02:00,5732,7687,14144,20001,12746,19978,12210,24699,14044,21478,15494,19346,29018,39585,6949,14304,2032,2136,4484,5904,4075,7266,4460,10144,5029,8522,3039,3846,9842,14482,4800,10663,160069,93086,28368,7559,88970,71,8
2021-04-07T23:59:59+02:00,5697,7652,14040,19925,12660,19899,12119,24589,13565,21001,14048,17532,28453,38750,6902,14213,2010,2123,4431,5835,3992,7190,4371,10054,4944,8435,2939,3741,9072,13335,4607,10341,155722,90574,27491,6779,87825,60,7
2021-04-06T23:59:59+02:00,5661,7621,13944,19854,12580,19843,12037,24523,13075,20509,12449,15524,27873,37932,6885,14147,1938,2059,4301,5716,3893,7065,4250,9909,4841,8313,2824,3617,8329,12356,4390,10051,151716,88212,26610,5575,86124,58,7
2021-04-05T23:59:59+02:00,5620,7588,13872,19788,12510,19777,11983,24442,12678,20128,10851,13569,27264,37023,6853,14095,1861,1979,4136,5561,3729,6909,4094,9767,4699,8189,2673,3480,7487,11340,4188,9752,148526,85867,25598,3915,83910,55,7
2021-04-04T23:59:59+02:00,5606,7569,13861,19767,12505,19760,11975,24425,12539,20009,9813,12269,26868,36461,6832,14050,1859,1974,4130,5559,3727,6904,4090,9760,4698,8185,2667,3467,7232,10847,4123,9663,146793,84917,25596,3915,81915,48,5
2021-04-03T23:59:59+02:00,5602,7558,13846,19750,12496,19752,11965,24414,12518,19959,8787,11057,26114,35388,6791,13955,1856,1971,4128,5554,3725,6900,4082,9748,4683,8175,2661,3456,7077,10568,4105,9605,144329,84327,25591,3915,80028,48,4
2021-04-02T23:59:59+02:00,5595,7538,13807,19725,12460,19709,11922,24366,12425,19875,8106,10079,24683,33482,6679,13746,1845,1956,4102,5533,3703,6857,4042,9669,4556,7895,2528,3318,6694,10142,3987,9445,139878,82527,25255,3693,79060,48,4
2021-04-01T23:59:59+02:00,5532,7455,13715,19590,12345,19562,11774,24204,11800,19398,7379,9161,23351,31732,6584,13556,1772,1885,3998,5433,3641,6791,3972,9600,4485,7791,2426,3167,6165,9411,3856,9239,135677,80298,24128,3290,77330,41,3
2021-03-31T23:59:59+02:00,5475,7391,13589,19438,12213,19414,11595,24003,11520,19148,6867,8524,22062,30019,6462,13371,1758,1873,3977,5410,3608,6763,3937,9550,4448,7739,2354,3080,5650,8719,3727,9072,131753,78547,23041,3074,76294,41,3
2021-03-30T23:59:59+02:00,5408,7315,13455,19281,12103,19247,11462,23841,11355,19012,6475,8098,20848,28474,6354,13203,1739,1836,3936,5375,3540,6694,3848,9430,4321,7568,2212,2864,5208,8156,3621,8859,128398,76343,22117,2836,75416,28,0
2021-03-29T23:59:59+02:00,5355,7266,13348,19192,12041,19163,11368,23739,11212,18868,6135,7655,19602,27013,6259,13051,1674,1791,3887,5334,3457,6620,3735,9280,4166,7374,2101,2731,4609,7441,3510,8642,124838,73700,21253,2626,75176,26,0
2021-03-28T23:59:59+02:00,5294,7192,13232,19050,11961,19082,11275,23635,11110,18766,5796,7270,18599,25673,6165,12893,1636,1737,3778,5228,3255,6380,3672,9188,4114,7323,2037,2665,3806,6353,3390,8463,121863,70678,20467,2330,74663,17,0
2021-03-27T23:59:59+01:00,5257,7129,13124,18884,11840,18915,11165,23424,11005,18636,5723,7165,18337,25355,6157,12884,1630,1734,3774,5223,3252,6374,3352,8785,3953,7080,2032,2661,3787,6316,3361,8406,120028,69383,20432,2330,74540,7,0
2021-03-26T23:59:59+01:00,5208,7064,13013,18702,11724,18722,10999,23193,10852,18440,5527,6905,17755,24586,6082,12776,1629,1732,3768,5217,3231,6357,3330,8764,3722,6584,1882,2322,3491,5990,3244,8220,116963,67153,20094,2324,74491,6,0
2021-03-25T23:59:59+01:00,5129,6962,12809,18448,11524,18401,10781,22861,10613,18123,5273,6577,16764,23309,5981,12631,1618,1721,3746,5187,3199,6332,3281,8728,3670,6542,1802,2180,3035,5285,3126,7980,112997,65203,19024,2224,74165,5,0
2021-03-24T23:59:59+01:00,5030,6823,12597,18007,11320,18013,10553,22471,10401,17794,4952,6169,15759,22151,5877,12449,1592,1707,3722,5139,3164,6267,3223,8658,3621,6471,1745,2123,2703,4905,3003,7754,109918,63811,17937,1981,72511,5,0
2021-03-23T23:59:59+01:00,4959,6724,12429,17676,11135,17667,10360,22110,10201,17532,4815,5934,15093,21364,5773,12306,1575,1701,3709,5121,3143,6250,3203,8609,3587,6427,1711,2069,2454,4610,2820,7466,107603,62510,17208,1940,71267,5,0
2021-03-22T23:59:59+01:00,4898,6622,12231,17337,10955,17345,10148,21776,9989,17262,4656,5706,14470,20652,5672,12157,1559,1692,3684,5085,3112,6212,3170,8559,3553,6380,1668,2015,2240,4330,2643,7170,105776,61266,16497,1801,69603,5,0
2021-03-21T23:59:59+01:00,4806,6466,11944,16923,10680,16946,9894,21332,9741,16938,4524,5519,13785,19861,5554,11978,1550,1691,3667,5068,3091,6179,3149,8528,3534,6356,1650,1994,2063,4144,2492,6933,103902,60288,15200,1796,67789,5,0
2021-03-20T23:59:59+01:00,4767,6375,11802,16574,10550,16651,9753,21014,9565,16671,4399,5362,13154,18909,5437,11783,1549,1690,3667,5066,3088,6178,3146,8523,3529,6352,1644,1989,2031,4080,2473,6895,101717,60099,15196,1796,65853,5,0
2021-03-19T23:59:59+01:00,4711,6270,11628,16215,10380,16293,9573,20628,9358,16339,4212,5143,12140,17703,5314,11613,1541,1684,3650,5032,3057,6105,3107,8427,3426,6178,1527,1895,1960,4021,2363,6691,99032,58869,14788,1792,63700,3,0
2021-03-18T23:59:59+01:00,4614,6133,11358,15777,10116,15864,9306,20158,9146,16018,4069,4975,11489,16825,5127,11379,1535,1668,3635,4999,3035,6061,3088,8370,3400,6138,1508,1862,1921,3947,2237,6488,97232,58187,13780,1702,61342,3,0
2021-03-17T23:59:59+01:00,4416,5997,11065,15345,9862,15516,9064,19779,8907,15698,3941,4790,10648,15529,4910,11040,1532,1665,3622,4979,3031,6043,3077,8333,3383,6116,1506,1842,1897,3916,2126,6303,94587,57680,12240,1688,59680,3,0
2021-03-16T23:59:59+01:00,4256,5845,10708,14877,9612,15147,8770,19341,8629,15353,3799,4632,9807,14362,4679,10750,1517,1662,3618,4973,3022,6036,3071,8325,3373,6101,1485,1819,1860,3867,2007,6127,92268,57251,11050,1609,57249,3,0
2021-03-15T23:59:59+01:00,4090,5692,10392,14401,9324,14681,8467,18865,8365,14965,3649,4455,9069,13262,4507,10497,1506,1654,3600,4959,3011,6013,3052,8287,3353,6058,1469,1807,1844,3834,1894,5943,90314,56673,9686,1608,54681,3,0
2021-03-14T23:59:59+01:00,4010,5576,10110,13946,9068,14284,8149,18376,8102,14595,3471,4249,8229,11979,4259,10125,1492,1647,3575,4940,2989,5964,3032,8209,3328,5995,1435,1755,1786,3698,1731,5562,87996,56148,8673,987,51859,3,0
2021-03-13T23:59:59+01:00,3929,5358,9854,13409,8894,13853,7962,17951,7950,14300,3391,4179,8033,11671,4227,10058,1492,1647,3575,4940,2988,5964,3032,8209,3327,5993,1431,1754,1784,3694,1730,5561,87344,56131,8673,987,49002,3,0
2021-03-12T23:59:59+01:00,3844,5181,9605,12876,8667,13307,7715,17282,7593,13607,3234,4027,7647,11246,4120,9910,1490,1643,3572,4927,2984,5960,3025,8203,3323,5987,1405,1721,1763,3676,1632,5385,85585,55706,8424,987,45852,3,0
2021-03-11T23:59:59+01:00,3669,4813,9239,12151,8369,12635,7362,16490,7281,13021,3078,3826,7058,10475,3976,9675,1466,1627,3544,4885,2938,5871,2989,8085,3273,5898,1363,1665,1683,3462,1436,4878,83155,54961,7976,100,41987,2,0
2021-03-10T23:59:59+01:00,3587,4658,8666,11646,7745,12157,7052,15947,6986,12496,2921,3682,6471,9724,3850,9473,1451,1610,3515,4824,2906,5789,2951,7935,3216,5797,1326,1622,1628,3361,1318,4602,81347,53773,7421,77,38293,1,0
2021-03-09T23:59:59+01:00,3451,4442,7912,11195,6902,11665,6652,15326,6635,11921,2700,3392,5943,9072,3729,9244,1445,1605,3491,4774,2880,5725,2935,7885,3199,5753,1309,1599,1596,3319,1208,4403,79059,53082,6065,43,35057,1,0
2021-03-08T23:59:59+01:00,3247,4155,7180,10664,6164,11183,6250,14770,6254,11399,2500,3193,5315,8294,3623,9034,1437,1593,3469,4705,2851,5656,2898,7794,3171,5683,1306,1590,1592,3311,1204,4401,76242,52618,4920,43,32063,0,0
2021-03-07T23:59:59+01:00,3112,3985,6831,10161,5743,10628,5972,14327,6032,11051,2410,3116,4484,7157,3480,8839,1434,1590,3466,4700,2846,5644,2894,7775,3162,5672,1302,1572,1572,3272,1187,4361,73003,52407,4090,42,30235,0,0
2021-03-06T23:59:59+01:00,3061,3798,6637,9722,5547,10194,5461,13405,5710,10424,2397,3100,4479,7145,3477,8838,1433,1588,3464,4697,2844,5643,2893,7774,3161,5669,1300,1569,1572,3270,1186,4361,71780,52382,4090,42,27525,0,0
2021-03-05T23:59:59+01:00,2954,3480,6414,9175,5346,9785,5285,12827,5310,9440,2196,2706,4082,6728,3368,8667,1420,1581,3447,4683,2839,5630,2885,7756,3150,5651,1286,1565,1572,3265,1181,4357,69458,52226,3858,42,24447,0,0
2021-03-04T23:59:59+01:00,2859,3226,6195,8756,5192,9440,5108,12397,5135,9102,2083,2505,3514,5876,3244,8401,1408,1559,3407,4588,2806,5566,2854,7655,3123,5589,1271,1558,1562,3254,1176,4346,67405,51681,3417,41,22211,0,0
2021-03-03T23:59:59+01:00,2796,3146,6015,8344,5012,9060,4898,11943,4954,8684,1999,2402,3091,5398,3115,8154,1385,1549,3371,4537,2768,5503,2813,7551,3081,5526,1258,1537,1543,3223,1170,4329,65970,51104,3175,40,19866,0,0
2021-03-02T23:59:59+01:00,2734,3038,5845,8008,4855,8792,4736,11538,4816,8392,1921,2315,2781,5026,2923,7866,1379,1537,3352,4520,2752,5475,2800,7503,3073,5497,1254,1529,1524,3204,1168,4325,64638,50852,2919,40,18029,0,0
2021-03-01T23:59:59+01:00,2698,2990,5738,7783,4765,8668,4650,11380,4718,8228,1870,2234,2473,4684,2754,7586,1371,1534,3339,4501,2743,5442,2781,7452,3062,5479,1248,1525,1517,3196,1166,4321,63387,50637,2698,40,17134,0,0
2021-02-28T23:59:59+01:00,2631,2930,5557,7525,4594,8445,4518,11197,4620,8112,1818,2175,2177,4362,2575,7313,1359,1527,3327,4491,2735,5435,2774,7435,3055,5469,1244,1522,1511,3180,1165,4290,62299,50479,2397,40,15853,0,0
2021-02-27T23:59:59+01:00,2516,2552,5400,7140,4493,8138,4441,10845,4553,7881,1791,2122,2150,4319,2557,7261,1356,1524,3325,4491,2730,5433,2770,7431,3051,5467,1243,1521,1510,3180,1165,4290,62069,50450,2397,37,13693,0,0
2021-02-26T23:59:59+01:00,2450,2445,5257,6906,4348,7885,4290,10576,4348,7606,1669,2034,2092,4283,2452,7084,1335,1510,3307,4457,2720,5393,2758,7380,3028,5418,1237,1511,1506,3173,1164,4288,60755,50149,2391,36,12579,0,0
2021-02-25T23:59:59+01:00,2318,2314,4896,6494,3937,7416,4012,10073,4132,7261,1620,1989,2060,4224,2337,6893,1316,1490,3275,4417,2681,5332,2720,7270,2991,5336,1226,1495,1492,3133,1152,4233,60273,49525,2285,34,9418,0,0
2021-02-24T23:59:59+01:00,2278,2242,4775,6269,3843,7198,3882,9835,4017,7119,1600,1964,2030,4180,2223,6697,1302,1479,3245,4352,2647,5265,2695,7192,2961,5269,1210,1477,1469,3084,1141,4168,59728,48932,2040,24,8384,0,0
2021-02-23T23:59:59+01:00,2018,2046,4412,5800,3572,6795,3661,9460,3870,6871,1584,1935,1985,4136,2110,6515,1282,1467,3202,4317,2622,5205,2671,7117,2923,5220,1193,1456,1444,3047,1131,4119,59278,48406,1994,10,5498,0,0
2021-02-22T23:59:59+01:00,2007,2023,4356,5741,3536,6730,3595,9363,3815,6783,1551,1912,1962,4083,1994,6322,1277,1449,3182,4276,2601,5165,2645,7056,2894,5173,1185,1445,1432,3037,1125,4110,58741,48047,1851,5,5181,0,0
2021-02-21T23:59:59+01:00,1996,2016,4323,5707,3493,6696,3556,9299,3775,6741,1541,1906,1956,4074,1877,6157,1269,1433,3160,4239,2573,5114,2631,6989,2864,5090,1172,1429,1409,2975,1102,4038,58394,47482,1847,5,4872,0,0
2021-02-20T23:59:59+01:00,1995,2014,4318,5705,3491,6696,3556,9298,3774,6740,1536,1905,1954,4070,1876,6157,1269,1433,3159,4237,2573,5114,2630,6988,2864,5090,1172,1428,1408,2975,1102,4038,58380,47475,1847,5,4858,0,0
2021-02-19T23:59:59+01:00,1974,2005,4308,5689,3482,6681,3545,9288,3763,6726,1511,1873,1932,4050,1777,5977,1267,1432,3159,4236,2572,5113,2630,6986,2862,5088,1172,1428,1408,2974,1102,4038,57958,47462,1842,5,4781,0,0
2021-02-18T23:59:59+01:00,1929,1961,4205,5582,3419,6577,3449,9110,3686,6604,1495,1839,1897,3976,1647,5781,1216,1370,3011,4008,2452,4825,2518,6653,2762,4871,1142,1380,1376,2889,1078,3897,57306,45444,1752,4,4099,0,0
2021-02-17T23:59:59+01:00,1901,1919,4102,5426,3335,6424,3331,8857,3563,6439,1440,1767,1827,3873,1531,5477,1148,1298,2857,3786,2339,4510,2387,6215,2646,4618,1093,1316,1323,2777,1040,3739,56061,43088,1741,4,3410,0,0
2021-02-16T23:59:59+01:00,1802,1828,3947,5233,3206,6235,3217,8638,3446,6280,1418,1743,1799,3838,1414,5272,1052,1255,2730,3623,2240,4290,2248,5902,2525,4387,1046,1215,1163,2466,795,3144,55334,40079,1724,2,2258,0,0
2021-02-15T23:59:59+01:00,1786,1802,3897,5146,3149,6147,3154,8523,3388,6182,1408,1730,1785,3816,1406,5250,1012,1219,2648,3487,2166,4110,2163,5622,2439,4193,1003,1148,1078,2276,732,2948,54868,38243,1722,1,1979,0,0
2021-02-14T23:59:59+01:00,1711,1767,3816,5069,3108,6031,3099,8363,3345,6087,1388,1699,1732,3675,1349,5011,999,1209,2603,3420,2126,4041,2103,5497,2379,4096,968,1110,999,2091,665,2722,54621,37027,1100,1,1529,0,0
2021-02-13T23:59:59+01:00,1708,1765,3808,5066,3102,6029,3096,8362,3342,6085,1387,1696,1732,3673,1347,5011,999,1209,2603,3420,2126,4041,2102,5497,2377,4096,968,1110,999,2091,665,2722,54603,37025,1099,0,1507,0,0
2021-02-12T23:59:59+01:00,1670,1740,3770,5037,3082,6010,3072,8325,3325,6047,1371,1689,1723,3655,1339,4992,990,1197,2569,3369,2093,3992,2074,5448,2360,4066,967,1110,998,2091,664,2720,54377,36708,1098,0,1372,0,0
2021-02-11T23:59:59+01:00,1615,1676,3664,4872,2982,5830,2972,8019,3234,5857,1316,1629,1659,3469,1256,4674,941,1097,2297,2925,1883,3481,1831,4713,2109,3595,889,1039,905,1883,615,2458,53764,32661,123,0,837,0,0
2021-02-10T23:59:59+01:00,1595,1649,3602,4753,2914,5731,2925,7854,3188,5747,1302,1613,1635,3427,1242,4638,847,1010,2010,2511,1670,3022,1587,4091,1863,3185,792,883,737,1504,489,1982,53113,28183,121,0,581,0,0
2021-02-09T23:59:59+01:00,1577,1623,3550,4687,2885,5659,2902,7754,3151,5683,1300,1604,1605,3406,1234,4624,784,902,1742,2163,1477,2618,1416,3586,1699,2871,763,850,714,1424,470,1880,52798,25359,117,0,329,0,0
2021-02-08T23:59:59+01:00,1557,1619,3526,4656,2866,5617,2877,7702,3136,5657,1290,1596,1597,3378,1232,4610,765,852,1589,1921,1330,2366,1285,3271,1543,2642,734,826,664,1309,441,1722,52497,23260,92,0,327,0,0
2021-02-07T23:59:59+01:00,1407,1570,3435,4599,2815,5576,2849,7660,3113,5623,1283,1580,1588,3356,1228,4579,592,664,1326,1577,1101,1900,1074,2667,1323,2185,630,706,588,1144,399,1515,52196,19391,65,0,0,0,0
2021-02-06T23:59:59+01:00,1403,1567,3433,4597,2809,5573,2844,7656,3109,5620,1281,1577,1586,3354,1228,4579,445,473,1134,1352,969,1570,923,2242,1159,1797,552,623,569,1130,396,1512,52151,16846,65,0,0,0,0
2021-02-05T23:59:59+01:00,1392,1555,3418,4576,2800,5546,2834,7612,3088,5577,1277,1569,1583,3347,1227,4579,327,272,949,1043,817,1193,758,1788,971,1412,452,532,546,1114,394,1508,51915,14076,65,0,0,0,0
2021-02-04T23:59:59+01:00,1373,1533,3369,4524,2760,5462,2793,7483,3041,5500,1264,1556,1569,3313,1220,4554,167,116,643,677,525,752,511,1146,637,876,289,362,447,968,359,1364,51272,9839,42,0,0,0,0
2021-02-03T23:59:59+01:00,1350,1524,3328,4472,2727,5411,2771,7418,3007,5438,1254,1533,1534,3244,1204,4449,146,95,509,523,401,612,422,904,488,674,238,289,358,784,288,1108,50623,7839,41,0,0,0,0
2021-02-02T23:59:59+01:00,1328,1510,3284,4434,2695,5351,2744,7339,2974,5377,1232,1502,1498,3182,1177,4355,130,79,425,427,336,529,380,823,432,609,221,267,312,714,266,994,49942,6944,40,0,0,0,0
2021-02-01T23:59:59+01:00,1311,1493,3259,4382,2665,5278,2710,7206,2945,5288,1216,1480,1471,3144,1163,4294,102,56,317,321,247,401,283,612,308,456,183,217,244,569,205,769,49265,5290,40,0,0,0,0
2021-01-31T23:59:59+01:00,1304,1479,3243,4352,2642,5234,2696,7152,2931,5249,1204,1462,1448,3077,1142,4218,91,53,287,297,226,354,260,569,279,423,162,196,201,463,168,624,48793,4653,40,0,0,0,0
2021-01-30T23:59:59+01:00,1304,1479,3240,4348,2641,5234,2695,7150,2931,5249,1204,1461,1447,3077,1142,4218,91,50,277,283,216,338,255,560,275,415,161,195,200,463,168,624,48783,4571,37,0,0,0,0
2021-01-29T23:59:59+01:00,1302,1478,3240,4344,2641,5233,2694,7148,2929,5247,1203,1461,1447,3076,1142,4218,85,46,256,269,193,313,243,547,263,407,158,193,196,457,167,622,48767,4415,36,0,0,0,0
2021-01-28T23:59:59+01:00,1279,1448,3167,4233,2589,5114,2631,6993,2871,5136,1189,1435,1433,3009,1122,4104,71,24,157,163,129,191,166,362,195,254,128,144,150,285,98,362,47719,2879,34,0,0,0,0
2021-01-27T23:59:59+01:00,1225,1391,3079,4094,2512,4928,2538,6705,2792,4964,1155,1389,1395,2915,1094,3970,36,9,91,77,62,91,80,209,112,138,99,113,110,212,74,256,46122,1769,24,0,0,0,0
2021-01-26T23:59:59+01:00,1139,1352,2959,3948,2439,4749,2453,6517,2720,4833,1135,1332,1299,2762,882,3573,35,9,88,76,61,90,78,209,110,137,97,112,110,212,74,256,44079,1754,13,0,0,0,0
2021-01-25T23:59:59+01:00,1120,1322,2879,3815,2393,4597,2389,6321,2660,4700,1123,1313,1284,2728,872,3546,35,9,87,76,59,90,78,208,110,136,97,112,110,212,74,256,43054,1749,8,0,0,0,0
2021-01-24T23:59:59+01:00,1108,1317,2862,3798,2383,4567,2359,6270,2629,4654,1114,1305,1273,2705,861,3512,35,9,87,76,59,90,78,208,110,136,97,112,110,212,74,256,42711,1749,6,0,0,0,0
2021-01-23T23:59:59+01:00,1108,1317,2862,3798,2383,4567,2359,6270,2627,4654,1114,1305,1273,2705,861,3512,35,9,87,76,59,90,78,208,110,136,97,112,110,212,74,256,42709,1749,6,0,0,0,0
2021-01-22T23:59:59+01:00,1100,1307,2827,3752,2351,4496,2328,6201,2608,4611,1113,1304,1272,2704,860,3509,35,9,87,76,59,90,78,208,110,136,97,112,110,212,74,256,42337,1749,6,0,0,0,0
2021-01-21T23:59:59+01:00,1068,1203,2562,3342,2161,4061,2141,5592,2397,4167,1066,1262,1226,2571,832,3364,30,8,77,68,55,73,65,171,89,125,89,95,91,156,63,199,39009,1454,6,0,0,0,0
2021-01-20T23:59:59+01:00,971,1114,2257,2924,1949,3585,1903,4971,2152,3741,968,1111,1061,2218,723,2912,30,8,77,68,55,72,65,171,89,125,89,95,91,156,63,199,34554,1453,6,0,0,0,0
2021-01-19T23:59:59+01:00,892,995,1965,2492,1705,3092,1673,4307,1925,3331,899,1010,930,1934,631,2576,13,4,49,47,33,40,33,100,39,75,38,35,47,84,37,130,30352,804,5,0,0,0,0
2021-01-18T23:59:59+01:00,814,907,1723,2086,1469,2606,1414,3611,1691,2879,821,928,826,1706,585,2326,7,2,17,12,14,19,17,53,15,34,22,23,24,56,28,75,26389,418,3,0,0,0,0
2021-01-17T23:59:59+01:00,603,701,1408,1694,1193,2046,1157,2856,1419,2321,677,781,690,1416,481,1970,1,0,2,2,0,0,0,0,0,0,0,0,0,0,0,0,21410,5,3,0,0,0,0
2021-01-16T23:59:59+01:00,458,509,1233,1475,1077,1734,1009,2444,1265,1944,600,701,670,1403,479,1969,0,0,0,0,0,0,0,0,0,0,0,0,0,0,0,0,18968,0,2,0,0,0,0
2021-01-15T23:59:59+01:00,335,306,1051,1180,924,1386,847,1986,1076,1567,499,606,636,1371,469,1931,0,0,0,0,0,0,0,0,0,0,0,0,0,0,0,0,16168,0,2,0,0,0,0
2021-01-14T23:59:59+01:00,188,139,733,802,628,886,608,1304,719,1006,329,428,527,1183,422,1718,0,0,0,0,0,0,0,0,0,0,0,0,0,0,0,0,11620,0,0,0,0,0,0
2021-01-13T23:59:59+01:00,162,112,613,627,502,703,495,1031,565,782,274,349,442,1007,366,1454,0,0,0,0,0,0,0,0,0,0,0,0,0,0,0,0,9484,0,0,0,0,0,0
2021-01-12T23:59:59+01:00,146,93,535,538,430,608,439,917,495,697,246,308,367,832,311,1183,0,0,0,0,0,0,0,0,0,0,0,0,0,0,0,0,8145,0,0,0,0,0,0
2021-01-11T23:59:59+01:00,116,73,431,439,352,497,351,730,392,538,214,255,304,698,253,988,0,0,0,0,0,0,0,0,0,0,0,0,0,0,0,0,6631,0,0,0,0,0,0
2021-01-10T23:59:59+01:00,100,60,357,363,290,412,297,637,326,477,186,223,241,555,201,769,0,0,0,0,0,0,0,0,0,0,0,0,0,0,0,0,5494,0,0,0,0,0,0
2021-01-09T23:59:59+01:00,100,58,339,344,267,388,290,623,318,470,185,222,240,553,201,769,0,0,0,0,0,0,0,0,0,0,0,0,0,0,0,0,5367,0,0,0,0,0,0
2021-01-08T23:59:59+01:00,94,52,299,308,226,345,265,592,290,441,169,203,219,487,183,686,0,0,0,0,0,0,0,0,0,0,0,0,0,0,0,0,4859,0,0,0,0,0,0
2021-01-07T23:59:59+01:00,76,33,205,207,162,248,202,427,225,310,140,159,164,317,115,427,0,0,0,0,0,0,0,0,0,0,0,0,0,0,0,0,3417,0,0,0,0,0,0
2021-01-06T23:59:59+01:00,64,21,151,124,115,161,149,304,167,216,108,128,125,245,79,298,0,0,0,0,0,0,0,0,0,0,0,0,0,0,0,0,2455,0,0,0,0,0,0
2021-01-05T23:59:59+01:00,40,11,90,77,62,95,84,212,111,140,103,118,117,227,78,275,0,0,0,0,0,0,0,0,0,0,0,0,0,0,0,0,1840,0,0,0,0,0,0
2021-01-04T23:59:59+01:00,38,11,90,77,59,93,84,211,111,139,103,117,117,227,78,275,0,0,0,0,0,0,0,0,0,0,0,0,0,0,0,0,1830,0,0,0,0,0,0
2021-01-03T23:59:59+01:00,38,11,90,77,59,93,84,211,111,139,103,117,117,227,78,275,0,0,0,0,0,0,0,0,0,0,0,0,0,0,0,0,1830,0,0,0,0,0,0
2021-01-02T23:59:59+01:00,38,11,90,77,59,93,84,211,111,139,103,117,117,227,78,275,0,0,0,0,0,0,0,0,0,0,0,0,0,0,0,0,1830,0,0,0,0,0,0
2021-01-01T23:59:59+01:00,38,11,90,77,59,93,84,211,111,138,103,117,117,227,78,275,0,0,0,0,0,0,0,0,0,0,0,0,0,0,0,0,1829,0,0,0,0,0,0
2020-12-31T23:59:59+01:00,38,11,90,77,59,93,84,211,110,138,103,117,117,227,78,275,0,0,0,0,0,0,0,0,0,0,0,0,0,0,0,0,1828,0,0,0,0,0,0
2020-12-30T23:59:59+01:00,38,11,90,77,58,93,84,211,110,138,103,117,117,227,78,275,0,0,0,0,0,0,0,0,0,0,0,0,0,0,0,0,1827,0,0,0,0,0,0
2020-12-29T23:59:59+01:00,19,5,63,57,35,59,49,137,61,88,47,50,69,138,48,186,0,0,0,0,0,0,0,0,0,0,0,0,0,0,0,0,1111,0,0,0,0,0,0
2020-12-28T23:59:59+01:00,7,4,36,26,20,29,20,68,22,41,23,22,25,51,28,74,0,0,0,0,0,0,0,0,0,0,0,0,0,0,0,0,496,0,0,0,0,0,0
2020-12-27T23:59:59+01:00,1,0,7,5,6,2,1,5,0,2,0,1,2,3,4,5,0,0,0,0,0,0,0,0,0,0,0,0,0,0,0,0,44,0,0,0,0,0,0
