Datum,<15_m,<15_w,15-24_1_m,15-24_1_w,25-34_1_m,25-34_1_w,35-44_1_m,35-44_1_w,45-54_1_m,45-54_1_w,55-64_1_m,55-64_1_w,65-74_1_m,65-74_1_w,75-84_1_m,75-84_1_w,>84_1_m,>84_1_w,<24_2_m,<24_2_w,25-34_2_m,25-34_2_w,35-44_2_m,35-44_2_w,45-54_2_m,45-54_2_w,55-64_2_m,55-64_2_w,65-74_2_m,65-74_2_w,75-84_2_m,75-84_2_w,>84_2_m,>84_2_w,bp_1,bp_2,mo_1,mo_2,az_1,az_2,ja,unb_1,unb_2
2021-09-23T23:59:59+02:00,9635,9316,64383,64378,106526,104088,97656,97271,94341,99729,93602,95535,56033,69650,43989,61087,10656,21564,57363,57360,100010,96716,92009,90445,89638,94269,89837,91639,54255,67396,42818,59182,10253,20620,815053,763546,134994,129187,158548,144974,90756,152,149
2021-09-22T23:59:59+02:00,9565,9237,64066,64073,106334,103887,97477,97072,94188,99597,93480,95443,55993,69583,43962,61052,10649,21548,57187,57186,99841,96556,91847,90314,89525,94157,89734,91567,54225,67355,42795,59156,10247,20608,813404,762570,134887,129111,158544,144894,90282,152,149
2021-09-21T23:59:59+02:00,9478,9153,63853,63838,106136,103718,97310,96919,94076,99489,93402,95372,55944,69533,43943,61009,10642,21536,57005,57021,99660,96409,91712,90190,89440,94070,89649,91496,54187,67299,42773,59119,10238,20590,811991,761576,134811,129018,158541,144831,89919,152,149
2021-09-20T23:59:59+02:00,9417,9096,63578,63540,105950,103540,97149,96757,93972,99393,93337,95295,55905,69490,43923,60966,10636,21520,56824,56876,99489,96275,91565,90038,89299,93971,89572,91427,54143,67263,42748,59085,10232,20574,810594,760612,134738,128939,158536,144701,89507,152,149
2021-09-19T23:59:59+02:00,9367,9053,63311,63380,105727,103349,97005,96591,93836,99292,93238,95221,55876,69436,43913,60941,10633,21510,56594,56697,99265,96107,91393,89880,89125,93802,89460,91346,54105,67203,42729,59051,10231,20561,809301,759490,134657,128825,158533,144438,89099,152,149
2021-09-18T23:59:59+02:00,9337,9009,63224,63283,105621,103262,96901,96513,93770,99223,93208,95193,55868,69427,43909,60936,10631,21509,56480,56578,99165,96011,91277,89801,89055,93738,89426,91316,54095,67198,42722,59048,10229,20556,808766,758866,134571,128762,158531,144426,88867,152,149
2021-09-17T23:59:59+02:00,9259,8924,63043,63129,105448,103111,96731,96361,93638,99126,93135,95116,55852,69399,43898,60930,10625,21503,56285,56353,98992,95866,91133,89690,88945,93634,89350,91255,54080,67171,42714,59041,10229,20553,807679,757809,134488,128673,158527,144410,88445,152,149
2021-09-16T23:59:59+02:00,9172,8819,62780,62846,105184,102865,96503,96129,93455,98951,93035,95026,55800,69344,43885,60903,10618,21489,56043,56098,98737,95645,90947,89486,88773,93479,89249,91170,54033,67121,42692,59020,10222,20541,805938,756366,134401,128532,158517,144348,87858,152,149
2021-09-15T23:59:59+02:00,9102,8766,62444,62566,104987,102652,96295,95937,93320,98794,92932,94941,55763,69289,43844,60869,10613,21463,55886,55953,98550,95488,90778,89332,88668,93366,89149,91110,53999,67075,42666,58985,10217,20524,804206,755352,134347,128414,158513,144312,87420,152,149
2021-09-14T23:59:59+02:00,9060,8714,62167,62366,104762,102442,96108,95757,93189,98654,92816,94857,55718,69233,43820,60830,10607,21447,55698,55780,98378,95307,90618,89170,88538,93256,89066,91040,53963,67035,42644,58959,10212,20509,802703,754340,134278,128322,158504,144216,86971,152,149
2021-09-13T23:59:59+02:00,9026,8681,61879,62111,104535,102223,95937,95589,93045,98520,92731,94760,55668,69179,43803,60798,10600,21435,55498,55608,98191,95122,90468,89019,88411,93149,88980,90966,53927,66990,42625,58930,10207,20493,801215,753284,134194,128209,158494,144173,86526,152,149
2021-09-12T23:59:59+02:00,8975,8633,61581,61876,104298,101982,95733,95367,92885,98390,92636,94679,55618,69131,43788,60767,10595,21424,55305,55453,97957,94916,90306,88857,88276,93034,88885,90890,53885,66936,42604,58901,10202,20475,799731,752291,134097,128083,158490,144101,85948,152,149
2021-09-11T23:59:59+02:00,8927,8599,61463,61749,104161,101867,95631,95259,92799,98312,92597,94648,55603,69117,43783,60755,10595,21423,55162,55363,97812,94814,90206,88760,88177,92968,88850,90864,53875,66917,42600,58891,10202,20474,799065,751708,134039,128007,158490,144082,85602,152,149
2021-09-10T23:59:59+02:00,8830,8489,61231,61489,103969,101664,95462,95071,92657,98186,92503,94577,55571,69089,43769,60737,10595,21421,54926,55162,97622,94631,90020,88578,88043,92841,88765,90794,53853,66896,42587,58872,10202,20470,797708,750567,133976,127893,158488,144066,85046,152,149
2021-09-09T23:59:59+02:00,8734,8392,60934,61236,103706,101361,95240,94784,92484,97969,92368,94464,55534,69027,43748,60707,10585,21400,54682,54950,97381,94388,89808,88351,87885,92688,88628,90708,53810,66849,42566,58841,10196,20464,795825,749197,133873,127712,158486,143994,84397,152,149
2021-09-08T23:59:59+02:00,8679,8344,60734,61018,103509,101132,95058,94565,92327,97808,92254,94337,55499,68962,43714,60667,10572,21376,54535,54799,97208,94190,89657,88164,87730,92547,88506,90601,53769,66787,42529,58798,10184,20427,794418,748202,133766,127564,158476,143908,83803,152,149
2021-09-07T23:59:59+02:00,8628,8295,60515,60813,103288,100903,94872,94379,92186,97669,92153,94263,55465,68912,43685,60611,10562,21354,54351,54638,96990,93997,89474,88000,87605,92441,88410,90514,53728,66741,42503,58767,10179,20410,792973,747142,133663,127438,158472,143781,83353,152,149
2021-09-06T23:59:59+02:00,8590,8254,60320,60653,103097,100737,94742,94225,92075,97545,92070,94192,55412,68853,43664,60584,10555,21321,54188,54471,96806,93839,89313,87845,87481,92317,88314,90433,53677,66694,42482,58723,10169,20385,791797,746061,133574,127301,158461,143698,82965,152,149
2021-09-05T23:59:59+02:00,8536,8206,60118,60459,102947,100560,94598,94063,91954,97432,91995,94122,55386,68812,43653,60563,10550,21313,53988,54278,96620,93645,89128,87688,87342,92193,88233,90348,53628,66643,42463,58700,10164,20369,790656,744922,133502,127127,158458,143604,82559,152,149
2021-09-04T23:59:59+02:00,8485,8177,60010,60355,102864,100463,94498,93980,91900,97369,91961,94096,55377,68801,43647,60553,10550,21312,53866,54167,96506,93519,89013,87589,87274,92115,88186,90315,53614,66632,42456,58689,10164,20368,790086,744279,133452,127006,158454,143586,82314,152,149
2021-09-03T23:59:59+02:00,8408,8106,59830,60182,102697,100315,94354,93844,91799,97255,91889,94045,55350,68775,43639,60539,10548,21306,53661,53990,96310,93309,88821,87395,87131,91941,88093,90235,53582,66600,42445,58671,10160,20365,789024,743042,133401,126778,158446,143550,81918,152,149
2021-09-02T23:59:59+02:00,8294,8022,59596,59949,102457,100087,94169,93629,91617,97099,91774,93949,55305,68717,43616,60504,10542,21284,53403,53740,96027,93040,88588,87125,86910,91738,87952,90119,53538,66519,42414,58620,10150,20330,787454,741424,133295,126425,158434,143432,81334,152,149
2021-09-01T23:59:59+02:00,8232,7942,59389,59738,102272,99920,94020,93479,91500,96972,91672,93876,55262,68667,43598,60481,10534,21266,53151,53528,95805,92827,88398,86908,86736,91577,87813,90011,53473,66433,42376,58576,10140,20310,786220,740002,133224,126169,158418,143314,80865,152,145
2021-08-31T23:59:59+02:00,8154,7868,59186,59511,102092,99745,93851,93326,91381,96859,91550,93795,55216,68618,43572,60442,10524,21250,52904,53284,95549,92586,88186,86678,86581,91419,87654,89906,53428,66362,42349,58523,10132,20291,784908,738531,133146,125865,158405,143204,80388,152,145
2021-08-30T23:59:59+02:00,8058,7791,58990,59334,101926,99609,93737,93197,91266,96757,91484,93719,55182,68591,43555,60408,10519,21234,52666,53100,95310,92357,87984,86448,86405,91277,87528,89783,53373,66284,42309,58459,10115,20262,783823,737125,133091,125550,158398,143055,79951,152,145
2021-08-29T23:59:59+02:00,7982,7718,58714,59095,101695,99418,93557,93027,91127,96638,91397,93630,55137,68541,43531,60378,10517,21225,52316,52797,95002,92075,87701,86193,86174,91084,87374,89659,53304,66209,42279,58419,10108,20245,782486,735259,133003,125218,158384,142911,79360,152,145
2021-08-28T23:59:59+02:00,7925,7654,58581,58985,101590,99313,93455,92944,91043,96562,91352,93601,55123,68528,43523,60373,10516,21223,52141,52652,94845,91946,87566,86085,86065,90996,87306,89616,53287,66188,42270,58411,10106,20244,781877,734451,132966,125117,158380,142886,78974,152,145
2021-08-27T23:59:59+02:00,7861,7570,58395,58800,101426,99153,93319,92820,90936,96457,91265,93545,55100,68499,43514,60356,10515,21218,51896,52414,94557,91674,87348,85884,85894,90843,87198,89516,53245,66152,42256,58386,10101,20241,780919,732895,132904,124919,158337,142850,78495,152,145
2021-08-26T23:59:59+02:00,7775,7472,58166,58559,101209,98938,93105,92599,90756,96279,91161,93447,55052,68438,43480,60328,10509,21206,51564,52138,94199,91328,87018,85572,85653,90590,87043,89386,53185,66064,42209,58343,10094,20229,779480,731008,132808,124520,158313,142718,77784,152,144
2021-08-25T23:59:59+02:00,7704,7383,57951,58376,101042,98803,92956,92415,90641,96157,91054,93371,55013,68390,43446,60284,10505,21183,51273,51895,93903,91077,86795,85327,85456,90402,86910,89260,53117,65979,42160,58275,10089,20198,778318,729309,132728,124209,158303,142649,77232,151,143
2021-08-24T23:59:59+02:00,7655,7333,57740,58166,100865,98634,92792,92254,90532,96036,90970,93301,54975,68336,43420,60241,10499,21158,50960,51641,93562,90793,86499,85076,85253,90212,86759,89101,53032,65886,42111,58208,10080,20175,777212,727508,132637,123912,158297,142430,76668,151,143
2021-08-23T23:59:59+02:00,7600,7282,57546,57972,100698,98481,92664,92100,90440,95951,90895,93217,54939,68293,43391,60215,10495,21140,50645,51378,93225,90521,86251,84805,85061,90047,86627,88977,52954,65794,42075,58158,10073,20157,776105,725643,132566,123630,158287,142254,76268,151,142
2021-08-22T23:59:59+02:00,7534,7227,57356,57793,100508,98328,92507,91969,90344,95836,90817,93151,54905,68248,43377,60191,10489,21126,50279,51029,92829,90125,85943,84508,84826,89817,86459,88854,52878,65690,42039,58095,10059,20125,775116,723323,132467,123323,158275,142039,75755,151,140
2021-08-21T23:59:59+02:00,7482,7189,57225,57671,100376,98225,92404,91867,90245,95777,90762,93117,54885,68227,43369,60174,10487,21123,49951,50730,92667,89981,85773,84352,84678,89694,86374,88792,52846,65667,42029,58080,10058,20119,774451,721815,132393,123092,158274,141998,75394,151,140
2021-08-20T23:59:59+02:00,7431,7136,57070,57502,100207,98073,92252,91731,90129,95657,90688,93057,54863,68204,43359,60157,10485,21118,49630,50403,92406,89719,85510,84114,84461,89491,86243,88683,52814,65626,42006,58056,10051,20112,773506,719887,132345,122884,158270,141931,74905,151,140
2021-08-19T23:59:59+02:00,7364,7076,56838,57277,99951,97850,92054,91547,89970,95498,90565,92956,54822,68146,43334,60126,10478,21104,49194,49974,91991,89329,85108,83713,84154,89181,86029,88500,52743,65520,41968,57995,10041,20094,772203,717232,132218,122441,158264,141727,74178,151,139
2021-08-18T23:59:59+02:00,7302,7021,56661,57120,99772,97680,91911,91391,89834,95376,90463,92862,54755,68082,43305,60080,10468,21084,48853,49618,91618,89010,84792,83385,83875,88927,85840,88330,52627,65403,41898,57903,10026,20064,771077,714871,132131,122050,158256,141489,73610,151,139
2021-08-17T23:59:59+02:00,7240,6970,56480,56968,99580,97505,91750,91247,89713,95244,90367,92770,54718,68034,43280,60053,10466,21069,48370,49209,91172,88587,84391,83030,83546,88637,85637,88129,52524,65278,41840,57828,10020,20040,769978,711883,132029,121643,158243,141201,73111,151,139
2021-08-16T23:59:59+02:00,7180,6904,56301,56802,99390,97333,91606,91092,89576,95129,90254,92673,54667,67973,43251,60003,10458,21055,47817,48647,90709,88152,83924,82637,83218,88346,85409,87927,52420,65163,41782,57750,10011,20004,768836,708411,131938,121197,158236,140974,72544,151,139
2021-08-15T23:59:59+02:00,7115,6856,56083,56619,99210,97158,91450,90958,89452,95023,90165,92614,54629,67932,43231,59974,10454,21048,46706,47545,90069,87471,83372,82105,82823,87961,85124,87721,52313,65041,41739,57691,10002,19984,767786,702681,131826,120570,158227,140794,72039,151,138
2021-08-14T23:59:59+02:00,7085,6824,55963,56530,99069,97060,91348,90882,89366,94955,90114,92569,54614,67916,43226,59967,10453,21047,46559,47405,89843,87295,83160,81898,82700,87863,85055,87677,52285,65010,41730,57680,10001,19982,767268,701884,131770,120249,158223,140742,71634,151,138
2021-08-13T23:59:59+02:00,7042,6778,55811,56406,98915,96937,91221,90747,89264,94843,90036,92507,54585,67867,43212,59945,10451,21041,46261,47096,89377,86904,82767,81525,82438,87628,84889,87538,52242,64943,41709,57656,9998,19971,766462,699696,131713,119703,158216,140664,71126,149,138
2021-08-12T23:59:59+02:00,7007,6727,55611,56248,98713,96762,91048,90585,89119,94702,89942,92427,54548,67815,43186,59911,10443,21024,45855,46712,88751,86341,82194,80980,82061,87306,84659,87362,52168,64842,41658,57597,9988,19953,765424,696787,131609,118871,158203,140413,70491,149,137
2021-08-11T23:59:59+02:00,6972,6672,55424,56081,98512,96586,90895,90450,88986,94592,89833,92326,54497,67756,43155,59872,10433,21009,45445,46260,88146,85689,81621,80472,81726,87002,84393,87123,52081,64702,41586,57472,9969,19903,764319,693643,131514,117929,158179,140083,69950,147,136
2021-08-10T23:59:59+02:00,6911,6626,55243,55924,98307,96444,90736,90300,88859,94480,89748,92249,54452,67709,43139,59833,10429,20996,45020,45801,87507,85075,81020,79934,81319,86621,84148,86908,51959,64595,41528,57387,9955,19872,763282,690346,131420,116984,158160,139772,69434,147,136
2021-08-09T23:59:59+02:00,6860,6568,55074,55759,98118,96295,90590,90164,88722,94385,89637,92188,54413,67661,43114,59800,10422,20981,44466,45252,86678,84400,80332,79349,80906,86273,83856,86685,51847,64463,41471,57287,9941,19828,762295,686557,131348,115923,158150,139425,68869,147,133
2021-08-08T23:59:59+02:00,6791,6499,54853,55574,97920,96113,90418,90004,88586,94269,89543,92113,54359,67614,43088,59765,10415,20960,43867,44652,85628,83474,79442,78541,80367,85799,83532,86387,51714,64310,41408,57196,9929,19802,761113,681499,131234,114743,158130,139115,68317,147,133
2021-08-07T23:59:59+02:00,6746,6449,54713,55451,97782,96000,90288,89902,88493,94211,89481,92073,54340,67588,43084,59755,10412,20955,43041,43784,85297,83146,78972,78100,80010,85448,83349,86243,51651,64227,41387,57160,9924,19793,760452,677833,131170,113598,158126,139009,67885,147,132
2021-08-06T23:59:59+02:00,6691,6399,54525,55307,97555,95822,90138,89773,88368,94095,89384,92001,54300,67560,43075,59729,10409,20951,42128,42906,84840,82689,78380,77546,79621,85065,83158,86096,51598,64162,41361,57128,9916,19779,759504,673901,131074,112320,158119,138872,67295,147,132
2021-08-05T23:59:59+02:00,6626,6328,54211,55065,97263,95554,89886,89558,88154,93908,89213,91867,54235,67470,43045,59676,10400,20932,40902,41761,84117,82023,77608,76751,79026,84503,82800,85792,51467,64002,41300,57027,9901,19747,757870,668376,130949,110701,158106,138329,66376,147,131
2021-08-04T23:59:59+02:00,6545,6277,53976,54884,97023,95346,89716,89392,88014,93768,89096,91768,54182,67418,43008,59629,10396,20922,40439,41279,82920,80981,76282,75605,78536,84055,82481,85544,51327,63864,41242,56940,9885,19721,756595,663213,130841,109197,158092,137875,65742,147,131
2021-08-03T23:59:59+02:00,6480,6213,53721,54691,96792,95157,89545,89231,87873,93623,88950,91647,54102,67337,42971,59570,10388,20914,40002,40871,81673,79846,74860,74412,77931,83488,81938,85053,51113,63660,41141,56784,9872,19685,755232,657416,130737,107496,158068,137169,65078,147,131
2021-08-02T23:59:59+02:00,6418,6150,53484,54491,96536,94938,89328,89058,87708,93479,88809,91534,54020,67267,42938,59519,10385,20894,39539,40404,80365,78741,73310,73199,77308,82919,81395,84571,50944,63458,41066,56664,9855,19651,753820,651390,130588,105736,158046,136569,64413,146,129
2021-08-01T23:59:59+02:00,6354,6063,53217,54228,96275,94669,89094,88884,87502,93336,88646,91425,53956,67182,42901,59467,10378,20887,39023,39913,79073,77656,71905,72097,76419,82166,80810,84106,50756,63218,40978,56559,9844,19627,752225,645216,130397,103837,158022,135962,63730,145,126
2021-07-31T23:59:59+02:00,6318,6024,53099,54138,96158,94575,88994,88818,87412,93266,88602,91389,53945,67172,42895,59463,10378,20886,38077,38906,78629,77213,71371,71545,76038,81840,80694,84009,50737,63185,40962,56548,9844,19624,751750,640574,130232,102965,158020,135867,63440,145,126
2021-07-30T23:59:59+02:00,6265,5989,52929,53996,96002,94401,88840,88671,87280,93152,88519,91319,53908,67141,42882,59445,10376,20884,37080,37862,77939,76570,70623,70810,75524,81312,80292,83685,50663,63096,40929,56488,9838,19612,750865,634423,129917,101832,158017,135659,63111,144,125
2021-07-29T23:59:59+02:00,6214,5930,52696,53816,95750,94179,88627,88464,87113,92978,88378,91193,53848,67077,42859,59408,10368,20863,35839,36645,76894,75698,69569,69852,74721,80560,79752,83257,50530,62933,40862,56393,9820,19585,749634,626684,129444,100280,158001,135102,62594,143,125
2021-07-28T23:59:59+02:00,6177,5878,52499,53653,95548,93975,88476,88280,86996,92840,88269,91097,53791,67002,42826,59360,10358,20832,35234,36064,75735,74724,68292,68744,73962,79845,79257,82802,50391,62732,40792,56291,9804,19546,748475,620378,128997,98869,157983,134315,62314,143,123
2021-07-27T23:59:59+02:00,6128,5837,52267,53431,95285,93767,88298,88095,86838,92690,88147,91000,53738,66928,42783,59297,10344,20783,34584,35332,74285,73489,66843,67528,73099,78997,78712,82287,50218,62521,40712,56170,9779,19503,747073,613147,128572,97415,157958,133079,61965,143,122
2021-07-26T23:59:59+02:00,6071,5785,52054,53228,95040,93574,88103,87930,86679,92552,88017,90899,53678,66849,42754,59243,10337,20761,33829,34532,72773,72154,65482,66294,72050,78012,78122,81758,50047,62306,40634,56023,9757,19458,745742,605132,128148,95888,157941,132010,61635,143,122
2021-07-25T23:59:59+02:00,6033,5743,51854,53035,94786,93345,87932,87741,86524,92422,87910,90802,53627,66786,42725,59200,10327,20725,33125,33787,71429,70950,64366,65274,71048,77104,77650,81309,49929,62122,40569,55936,9751,19423,744372,598183,127874,94324,157919,131216,61264,143,122
2021-07-24T23:59:59+02:00,5945,5685,51581,52743,94482,93034,87684,87529,86346,92265,87810,90723,53597,66752,42713,59177,10327,20719,32640,33311,70575,70262,63695,64716,70171,76404,77445,81158,49875,62079,40547,55911,9751,19421,742505,593811,127819,93394,157917,131091,60782,143,122
2021-07-23T23:59:59+02:00,5892,5629,51312,52472,94092,92755,87393,87314,86166,92084,87674,90629,53564,66704,42705,59159,10324,20713,32135,32693,69521,69414,62911,64053,69265,75555,77042,80832,49800,61982,40515,55872,9744,19407,740479,588256,127746,92233,157911,130915,60356,143,122
2021-07-22T23:59:59+02:00,5821,5565,50902,52073,93639,92317,87008,86983,85861,91786,87456,90445,53479,66610,42676,59099,10316,20687,31447,31988,68223,68421,61865,63173,67644,74202,76398,80320,49648,61776,40424,55756,9723,19367,737471,581871,127512,89476,157887,130146,59765,142,121
2021-07-21T23:59:59+02:00,5769,5515,50540,51697,93210,91907,86705,86680,85605,91541,87286,90259,53395,66526,42618,59032,10305,20659,30850,31357,66889,67378,60779,62277,65603,72514,75491,79577,49359,61466,40263,55568,9699,19310,734694,575595,127273,85171,157861,129058,59332,142,121
2021-07-20T23:59:59+02:00,5711,5452,50156,51311,92752,91445,86341,86359,85337,91287,87066,90063,53303,66391,42571,58972,10298,20634,30199,30729,65433,66203,59640,61322,64418,71455,74880,79023,49152,61234,40157,55410,9676,19249,731758,568579,127054,83510,157805,128033,58743,142,121
2021-07-19T23:59:59+02:00,5634,5378,49693,50860,92280,90975,85975,86029,85087,91075,86858,89887,53210,66271,42535,58893,10280,20599,29664,30163,64277,65151,58720,60459,63264,70419,74282,78507,48978,61037,40065,55264,9647,19204,728510,562821,126829,81706,157769,126841,58322,142,121
2021-07-18T23:59:59+02:00,5565,5310,48869,50051,91225,89944,85252,85418,84611,90650,86566,89595,53103,66123,42472,58796,10270,20568,29116,29586,63109,64084,57794,59547,62086,69392,73732,78006,48830,60875,40007,55181,9635,19176,722115,557006,126497,79686,157752,126036,57935,142,121
2021-07-17T23:59:59+02:00,5391,5124,48519,49723,91081,89810,85056,85259,84454,90514,86457,89512,53081,66096,42461,58784,10269,20565,28738,29218,62471,63491,57246,59123,61328,68656,73427,77765,48720,60757,39967,55122,9625,19165,720937,554020,126320,78718,157746,125418,57063,142,121
2021-07-16T23:59:59+02:00,5292,5033,48201,49440,90817,89590,84809,85056,84251,90328,86319,89405,53039,66064,42443,58770,10266,20560,28248,28729,61542,62586,56400,58437,60272,67620,72925,77346,48560,60569,39920,55054,9620,19156,719560,549089,126152,77396,157735,124683,56147,141,121
2021-07-15T23:59:59+02:00,5156,4901,47726,49032,90430,89218,84452,84676,83951,90052,86099,89236,52959,65974,42388,58701,10256,20533,27521,28116,60233,61537,55281,57454,58871,66306,72193,76758,48331,60308,39831,54923,9604,19101,717112,543306,125735,75204,157700,123024,55091,140,121
2021-07-14T23:59:59+02:00,5051,4788,47380,48655,90127,88926,84167,84364,83700,89812,85896,89081,52870,65867,42330,58612,10239,20501,27003,27573,59143,60545,54311,56610,57996,65462,71582,76176,48063,60029,39724,54749,9582,19057,714950,537903,125374,74291,157652,121337,54289,139,121
2021-07-13T23:59:59+02:00,4938,4672,46979,48275,89735,88570,83861,84058,83434,89553,85689,88915,52762,65763,42276,58546,10233,20480,26357,26921,57776,59362,53116,55622,57005,64549,70859,75541,47787,59706,39594,54571,9550,19005,712606,531589,125005,73192,157593,119296,53434,138,120
2021-07-12T23:59:59+02:00,4769,4503,46442,47766,89341,88233,83468,83740,83188,89296,85501,88756,52681,65667,42228,58483,10221,20465,25737,26274,56270,58013,51824,54561,55777,63408,70115,74921,47413,59277,39418,54349,9509,18940,709927,524314,124635,72163,157531,116949,52554,138,120
2021-07-11T23:59:59+02:00,4373,4131,45498,46849,88917,87801,83053,83354,82879,89006,85306,88609,52594,65576,42203,58427,10210,20448,25140,25710,54894,56755,50527,53518,54732,62372,69523,74371,47067,58895,39293,54174,9484,18898,705980,517694,124166,71154,157492,115161,51498,135,120
2021-07-10T23:59:59+02:00,4361,4116,45169,46512,88462,87322,82719,83043,82777,88907,85238,88551,52573,65553,42194,58413,10209,20444,24655,25184,53812,55818,49668,52938,54134,61804,69306,74183,46697,58476,39193,54069,9479,18887,705312,513398,123701,71070,157316,113841,50137,134,120
2021-07-09T23:59:59+02:00,4342,4103,44750,46077,87853,86769,82341,82701,82526,88722,85123,88460,52538,65523,42187,58399,10205,20435,23960,24416,52495,54582,48730,52058,53356,60950,68884,73782,46336,58067,39106,53979,9471,18875,703908,507231,123123,70666,157149,112494,48778,133,120
2021-07-08T23:59:59+02:00,4315,4077,44203,45594,86996,86066,81817,82191,82273,88481,84928,88305,52471,65456,42155,58353,10194,20419,22987,23498,50560,53021,47353,50907,52215,59825,68195,73144,45818,57506,38968,53815,9443,18806,701805,499523,122239,69393,156856,109956,47286,132,120
2021-07-07T23:59:59+02:00,4291,4049,43634,45024,86172,85303,81274,81715,81988,88186,84722,88142,52393,65357,42113,58290,10187,20399,22124,22609,48614,51342,45839,49769,50977,58647,67495,72608,45082,56762,38773,53577,9411,18748,699324,491380,121245,68281,156602,106851,45939,130,118
2021-07-06T23:59:59+02:00,4259,4029,43091,44508,85326,84573,80666,81128,81619,87855,84548,87967,52304,65276,42075,58227,10178,20374,21294,21757,46634,49555,44453,48519,49703,57313,66751,71889,44253,55989,38587,53337,9393,18692,696702,482433,120223,67204,156304,103890,44647,128,118
2021-07-05T23:59:59+02:00,4236,3992,41950,43535,83830,83487,79935,80513,81163,87436,84276,87705,52188,65139,42026,58149,10164,20346,20120,20712,44687,47959,43428,47555,48672,56355,66054,71271,43492,55127,38414,53113,9369,18653,693413,476451,119163,66336,155941,100800,41426,128,118
2021-07-04T23:59:59+02:00,4209,3970,40600,42343,82194,82170,79215,79902,80691,87013,84006,87506,52094,65012,41980,58097,10151,20317,18775,19510,42897,46439,42725,46812,47859,55497,65472,70704,42747,54282,38247,52919,9349,18605,690328,471798,118008,65403,155519,98172,37488,128,118
2021-07-03T23:59:59+02:00,3745,3555,39042,40813,81334,81516,78729,79407,80246,86536,83790,87336,52026,64911,41962,58045,10148,20311,17969,18821,41982,45748,42307,46431,47454,55098,65307,70539,42158,53555,38185,52820,9342,18595,686615,469867,116698,65302,155435,96582,34577,128,118
2021-07-02T23:59:59+02:00,3185,2985,37496,39334,80616,80790,78056,78705,79726,86034,83548,87134,51974,64825,41933,57997,10136,20298,17212,18111,40837,44791,41572,45737,46621,54313,64786,70091,41206,52349,38055,52631,9326,18576,681603,464817,115294,64841,155281,94090,32468,127,116
2021-07-01T23:59:59+02:00,2544,2441,35786,37687,79647,79929,77221,77873,79020,85398,83233,86856,51853,64668,41870,57893,10118,20269,16349,17221,39304,43559,40356,44670,45315,53182,64048,69518,40317,51211,37905,52424,9309,18544,675312,458465,113580,63192,155056,91322,30232,127,116
2021-06-30T23:59:59+02:00,2502,2410,34785,36683,77818,78432,75515,76376,78364,84852,82948,86564,51722,64510,41810,57796,10106,20242,15331,16260,37622,42334,39159,43561,44154,52124,63296,68892,39773,50527,37790,52228,9287,18508,669466,452355,111848,61854,154843,89445,27152,127,116
2021-06-29T23:59:59+02:00,2469,2377,33954,35799,76217,76942,73895,74960,77574,84133,82403,86074,51539,64291,41733,57665,10089,20206,14499,15362,36308,41193,38240,42739,42930,51070,62583,68309,39065,49591,37654,52010,9265,18464,663125,447190,109970,60016,154575,87491,24524,127,115
2021-06-28T23:59:59+02:00,2429,2344,33147,35001,74598,75534,72213,73557,76551,83345,81797,85576,51360,64063,41656,57559,10076,20172,13755,14617,35249,40172,37412,42006,41805,50075,61932,67762,38193,48505,37487,51789,9245,18417,656666,442357,108009,58501,153981,85293,22196,127,114
2021-06-27T23:59:59+02:00,2415,2329,32414,34260,73030,74163,70806,72350,75150,82226,81118,85023,51161,63845,41591,57441,10066,20143,13123,13989,34290,39418,36754,41400,40870,49225,61392,67318,37333,47477,37335,51610,9230,18386,650466,438459,106071,57737,153029,83035,19840,126,114
2021-06-26T23:59:59+02:00,1783,1722,31383,33163,72681,73848,70341,71887,74856,81913,81023,84941,51141,63817,41577,57431,10065,20140,12932,13781,33626,38875,36110,40978,40350,48889,60398,66316,36342,46341,37168,51397,9216,18353,645703,432485,105134,57685,153025,81094,19728,123,114
2021-06-25T23:59:59+02:00,1165,1124,30270,32002,72195,73322,69727,71191,74430,81469,80646,84619,51079,63730,41543,57388,10060,20126,12607,13396,32772,38073,35240,40153,39411,48053,59185,65081,35827,45643,36976,51096,9193,18311,639406,424064,103945,57237,153017,80036,19596,123,114
2021-06-24T23:59:59+02:00,566,565,28935,30693,71421,72577,68857,70302,73757,80839,80198,84255,50973,63599,41491,57318,10049,20092,11950,12700,31606,36768,34021,38883,38281,46941,57553,63704,35353,45125,36819,50907,9174,18251,631630,414730,102450,55683,152904,78152,19382,122,113
2021-06-23T23:59:59+02:00,539,532,28432,30152,70313,71594,67580,69162,73011,80152,79747,83851,50862,63425,41430,57222,10032,20061,11462,12174,30607,35518,33088,37660,37266,46059,55610,61992,34803,44559,36651,50680,9153,18186,625412,404976,100878,54616,152797,76896,18889,122,112
2021-06-22T23:59:59+02:00,516,516,27919,29575,69138,70566,66373,68134,72333,79446,79336,83485,50754,63298,41382,57138,10023,20035,11118,11776,29684,34582,32124,36770,36305,45169,53641,60156,34416,44084,36512,50439,9124,18128,619097,396452,99419,53043,152662,75772,18668,122,111
2021-06-21T23:59:59+02:00,484,482,27257,28916,67821,69393,65188,67003,71572,78667,78940,83093,50647,63189,41323,57049,10009,19994,10827,11467,29059,34000,31573,36202,35702,44581,51795,58497,33707,43283,36217,50014,9094,18052,612300,388885,97923,51846,152540,75101,18144,121,111
2021-06-20T23:59:59+02:00,399,401,26619,28257,66599,68258,64166,66060,70768,77925,78586,82757,50571,63064,41274,56982,10004,19961,10540,11207,28511,33498,31116,35711,35193,44058,49952,56703,33165,42601,36020,49680,9064,17992,605914,381472,96457,51092,152443,74635,17717,121,107
2021-06-19T23:59:59+02:00,367,367,26242,27891,65868,67683,63642,65563,69971,77271,78433,82632,50550,63039,41258,56967,10003,19961,10408,11015,28263,33179,30862,35389,34971,43797,48505,55307,32906,42255,35936,49543,9056,17964,601968,376071,95514,51080,152442,74446,17664,121,107
2021-06-18T23:59:59+02:00,340,334,25784,27433,64856,66947,62904,64951,69053,76434,78043,82297,50488,62964,41231,56931,9999,19953,10194,10778,27860,32753,30533,34976,34583,43403,46775,53641,32554,41740,35799,49332,9037,17930,596566,369218,94272,50792,152434,74234,17550,121,106
2021-06-17T23:59:59+02:00,311,303,25152,26829,63600,65945,61907,64138,67463,75027,77520,81895,50388,62809,41168,56848,9986,19925,9779,10425,27064,32065,29791,34297,33747,42700,45269,52146,32109,41111,35636,49077,9006,17880,590489,361793,91616,49649,152274,73851,16716,120,105
2021-06-16T23:59:59+02:00,277,264,24634,26251,62300,64819,60802,63159,65194,73110,76673,81241,50176,62599,41077,56736,9967,19893,9460,10173,26411,31389,29081,33671,33016,42063,44676,51580,31839,40748,35490,48878,8985,17839,584257,358087,87116,48939,151844,72340,15838,118,105
2021-06-15T23:59:59+02:00,238,233,23998,25569,60900,63614,59718,62173,64034,72028,76169,80822,50053,62451,41027,56640,9960,19863,9201,9906,25810,30655,28443,32912,32338,41340,43114,49951,31394,40194,35319,48645,8955,17775,577156,351380,85489,48048,151381,71082,15347,118,105
2021-06-14T23:59:59+02:00,215,201,23531,24984,59796,62558,58843,61323,62959,71020,75695,80429,49964,62328,40977,56568,9944,19837,8915,9607,25056,29760,27676,32075,31546,40522,41830,48613,31026,39694,35182,48420,8925,17724,571293,345236,83768,47024,151178,69400,14816,118,104
2021-06-13T23:59:59+02:00,210,186,23116,24518,58866,61654,58067,60540,61849,70051,75228,80006,49875,62212,40927,56508,9932,19807,8636,9307,24343,28917,26960,31232,30782,39670,40280,47027,30560,39085,34981,48116,8895,17634,566286,338182,81907,46239,150951,67620,14291,118,102
2021-06-12T23:59:59+02:00,197,169,22887,24254,58317,61155,57707,60261,61207,69408,75028,79893,49851,62181,40915,56494,9929,19803,8520,9191,23864,28332,26443,30663,30266,39111,39201,46054,30392,38905,34885,47951,8891,17623,563396,333980,80950,46236,150942,65732,14251,118,102
2021-06-11T23:59:59+02:00,179,154,22537,23842,57578,60344,57030,59632,60300,68475,74677,79585,49777,62108,40890,56458,9926,19797,8387,9003,23352,27658,25909,30005,29684,38478,38129,45045,30123,38550,34742,47728,8878,17596,558401,329138,79657,45975,150929,63875,14186,117,101
2021-06-10T23:59:59+02:00,164,137,22008,23281,56450,59415,56102,58812,59044,67303,74143,79181,49705,62000,40866,56407,9912,19768,8125,8755,22484,26711,24943,29068,28564,37546,36738,43877,29769,38071,34462,47295,8811,17520,552863,322234,77450,45265,150689,61569,13580,117,99
2021-06-09T23:59:59+02:00,144,124,21385,22728,55188,58317,55030,57895,58089,66397,73680,78785,49618,61899,40815,56345,9898,19737,7839,8490,21566,25845,24006,28173,27532,36599,35018,42091,29383,37570,34277,47026,8769,17430,547094,314798,76004,44538,150332,59661,12528,117,97
2021-06-08T23:59:59+02:00,122,106,20716,22047,53879,57187,53911,56921,57132,65539,73135,78350,49530,61774,40761,56253,9879,19707,7573,8257,20653,24948,22946,27309,26499,35641,33664,40787,29024,37062,33956,46572,8717,17347,540438,308488,75088,43773,149889,57188,11417,117,95
2021-06-07T23:59:59+02:00,105,89,20073,21448,52443,55935,52647,55944,55972,64553,72583,77948,49444,61668,40715,56189,9866,19679,7324,8038,19808,24121,21921,26493,25464,34767,32729,40001,28740,36668,33708,46143,8666,17256,533180,303858,74192,42951,149480,54615,10332,117,95
2021-06-06T23:59:59+02:00,98,83,19565,20914,51294,54844,51542,54965,55010,63599,72076,77545,49357,61591,40678,56126,9859,19663,7115,7838,19020,23228,21019,25620,24395,33785,31815,39184,28454,36328,33452,45753,8617,17181,526846,299289,73169,42212,149143,51678,9536,115,93
2021-06-05T23:59:59+02:00,92,75,19302,20624,50523,54095,50890,54464,54538,63119,71943,77433,49346,61577,40675,56123,9856,19663,6886,7424,18379,22152,20296,24501,23521,32536,30789,37865,28122,35864,33329,45577,8610,17161,522539,292986,73164,42173,149054,48298,9466,115,93
2021-06-04T23:59:59+02:00,82,69,18859,20045,49475,53090,50081,53596,53891,62335,71601,77104,49318,61540,40655,56109,9854,19657,6668,7112,17756,21301,19614,23510,22593,31263,29575,36529,27835,35499,33217,45401,8598,17140,516081,286544,72841,42104,149037,45586,9287,115,93
2021-06-03T23:59:59+02:00,71,58,18187,19373,47959,51790,48873,52476,52928,61321,71106,76645,49251,61434,40617,56061,9841,19632,6380,6722,17021,20256,18818,22360,21593,29848,28411,35049,27291,34717,33011,45075,8561,17065,508349,279803,71828,41356,148763,42363,8569,114,90
2021-06-02T23:59:59+02:00,66,54,17818,18870,46943,50809,48012,51731,52186,60571,70857,76433,49212,61398,40598,56033,9833,19618,6197,6483,16373,19575,17907,21609,20759,28905,27316,33645,26826,34112,32851,44824,8532,16995,502082,273518,71811,41341,148742,39672,8295,112,86
2021-06-01T23:59:59+02:00,55,48,17150,18151,45088,49072,46367,50275,50672,59129,70179,75834,49120,61288,40538,55960,9820,19569,5924,6174,15215,18673,16400,20647,19547,27663,26090,32251,26275,33419,32601,44476,8486,16891,492971,267028,70468,40776,148195,36273,6571,110,86
2021-05-31T23:59:59+02:00,53,44,16674,17669,43780,47932,45158,49176,49434,58017,69503,75323,49041,61185,40494,55890,9808,19533,5647,5855,14173,17842,14999,19730,18377,26558,24868,30909,25758,32702,32406,44179,8452,16792,486725,260737,69304,40231,147728,33348,4848,109,85
2021-05-30T23:59:59+02:00,46,43,16350,17278,42802,46997,44254,48272,48440,57023,68946,74779,48934,61029,40423,55775,9793,19490,5458,5612,13624,17144,14374,19035,17490,25593,23764,29735,24987,31750,32112,43760,8407,16703,480750,254763,68270,39430,147317,31048,4229,108,80
2021-05-29T23:59:59+02:00,46,43,16219,17162,42443,46681,43912,48008,48199,56834,68887,74723,48928,61023,40416,55771,9793,19489,5295,5371,13112,16333,13725,18182,16647,24427,22652,28435,24830,31518,32048,43667,8404,16696,478795,249162,68146,39430,147308,28453,4220,108,79
2021-05-28T23:59:59+02:00,45,41,15920,16860,41746,46053,43401,47444,47693,56292,68615,74427,48862,60941,40389,55722,9790,19484,5055,4986,12573,15416,13042,17318,15781,23193,21550,27000,24581,31149,31954,43533,8394,16679,474512,243116,67643,39324,147281,25509,4181,108,76
2021-05-27T23:59:59+02:00,42,38,15401,16340,40600,45072,42382,46559,46706,55407,68032,73992,48738,60781,40335,55650,9779,19444,4829,4650,11931,14589,12255,16381,14711,22000,20289,25491,24077,30410,31782,43272,8361,16595,468684,235765,66127,38520,146563,23451,3817,107,72
2021-05-26T23:59:59+02:00,40,37,14994,15916,39502,44155,41345,45677,45679,54527,67426,73483,48584,60602,40254,55483,9758,19396,4636,4454,11374,13827,11531,15530,13707,20867,18893,23900,23489,29627,31565,42927,8308,16494,463554,228494,64103,37656,145575,21390,3519,107,72
2021-05-25T23:59:59+02:00,40,36,14603,15513,38495,43269,40376,44819,44732,53609,66816,72951,48403,60363,40175,55351,9733,19342,4430,4252,10831,13182,10770,14747,12639,19630,17458,22394,22905,28847,31332,42603,8251,16401,458245,221126,62522,36716,144464,19474,3288,107,70
2021-05-24T23:59:59+02:00,40,35,14261,15191,37663,42531,39504,44145,43871,52826,66285,72464,48279,60187,40111,55227,9713,19297,4287,4124,10383,12719,10128,14160,11752,18798,16171,21135,22233,28013,31114,42272,8192,16311,453626,214215,61292,35773,143727,18859,2878,107,69
2021-05-23T23:59:59+02:00,36,35,14092,15018,37194,42157,39054,43741,43422,52421,66016,72236,48201,60096,40072,55180,9706,19273,4097,3984,9917,12243,9505,13552,10810,17982,14973,20071,21765,27442,30862,41983,8141,16226,450438,207215,60910,35692,143704,17789,2791,107,68
2021-05-22T23:59:59+02:00,34,33,13896,14801,36503,41591,38373,43285,42851,52013,64996,71223,47995,59838,40002,55067,9696,19252,3985,3689,9701,11827,9351,13226,10568,17535,14704,19670,21671,27325,30828,41943,8134,16217,443986,205992,60907,35689,143689,15867,2760,107,68
2021-05-21T23:59:59+02:00,33,32,13517,14398,35430,40673,37309,42352,41784,51115,63641,69939,47765,59501,39922,54919,9679,19219,3879,3593,9494,11561,9139,12960,10237,17207,14291,19298,21450,27039,30767,41853,8125,16209,434374,204039,60552,35383,143453,14872,2744,105,66
2021-05-20T23:59:59+02:00,30,32,12724,13674,33990,39214,35885,40944,40377,49913,62356,68789,47474,59160,39779,54737,9658,19169,3731,3411,8968,10959,8491,12248,9539,16359,13537,18332,20633,25921,30574,41555,8086,16122,424156,199672,58850,34536,142430,11828,2366,103,66
2021-05-19T23:59:59+02:00,30,31,12189,13110,32810,37792,34782,39562,39253,48953,60352,67018,46995,58602,39596,54475,9617,19063,3628,3278,8695,10581,8194,11875,9099,15851,12899,17666,19769,24792,30348,41253,8030,16007,413314,195428,57327,33722,141323,10589,2164,102,64
2021-05-18T23:59:59+02:00,28,31,11767,12667,31770,36776,33688,38644,38211,48024,58293,65159,46640,58154,39441,54234,9585,19004,3430,3114,8195,9975,7723,11329,8555,15181,12213,16897,18827,23559,30111,40909,7993,15902,404656,191328,55369,32879,140135,7787,1857,99,64
2021-05-17T23:59:59+02:00,26,30,11516,12391,31249,36218,33191,38084,37621,47389,56393,63450,45937,57330,39164,53836,9548,18931,3348,3005,7932,9697,7429,11032,8155,14768,11643,16295,17909,22427,29878,40590,7958,15828,397071,186961,54243,32133,139324,7170,1569,97,63
2021-05-16T23:59:59+02:00,26,30,11294,12138,30727,35712,32727,37588,37100,46817,54496,61621,45390,56631,38970,53518,9521,18875,3248,2906,7644,9405,7107,10689,7682,14304,11064,15711,16977,21276,29668,40300,7920,15759,390101,182679,53275,31287,138658,6583,1052,95,61
2021-05-15T23:59:59+02:00,26,30,11137,11933,30449,35378,32489,37267,36869,46553,52926,60142,45140,56325,38893,53380,9515,18847,3227,2888,7619,9376,7092,10668,7664,14289,11046,15689,16867,21060,29460,39992,7912,15749,384286,181686,53271,31286,138612,6533,1035,95,60
2021-05-14T23:59:59+02:00,26,30,10889,11653,29977,34870,32106,36803,36355,46079,51055,58311,44779,55824,38753,53173,9499,18807,3200,2869,7547,9301,7036,10595,7605,14228,10862,15488,16133,19992,29175,39505,7895,15709,376484,178759,52942,30946,138483,6392,985,95,60
2021-05-13T23:59:59+02:00,23,29,10605,11328,29329,34227,31506,36195,35681,45411,49581,56794,44349,55198,38582,52929,9472,18761,3132,2823,7421,9199,6949,10501,7501,14119,10535,15141,15075,18755,28790,38861,7852,15635,369380,174959,51925,30382,137728,6017,874,93,59
2021-05-12T23:59:59+02:00,23,27,10476,11185,29047,33905,31238,35901,35368,45096,49297,56485,44253,55091,38531,52850,9465,18723,3120,2796,7387,9162,6918,10466,7470,14079,10365,14985,14698,18322,28486,38378,7830,15588,366705,172897,51843,30372,137570,5972,751,92,59
2021-05-11T23:59:59+02:00,22,24,10129,10862,28192,33079,30407,35147,34505,44313,47561,54715,43798,54494,38357,52560,9427,18620,3033,2698,7140,8881,6693,10165,7254,13709,9886,14439,13715,17175,28070,37759,7792,15493,359787,169220,50137,29479,135673,4622,523,92,59
2021-05-10T23:59:59+02:00,21,24,9824,10585,27444,32374,29628,34445,33735,43544,46254,53448,43418,53985,38172,52256,9377,18507,2991,2652,7012,8756,6597,10045,7113,13527,9619,14132,13016,16314,27640,37149,7766,15413,353532,166397,49019,29096,133990,3784,411,89,55
2021-05-09T23:59:59+02:00,20,24,9590,10337,26761,31686,28960,33744,33012,42845,44727,51967,42916,53365,37972,51953,9340,18422,2943,2606,6889,8612,6491,9902,6999,13314,9306,13822,12221,15414,27277,36612,7746,15357,346429,163549,47944,28540,132858,3043,325,85,55
2021-05-08T23:59:59+02:00,20,24,9497,10268,26376,31385,28512,33429,32556,42541,43694,51137,42764,53201,37932,51891,9338,18416,2940,2602,6881,8607,6485,9894,6991,13302,9296,13810,12184,15352,26597,35663,7709,15281,341906,161678,47902,28513,132769,3030,319,85,55
2021-05-07T23:59:59+02:00,19,24,9355,10120,25902,31004,28057,33053,32049,42190,42653,50309,42491,52859,37821,51733,9326,18389,2893,2576,6827,8563,6429,9838,6940,13250,9125,13589,11553,14540,25656,34275,7661,15199,336765,157580,47595,28141,132611,2838,301,82,55
2021-05-06T23:59:59+02:00,17,23,8954,9832,24983,30235,26993,32250,30819,41367,41037,49091,42109,52313,37628,51490,9288,18316,2829,2530,6694,8417,6312,9710,6792,13062,8853,13289,10904,13676,24691,32892,7627,15138,328904,153789,46518,27188,130957,2098,287,79,55
2021-05-05T23:59:59+02:00,17,22,8588,9631,24099,29637,26130,31586,29733,40575,39054,47278,41664,51763,37422,51209,9231,18204,2788,2499,6575,8288,6209,9596,6690,12919,8605,13031,10194,12843,23676,31568,7598,15067,321055,149895,45664,26299,128843,1698,202,79,53
2021-05-04T23:59:59+02:00,17,21,8346,9404,23303,28987,25155,30849,28659,39738,37540,45813,41193,51179,37146,50862,9184,18083,2749,2477,6501,8216,6125,9526,6615,12835,8370,12811,9465,11986,22729,30322,7564,15004,314396,146161,44696,25492,126211,1494,97,79,52
2021-05-03T23:59:59+02:00,17,20,8142,9191,22603,28408,24318,30242,27751,39040,36584,45062,40845,50707,36931,50574,9134,17979,2703,2444,6430,8139,6045,9460,6525,12752,8142,12596,8720,11086,21814,29105,7533,14954,309530,142415,43919,24672,123964,1254,57,78,51
2021-05-02T23:59:59+02:00,17,20,7978,9028,21963,27827,23575,29652,26931,38417,35770,44426,40586,50378,36818,50387,9100,17922,2665,2421,6388,8097,6008,9425,6484,12711,7960,12423,8120,10347,21106,28237,7512,14935,304693,139227,43148,24396,122828,1119,49,77,49
2021-05-01T23:59:59+02:00,16,20,7824,8845,21590,27368,23092,29077,26286,37702,34946,43531,40323,50002,36720,50235,9094,17905,2659,2415,6362,8087,5992,9416,6466,12698,7943,12406,8083,10283,21067,28180,7508,14931,298582,138935,43146,24389,122723,1076,48,77,49
2021-04-30T23:59:59+02:00,16,19,7675,8667,21202,26938,22643,28508,25534,36920,33936,42566,40094,49681,36624,50081,9082,17882,2641,2402,6337,8069,5970,9399,6438,12678,7911,12373,8043,10213,21016,28097,7505,14922,292272,138624,43138,24316,122541,985,41,76,49
2021-04-29T23:59:59+02:00,15,19,7406,8427,20610,26362,21973,27823,24601,35954,32658,41230,39050,48280,36307,49607,9025,17757,2609,2368,6245,7959,5885,9297,6344,12536,7709,12097,7421,9488,20607,27580,7483,14848,283529,136561,42355,23086,121108,742,41,71,47
2021-04-28T23:59:59+02:00,14,17,7132,8212,20088,25890,21337,27223,23714,35107,31260,39778,37889,46693,35964,49116,8963,17617,2539,2320,6135,7837,5775,9166,6242,12384,7491,11825,6732,8642,20191,27005,7442,14777,274847,134109,41583,21791,119476,516,41,67,47
2021-04-27T23:59:59+02:00,13,17,6947,8034,19653,25465,20713,26685,22855,34328,30045,38452,36803,45249,35584,48548,8893,17490,2513,2295,6032,7740,5722,9067,6176,12260,7277,11629,6130,7904,19785,26506,7422,14754,267018,132011,40721,20846,117927,268,41,67,47
2021-04-26T23:59:59+02:00,12,17,6765,7868,19236,25042,20167,26159,22048,33571,28826,37214,35742,43828,35278,48063,8843,17367,2501,2285,5987,7697,5677,9027,6138,12215,7091,11468,5517,7173,19413,26058,7398,14727,259318,130049,39896,20003,116729,236,38,65,47
2021-04-25T23:59:59+02:00,12,16,6660,7732,18898,24771,19786,25819,21435,32950,27839,36259,34609,42397,34963,47633,8801,17285,2489,2278,5969,7673,5658,9010,6117,12190,7054,11441,5390,6990,19078,25595,7382,14683,252112,129426,39182,19263,116470,226,37,64,46
2021-04-24T23:59:59+02:00,12,16,6496,7557,18454,24337,19227,25280,20650,32147,26757,35208,34357,42082,34869,47468,8791,17273,2485,2272,5956,7663,5647,8999,6112,12186,7044,11434,5316,6879,18980,25453,7379,14675,246139,128968,39177,19223,115564,208,37,64,45
2021-04-23T23:59:59+02:00,12,16,6272,7358,18003,23860,18656,24667,19824,31332,25595,34010,33581,40907,34726,47233,8777,17250,2479,2253,5929,7640,5610,8960,6067,12141,6998,11382,5151,6602,18442,24825,7279,14506,238554,127122,38847,18876,114578,186,37,63,44
2021-04-22T23:59:59+02:00,11,15,6057,7150,17399,23271,17863,23884,18774,30306,24273,32577,32541,39553,34481,46879,8739,17172,2465,2238,5885,7586,5560,8876,5990,12063,6923,11311,4867,6182,17727,23949,7160,14312,229511,124954,37928,17910,113409,152,37,60,42
2021-04-21T23:59:59+02:00,11,14,5858,6969,16867,22800,17202,23281,17788,29408,22716,30985,31536,38318,34183,46439,8690,17084,2441,2221,5842,7529,5501,8801,5924,11962,6829,11231,4706,5910,17026,23101,7044,14129,220619,122860,37157,17140,112277,120,37,59,41
2021-04-20T23:59:59+02:00,10,13,5675,6773,16311,22325,16459,22621,16791,28407,21245,29515,30386,36825,33868,45998,8638,16989,2428,2207,5792,7491,5460,8756,5876,11895,6750,11168,4589,5753,16425,22330,6917,13949,211605,121175,36275,16426,110874,112,36,59,38
2021-04-19T23:59:59+02:00,10,13,5488,6615,15776,21894,15780,22061,15798,27530,19851,28115,29010,35187,33549,45518,8579,16871,2418,2192,5768,7458,5423,8722,5837,11849,6670,11092,4463,5591,15780,21619,6809,13787,202889,119534,35497,15762,109167,109,36,56,38
2021-04-18T23:59:59+02:00,9,13,5300,6474,15342,21571,15162,21499,14823,26740,18510,26977,27625,33537,33217,45097,8520,16782,2367,2146,5636,7335,5308,8609,5732,11700,6564,10974,4345,5406,15191,20954,6694,13605,194343,117894,34667,14495,108097,105,36,55,37
2021-04-17T23:59:59+02:00,9,12,5264,6439,15188,21494,14987,21414,14588,26561,18256,26757,27118,32994,33091,44949,8511,16767,2340,2106,5536,7182,5202,8450,5633,11513,6476,10842,4293,5343,14950,20661,6684,13592,193125,116143,34662,14491,106521,97,36,55,37
2021-04-16T23:59:59+02:00,9,12,5201,6384,15011,21343,14774,21254,14306,26315,17838,26346,26075,31764,32958,44740,8490,16744,2294,2056,5419,6993,5065,8266,5479,11269,6279,10622,4088,5110,14304,19868,6586,13447,189780,112890,34372,14093,105321,90,36,55,37
2021-04-15T23:59:59+02:00,7,11,5132,6307,14795,21131,14504,20965,13878,25966,17201,25715,24712,30154,32701,44418,8454,16664,2224,1972,5223,6755,4863,7944,5272,10951,6063,10337,3889,4859,13474,18784,6471,13280,185219,109060,33564,13150,103841,80,36,55,36
2021-04-14T23:59:59+02:00,7,11,5053,6237,14590,20930,14249,20741,13489,25631,16534,25095,23133,28368,32390,44015,8402,16570,2033,1851,5005,6493,4674,7693,5045,10701,5829,10051,3753,4651,12746,17865,6343,13066,180610,105958,32692,11697,102052,73,36,55,36
2021-04-13T23:59:59+02:00,7,11,5001,6188,14387,20798,14012,20559,13148,25335,15964,24592,21429,26521,32072,43601,8372,16465,1947,1798,4838,6304,4489,7473,4842,10445,5624,9814,3615,4486,12229,17249,6220,12905,176385,103561,31816,10582,100171,64,36,54,36
2021-04-12T23:59:59+02:00,7,10,4937,6121,14171,20600,13708,20296,12762,24919,15385,24041,19832,24578,31784,43239,8329,16391,1817,1707,4655,6144,4339,7297,4679,10252,5488,9654,3497,4332,11795,16738,6109,12742,172021,101873,30763,9241,98236,62,36,54,34
2021-04-11T23:59:59+02:00,7,10,4869,6046,13947,20402,13412,20084,12346,24568,14822,23532,18325,22803,31525,42896,8285,16311,1779,1671,4535,6031,4228,7173,4556,10121,5355,9522,3382,4213,11307,16129,5978,12535,167737,100126,29807,8265,96560,60,34,52,31
2021-04-10T23:59:59+02:00,7,10,4864,6039,13928,20388,13403,20073,12329,24550,14798,23512,17635,21881,31235,42478,8267,16284,1775,1658,4523,6020,4213,7159,4543,10107,5302,9456,3281,4100,10754,15294,5849,12337,166666,97986,29780,8265,95151,58,32,52,31
2021-04-09T23:59:59+02:00,7,10,4850,6022,13891,20338,13359,20024,12282,24494,14539,23258,16114,19990,30830,41834,8233,16241,1751,1647,4500,6004,4187,7132,4501,10072,5264,9407,3197,3981,9890,14304,5700,12139,164044,95545,29438,8017,92754,56,30,50,29
2021-04-08T23:59:59+02:00,7,10,4807,5995,13791,20263,13278,19944,12182,24389,14203,22899,14347,17776,30213,40825,8175,16118,1729,1634,4469,5951,4135,7047,4437,9991,5192,9331,3089,3877,9412,13702,5496,11894,160212,93698,28411,7582,90528,55,23,48,29
2021-04-07T23:59:59+02:00,7,10,4776,5966,13686,20180,13181,19857,12079,24286,13822,22538,12837,15925,29567,39854,8120,16021,1711,1621,4415,5884,4049,6974,4350,9908,5104,9232,3001,3782,8663,12606,5260,11489,155795,91142,27534,6813,89315,46,21,47,28
2021-04-06T23:59:59+02:00,7,10,4747,5940,13587,20113,13099,19796,12004,24222,13447,22187,11203,13916,28904,38883,8088,15950,1650,1567,4285,5755,3940,6850,4230,9757,5001,9102,2886,3661,7961,11675,4989,11124,151781,88760,26653,5584,87604,44,19,46,27
2021-04-05T23:59:59+02:00,7,9,4709,5913,13510,20045,13032,19728,11948,24142,13174,21933,9594,11969,28175,37831,8053,15888,1579,1498,4130,5605,3771,6694,4076,9608,4846,8973,2755,3544,7154,10712,4718,10735,148581,86388,25638,3925,85378,41,18,45,27
2021-04-04T23:59:59+02:00,7,9,4695,5896,13499,20025,13024,19710,11941,24122,13077,21863,8571,10709,27728,37191,8028,15831,1577,1495,4122,5599,3770,6689,4071,9603,4844,8965,2750,3535,6919,10246,4634,10610,146857,85430,25634,3925,83375,35,15,45,25
2021-04-03T23:59:59+02:00,7,9,4692,5886,13482,20004,13012,19700,11931,24112,13063,21845,7666,9642,26846,35950,7979,15719,1573,1491,4120,5594,3768,6686,4063,9591,4830,8952,2743,3522,6781,9980,4595,10529,144381,84820,25626,3925,81480,35,14,44,25
2021-04-02T23:59:59+02:00,7,9,4687,5867,13445,19978,12973,19657,11887,24064,12989,21779,7153,8892,25261,33851,7833,15450,1564,1475,4093,5570,3742,6645,4027,9530,4709,8665,2615,3367,6408,9584,4447,10327,139925,82999,25289,3698,80512,35,12,44,25
2021-04-01T23:59:59+02:00,6,8,4639,5808,13352,19834,12855,19507,11736,23908,12393,21333,6593,8187,23756,31878,7707,15212,1498,1429,3983,5445,3675,6573,3959,9463,4631,8562,2520,3229,5895,8899,4277,10053,135737,80734,24150,3292,78773,31,11,41,24
2021-03-31T23:59:59+02:00,6,8,4588,5754,13227,19678,12721,19352,11548,23729,12132,21073,6273,7815,22280,29928,7557,14983,1485,1418,3958,5422,3644,6545,3919,9416,4593,8509,2456,3153,5411,8250,4102,9813,131805,78959,23065,3074,77733,31,8,41,23
2021-03-30T23:59:59+02:00,6,8,4524,5689,13089,19528,12608,19179,11419,23564,11962,20934,6084,7599,20893,28198,7413,14780,1468,1382,3917,5389,3580,6475,3831,9303,4462,8339,2321,2949,4991,7695,3959,9557,128448,76738,22136,2834,76848,19,5,40,23
2021-03-29T23:59:59+02:00,6,8,4485,5651,12970,19435,12541,19095,11336,23461,11812,20800,5928,7399,19474,26518,7285,14579,1408,1341,3862,5344,3506,6406,3716,9159,4313,8149,2199,2808,4432,7026,3807,9281,124867,74091,21272,2623,76600,18,4,40,22
2021-03-28T23:59:59+02:00,6,8,4438,5586,12849,19296,12455,19002,11234,23365,11706,20699,5777,7195,18298,25014,7166,14384,1375,1297,3764,5235,3312,6179,3629,9042,4263,8093,2145,2744,3676,6007,3622,9013,121878,71036,20481,2326,76076,10,4,39,21
2021-03-27T23:59:59+01:00,6,8,4406,5535,12742,19132,12338,18837,11120,23161,11598,20549,5712,7112,18013,24668,7155,14367,1369,1294,3759,5231,3309,6172,3343,8691,4065,7796,2139,2741,3662,5973,3588,8951,120041,69727,20441,2326,75934,6,4,39,21
2021-03-26T23:59:59+01:00,6,7,4370,5482,12630,18940,12204,18635,10966,22930,11438,20338,5549,6897,17407,23873,7055,14217,1367,1293,3754,5224,3286,6156,3324,8671,3850,7346,1962,2335,3399,5688,3438,8716,116935,67462,20102,2319,75865,5,3,39,21
2021-03-25T23:59:59+01:00,6,7,4302,5394,12432,18701,12000,18307,10754,22602,11197,20011,5336,6613,16378,22566,6927,14027,1358,1283,3733,5198,3252,6128,3272,8634,3804,7302,1890,2222,2967,5004,3280,8411,112955,65494,19032,2218,75531,3,3,39,21
2021-03-24T23:59:59+01:00,6,7,4222,5284,12217,18245,11780,17892,10531,22209,10963,19637,5068,6268,15338,21350,6787,13803,1335,1270,3709,5152,3216,6064,3217,8564,3750,7230,1837,2163,2660,4670,3128,8138,109846,64103,17941,1975,73778,3,3,39,20
2021-03-23T23:59:59+01:00,6,7,4166,5219,12050,17900,11581,17538,10338,21841,10739,19349,4932,6074,14699,20534,6648,13630,1320,1263,3694,5133,3195,6046,3192,8513,3713,7188,1802,2104,2431,4400,2920,7815,107490,62771,17213,1933,72506,3,3,39,20
2021-03-22T23:59:59+01:00,6,7,4117,5140,11851,17568,11392,17212,10111,21514,10525,19044,4782,5866,14081,19819,6515,13445,1307,1254,3665,5100,3163,6009,3164,8456,3676,7144,1759,2048,2232,4150,2725,7483,105628,61518,16496,1792,70830,3,3,38,20
2021-03-21T23:59:59+01:00,6,7,4043,5017,11568,17157,11111,16805,9840,21060,10268,18690,4670,5695,13385,19027,6372,13237,1299,1253,3648,5084,3141,5976,3141,8429,3656,7120,1740,2020,2067,3987,2554,7215,103745,60519,15198,1787,68974,3,3,38,19
2021-03-20T23:59:59+01:00,5,7,4015,4948,11425,16823,10986,16489,9699,20758,10092,18407,4544,5535,12756,18077,6234,13021,1298,1252,3648,5082,3138,5975,3138,8423,3651,7115,1736,2015,2035,3925,2531,7173,101550,60324,15193,1787,67037,3,3,38,19
2021-03-19T23:59:59+01:00,5,6,3970,4868,11258,16461,10805,16134,9524,20377,9876,18046,4385,5340,11734,16865,6073,12810,1289,1245,3630,5053,3108,5898,3093,8330,3548,6940,1611,1902,1959,3860,2420,6965,98851,59044,14782,1783,64865,3,3,36,19
2021-03-18T23:59:59+01:00,5,6,3884,4764,11012,16035,10537,15688,9246,19908,9653,17704,4241,5174,11110,16001,5845,12547,1285,1234,3613,5018,3088,5854,3071,8274,3521,6893,1593,1870,1921,3790,2298,6756,97060,58364,13775,1692,62487,3,3,35,18
2021-03-17T23:59:59+01:00,5,6,3712,4649,10717,15616,10271,15328,9004,19546,9402,17356,4121,5007,10298,14759,5583,12124,1284,1231,3599,5000,3081,5834,3062,8240,3506,6869,1590,1845,1897,3761,2188,6569,94413,57857,12233,1677,60820,2,3,35,18
2021-03-16T23:59:59+01:00,5,6,3569,4525,10378,15153,9998,14958,8728,19102,9104,16992,3978,4840,9480,13635,5302,11765,1270,1228,3595,4993,3070,5830,3056,8229,3499,6855,1565,1820,1858,3711,2068,6390,92081,57418,11042,1597,58358,2,3,34,18
2021-03-15T23:59:59+01:00,5,6,3420,4409,10062,14687,9706,14500,8431,18628,8816,16580,3832,4671,8771,12570,5079,11445,1260,1220,3575,4981,3058,5806,3035,8190,3479,6813,1550,1807,1841,3679,1955,6204,90118,56836,9679,1596,55787,2,2,32,18
2021-03-14T23:59:59+01:00,5,6,3349,4320,9797,14252,9452,14097,8114,18136,8536,16185,3669,4484,7971,11337,4772,10992,1246,1214,3554,4963,3037,5764,3013,8110,3451,6745,1524,1755,1781,3553,1790,5815,87812,56308,8661,988,52972,2,0,29,18
2021-03-13T23:59:59+01:00,5,6,3268,4065,9484,13583,9206,13512,7886,17552,8329,15746,3559,4381,7780,11042,4724,10904,1246,1214,3554,4963,3037,5764,3012,8109,3449,6743,1520,1754,1779,3549,1789,5814,87155,56289,8661,988,49187,2,0,29,18
2021-03-12T23:59:59+01:00,5,6,3207,3929,9237,13043,8968,12983,7653,16916,7971,14994,3395,4211,7397,10632,4586,10716,1242,1211,3549,4949,3034,5761,3005,8101,3445,6737,1493,1725,1758,3533,1691,5637,85380,55865,8415,987,46025,2,0,29,18
2021-03-11T23:59:59+01:00,5,6,3056,3661,8860,12283,8664,12309,7320,16132,7628,14350,3236,4007,6840,9913,4397,10405,1223,1201,3516,4905,2990,5684,2970,7977,3394,6639,1448,1671,1679,3333,1495,5123,82927,55122,7968,110,42149,1,0,28,16
2021-03-10T23:59:59+01:00,5,6,2991,3553,8361,11776,7984,11828,7000,15641,7328,13759,3076,3849,6281,9217,4226,10130,1212,1187,3486,4847,2959,5607,2934,7838,3340,6517,1410,1631,1620,3237,1379,4844,81104,53946,7418,87,38463,0,0,26,16
2021-03-09T23:59:59+01:00,5,5,2886,3379,7677,11323,7088,11341,6580,15026,6964,13151,2846,3550,5773,8586,4070,9854,1207,1183,3464,4802,2931,5542,2917,7786,3322,6471,1396,1607,1585,3194,1274,4647,78809,53262,6057,53,35212,0,0,26,14
2021-03-08T23:59:59+01:00,5,5,2712,3143,7035,10778,6277,10862,6180,14498,6570,12582,2635,3339,5171,7850,3925,9586,1200,1177,3443,4736,2906,5466,2878,7691,3290,6395,1389,1598,1582,3186,1269,4644,75990,52786,4917,51,32221,0,0,25,14
2021-03-07T23:59:59+01:00,5,5,2600,3010,6704,10277,5866,10319,5884,14049,6330,12193,2537,3247,4407,6786,3709,9305,1197,1174,3440,4731,2901,5454,2874,7674,3282,6382,1384,1585,1561,3146,1254,4603,72737,52580,4087,49,30385,0,0,24,14
2021-03-06T23:59:59+01:00,5,5,2555,2868,6520,9823,5666,9902,5408,13191,5955,11453,2516,3219,4401,6775,3708,9302,1197,1173,3437,4725,2899,5453,2873,7673,3281,6379,1382,1582,1561,3144,1253,4603,71505,52554,4087,49,27656,0,0,24,13
2021-03-05T23:59:59+01:00,5,5,2463,2612,6306,9239,5452,9507,5231,12623,5570,10473,2290,2754,4022,6393,3571,9085,1185,1170,3419,4709,2894,5440,2865,7655,3269,6360,1369,1574,1560,3140,1248,4599,69173,52397,3854,49,24550,0,0,24,11
2021-03-04T23:59:59+01:00,5,5,2387,2407,6091,8803,5291,9164,5049,12201,5394,10095,2198,2584,3469,5568,3407,8748,1174,1155,3376,4609,2861,5373,2833,7557,3238,6285,1349,1567,1546,3126,1239,4588,67126,51820,3413,48,22303,0,0,24,9
2021-03-03T23:59:59+01:00,4,5,2329,2355,5921,8388,5120,8801,4835,11750,5204,9648,2115,2477,3067,5130,3248,8456,1154,1147,3341,4561,2824,5308,2793,7458,3190,6211,1329,1542,1527,3095,1233,4570,65699,51232,3169,44,19962,0,0,23,8
2021-03-02T23:59:59+01:00,4,5,2275,2266,5761,8053,4962,8547,4671,11348,5044,9330,2049,2386,2763,4775,3031,8132,1149,1137,3323,4540,2809,5281,2776,7409,3182,6183,1324,1532,1509,3076,1230,4564,64343,50973,2911,44,18125,0,0,23,8
2021-03-01T23:59:59+01:00,4,5,2249,2239,5656,7837,4862,8401,4587,11195,4943,9157,1994,2308,2466,4452,2843,7816,1143,1134,3309,4522,2797,5252,2760,7363,3169,6156,1318,1529,1502,3068,1228,4559,63075,50758,2690,44,17226,0,0,23,8
2021-02-28T23:59:59+01:00,3,5,2197,2196,5477,7575,4686,8180,4450,11009,4833,9028,1954,2244,2172,4149,2641,7509,1134,1128,3294,4512,2790,5245,2755,7350,3162,6142,1313,1526,1495,3051,1227,4528,61962,50602,2389,44,15934,0,0,23,7
2021-02-27T23:59:59+01:00,3,5,2110,1888,5301,7150,4587,7870,4367,10660,4761,8778,1926,2183,2141,4102,2621,7455,1130,1124,3292,4510,2786,5243,2751,7347,3157,6138,1312,1526,1495,3050,1226,4527,61723,50567,2389,41,13773,0,0,23,7
2021-02-26T23:59:59+01:00,3,5,2053,1810,5156,6911,4441,7610,4217,10395,4552,8495,1798,2075,2080,4062,2514,7275,1109,1111,3275,4476,2774,5205,2739,7294,3136,6084,1306,1515,1491,3042,1225,4525,60393,50261,2383,40,12653,0,0,23,7
2021-02-25T23:59:59+01:00,3,5,1938,1710,4832,6508,4013,7150,3933,9879,4319,8114,1740,2017,2048,4002,2404,7082,1093,1095,3236,4433,2743,5153,2693,7187,3097,5993,1296,1499,1475,3002,1212,4466,59919,49630,2276,38,9479,0,0,23,6
2021-02-24T23:59:59+01:00,3,5,1909,1650,4716,6294,3908,6936,3812,9636,4194,7954,1718,1984,2016,3960,2292,6884,1080,1090,3209,4370,2707,5087,2667,7103,3068,5922,1280,1482,1450,2954,1200,4397,59371,49035,2030,27,8447,0,0,23,5
2021-02-23T23:59:59+01:00,3,5,1685,1503,4343,5805,3628,6544,3592,9257,4038,7669,1688,1952,1972,3913,2179,6700,1061,1078,3171,4342,2679,5029,2641,7027,3033,5863,1260,1462,1423,2919,1190,4347,58915,48509,1983,13,5555,0,0,23,4
2021-02-22T23:59:59+01:00,3,5,1676,1484,4293,5746,3592,6481,3527,9162,3976,7574,1656,1925,1946,3862,2061,6503,1057,1065,3150,4297,2659,4990,2616,6967,3004,5810,1248,1448,1413,2909,1182,4338,58371,48142,1840,8,5238,0,0,23,4
2021-02-21T23:59:59+01:00,3,5,1664,1480,4263,5712,3549,6443,3486,9108,3932,7524,1647,1918,1941,3853,1940,6342,1051,1054,3129,4259,2629,4940,2600,6898,2975,5721,1235,1432,1393,2849,1158,4261,58029,47573,1834,8,4925,0,0,22,4
2021-02-20T23:59:59+01:00,3,5,1663,1479,4258,5709,3547,6442,3486,9106,3930,7523,1642,1916,1939,3849,1939,6342,1051,1054,3127,4257,2629,4940,2599,6897,2975,5721,1235,1431,1392,2849,1158,4261,58012,47565,1834,8,4910,0,0,22,4
2021-02-19T23:59:59+01:00,3,5,1645,1472,4246,5690,3536,6428,3475,9096,3920,7508,1615,1887,1918,3831,1839,6163,1050,1053,3126,4256,2628,4939,2599,6895,2972,5719,1235,1430,1392,2847,1158,4261,57594,47550,1828,8,4835,0,0,20,3
2021-02-18T23:59:59+01:00,3,5,1601,1441,4150,5580,3463,6325,3387,8932,3833,7368,1593,1852,1884,3763,1709,5966,1005,1010,2986,4031,2501,4667,2488,6557,2865,5454,1204,1387,1361,2761,1132,4113,56948,45513,1738,8,4149,0,0,20,2
2021-02-17T23:59:59+01:00,3,4,1579,1412,4054,5430,3379,6174,3269,8697,3706,7168,1541,1783,1812,3662,1592,5661,948,960,2833,3808,2384,4354,2361,6145,2736,5142,1154,1325,1316,2654,1086,3952,55740,43149,1727,7,3439,0,0,20,2
2021-02-16T23:59:59+01:00,3,4,1505,1345,3895,5233,3242,5992,3161,8465,3584,7002,1518,1760,1777,3632,1479,5455,862,928,2701,3650,2285,4143,2235,5823,2606,4889,1098,1234,1173,2353,833,3344,55055,40151,1711,4,2268,0,0,18,2
2021-02-15T23:59:59+01:00,3,4,1490,1327,3849,5146,3183,5905,3104,8350,3518,6896,1507,1746,1762,3609,1471,5435,827,906,2620,3521,2209,3963,2151,5545,2518,4677,1055,1170,1087,2179,769,3129,54590,38323,1709,2,1989,0,0,17,1
2021-02-14T23:59:59+01:00,3,4,1424,1299,3764,5069,3140,5796,3048,8196,3474,6787,1487,1715,1710,3482,1416,5189,818,900,2572,3454,2170,3895,2097,5425,2452,4571,1028,1134,1002,2007,698,2894,54348,37114,1099,2,1539,0,0,17,1
2021-02-13T23:59:59+01:00,3,4,1422,1298,3756,5063,3133,5795,3045,8194,3471,6785,1486,1711,1710,3480,1414,5189,818,900,2572,3454,2170,3894,2095,5424,2451,4571,1026,1133,1002,2007,698,2894,54328,37109,1098,0,1516,0,0,17,0
2021-02-12T23:59:59+01:00,3,3,1388,1282,3718,5029,3111,5775,3023,8161,3452,6740,1470,1700,1702,3463,1405,5170,811,892,2538,3400,2136,3849,2066,5371,2433,4540,1025,1132,1001,2006,697,2892,54103,36789,1096,0,1380,0,0,16,0
2021-02-11T23:59:59+01:00,3,3,1341,1239,3605,4858,3020,5603,2925,7851,3353,6528,1410,1642,1635,3285,1321,4844,774,829,2283,2955,1910,3372,1834,4624,2161,4011,942,1065,915,1817,649,2630,53476,32771,131,0,845,0,0,14,0
2021-02-10T23:59:59+01:00,3,3,1321,1216,3546,4750,2956,5499,2883,7701,3299,6397,1392,1625,1608,3246,1308,4807,696,772,1991,2546,1700,2924,1597,4015,1905,3550,833,921,752,1445,521,2142,52828,28310,129,0,590,0,0,13,0
2021-02-09T23:59:59+01:00,3,2,1308,1198,3491,4681,2926,5430,2863,7608,3262,6329,1385,1611,1580,3223,1298,4794,648,694,1730,2190,1506,2535,1412,3514,1735,3186,801,888,730,1372,500,2029,52520,25470,124,0,335,0,0,13,0
2021-02-08T23:59:59+01:00,3,2,1294,1194,3462,4651,2907,5392,2842,7556,3243,6299,1374,1605,1571,3198,1296,4776,635,660,1579,1954,1365,2281,1280,3206,1576,2926,762,868,684,1267,468,1860,52223,23371,98,0,332,0,0,12,0
2021-02-07T23:59:59+01:00,3,2,1162,1151,3356,4595,2853,5349,2815,7518,3218,6261,1364,1588,1563,3176,1291,4744,488,516,1311,1599,1125,1832,1070,2614,1349,2406,659,742,603,1107,423,1645,51930,19489,71,0,0,0,0,8,0
2021-02-06T23:59:59+01:00,3,2,1158,1149,3354,4593,2849,5347,2808,7515,3214,6257,1363,1586,1563,3174,1290,4743,364,368,1112,1349,989,1529,930,2206,1184,1990,572,645,576,1090,421,1642,51889,16967,71,0,0,0,0,8,0
2021-02-05T23:59:59+01:00,3,1,1147,1138,3338,4572,2842,5320,2796,7472,3196,6211,1357,1578,1560,3168,1289,4743,262,206,927,1034,841,1159,755,1755,1010,1582,460,541,549,1070,418,1638,51652,14207,71,0,0,0,0,8,0
2021-02-04T23:59:59+01:00,3,1,1131,1120,3293,4524,2801,5245,2753,7341,3148,6127,1343,1563,1546,3136,1279,4716,133,81,624,660,550,740,514,1148,669,988,283,360,452,925,380,1490,51014,9997,48,0,0,0,0,8,0
2021-02-03T23:59:59+01:00,3,1,1110,1114,3268,4479,2772,5203,2731,7289,3118,6070,1334,1554,1522,3096,1273,4670,115,65,496,509,418,597,413,906,512,743,234,280,353,725,297,1159,50555,7822,45,0,0,0,0,7,0
2021-02-02T23:59:59+01:00,3,1,1089,1101,3231,4447,2742,5149,2705,7213,3084,6006,1311,1526,1488,3039,1248,4581,105,56,413,413,346,519,365,818,459,661,213,257,308,655,272,1038,49913,6898,44,0,0,0,0,7,0
2021-02-01T23:59:59+01:00,3,1,1073,1090,3212,4394,2711,5088,2673,7086,3054,5910,1291,1498,1463,3003,1232,4518,78,41,314,308,254,395,273,612,326,498,175,209,244,519,211,807,49250,5264,44,0,0,0,0,6,0
2021-01-31T23:59:59+01:00,3,1,1068,1080,3197,4365,2686,5044,2657,7030,3040,5866,1281,1481,1443,2940,1209,4440,68,40,288,284,228,348,252,569,296,459,156,191,204,423,170,651,48781,4627,44,0,0,0,0,6,0
2021-01-30T23:59:59+01:00,3,1,1067,1080,3194,4361,2685,5044,2656,7029,3040,5865,1281,1480,1442,2940,1209,4440,68,37,281,270,216,332,247,558,292,453,155,188,203,423,170,651,48770,4544,41,0,0,0,0,6,0
2021-01-29T23:59:59+01:00,3,1,1066,1079,3193,4357,2685,5042,2655,7027,3037,5863,1281,1480,1442,2939,1209,4440,64,33,263,256,193,312,231,541,281,445,149,184,199,417,169,649,48752,4386,41,0,0,0,0,6,0
2021-01-28T23:59:59+01:00,3,1,1046,1059,3126,4251,2630,4931,2597,6871,2969,5732,1267,1458,1428,2873,1187,4320,54,18,166,154,127,188,162,357,207,281,118,141,153,259,96,372,47707,2853,38,0,0,0,0,4,0
2021-01-27T23:59:59+01:00,3,1,1001,1021,3040,4107,2549,4751,2502,6589,2885,5531,1236,1414,1392,2784,1154,4180,26,7,100,71,57,93,83,209,117,147,88,109,109,190,71,264,46108,1741,28,0,0,0,0,4,0
2021-01-26T23:59:59+01:00,2,1,924,991,2924,3972,2470,4566,2420,6410,2815,5376,1210,1364,1302,2632,941,3785,26,7,95,70,56,92,81,209,115,146,87,108,109,190,71,264,44084,1726,17,0,0,0,0,4,0
2021-01-25T23:59:59+01:00,2,1,908,974,2845,3843,2424,4419,2360,6213,2756,5225,1192,1342,1288,2607,931,3752,26,7,94,70,54,91,81,209,115,144,87,108,109,190,71,264,43067,1720,12,0,0,0,0,3,0
2021-01-24T23:59:59+01:00,2,1,898,970,2825,3828,2414,4387,2334,6174,2723,5164,1179,1336,1279,2585,918,3718,26,7,94,70,54,91,81,209,114,144,86,108,109,190,71,264,42723,1718,9,0,0,0,0,3,0
2021-01-23T23:59:59+01:00,2,1,898,970,2825,3827,2414,4387,2333,6173,2722,5164,1177,1335,1279,2585,918,3718,26,7,94,70,54,91,81,209,114,144,86,108,109,190,71,262,42718,1716,8,0,0,0,0,2,0
2021-01-22T23:59:59+01:00,2,1,892,963,2793,3781,2380,4322,2302,6098,2701,5117,1175,1333,1278,2583,917,3715,26,7,94,70,54,91,81,209,114,144,86,108,109,190,71,262,42345,1716,8,0,0,0,0,0,0
2021-01-21T23:59:59+01:00,2,1,876,895,2536,3365,2179,3905,2122,5491,2478,4633,1124,1287,1234,2462,887,3563,22,7,83,64,50,74,68,169,94,133,77,95,96,143,64,210,39032,1449,8,0,0,0,0,0,0
2021-01-20T23:59:59+01:00,2,1,801,833,2224,2959,1972,3439,1890,4883,2224,4156,1012,1147,1076,2117,774,3101,22,7,83,64,50,73,68,169,93,133,77,95,96,143,63,210,34603,1446,8,0,0,0,0,0,0
2021-01-19T23:59:59+01:00,2,1,741,755,1933,2513,1730,2977,1656,4223,1981,3684,939,1052,956,1842,677,2752,11,3,50,45,31,45,35,100,44,77,34,36,48,76,39,137,30407,811,7,0,0,0,0,0,0
2021-01-18T23:59:59+01:00,2,1,672,699,1704,2114,1493,2505,1408,3539,1728,3179,860,966,861,1639,625,2491,5,2,19,11,13,20,17,54,17,33,17,21,25,52,28,75,26482,409,4,0,0,0,0,0,0
2021-01-17T23:59:59+01:00,1,1,492,539,1388,1711,1214,1971,1153,2804,1449,2558,721,815,713,1358,515,2122,0,1,3,2,0,0,0,0,0,0,0,0,0,0,0,0,21522,6,3,0,0,0,0,0,0
2021-01-16T23:59:59+01:00,1,0,370,392,1206,1464,1094,1684,1013,2406,1293,2151,635,717,686,1342,513,2121,0,0,0,0,0,0,0,0,0,0,0,0,0,0,0,0,19086,0,2,0,0,0,0,0,0
2021-01-15T23:59:59+01:00,1,0,265,229,1021,1164,945,1337,845,1958,1114,1750,518,608,648,1309,502,2082,0,0,0,0,0,0,0,0,0,0,0,0,0,0,0,0,16295,0,1,0,0,0,0,0,0
2021-01-14T23:59:59+01:00,0,0,150,101,705,778,652,867,610,1300,750,1132,332,421,539,1127,452,1859,0,0,0,0,0,0,0,0,0,0,0,0,0,0,0,0,11775,0,0,0,0,0,0,0,0
2021-01-13T23:59:59+01:00,0,0,126,80,594,608,528,699,493,1043,592,867,280,347,454,960,395,1591,0,0,0,0,0,0,0,0,0,0,0,0,0,0,0,0,9657,0,0,0,0,0,0,0,0
2021-01-12T23:59:59+01:00,0,0,115,64,510,521,448,597,429,914,521,763,245,298,370,768,329,1243,0,0,0,0,0,0,0,0,0,0,0,0,0,0,0,0,8135,0,0,0,0,0,0,0,0
2021-01-11T23:59:59+01:00,0,0,86,51,415,422,363,486,344,740,414,591,211,247,310,640,270,1046,0,0,0,0,0,0,0,0,0,0,0,0,0,0,0,0,6636,0,0,0,0,0,0,0,0
2021-01-10T23:59:59+01:00,0,0,72,44,350,348,297,405,288,643,344,524,185,218,250,507,213,815,0,0,0,0,0,0,0,0,0,0,0,0,0,0,0,0,5503,0,0,0,0,0,0,0,0
2021-01-09T23:59:59+01:00,0,0,72,42,335,328,273,383,280,627,336,517,184,217,249,505,213,815,0,0,0,0,0,0,0,0,0,0,0,0,0,0,0,0,5376,0,0,0,0,0,0,0,0
2021-01-08T23:59:59+01:00,0,0,68,36,301,295,227,342,252,586,309,478,166,197,224,447,192,715,0,0,0,0,0,0,0,0,0,0,0,0,0,0,0,0,4835,0,0,0,0,0,0,0,0
2021-01-07T23:59:59+01:00,0,0,57,24,211,198,159,242,193,419,240,341,137,158,170,290,121,447,0,0,0,0,0,0,0,0,0,0,0,0,0,0,0,0,3407,0,0,0,0,0,0,0,0
2021-01-06T23:59:59+01:00,0,0,47,15,161,120,112,161,143,293,177,241,107,126,129,224,82,314,0,0,0,0,0,0,0,0,0,0,0,0,0,0,0,0,2452,0,0,0,0,0,0,0,0
2021-01-05T23:59:59+01:00,0,0,29,7,96,72,58,94,85,210,116,149,97,118,120,206,81,293,0,0,0,0,0,0,0,0,0,0,0,0,0,0,0,0,1831,0,0,0,0,0,0,0,0
2021-01-04T23:59:59+01:00,0,0,27,7,96,71,55,92,85,210,116,147,97,117,120,206,81,293,0,0,0,0,0,0,0,0,0,0,0,0,0,0,0,0,1820,0,0,0,0,0,0,0,0
2021-01-03T23:59:59+01:00,0,0,27,7,96,71,55,92,85,210,115,147,96,117,120,206,81,293,0,0,0,0,0,0,0,0,0,0,0,0,0,0,0,0,1818,0,0,0,0,0,0,0,0
2021-01-02T23:59:59+01:00,0,0,27,7,96,71,55,92,85,210,114,147,96,117,120,206,81,292,0,0,0,0,0,0,0,0,0,0,0,0,0,0,0,0,1816,0,0,0,0,0,0,0,0
2021-01-01T23:59:59+01:00,0,0,27,7,96,71,55,92,85,210,113,146,96,117,120,206,81,292,0,0,0,0,0,0,0,0,0,0,0,0,0,0,0,0,1814,0,0,0,0,0,0,0,0
2020-12-31T23:59:59+01:00,0,0,27,7,96,71,55,92,85,210,112,146,96,117,120,206,81,292,0,0,0,0,0,0,0,0,0,0,0,0,0,0,0,0,1813,0,0,0,0,0,0,0,0
2020-12-30T23:59:59+01:00,0,0,27,7,96,71,54,92,85,210,112,146,96,117,120,206,80,292,0,0,0,0,0,0,0,0,0,0,0,0,0,0,0,0,1811,0,0,0,0,0,0,0,0
2020-12-29T23:59:59+01:00,0,0,15,2,64,53,32,61,49,136,64,89,46,50,67,121,51,197,0,0,0,0,0,0,0,0,0,0,0,0,0,0,0,0,1097,0,0,0,0,0,0,0,0
2020-12-28T23:59:59+01:00,0,0,5,2,36,26,19,30,21,67,25,41,19,22,26,47,28,74,0,0,0,0,0,0,0,0,0,0,0,0,0,0,0,0,488,0,0,0,0,0,0,0,0
2020-12-27T23:59:59+01:00,0,0,0,0,7,5,7,2,1,5,0,2,0,1,2,2,4,6,0,0,0,0,0,0,0,0,0,0,0,0,0,0,0,0,44,0,0,0,0,0,0,0,0
