Datum,<15_m,<15_w,15-24_1_m,15-24_1_w,25-34_1_m,25-34_1_w,35-44_1_m,35-44_1_w,45-54_1_m,45-54_1_w,55-64_1_m,55-64_1_w,65-74_1_m,65-74_1_w,75-84_1_m,75-84_1_w,>84_1_m,>84_1_w,<24_2_m,<24_2_w,25-34_2_m,25-34_2_w,35-44_2_m,35-44_2_w,45-54_2_m,45-54_2_w,55-64_2_m,55-64_2_w,65-74_2_m,65-74_2_w,75-84_2_m,75-84_2_w,>84_2_m,>84_2_w,bp_1,bp_2,mo_1,mo_2,az_1,az_2,ja,unb_1,unb_2
2021-08-11T23:59:59+02:00,6937,6631,55172,55803,98134,96224,90539,90144,88677,94334,89607,92131,54346,67595,43138,59801,10427,20998,45161,45979,87697,85260,81215,80137,81384,86646,84074,86811,51877,64484,41502,57302,9960,19858,761760,690769,131332,117680,158165,139639,69291,90,82
2021-08-10T23:59:59+02:00,6881,6587,55003,55655,97943,96093,90387,90010,88562,94233,89531,92064,54312,67555,43124,59773,10424,20989,44751,45538,87079,84671,80630,79623,80989,86282,83841,86604,51770,64385,41450,57220,9948,19831,760791,687582,131240,116747,158146,139330,68859,90,82
2021-08-09T23:59:59+02:00,6833,6534,54839,55497,97765,95953,90251,89885,88441,94147,89433,92006,54279,67512,43100,59742,10418,20975,44220,45010,86269,84011,79957,79055,80589,85945,83556,86383,51667,64257,41395,57122,9935,19791,759872,683892,131169,115692,158138,138994,68341,90,82
2021-08-08T23:59:59+02:00,6771,6470,54627,55319,97579,95779,90083,89731,88317,94038,89347,91938,54228,67471,43076,59711,10411,20954,43638,44426,85236,83111,79079,78260,80064,85481,83242,86093,51540,64110,41337,57036,9923,19766,758750,678955,131061,114517,158118,138688,67831,90,82
2021-08-07T23:59:59+02:00,6727,6424,54492,55197,97454,95672,89964,89633,88230,93980,89287,91901,54212,67447,43072,59701,10408,20950,42817,43560,84917,82785,78620,77827,79715,85134,83062,85956,51479,64029,41316,57001,9918,19757,758119,675323,130995,113376,158114,138581,67433,90,81
2021-08-06T23:59:59+02:00,6672,6375,54312,55057,97242,95499,89818,89507,88110,93872,89198,91834,54173,67420,43063,59678,10404,20947,41907,42687,84474,82341,78034,77275,79333,84759,82877,85809,51429,63965,41289,56971,9910,19746,757200,671427,130907,112099,158107,138447,66877,90,81
2021-08-05T23:59:59+02:00,6609,6310,54014,54832,96972,95254,89584,89307,87918,93695,89035,91709,54113,67334,43034,59627,10395,20928,40700,41550,83766,81684,77278,76492,78750,84205,82529,85509,51303,63809,41228,56873,9895,19714,755687,665958,130784,110487,158096,137913,66013,90,81
2021-08-04T23:59:59+02:00,6538,6262,53795,54664,96754,95058,89424,89155,87795,93567,88932,91624,54061,67285,42999,59584,10393,20918,40246,41080,82588,80654,75961,75358,78271,83767,82223,85269,51168,63672,41173,56792,9880,19689,754492,660846,130687,108987,158083,137460,65456,90,81
2021-08-03T23:59:59+02:00,6475,6200,53540,54474,96532,94869,89257,89001,87657,93422,88791,91504,53985,67204,42964,59526,10385,20910,39813,40676,81348,79521,74549,74169,77674,83203,81683,84781,50959,63470,41073,56637,9867,19654,753158,655098,130586,107286,158062,136756,64800,90,81
2021-08-02T23:59:59+02:00,6415,6137,53307,54281,96281,94664,89049,88836,87502,93282,88652,91390,53905,67137,42933,59478,10382,20890,39355,40212,80053,78424,73007,72963,77059,82638,81144,84306,50790,63271,40999,56519,9850,19621,751786,649120,130445,105525,158041,136158,64159,90,81
2021-08-01T23:59:59+02:00,6351,6052,53044,54021,96029,94405,88825,88669,87304,93140,88489,91280,53846,67055,42897,59428,10375,20883,38845,39725,78768,77349,71606,71867,76177,81890,80562,83849,50609,63035,40917,56416,9840,19597,750234,643004,130255,103632,158021,135551,63493,90,81
2021-07-31T23:59:59+02:00,6316,6014,52930,53932,95915,94314,88724,88600,87216,93071,88445,91245,53835,67046,42891,59424,10375,20882,37902,38721,78326,76909,71077,71317,75795,81561,80448,83753,50590,63002,40899,56405,9840,19594,749769,638380,130092,102760,158019,135455,63205,90,81
2021-07-30T23:59:59+02:00,6263,5981,52764,53795,95761,94144,88576,88457,87091,92960,88364,91176,53798,67016,42879,59406,10373,20880,36914,37682,77638,76273,70335,70590,75285,81039,80049,83432,50516,62914,40867,56345,9834,19583,748912,632272,129782,101630,158016,135248,62884,90,81
2021-07-29T23:59:59+02:00,6212,5924,52535,53616,95515,93922,88369,88251,86928,92792,88227,91055,53743,66953,42857,59374,10366,20862,35680,36475,76596,75404,69288,69641,74487,80298,79512,83013,50385,62752,40801,56251,9817,19556,747719,624600,129318,100083,158002,134694,62372,90,81
2021-07-28T23:59:59+02:00,6176,5872,52342,53455,95316,93723,88230,88075,86812,92653,88120,90965,53687,66883,42825,59326,10357,20834,35079,35899,75449,74440,68018,68537,73732,79589,79022,82562,50249,62552,40733,56149,9801,19519,746602,618343,128882,98678,157983,133917,62094,90,81
2021-07-27T23:59:59+02:00,6128,5833,52111,53236,95058,93518,88054,87893,86657,92504,88001,90867,53636,66814,42781,59265,10343,20786,34433,35177,74009,73211,66571,67326,72877,78741,78481,82055,50080,62344,40653,56029,9778,19476,745225,611166,128463,97229,157961,132686,61746,90,80
2021-07-26T23:59:59+02:00,6071,5783,51899,53036,94824,93330,87863,87730,86501,92370,87871,90771,53575,66734,42752,59211,10336,20765,33682,34381,72506,71884,65214,66094,71837,77762,77893,81529,49913,62132,40575,55884,9757,19432,743918,603192,128041,95698,157945,131630,61428,90,80
2021-07-25T23:59:59+02:00,6033,5741,51706,52846,94572,93108,87699,87550,86352,92242,87763,90677,53525,66671,42724,59167,10326,20730,32978,33645,71169,70687,64113,65084,70835,76856,77428,81084,49797,61949,40511,55797,9751,19398,742582,596298,127767,94132,157926,130840,61067,90,80
2021-07-24T23:59:59+02:00,5947,5686,51436,52561,94269,92799,87454,87338,86177,92087,87666,90598,53495,66637,42713,59144,10326,20724,32494,33176,70320,70003,63445,64533,69962,76159,77224,80932,49744,61907,40490,55772,9751,19396,740742,591956,127712,93203,157924,130717,60589,90,80
2021-07-23T23:59:59+02:00,5892,5631,51173,52296,93885,92528,87167,87124,85997,91908,87532,90503,53462,66590,42705,59126,10323,20718,31993,32565,69270,69165,62667,63872,69056,75316,76823,80607,49669,61809,40458,55735,9744,19382,738737,586431,127644,92045,157917,130542,60172,90,80
2021-07-22T23:59:59+02:00,5823,5567,50765,51905,93434,92094,86788,86803,85694,91616,87316,90324,53377,66498,42676,59068,10314,20693,31309,31864,67981,68182,61628,62999,67440,73968,76178,80103,49518,61605,40368,55625,9723,19344,735775,580094,127411,89295,157891,129780,59588,90,80
2021-07-21T23:59:59+02:00,5772,5517,50414,51537,93009,91691,86491,86512,85446,91377,87148,90144,53294,66417,42618,59002,10303,20666,30720,31245,66652,67148,60552,62107,65404,72287,75275,79361,49228,61297,40209,55437,9699,19289,733058,573862,127179,85004,157866,128697,59165,90,80
2021-07-20T23:59:59+02:00,5713,5455,50034,51154,92558,91232,86131,86193,85185,91131,86932,89951,53204,66285,42574,58945,10297,20641,30075,30621,65208,65979,59414,61156,64221,71229,74664,78809,49024,61065,40103,55280,9677,19228,730168,566875,126963,83350,157816,127677,58578,90,80
2021-07-19T23:59:59+02:00,5634,5381,49574,50706,92092,90768,85769,85868,84937,90919,86728,89776,53111,66168,42538,58867,10280,20605,29545,30064,64058,64930,58500,60293,63070,70196,74071,78296,48850,60871,40013,55138,9650,19183,726946,561149,126739,81554,157783,126494,58163,90,80
2021-07-18T23:59:59+02:00,5566,5314,48755,49905,91044,89746,85053,85264,84470,90500,86439,89487,53005,66021,42475,58771,10270,20574,28999,29487,62891,63867,57579,59382,61899,69171,73527,77799,48705,60711,39955,55055,9638,19155,720601,555353,126414,79535,157767,125696,57787,90,80
2021-07-17T23:59:59+02:00,5392,5128,48406,49577,90901,89613,84859,85105,84316,90365,86330,89404,52983,65995,42464,58759,10269,20571,28622,29120,62253,63274,57034,58956,61141,68437,73221,77558,48596,60593,39915,54997,9628,19144,719433,552370,126238,78569,157760,125078,56916,90,80
2021-07-16T23:59:59+02:00,5295,5037,48087,49297,90637,89395,84615,84904,84114,90181,86192,89295,52942,65964,42445,58745,10266,20566,28135,28632,61324,62368,56189,58272,60088,67403,72718,77141,48437,60406,39870,54929,9623,19135,718068,547454,126069,77250,157749,124340,56001,90,80
2021-07-15T23:59:59+02:00,5160,4907,47618,48896,90250,89029,84262,84528,83816,89906,85975,89130,52864,65874,42392,58677,10256,20540,27412,28025,60019,61321,55074,57292,58690,66104,71996,76560,48215,60148,39784,54803,9607,19080,715664,541719,125651,75068,157716,122685,54959,90,80
2021-07-14T23:59:59+02:00,5054,4794,47279,48524,89959,88746,83980,84220,83568,89671,85774,88975,52776,65766,42336,58589,10239,20510,26899,27487,58942,60334,54116,56459,57819,65261,71385,75979,47950,59870,39682,54630,9585,19036,713551,536382,125295,74154,157669,121003,54155,90,80
2021-07-13T23:59:59+02:00,4941,4677,46886,48153,89572,88392,83679,83919,83306,89419,85575,88813,52669,65664,42282,58526,10233,20491,26256,26838,57576,59156,52926,55478,56831,64352,70663,75344,47675,59549,39554,54454,9556,18986,711254,530094,124926,73056,157622,118973,53305,90,79
2021-07-12T23:59:59+02:00,4774,4508,46350,47647,89175,88059,83293,83607,83061,89170,85388,88655,52589,65571,42234,58462,10221,20476,25639,26199,56074,57812,51634,54423,55607,63217,69924,74727,47305,59122,39379,54233,9515,18921,708601,522855,124558,72030,157562,116636,52429,90,78
2021-07-11T23:59:59+02:00,4375,4140,45413,46732,88754,87632,82880,83224,82758,88885,85198,88511,52504,65481,42209,58406,10210,20459,25043,25639,54700,56557,50337,53386,54562,62185,69335,74180,46960,58740,39256,54057,9491,18879,704697,516258,124087,71024,157524,114851,51373,90,78
2021-07-10T23:59:59+02:00,4363,4125,45086,46399,88302,87152,82551,82916,82656,88787,85130,88453,52485,65458,42200,58392,10209,20455,24562,25113,53629,55626,49482,52805,53969,61618,69120,73994,46590,58323,39156,53954,9486,18870,704036,511991,123623,70941,157349,113533,50021,90,78
2021-07-09T23:59:59+02:00,4345,4112,44664,45969,87691,86604,82175,82578,82407,88603,85018,88360,52450,65429,42193,58379,10205,20446,23870,24344,52311,54391,48548,51923,53189,60766,68700,73595,46231,57917,39070,53865,9478,18858,702653,505842,123047,70537,157181,112189,48657,90,77
2021-07-08T23:59:59+02:00,4320,4085,44121,45490,86836,85903,81656,82072,82155,88364,84824,88207,52385,65362,42161,58333,10196,20429,22903,23428,50379,52839,47174,50775,52055,59645,68021,72965,45718,57364,38935,53703,9450,18789,700577,498173,122161,69274,156889,109658,47182,90,77
2021-07-07T23:59:59+02:00,4297,4057,43553,44922,86014,85144,81117,81598,81871,88073,84622,88047,52307,65264,42121,58271,10189,20409,22044,22541,48441,51170,45670,49641,50824,58471,67334,72435,44987,56627,38746,53466,9419,18731,698121,490083,121167,68163,156639,106562,45860,89,75
2021-07-06T23:59:59+02:00,4264,4037,43014,44408,85169,84418,80510,81010,81505,87745,84449,87872,52218,65182,42084,58208,10180,20384,21218,21693,46465,49385,44287,48390,49553,57132,66590,71716,44160,55857,38561,53227,9401,18675,695518,481150,120145,67085,156335,103607,44571,88,75
2021-07-05T23:59:59+02:00,4241,4001,41875,43441,83677,83336,79782,80401,81056,87327,84179,87614,52101,65045,42036,58130,10166,20356,20048,20653,44524,47796,43262,47428,48528,56176,65896,71099,43403,54997,38389,53004,9378,18636,692272,475208,119085,66218,155971,100523,41348,88,75
2021-07-04T23:59:59+02:00,4214,3980,40531,42254,82044,82027,79065,79793,80586,86903,83910,87419,52011,64919,41990,58079,10153,20327,18704,19447,42736,46284,42566,46689,47725,55319,65318,70531,42659,54151,38225,52813,9359,18588,689228,470582,117933,65291,155547,97902,37409,88,75
2021-07-03T23:59:59+02:00,3751,3563,38974,40727,81188,81374,78579,79302,80145,86425,83695,87250,51942,64818,41972,58027,10150,20321,17898,18759,41822,45594,42146,46308,47319,54923,65152,70366,42071,53423,38163,52713,9352,18578,685535,468649,116621,65193,155461,96311,34498,88,75
2021-07-02T23:59:59+02:00,3191,2992,37425,39248,80474,80646,77909,78599,79625,85918,83454,87050,51891,64731,41943,57979,10138,20308,17144,18050,40685,44639,41412,45617,46489,54141,64632,69920,41121,52216,38033,52524,9336,18559,680521,463619,115214,64734,155303,93820,32395,88,72
2021-07-01T23:59:59+02:00,2546,2448,35715,37603,79508,79794,77078,77771,78919,85280,83138,86771,51770,64574,41881,57875,10119,20280,16282,17158,39156,43408,40199,44554,45185,53016,63896,69349,40234,51083,37883,52317,9319,18527,674247,457288,113507,63088,155075,91062,30153,88,72
2021-06-30T23:59:59+02:00,2505,2417,34712,36603,77684,78293,75371,76268,78261,84731,82855,86478,51640,64413,41821,57781,10107,20253,15262,16197,37476,42183,39002,43439,44026,51962,63144,68722,39691,50403,37768,52121,9297,18492,668404,451183,111772,61750,154857,89186,27072,88,71
2021-06-29T23:59:59+02:00,2472,2385,33883,35723,76086,76810,73756,74851,77473,84015,82313,85989,51459,64194,41746,57650,10090,20217,14434,15301,36164,41042,38083,42618,42802,50914,62433,68139,38986,49470,37632,51904,9276,18449,662094,446035,109902,59912,154585,87242,24443,88,70
2021-06-28T23:59:59+02:00,2432,2351,33080,34930,74471,75402,72076,73452,76451,83230,81708,85491,51280,63966,41669,57543,10077,20183,13694,14558,35112,40029,37259,41890,41682,49923,61786,67597,38114,48386,37465,51684,9256,18402,655658,441236,107936,58402,153990,85051,22120,88,69
2021-06-27T23:59:59+02:00,2418,2336,32349,34192,72903,74034,70673,72248,75056,82111,81034,84942,51080,63749,41604,57427,10067,20154,13064,13932,34155,39279,36606,41288,40751,49076,61249,67154,37256,47360,37313,51507,9241,18371,649484,437365,105998,57639,153038,82796,19769,88,69
2021-06-26T23:59:59+02:00,1786,1729,31320,33098,72551,73717,70207,71783,74762,81800,80938,84858,51058,63721,41590,57416,10066,20151,12874,13726,33496,38739,35966,40870,40233,48740,60256,66155,36268,46227,37146,51294,9227,18338,644718,431416,105061,57588,153032,80859,19658,82,69
2021-06-25T23:59:59+02:00,1167,1131,30209,31939,72066,73190,69592,71085,74339,81357,80562,84536,50997,63634,41556,57373,10061,20138,12552,13341,32644,37942,35098,40048,39295,47904,59045,64923,35753,45530,36954,50994,9204,18294,638430,423012,103871,57142,153023,79802,19526,82,69
2021-06-24T23:59:59+02:00,567,572,28881,30632,71296,72450,68719,70204,73666,80731,80117,84172,50892,63505,41504,57303,10050,20104,11896,12650,31483,36643,33886,38784,38172,46797,57410,63546,35280,45011,36798,50807,9185,18234,630682,413717,102378,55593,152909,77914,19314,82,68
2021-06-23T23:59:59+02:00,540,538,28380,30093,70193,71471,67443,69069,72920,80043,79667,83770,50781,63331,41443,57207,10033,20073,11409,12126,30486,35397,32957,37561,37163,45920,55476,61836,34729,44447,36631,50580,9164,18169,624480,403991,100804,54532,152807,76659,18822,82,68
2021-06-22T23:59:59+02:00,517,522,27869,29514,69021,70446,66243,68037,72243,79340,79252,83404,50675,63203,41395,57123,10024,20048,11065,11729,29566,34462,31994,36676,36204,45032,53512,60003,34344,43971,36494,50339,9135,18112,618173,395486,99346,52960,152672,75540,18603,82,67
2021-06-21T23:59:59+02:00,485,488,27207,28857,67705,69279,65060,66907,71483,78561,78856,83010,50568,63094,41336,57036,10011,20006,10776,11420,28941,33881,31445,36110,35607,44444,51669,58348,33638,43172,36199,49917,9106,18036,611382,387941,97851,51764,152551,74870,18084,81,67
2021-06-20T23:59:59+02:00,400,406,26570,28200,66487,68148,64042,65965,70680,77821,78500,82674,50490,62969,41288,56967,10006,19973,10490,11160,28395,33380,30989,35618,35099,43922,49833,56566,33096,42493,36002,49584,9076,17976,605010,380550,96385,51012,152453,74407,17657,81,65
2021-06-19T23:59:59+02:00,368,372,26192,27839,65759,67579,63522,65471,69883,77169,78346,82547,50470,62944,41272,56952,10005,19973,10361,10967,28149,33062,30735,35299,34877,43662,48391,55176,32838,42147,35919,49447,9068,17948,601083,375168,95444,51000,152451,74221,17604,81,65
2021-06-18T23:59:59+02:00,341,338,25735,27381,64747,66842,62784,64858,68965,76334,77955,82210,50409,62868,41245,56916,10001,19965,10147,10733,27750,32644,30410,34889,34492,43272,46666,53519,32487,41634,35782,49236,9049,17915,595678,368357,94203,50714,152443,74011,17490,80,65
2021-06-17T23:59:59+02:00,312,307,25106,26781,63495,65844,61793,64048,67374,74934,77432,81810,50309,62716,41182,56833,9988,19937,9736,10383,26959,31958,29671,34211,33656,42573,45163,52029,32043,41007,35619,48982,9017,17865,589625,360951,91554,49576,152285,73635,16658,79,64
2021-06-16T23:59:59+02:00,278,269,24587,26208,62196,64720,60685,63067,65100,73015,76586,81153,50098,62505,41091,56721,9969,19906,9419,10132,26309,31290,28964,33588,32929,41943,44573,51466,31774,40648,35473,48783,8996,17824,583405,357267,87048,48871,151841,72136,15783,77,64
2021-06-15T23:59:59+02:00,239,238,23952,25526,60798,63520,59604,62083,63945,71930,76084,80729,49974,62356,41041,56624,9962,19876,9159,9865,25708,30557,28325,32832,32254,41221,43016,49845,31329,40096,35302,48550,8966,17760,576319,350576,85420,47979,151371,70882,15294,77,64
2021-06-14T23:59:59+02:00,217,206,23488,24944,59695,62464,58727,61235,62873,70925,75609,80337,49887,62235,40991,56553,9946,19850,8873,9566,24956,29669,27562,31998,31463,40406,41733,48509,30962,39598,35165,48326,8936,17709,570471,344451,83702,46956,151167,69204,14765,77,64
2021-06-13T23:59:59+02:00,212,191,23072,24480,58766,61558,57952,60451,61767,69956,75139,79906,49798,62118,40942,56494,9934,19820,8598,9270,24248,28828,26846,31161,30702,39554,40189,46936,30500,38992,34964,48022,8906,17620,565462,337428,81837,46178,150936,67432,14244,77,63
2021-06-12T23:59:59+02:00,199,174,22847,24216,58217,61058,57595,60171,61124,69313,74940,79792,49774,62087,40930,56480,9931,19816,8484,9154,23770,28242,26329,30592,30190,38995,39114,45964,30333,38813,34868,47857,8902,17609,562570,333235,80881,46175,150928,65544,14208,77,63
2021-06-11T23:59:59+02:00,181,158,22496,23805,57481,60247,56917,59544,60219,68383,74587,79482,49700,62014,40905,56444,9928,19810,8353,8965,23261,27571,25801,29937,29610,38363,38044,44957,30065,38459,34726,47634,8889,17583,557575,328413,79592,45916,150913,63691,14144,77,62
2021-06-10T23:59:59+02:00,166,141,21968,23248,56355,59322,55988,58727,58962,67209,74053,79075,49629,61907,40881,56392,9915,19782,8093,8718,22397,26629,24840,29001,28494,37437,36656,43796,29714,37984,34448,47202,8822,17508,552041,321539,77387,45210,150668,61391,13547,77,60
2021-06-09T23:59:59+02:00,145,128,21351,22701,55104,58229,54927,57818,58013,66305,73588,78683,49542,61807,40831,56330,9901,19752,7807,8455,21481,25763,23904,28110,27465,36490,34940,42015,29331,37485,34263,46932,8781,17418,546326,314123,75940,44484,150314,59485,12498,77,58
2021-06-08T23:59:59+02:00,123,110,20683,22022,53801,57101,53809,56846,57058,65446,73043,78249,49455,61683,40776,56238,9881,19721,7543,8222,20568,24868,22846,27247,26434,35537,33591,40712,28974,36977,33943,46480,8728,17335,539690,307830,75021,43719,149871,57019,11386,77,57
2021-06-07T23:59:59+02:00,106,92,20041,21425,52366,55849,52545,55871,55900,64463,72493,77848,49370,61577,40730,56174,9868,19693,7297,8002,19726,24046,21821,26433,25402,34668,32657,39932,28690,36589,33699,46053,8677,17244,532446,303219,74126,42902,149459,54459,10303,77,57
2021-06-06T23:59:59+02:00,99,86,19534,20892,51220,54762,51445,54898,54939,63512,71985,77446,49286,61502,40693,56111,9861,19677,7089,7804,18938,23156,20921,25561,24331,33686,31745,39117,28408,36252,33443,45663,8628,17169,526137,298662,73105,42164,149124,51525,9507,75,57
2021-06-05T23:59:59+02:00,93,78,19269,20601,50451,54012,50792,54393,54464,63017,71850,77330,49271,61485,40690,56107,9858,19677,6864,7394,18299,22087,20202,24447,23459,32455,30723,37802,28080,35791,33319,45490,8621,17149,521833,292377,73100,42126,148993,48189,9437,75,57
2021-06-04T23:59:59+02:00,83,71,18826,20022,49405,53010,49980,53523,53817,62234,71506,77000,49242,61449,40670,56092,9856,19670,6648,7085,17680,21238,19528,23463,22534,31188,29516,36474,27793,35429,33207,45316,8609,17130,515369,285988,72779,42057,148975,45481,9258,75,57
2021-06-03T23:59:59+02:00,72,60,18155,19352,47888,51713,48774,52404,52854,61224,71010,76540,49178,61347,40632,56047,9843,19646,6360,6695,16946,20196,18737,22317,21538,29776,28357,34996,27251,34653,33002,44991,8573,17055,507662,279270,71764,41311,148699,42269,8540,74,56
2021-06-02T23:59:59+02:00,67,56,17788,18852,46878,50736,47915,51663,52116,60477,70763,76328,49141,61311,40613,56019,9835,19632,6179,6457,16301,19517,17833,21567,20710,28838,27268,33596,26785,34049,32843,44741,8544,16985,501427,273019,71749,41296,148675,39582,8266,73,53
2021-06-01T23:59:59+02:00,56,50,17120,18133,45023,48999,46269,50205,50596,59032,70082,75729,49051,61200,40553,55946,9822,19584,5905,6148,15145,18618,16329,20609,19509,27603,26051,32208,26235,33358,32596,44394,8498,16881,492307,266572,70409,40731,148122,36192,6541,71,53
2021-05-31T23:59:59+02:00,54,46,16647,17652,43714,47862,45062,49107,49358,57922,69406,75218,48974,61099,40509,55876,9810,19548,5628,5829,14107,17790,14932,19693,18343,26498,24832,30871,25719,32643,32402,44098,8464,16783,486066,260299,69246,40187,147665,33279,4817,70,52
2021-05-30T23:59:59+02:00,47,45,16324,17260,42738,46928,44157,48202,48366,56926,68845,74673,48867,60944,40438,55763,9795,19505,5440,5588,13561,17092,14311,18999,17457,25534,23737,29699,24950,31695,32109,43681,8419,16694,480086,254347,68211,39388,147257,30984,4199,70,50
2021-05-29T23:59:59+02:00,47,45,16194,17144,42379,46612,43815,47937,48125,56737,68786,74615,48861,60937,40432,55760,9795,19505,5277,5348,13053,16281,13666,18151,16615,24369,22628,28400,24794,31464,32046,43588,8416,16687,478124,248763,68090,39388,147247,28390,4195,70,49
2021-05-28T23:59:59+02:00,46,43,15894,16839,41684,45984,43305,47377,47619,56196,68510,74318,48796,60855,40404,55711,9792,19500,5038,4964,12517,15365,12990,17289,15752,23138,21535,26966,24548,31099,31952,43454,8406,16670,473841,242752,67590,39283,147215,25446,4157,70,47
2021-05-27T23:59:59+02:00,43,39,15377,16320,40539,45006,42289,46496,46635,55310,67925,73886,48675,60695,40350,55639,9781,19459,4815,4628,11877,14537,12206,16354,14685,21949,20278,25459,24045,30359,31780,43192,8373,16588,468028,235422,66079,38479,146495,23389,3792,70,45
2021-05-26T23:59:59+02:00,41,38,14970,15895,39443,44089,41256,45614,45611,54434,67319,73377,48523,60517,40270,55471,9760,19411,4624,4433,11320,13777,11484,15505,13683,20817,18884,23873,23461,29579,31564,42850,8321,16487,462912,228167,64053,37622,145509,21335,3495,70,45
2021-05-25T23:59:59+02:00,41,37,14580,15493,38440,43201,40289,44759,44661,53517,66710,72847,48344,60284,40191,55339,9734,19357,4418,4230,10779,13132,10725,14723,12618,19583,17450,22368,22879,28800,31329,42531,8263,16399,457616,220818,62473,36683,144402,19422,3263,70,43
2021-05-24T23:59:59+02:00,40,36,14238,15170,37611,42467,39418,44089,43798,52734,66180,72364,48219,60107,40127,55216,9714,19313,4275,4105,10333,12672,10085,14138,11738,18752,16164,21111,22209,27970,31112,42203,8204,16309,452999,213933,61245,35743,143673,18810,2854,70,42
2021-05-23T23:59:59+02:00,36,36,14070,14997,37141,42094,38968,43686,43348,52330,65910,72137,48145,60017,40089,55170,9706,19289,4085,3966,9871,12199,9465,13532,10799,17939,14973,20049,21744,27405,30860,41916,8156,16227,449816,206966,60869,35661,143645,17750,2769,70,42
2021-05-22T23:59:59+02:00,34,34,13874,14781,36456,41530,38290,43233,42777,51922,64892,71128,47941,59761,40019,55057,9696,19268,3974,3671,9655,11786,9312,13204,10558,17494,14704,19649,21651,27288,30826,41876,8149,16218,443388,205747,60866,35658,143631,15832,2738,70,42
2021-05-21T23:59:59+02:00,33,33,13495,14380,35384,40614,37229,42304,41713,51025,63537,69846,47711,59424,39938,54910,9679,19235,3868,3575,9448,11522,9102,12940,10229,17167,14296,19280,21431,27002,30766,41786,8140,16210,433791,203809,60513,35352,143395,14841,2722,69,40
2021-05-20T23:59:59+02:00,31,33,12701,13656,33945,39159,35808,40897,40311,49828,62254,68695,47422,59082,39795,54730,9658,19184,3720,3394,8922,10920,8457,12232,9531,16322,13541,18319,20617,25888,30572,41489,8101,16124,423600,199455,58812,34507,142365,11804,2345,67,40
2021-05-19T23:59:59+02:00,31,32,12164,13092,32766,37736,34705,39516,39187,48871,60256,66929,46946,58525,39612,54468,9617,19078,3617,3262,8649,10546,8162,11858,9089,15814,12904,17658,19753,24760,30346,41186,8045,16009,412770,195216,57294,33694,141257,10569,2143,67,38
2021-05-18T23:59:59+02:00,28,32,11742,12649,31722,36716,33613,38601,38147,47936,58198,65072,46591,58076,39458,54229,9585,19019,3419,3099,8155,9941,7691,11313,8548,15147,12223,16889,18814,23529,30109,40843,8008,15904,404117,191132,55334,32852,140061,7775,1837,65,38
2021-05-17T23:59:59+02:00,26,31,11491,12373,31205,36159,33119,38041,37557,47302,56296,63364,45891,57254,39181,53831,9548,18945,3337,2990,7893,9659,7398,11014,8147,14735,11653,16286,17898,22398,29877,40524,7973,15830,396536,186763,54211,32105,139253,7159,1550,64,37
2021-05-16T23:59:59+02:00,26,31,11269,12119,30683,35655,32657,37549,37034,46730,54402,61540,45347,56556,38987,53512,9521,18890,3236,2891,7605,9369,7077,10669,7671,14272,11073,15702,16969,21251,29668,40234,7935,15761,389582,182486,53243,31259,138588,6573,1032,63,35
2021-05-15T23:59:59+02:00,26,31,11115,11916,30405,35322,32420,37229,36805,46467,52832,60062,45097,56250,38910,53374,9515,18862,3215,2873,7580,9340,7062,10648,7653,14259,11056,15681,16860,21036,29459,39927,7927,15751,383778,181500,53240,31258,138542,6522,1015,63,34
2021-05-14T23:59:59+02:00,26,31,10868,11636,29937,34816,32041,36768,36293,45994,50961,58234,44735,55749,38770,53167,9499,18822,3188,2855,7510,9269,7007,10576,7594,14201,10874,15482,16129,19970,29173,39441,7910,15711,375993,178591,52913,30919,138413,6383,965,63,34
2021-05-13T23:59:59+02:00,23,30,10585,11311,29289,34176,31442,36164,35620,45329,49492,56717,44304,55122,38600,52924,9472,18776,3120,2809,7383,9168,6920,10482,7490,14093,10548,15136,15072,18736,28787,38798,7867,15637,368903,174795,51895,30357,137661,6008,855,62,33
2021-05-12T23:59:59+02:00,23,28,10456,11168,29008,33858,31175,35871,35308,45015,49207,56409,44205,55018,38547,52845,9465,18738,3108,2783,7349,9132,6890,10447,7462,14054,10381,14980,14700,18305,28484,38318,7845,15590,366234,172752,51814,30347,137502,5964,733,61,33
2021-05-11T23:59:59+02:00,22,25,10110,10845,28155,33032,30344,35117,34447,44234,47473,54641,43751,54425,38372,52554,9427,18636,3021,2686,7104,8852,6667,10148,7247,13684,9901,14432,13722,17156,28070,37701,7808,15495,359324,169085,50109,29455,135609,4615,507,61,33
2021-05-10T23:59:59+02:00,21,25,9804,10568,27410,32332,29567,34416,33678,43467,46168,53376,43369,53914,38183,52249,9377,18523,2979,2640,6977,8729,6572,10031,7108,13502,9637,14125,13028,16296,27643,37091,7782,15415,353076,166275,48992,29074,133923,3778,398,58,31
2021-05-09T23:59:59+02:00,20,25,9572,10323,26729,31649,28900,33715,32955,42771,44647,51905,42869,53293,37983,51945,9340,18438,2932,2594,6854,8586,6465,9889,6996,13290,9321,13814,12230,15398,27280,36556,7762,15359,346001,163429,47917,28518,132794,3038,311,56,31
2021-05-08T23:59:59+02:00,20,25,9479,10255,26343,31348,28454,33401,32502,42467,43615,51077,42717,53130,37942,51883,9338,18432,2929,2590,6846,8581,6459,9881,6988,13279,9312,13802,12192,15336,26603,35607,7725,15283,341484,161562,47875,28491,132708,3025,305,56,31
2021-05-07T23:59:59+02:00,19,25,9338,10107,25872,30969,28008,33027,31997,42119,42577,50251,42446,52790,37829,51723,9326,18405,2882,2564,6793,8540,6403,9826,6937,13227,9139,13581,11561,14524,25664,34228,7678,15201,336367,157478,47568,28122,132550,2831,287,56,31
2021-05-06T23:59:59+02:00,17,24,8940,9818,24955,30200,26947,32227,30769,41303,40960,49043,42067,52244,37634,51480,9288,18332,2818,2518,6663,8394,6288,9697,6789,13039,8869,13284,10913,13663,24703,32847,7645,15140,328524,153700,46493,27169,130900,2095,276,55,31
2021-05-05T23:59:59+02:00,17,23,8574,9618,24075,29601,26083,31563,29681,40513,38982,47231,41623,51691,37426,51198,9231,18220,2777,2487,6546,8266,6186,9583,6687,12898,8624,13027,10206,12836,23691,31525,7616,15069,320675,149824,45641,26283,128787,1695,192,55,31
2021-05-04T23:59:59+02:00,17,22,8331,9391,23279,28954,25111,30824,28610,39678,37471,45766,41155,51106,37148,50851,9184,18099,2738,2466,6474,8194,6103,9517,6613,12818,8388,12807,9477,11982,22746,30283,7582,15006,314026,146110,44676,25477,126153,1491,87,55,30
2021-05-03T23:59:59+02:00,17,21,8128,9177,22580,28374,24273,30219,27703,38983,36513,45016,40807,50634,36934,50561,9134,17995,2693,2435,6404,8117,6024,9452,6524,12734,8160,12594,8734,11083,21831,29068,7551,14956,309165,142377,43900,24657,123903,1250,47,54,30
2021-05-02T23:59:59+02:00,17,21,7965,9013,21942,27797,23534,29628,26885,38361,35699,44382,40548,50305,36821,50375,9100,17938,2655,2412,6362,8076,5988,9417,6484,12694,7978,12421,8134,10347,21123,28201,7530,14938,304338,139194,43131,24382,122769,1116,40,53,29
2021-05-01T23:59:59+02:00,16,21,7813,8831,21569,27340,23052,29053,26242,37652,34875,43487,40286,49931,36724,50222,9094,17921,2649,2406,6336,8066,5973,9408,6466,12680,7961,12406,8097,10283,21084,28144,7526,14934,298243,138903,43130,24375,122663,1073,40,53,29
2021-04-30T23:59:59+02:00,16,20,7665,8653,21182,26911,22607,28488,25494,36876,33867,42524,40057,49611,36627,50069,9082,17900,2631,2393,6312,8048,5951,9391,6439,12660,7929,12372,8057,10213,21034,28061,7523,14925,291958,138592,43123,24302,122482,983,34,52,29
2021-04-29T23:59:59+02:00,15,20,7396,8413,20589,26339,21936,27805,24562,35911,32592,41188,39013,48208,36309,49594,9025,17772,2599,2359,6220,7938,5867,9289,6345,12518,7728,12097,7434,9490,20628,27545,7501,14851,283219,136532,42339,23075,121048,742,34,47,27
2021-04-28T23:59:59+02:00,14,18,7121,8195,20068,25866,21299,27206,23676,35064,31198,39737,37853,46622,35966,49101,8962,17630,2530,2311,6112,7817,5758,9159,6243,12368,7509,11827,6746,8645,20212,26970,7460,14780,274540,134089,41568,21780,119411,518,34,43,27
2021-04-27T23:59:59+02:00,13,18,6939,8017,19635,25442,20682,26669,22823,34288,29987,38417,36765,45179,35585,48531,8892,17503,2505,2286,6009,7720,5705,9062,6177,12245,7294,11629,6145,7908,19807,26473,7440,14757,266738,131994,40704,20837,117866,271,34,43,27
2021-04-26T23:59:59+02:00,12,18,6757,7852,19217,25018,20140,26144,22020,33533,28772,37184,35706,43757,35279,48048,8843,17379,2493,2276,5966,7678,5660,9023,6141,12201,7108,11464,5531,7177,19436,26025,7416,14730,259061,130035,39879,19993,116666,240,31,42,27
2021-04-25T23:59:59+02:00,12,17,6652,7719,18879,24748,19761,25805,21408,32916,27789,36229,34577,42329,34964,47618,8801,17297,2481,2269,5948,7654,5641,9006,6121,12176,7071,11437,5404,6996,19101,25561,7400,14686,251879,129414,39165,19252,116405,230,30,42,27
2021-04-24T23:59:59+02:00,12,17,6488,7543,18437,24316,19202,25268,20626,32115,26708,35181,34327,42016,34870,47453,8791,17285,2477,2263,5935,7644,5633,8995,6116,12172,7061,11430,5331,6885,19003,25420,7397,14678,245923,128960,39160,19213,115500,212,30,42,26
2021-04-23T23:59:59+02:00,12,17,6265,7344,17989,23843,18633,24657,19801,31301,25552,33987,33551,40843,34726,47217,8777,17262,2471,2245,5908,7620,5596,8956,6071,12128,7015,11378,5165,6609,18465,24794,7297,14509,238359,127117,38832,18867,114515,190,30,41,24
2021-04-22T23:59:59+02:00,11,16,6050,7136,17384,23254,17840,23875,18751,30279,24233,32555,32510,39490,34481,46861,8739,17184,2457,2230,5864,7569,5548,8872,5996,12050,6939,11308,4881,6191,17753,23921,7178,14315,229322,124960,37915,17904,113344,156,30,38,23
2021-04-21T23:59:59+02:00,11,15,5851,6955,16853,22783,17179,23272,17769,29382,22679,30964,31505,38259,34184,46423,8691,17095,2433,2213,5822,7514,5490,8797,5930,11950,6844,11228,4722,5916,17055,23072,7062,14134,220447,122872,37145,17134,112212,124,30,36,23
2021-04-20T23:59:59+02:00,10,14,5668,6762,16297,22308,16438,22614,16774,28381,21211,29495,30359,36771,33868,45988,8640,17005,2420,2198,5773,7476,5450,8752,5882,11884,6765,11163,4603,5763,16454,22298,6936,13955,211465,121188,36263,16418,110810,117,29,36,21
2021-04-19T23:59:59+02:00,10,14,5482,6605,15765,21878,15762,22057,15784,27503,19819,28095,28986,35138,33551,45511,8582,16887,2409,2184,5748,7443,5413,8719,5843,11839,6684,11087,4477,5602,15806,21588,6828,13794,202777,119546,35484,15755,109105,114,29,34,21
2021-04-18T23:59:59+02:00,9,14,5295,6464,15330,21554,15144,21496,14814,26716,18482,26957,27599,33491,33220,45093,8524,16800,2358,2138,5617,7322,5299,8605,5736,11688,6579,10968,4361,5415,15213,20922,6715,13615,194251,117908,34653,14485,108035,110,29,34,20
2021-04-17T23:59:59+02:00,9,13,5259,6429,15176,21479,14968,21411,14579,26537,18228,26736,27092,32950,33094,44945,8515,16785,2331,2098,5517,7168,5192,8446,5636,11500,6489,10835,4309,5353,14972,20628,6705,13602,193033,116151,34648,14481,106461,101,29,34,20
2021-04-16T23:59:59+02:00,9,13,5196,6375,14999,21328,14757,21251,14297,26289,17813,26325,26049,31719,32961,44734,8494,16762,2285,2048,5401,6982,5056,8265,5484,11258,6293,10613,4104,5120,14326,19839,6607,13457,189687,112914,34360,14084,105261,92,29,34,20
2021-04-15T23:59:59+02:00,7,12,5127,6298,14786,21114,14489,20961,13868,25939,17178,25693,24687,30112,32704,44410,8458,16683,2215,1964,5205,6746,4854,7944,5277,10941,6077,10329,3906,4870,13497,18757,6492,13290,185131,109094,33551,13141,103781,81,29,34,20
2021-04-14T23:59:59+02:00,7,12,5047,6227,14582,20913,14235,20737,13478,25605,16512,25075,23111,28327,32391,44007,8405,16589,2026,1844,4987,6483,4665,7694,5050,10692,5843,10044,3770,4661,12771,17839,6365,13076,180529,106001,32677,11686,101991,75,29,34,20
2021-04-13T23:59:59+02:00,7,12,4995,6180,14383,20778,14001,20556,13136,25309,15943,24572,21407,26484,32075,43590,8373,16483,1941,1792,4820,6296,4480,7474,4849,10437,5639,9810,3634,4495,12255,17223,6242,12915,176311,103618,31802,10571,100109,65,29,33,20
2021-04-12T23:59:59+02:00,7,11,4931,6114,14167,20581,13695,20293,12751,24897,15365,24019,19814,24543,31785,43230,8332,16409,1811,1701,4640,6137,4332,7298,4687,10245,5502,9651,3515,4340,11824,16714,6131,12752,171956,101936,30748,9234,98178,64,29,33,18
2021-04-11T23:59:59+02:00,7,11,4862,6039,13943,20383,13400,20082,12337,24546,14804,23510,18308,22769,31524,42888,8289,16329,1774,1665,4520,6024,4221,7175,4565,10114,5368,9521,3401,4221,11333,16104,6000,12545,167675,100189,29789,8256,96507,62,28,32,17
2021-04-10T23:59:59+02:00,7,11,4857,6031,13924,20369,13391,20071,12320,24529,14781,23491,17620,21847,31233,42470,8271,16302,1770,1653,4508,6013,4206,7161,4552,10100,5315,9456,3298,4108,10776,15270,5871,12347,166608,98047,29762,8256,95097,59,26,32,17
2021-04-09T23:59:59+02:00,7,11,4844,6014,13887,20319,13347,20023,12273,24475,14522,23238,16103,19959,30828,41824,8237,16259,1746,1643,4486,5998,4180,7134,4511,10066,5277,9407,3213,3989,9909,14282,5723,12149,163992,95608,29421,8008,92702,58,24,31,16
2021-04-08T23:59:59+02:00,7,11,4801,5986,13786,20245,13266,19943,12173,24371,14187,22879,14336,17750,30211,40815,8179,16138,1725,1630,4454,5945,4128,7049,4447,9986,5205,9330,3105,3886,9431,13682,5518,11904,160167,93764,28393,7573,90479,57,16,29,16
2021-04-07T23:59:59+02:00,7,11,4771,5957,13682,20163,13172,19858,12070,24269,13809,22522,12829,15899,29567,39844,8124,16040,1706,1618,4402,5878,4044,6975,4358,9902,5115,9230,3018,3791,8687,12587,5283,11500,155764,91217,27518,6800,89268,47,15,29,16
2021-04-06T23:59:59+02:00,7,11,4742,5931,13585,20096,13090,19797,11994,24204,13433,22171,11196,13895,28905,38874,8092,15969,1646,1564,4274,5750,3936,6851,4239,9754,5012,9101,2903,3669,7982,11658,5011,11135,151752,88834,26636,5578,87561,45,14,29,15
2021-04-05T23:59:59+02:00,7,10,4704,5903,13508,20030,13023,19729,11939,24124,13161,21917,9586,11951,28178,37825,8057,15907,1575,1495,4119,5600,3768,6695,4085,9605,4857,8973,2771,3552,7176,10697,4740,10746,148559,86468,25620,3917,85338,42,13,29,15
2021-04-04T23:59:59+02:00,7,10,4690,5885,13497,20010,13015,19712,11931,24104,13064,21847,8563,10691,27731,37184,8032,15850,1573,1493,4111,5594,3766,6690,4080,9600,4855,8965,2766,3543,6940,10231,4656,10621,146833,85509,25616,3917,83335,36,10,29,13
2021-04-03T23:59:59+02:00,7,10,4687,5875,13480,19990,13005,19702,11921,24094,13050,21829,7659,9623,26849,35942,7983,15738,1569,1489,4109,5589,3764,6687,4072,9588,4841,8952,2759,3532,6802,9969,4617,10541,144358,84906,25608,3917,81441,36,9,28,13
2021-04-02T23:59:59+02:00,7,10,4682,5857,13443,19965,12966,19659,11878,24046,12975,21762,7146,8876,25265,33843,7837,15470,1560,1473,4083,5566,3738,6646,4036,9527,4720,8665,2631,3377,6427,9575,4468,10340,139909,83085,25270,3691,80473,36,8,27,13
2021-04-01T23:59:59+02:00,6,9,4634,5798,13349,19820,12850,19508,11729,23890,12378,21314,6583,8171,23760,31872,7710,15233,1494,1427,3974,5442,3671,6575,3968,9461,4642,8562,2537,3236,5916,8891,4299,10066,135719,80825,24133,3287,78730,31,7,25,12
2021-03-31T23:59:59+02:00,6,9,4583,5743,13225,19667,12718,19354,11541,23710,12116,21054,6264,7800,22284,29919,7560,15005,1481,1416,3951,5419,3639,6547,3928,9414,4604,8509,2474,3161,5434,8246,4125,9827,131793,79059,23046,3070,77689,31,5,25,11
2021-03-30T23:59:59+02:00,6,9,4519,5678,13087,19517,12605,19179,11410,23545,11946,20915,6074,7585,20898,28192,7416,14802,1464,1380,3910,5386,3575,6477,3840,9300,4473,8338,2339,2956,5014,7691,3982,9571,128439,76837,22121,2828,76798,19,2,23,11
2021-03-29T23:59:59+02:00,6,9,4479,5640,12968,19422,12538,19096,11328,23443,11797,20780,5917,7387,19482,26513,7288,14601,1405,1339,3855,5343,3501,6407,3722,9156,4323,8148,2217,2815,4451,7025,3828,9295,124864,74184,21256,2617,76549,18,2,23,10
2021-03-28T23:59:59+02:00,6,9,4432,5576,12847,19285,12453,19002,11227,23347,11691,20679,5766,7181,18305,25007,7169,14406,1372,1295,3757,5236,3308,6182,3635,9039,4273,8092,2163,2751,3692,6004,3643,9027,121871,71131,20467,2318,76026,10,2,22,9
2021-03-27T23:59:59+01:00,6,9,4400,5525,12740,19120,12338,18837,11113,23142,11584,20530,5701,7099,18019,24661,7158,14391,1366,1292,3752,5232,3305,6175,3349,8690,4075,7794,2157,2748,3678,5971,3609,8966,120035,69826,20428,2318,75886,5,2,22,9
2021-03-26T23:59:59+01:00,6,8,4364,5472,12630,18930,12205,18636,10960,22913,11423,20319,5538,6885,17416,23870,7059,14241,1365,1291,3747,5225,3282,6157,3330,8670,3863,7347,1980,2344,3414,5687,3458,8733,116945,67569,20090,2311,75817,4,1,22,9
2021-03-25T23:59:59+01:00,6,8,4297,5384,12432,18691,12000,18307,10746,22585,11182,19992,5326,6601,16388,22564,6931,14052,1356,1281,3726,5199,3248,6129,3279,8633,3817,7303,1908,2231,2980,5005,3300,8428,112968,65602,19018,2210,75483,2,1,22,9
2021-03-24T23:59:59+01:00,6,8,4217,5273,12220,18239,11782,17894,10526,22195,10949,19620,5058,6255,15349,21347,6792,13828,1333,1268,3702,5154,3212,6067,3224,8563,3763,7230,1855,2172,2673,4671,3148,8153,109863,64210,17926,1967,73746,2,1,22,9
2021-03-23T23:59:59+01:00,6,8,4161,5210,12053,17896,11583,17543,10334,21831,10730,19333,4925,6059,14709,20532,6652,13655,1318,1262,3687,5136,3191,6049,3199,8512,3726,7187,1820,2113,2444,4401,2940,7832,107516,62881,17200,1925,72481,2,1,22,9
2021-03-22T23:59:59+01:00,6,8,4114,5133,11857,17563,11395,17215,10109,21505,10515,19028,4774,5853,14091,19819,6519,13469,1305,1253,3660,5103,3159,6013,3170,8456,3690,7142,1776,2057,2245,4151,2745,7499,105664,61628,16483,1785,70804,2,1,21,9
2021-03-21T23:59:59+01:00,6,8,4040,5010,11575,17152,11114,16808,9839,21051,10259,18675,4660,5682,13395,19028,6378,13261,1297,1252,3643,5087,3138,5980,3147,8426,3670,7120,1758,2030,2080,3989,2573,7231,103784,60630,15184,1780,68951,2,1,21,9
2021-03-20T23:59:59+01:00,5,8,4010,4941,11432,16817,10989,16490,9696,20748,10083,18393,4533,5522,12765,18077,6241,13046,1296,1251,3643,5085,3135,5979,3144,8421,3665,7116,1754,2025,2049,3928,2550,7190,101589,60440,15179,1780,67006,2,1,21,9
2021-03-19T23:59:59+01:00,5,7,3966,4861,11265,16457,10807,16135,9523,20368,9870,18034,4374,5327,11741,16865,6080,12835,1287,1244,3625,5058,3105,5902,3099,8328,3563,6942,1629,1914,1975,3866,2438,6982,98893,59170,14770,1776,64836,2,1,20,9
2021-03-18T23:59:59+01:00,5,7,3879,4758,11019,16031,10539,15691,9245,19899,9647,17692,4230,5161,11117,15999,5852,12568,1283,1233,3608,5023,3085,5858,3077,8272,3536,6896,1610,1881,1936,3796,2315,6772,97094,58484,13763,1686,62461,2,1,20,9
2021-03-17T23:59:59+01:00,5,7,3708,4643,10724,15611,10274,15332,9003,19537,9396,17344,4111,4994,10303,14756,5590,12145,1282,1230,3594,5005,3079,5838,3067,8239,3518,6872,1609,1857,1912,3767,2205,6585,94448,57976,12221,1672,60793,2,1,20,9
2021-03-16T23:59:59+01:00,5,7,3566,4518,10385,15148,10000,14962,8728,19094,9100,16981,3968,4828,9486,13632,5309,11786,1268,1227,3590,4998,3068,5834,3061,8228,3511,6858,1585,1834,1873,3716,2085,6407,92115,57540,11032,1592,58336,2,1,19,9
2021-03-15T23:59:59+01:00,5,7,3418,4402,10071,14680,9709,14503,8431,18620,8812,16568,3822,4658,8779,12568,5085,11465,1258,1219,3570,4986,3056,5810,3041,8189,3491,6815,1570,1821,1856,3683,1970,6222,90154,56956,9669,1591,55763,2,0,17,9
2021-03-14T23:59:59+01:00,5,7,3348,4313,9805,14247,9454,14101,8113,18128,8532,16173,3659,4472,7978,11332,4777,11010,1244,1213,3549,4968,3035,5769,3019,8109,3463,6747,1544,1771,1795,3556,1805,5834,87844,56430,8651,981,52945,2,0,14,9
2021-03-13T23:59:59+01:00,5,7,3272,4061,9494,13579,9211,13523,7888,17557,8328,15741,3552,4370,7787,11039,4729,10922,1244,1213,3549,4968,3035,5769,3018,8109,3462,6745,1540,1770,1793,3552,1804,5833,87191,56413,8651,981,49209,2,0,14,9
2021-03-12T23:59:59+01:00,5,7,3210,3924,9248,13039,8973,12992,7655,16921,7972,14990,3389,4200,7404,10631,4591,10734,1241,1210,3544,4954,3032,5766,3011,8101,3458,6739,1513,1741,1772,3534,1704,5655,85418,55985,8405,980,46048,2,0,14,9
2021-03-11T23:59:59+01:00,5,7,3059,3656,8872,12280,8669,12316,7322,16138,7630,14347,3232,3998,6849,9912,4402,10422,1222,1200,3510,4910,2990,5689,2976,7977,3407,6641,1469,1688,1693,3334,1506,5143,82973,55241,7960,105,42170,1,0,13,9
2021-03-10T23:59:59+01:00,5,7,2994,3549,8373,11769,7992,11833,7001,15647,7330,13756,3072,3841,6289,9218,4231,10148,1211,1186,3480,4852,2959,5613,2940,7837,3353,6519,1431,1648,1635,3238,1390,4864,81156,54066,7409,82,38478,0,0,12,9
2021-03-09T23:59:59+01:00,5,6,2889,3373,7689,11318,7095,11346,6582,15035,6966,13149,2843,3540,5781,8587,4075,9872,1206,1182,3458,4805,2932,5548,2923,7785,3335,6473,1416,1624,1600,3195,1285,4666,78862,53379,6053,48,35224,0,0,12,7
2021-03-08T23:59:59+01:00,5,6,2716,3138,7047,10774,6281,10867,6181,14506,6572,12582,2632,3329,5178,7848,3929,9604,1199,1176,3437,4739,2907,5472,2884,7691,3303,6397,1409,1615,1597,3187,1280,4663,76038,52904,4915,46,32231,0,0,11,7
2021-03-07T23:59:59+01:00,5,6,2604,3006,6716,10273,5870,10326,5885,14056,6332,12193,2534,3238,4413,6785,3712,9321,1196,1173,3434,4734,2902,5460,2880,7674,3295,6384,1404,1602,1576,3147,1265,4622,72785,52698,4084,44,30396,0,0,10,7
2021-03-06T23:59:59+01:00,5,5,2559,2864,6532,9819,5671,9909,5409,13200,5958,11453,2513,3211,4407,6774,3711,9319,1196,1172,3431,4729,2900,5459,2879,7673,3294,6381,1402,1599,1576,3145,1264,4622,71557,52672,4084,44,27668,0,0,10,7
2021-03-05T23:59:59+01:00,5,5,2467,2609,6320,9234,5457,9512,5232,12633,5574,10475,2287,2748,4028,6392,3572,9104,1184,1169,3413,4713,2895,5446,2871,7655,3283,6362,1388,1592,1575,3141,1259,4618,69230,52515,3851,44,24563,0,0,10,6
2021-03-04T23:59:59+01:00,5,5,2391,2404,6105,8798,5294,9171,5051,12212,5399,10096,2195,2578,3475,5568,3406,8766,1172,1155,3370,4615,2862,5380,2839,7557,3250,6288,1368,1585,1561,3127,1251,4607,67182,51940,3411,44,22316,0,0,10,4
2021-03-03T23:59:59+01:00,4,5,2334,2353,5935,8384,5123,8811,4838,11760,5209,9650,2113,2470,3072,5130,3247,8472,1152,1147,3336,4567,2825,5315,2799,7458,3204,6215,1348,1560,1542,3096,1245,4590,65757,51355,3168,42,19975,0,0,10,3
2021-03-02T23:59:59+01:00,4,5,2280,2265,5773,8050,4966,8555,4675,11358,5048,9332,2047,2379,2767,4773,3030,8151,1147,1138,3318,4546,2810,5289,2782,7409,3196,6187,1343,1549,1524,3079,1242,4584,64405,51099,2908,42,18135,0,0,10,3
2021-03-01T23:59:59+01:00,4,5,2254,2238,5669,7834,4866,8410,4591,11206,4948,9158,1992,2302,2471,4451,2842,7835,1141,1135,3304,4528,2798,5260,2766,7363,3182,6159,1337,1546,1517,3070,1239,4580,63142,50881,2687,42,17237,0,0,10,3
2021-02-28T23:59:59+01:00,3,5,2202,2195,5491,7575,4690,8189,4455,11020,4841,9032,1955,2240,2176,4149,2639,7526,1132,1129,3289,4518,2791,5253,2760,7349,3175,6145,1332,1543,1510,3054,1238,4548,62033,50722,2385,42,15955,0,0,10,3
2021-02-27T23:59:59+01:00,3,5,2115,1886,5314,7150,4592,7877,4372,10671,4769,8782,1927,2179,2148,4104,2619,7472,1128,1125,3287,4517,2786,5251,2756,7346,3170,6142,1330,1543,1510,3053,1237,4548,61801,50688,2385,39,13789,0,0,10,3
2021-02-26T23:59:59+01:00,3,5,2058,1808,5167,6912,4445,7617,4221,10406,4560,8499,1798,2072,2087,4067,2512,7292,1107,1112,3270,4483,2774,5211,2743,7293,3148,6088,1324,1532,1506,3045,1236,4546,60475,50378,2379,38,12665,0,0,10,3
2021-02-25T23:59:59+01:00,3,5,1941,1709,4841,6510,4017,7157,3935,9892,4325,8118,1740,2014,2054,4006,2402,7098,1091,1097,3233,4440,2744,5159,2697,7186,3108,5995,1314,1516,1492,3005,1223,4487,59999,49749,2272,36,9486,0,0,10,3
2021-02-24T23:59:59+01:00,3,5,1912,1649,4724,6296,3912,6942,3813,9651,4201,7958,1718,1982,2022,3964,2290,6900,1078,1092,3206,4378,2708,5093,2672,7102,3079,5924,1298,1499,1467,2957,1211,4418,59455,49155,2026,25,8451,0,0,10,3
2021-02-23T23:59:59+01:00,3,5,1687,1502,4350,5807,3631,6548,3592,9272,4046,7673,1689,1951,1978,3917,2177,6717,1059,1081,3168,4350,2680,5036,2648,7026,3044,5865,1278,1479,1440,2922,1201,4368,59000,48632,1979,11,5556,0,0,10,3
2021-02-22T23:59:59+01:00,3,5,1678,1483,4299,5748,3595,6485,3528,9179,3985,7578,1657,1924,1952,3866,2060,6520,1055,1068,3147,4305,2660,4997,2623,6966,3015,5812,1266,1465,1431,2912,1193,4359,58459,48266,1837,6,5239,0,0,10,3
2021-02-21T23:59:59+01:00,3,5,1666,1479,4269,5715,3552,6447,3487,9125,3941,7528,1649,1917,1947,3857,1940,6358,1050,1057,3126,4267,2631,4947,2608,6897,2986,5725,1252,1449,1411,2852,1169,4282,58117,47701,1831,6,4927,0,0,10,3
2021-02-20T23:59:59+01:00,3,5,1665,1478,4264,5712,3550,6446,3487,9124,3940,7527,1644,1915,1945,3853,1939,6358,1050,1057,3124,4265,2631,4947,2607,6896,2986,5725,1252,1448,1410,2852,1169,4282,58102,47693,1831,6,4912,0,0,10,3
2021-02-19T23:59:59+01:00,3,5,1648,1471,4251,5692,3539,6432,3476,9114,3930,7512,1618,1886,1924,3835,1839,6178,1049,1056,3123,4264,2630,4946,2607,6894,2983,5723,1252,1447,1410,2851,1169,4282,57684,47678,1826,6,4835,0,0,8,3
2021-02-18T23:59:59+01:00,3,5,1604,1440,4155,5581,3468,6330,3388,8950,3845,7371,1596,1851,1890,3765,1709,5981,1003,1013,2984,4039,2504,4674,2496,6559,2877,5459,1221,1404,1378,2766,1143,4133,57039,45646,1736,6,4149,0,0,8,2
2021-02-17T23:59:59+01:00,3,4,1582,1411,4059,5431,3383,6180,3270,8715,3718,7170,1544,1783,1818,3664,1592,5676,946,963,2831,3817,2387,4362,2369,6148,2748,5147,1172,1344,1332,2659,1096,3971,55830,43284,1725,6,3440,0,0,8,2
2021-02-16T23:59:59+01:00,3,4,1508,1344,3898,5234,3246,5999,3162,8483,3596,7004,1520,1757,1783,3634,1479,5469,860,931,2700,3660,2288,4151,2243,5826,2617,4893,1116,1253,1187,2358,842,3359,55140,40279,1708,3,2269,0,0,6,2
2021-02-15T23:59:59+01:00,3,4,1493,1326,3853,5148,3188,5912,3105,8368,3529,6898,1509,1743,1768,3611,1471,5449,825,909,2619,3531,2212,3971,2159,5548,2529,4680,1073,1189,1101,2184,778,3144,54675,38450,1706,1,1991,0,0,6,1
2021-02-14T23:59:59+01:00,3,4,1427,1298,3768,5071,3145,5803,3049,8214,3485,6789,1489,1712,1716,3484,1416,5202,816,903,2570,3463,2173,3903,2105,5428,2463,4573,1047,1153,1016,2012,707,2909,54432,37239,1095,1,1542,0,0,6,1
2021-02-13T23:59:59+01:00,3,4,1425,1297,3760,5066,3138,5802,3046,8212,3482,6787,1488,1709,1716,3482,1414,5202,816,903,2570,3463,2173,3903,2104,5428,2462,4573,1045,1152,1016,2012,707,2909,54413,37236,1094,0,1520,0,0,6,0
2021-02-12T23:59:59+01:00,3,3,1392,1281,3722,5032,3116,5782,3024,8179,3463,6742,1472,1699,1706,3465,1405,5183,809,895,2537,3410,2139,3858,2074,5374,2444,4542,1044,1151,1015,2012,706,2907,54186,36917,1092,0,1385,0,0,6,0
2021-02-11T23:59:59+01:00,3,3,1345,1238,3609,4860,3025,5608,2926,7868,3363,6530,1412,1639,1639,3287,1321,4859,772,832,2283,2966,1913,3381,1843,4630,2173,4014,961,1082,929,1820,657,2638,53555,32894,128,0,848,0,0,4,0
2021-02-10T23:59:59+01:00,3,3,1324,1216,3550,4750,2959,5503,2884,7718,3310,6400,1395,1622,1612,3247,1308,4822,695,775,1991,2557,1703,2932,1604,4023,1916,3552,851,935,766,1449,529,2148,52908,28426,126,0,589,0,0,3,0
2021-02-09T23:59:59+01:00,3,2,1311,1198,3495,4681,2929,5434,2864,7622,3273,6332,1388,1609,1584,3225,1298,4809,647,697,1731,2201,1509,2543,1419,3524,1744,3188,820,901,744,1377,508,2035,52598,25588,121,0,335,0,0,3,0
2021-02-08T23:59:59+01:00,3,2,1297,1194,3466,4651,2909,5397,2843,7570,3254,6302,1378,1602,1575,3199,1296,4791,634,663,1580,1964,1368,2289,1285,3216,1584,2928,781,880,696,1271,476,1866,52299,23481,95,0,332,0,0,3,0
2021-02-07T23:59:59+01:00,3,2,1165,1151,3359,4595,2854,5355,2816,7531,3229,6265,1368,1586,1567,3177,1291,4759,487,517,1311,1608,1128,1839,1077,2625,1356,2407,675,754,614,1112,431,1650,52003,19591,67,0,0,0,0,3,0
2021-02-06T23:59:59+01:00,3,2,1161,1149,3357,4593,2850,5352,2809,7528,3225,6261,1366,1584,1566,3174,1290,4759,363,368,1111,1356,991,1535,933,2211,1190,1988,586,652,586,1095,428,1647,51959,17040,67,0,0,0,0,3,0
2021-02-05T23:59:59+01:00,3,1,1150,1138,3341,4572,2843,5325,2798,7483,3206,6215,1360,1576,1563,3167,1289,4759,261,206,926,1038,842,1163,758,1759,1012,1579,469,546,559,1075,425,1643,51719,14261,67,0,0,0,0,3,0
2021-02-04T23:59:59+01:00,3,1,1134,1121,3296,4524,2802,5249,2755,7351,3158,6131,1346,1561,1550,3135,1280,4732,133,81,621,664,551,740,516,1148,670,987,288,363,459,929,387,1492,51081,10029,45,0,0,0,0,3,0
2021-02-03T23:59:59+01:00,3,1,1112,1115,3270,4479,2773,5207,2733,7297,3128,6074,1336,1552,1527,3095,1274,4687,115,65,494,513,420,597,415,908,513,743,240,284,359,730,303,1163,50616,7862,44,0,0,0,0,3,0
2021-02-02T23:59:59+01:00,3,1,1091,1102,3231,4448,2743,5154,2707,7221,3094,6010,1313,1524,1493,3038,1248,4596,105,56,411,415,348,519,367,820,460,661,219,261,314,660,279,1044,49971,6939,43,0,0,0,0,3,0
2021-02-01T23:59:59+01:00,3,1,1075,1091,3210,4395,2712,5093,2676,7094,3064,5913,1293,1496,1469,3002,1232,4533,78,41,314,310,256,394,274,611,326,496,180,211,248,523,217,813,49306,5292,43,0,0,0,0,3,0
2021-01-31T23:59:59+01:00,3,1,1070,1081,3195,4366,2688,5049,2661,7038,3050,5869,1282,1479,1449,2938,1209,4455,68,40,288,286,231,347,253,570,296,457,161,193,208,427,176,657,48837,4658,43,0,0,0,0,3,0
2021-01-30T23:59:59+01:00,3,1,1070,1081,3192,4362,2687,5049,2660,7037,3050,5868,1282,1478,1448,2938,1209,4455,68,37,281,272,218,331,248,559,292,451,160,190,207,427,176,657,48827,4574,40,0,0,0,0,3,0
2021-01-29T23:59:59+01:00,3,1,1069,1080,3191,4358,2687,5047,2660,7035,3047,5866,1282,1478,1448,2937,1209,4455,64,33,263,258,195,311,232,542,281,443,155,188,203,421,175,655,48810,4419,40,0,0,0,0,3,0
2021-01-28T23:59:59+01:00,3,1,1049,1061,3124,4253,2633,4936,2603,6879,2980,5735,1268,1456,1434,2871,1187,4335,55,18,166,154,129,187,162,357,206,280,124,145,157,262,102,378,47769,2882,37,0,0,0,0,2,0
2021-01-27T23:59:59+01:00,3,1,1004,1023,3038,4109,2552,4756,2508,6596,2896,5534,1238,1414,1398,2782,1154,4195,26,7,100,71,58,92,83,209,116,147,94,113,113,193,77,270,46172,1769,27,0,0,0,0,2,0
2021-01-26T23:59:59+01:00,2,1,927,994,2922,3974,2473,4571,2426,6416,2825,5379,1212,1365,1307,2629,940,3796,26,7,95,70,57,91,81,209,114,146,92,112,113,193,77,270,44141,1753,16,0,0,0,0,2,0
2021-01-25T23:59:59+01:00,2,1,911,977,2843,3845,2427,4423,2365,6219,2766,5228,1194,1343,1293,2604,930,3763,26,7,94,70,55,91,81,209,114,144,92,112,113,193,77,270,43122,1748,11,0,0,0,0,1,0
2021-01-24T23:59:59+01:00,2,1,901,973,2823,3830,2417,4391,2339,6180,2733,5167,1182,1337,1284,2582,917,3729,26,7,94,70,55,91,81,209,113,144,91,112,113,193,77,270,42779,1746,8,0,0,0,0,1,0
2021-01-23T23:59:59+01:00,2,1,901,973,2823,3829,2417,4391,2339,6180,2732,5167,1180,1336,1284,2582,917,3729,26,7,94,70,55,91,81,209,113,144,91,112,113,193,77,269,42776,1745,7,0,0,0,0,0,0
2021-01-22T23:59:59+01:00,2,1,895,966,2791,3783,2383,4326,2308,6105,2711,5120,1179,1335,1283,2581,916,3726,26,7,94,70,55,91,81,209,113,144,91,112,113,193,77,269,42404,1745,7,0,0,0,0,0,0
2021-01-21T23:59:59+01:00,2,1,880,898,2533,3367,2182,3909,2128,5496,2487,4634,1127,1287,1239,2460,886,3574,22,7,83,64,51,74,68,169,93,133,81,97,96,143,65,208,39083,1454,7,0,0,0,0,0,0
2021-01-20T23:59:59+01:00,2,1,805,836,2221,2961,1975,3443,1896,4887,2231,4157,1015,1147,1081,2114,773,3111,22,7,83,64,51,73,68,169,93,133,81,97,96,143,64,208,34649,1452,7,0,0,0,0,0,0
2021-01-19T23:59:59+01:00,2,1,745,758,1931,2516,1732,2981,1660,4231,1988,3685,942,1052,961,1841,676,2762,11,3,50,45,32,45,35,100,44,77,36,37,46,75,39,133,30458,808,6,0,0,0,0,0,0
2021-01-18T23:59:59+01:00,2,1,675,702,1703,2118,1494,2505,1412,3545,1732,3179,861,967,862,1635,624,2492,5,2,19,11,13,20,17,54,17,33,19,22,25,53,28,75,26506,413,3,0,0,0,0,0,0
2021-01-17T23:59:59+01:00,1,1,495,542,1386,1715,1213,1971,1156,2809,1453,2556,722,815,714,1356,514,2123,0,1,3,2,0,0,0,0,0,0,0,0,0,0,0,0,21540,6,2,0,0,0,0,0,0
2021-01-16T23:59:59+01:00,1,0,372,395,1204,1468,1093,1684,1015,2409,1296,2149,635,717,686,1340,512,2122,0,0,0,0,0,0,0,0,0,0,0,0,0,0,0,0,19097,0,1,0,0,0,0,0,0
2021-01-15T23:59:59+01:00,1,0,266,232,1020,1166,944,1337,846,1961,1116,1748,518,607,648,1307,501,2082,0,0,0,0,0,0,0,0,0,0,0,0,0,0,0,0,16299,0,1,0,0,0,0,0,0
2021-01-14T23:59:59+01:00,0,0,151,102,704,778,652,866,610,1303,751,1130,332,420,539,1125,451,1858,0,0,0,0,0,0,0,0,0,0,0,0,0,0,0,0,11772,0,0,0,0,0,0,0,0
2021-01-13T23:59:59+01:00,0,0,127,81,593,608,528,698,493,1047,593,865,279,346,453,958,394,1590,0,0,0,0,0,0,0,0,0,0,0,0,0,0,0,0,9653,0,0,0,0,0,0,0,0
2021-01-12T23:59:59+01:00,0,0,116,65,511,520,449,596,430,919,522,762,245,297,369,766,328,1242,0,0,0,0,0,0,0,0,0,0,0,0,0,0,0,0,8137,0,0,0,0,0,0,0,0
2021-01-11T23:59:59+01:00,0,0,87,52,417,421,365,485,344,742,415,589,211,246,309,637,269,1045,0,0,0,0,0,0,0,0,0,0,0,0,0,0,0,0,6634,0,0,0,0,0,0,0,0
2021-01-10T23:59:59+01:00,0,0,73,45,352,348,299,404,288,645,345,522,185,218,249,505,212,814,0,0,0,0,0,0,0,0,0,0,0,0,0,0,0,0,5504,0,0,0,0,0,0,0,0
2021-01-09T23:59:59+01:00,0,0,73,43,337,328,275,382,280,629,337,515,184,217,248,503,212,814,0,0,0,0,0,0,0,0,0,0,0,0,0,0,0,0,5377,0,0,0,0,0,0,0,0
2021-01-08T23:59:59+01:00,0,0,69,37,303,296,229,341,253,588,310,476,167,199,223,445,192,716,0,0,0,0,0,0,0,0,0,0,0,0,0,0,0,0,4844,0,0,0,0,0,0,0,0
2021-01-07T23:59:59+01:00,0,0,58,25,213,198,160,242,194,421,239,340,138,160,169,288,121,445,0,0,0,0,0,0,0,0,0,0,0,0,0,0,0,0,3411,0,0,0,0,0,0,0,0
2021-01-06T23:59:59+01:00,0,0,47,16,163,120,113,161,144,294,176,240,108,128,128,222,82,312,0,0,0,0,0,0,0,0,0,0,0,0,0,0,0,0,2454,0,0,0,0,0,0,0,0
2021-01-05T23:59:59+01:00,0,0,29,8,97,72,58,94,86,212,115,149,98,118,119,204,81,291,0,0,0,0,0,0,0,0,0,0,0,0,0,0,0,0,1831,0,0,0,0,0,0,0,0
2021-01-04T23:59:59+01:00,0,0,27,8,97,71,55,92,86,212,115,147,98,117,119,204,81,291,0,0,0,0,0,0,0,0,0,0,0,0,0,0,0,0,1820,0,0,0,0,0,0,0,0
2021-01-03T23:59:59+01:00,0,0,27,8,97,71,55,92,86,212,114,147,97,117,119,204,81,291,0,0,0,0,0,0,0,0,0,0,0,0,0,0,0,0,1818,0,0,0,0,0,0,0,0
2021-01-02T23:59:59+01:00,0,0,27,8,97,71,55,92,86,212,113,147,97,117,119,204,81,290,0,0,0,0,0,0,0,0,0,0,0,0,0,0,0,0,1816,0,0,0,0,0,0,0,0
2021-01-01T23:59:59+01:00,0,0,27,8,97,71,55,92,86,212,113,146,97,117,119,204,81,290,0,0,0,0,0,0,0,0,0,0,0,0,0,0,0,0,1815,0,0,0,0,0,0,0,0
2020-12-31T23:59:59+01:00,0,0,27,8,97,71,55,92,86,212,112,146,97,117,119,204,81,290,0,0,0,0,0,0,0,0,0,0,0,0,0,0,0,0,1814,0,0,0,0,0,0,0,0
2020-12-30T23:59:59+01:00,0,0,27,8,97,71,54,92,86,212,112,146,97,117,119,204,80,290,0,0,0,0,0,0,0,0,0,0,0,0,0,0,0,0,1812,0,0,0,0,0,0,0,0
2020-12-29T23:59:59+01:00,0,0,15,2,65,53,32,61,50,138,64,89,47,51,66,119,51,195,0,0,0,0,0,0,0,0,0,0,0,0,0,0,0,0,1098,0,0,0,0,0,0,0,0
2020-12-28T23:59:59+01:00,0,0,5,2,36,26,19,30,21,67,25,41,20,22,26,47,28,74,0,0,0,0,0,0,0,0,0,0,0,0,0,0,0,0,489,0,0,0,0,0,0,0,0
2020-12-27T23:59:59+01:00,0,0,0,0,7,5,7,2,1,5,0,2,0,1,2,2,4,6,0,0,0,0,0,0,0,0,0,0,0,0,0,0,0,0,44,0,0,0,0,0,0,0,0
