Datum,<24_1_m,<24_1_w,25-34_1_m,25-34_1_w,35-44_1_m,35-44_1_w,45-54_1_m,45-54_1_w,55-64_1_m,55-64_1_w,65-74_1_m,65-74_1_w,75-84_1_m,75-84_1_w,>84_1_m,>84_1_w,<24_2_m,<24_2_w,25-34_2_m,25-34_2_w,35-44_2_m,35-44_2_w,45-54_2_m,45-54_2_w,55-64_2_m,55-64_2_w,65-74_2_m,65-74_2_w,75-84_2_m,75-84_2_w,>84_2_m,>84_2_w,bp_1,bp_2,mo_1,mo_2,az_1,az_2,ja
2021-05-14T23:59:59+02:00,12834,14279,30280,34443,31216,36498,36806,46703,50657,57981,43063,54044,36241,50047,7826,16046,3654,3552,7356,9102,6725,10590,7511,14223,11278,15415,16763,20950,27632,37572,6560,13525,370157,175328,52600,30438,135716,6151,491
2021-05-13T23:59:59+02:00,12511,13927,29670,33826,30654,35905,36115,46054,49251,56471,42696,53506,36090,49834,7809,16020,3583,3503,7258,9016,6656,10510,7425,14129,10899,14973,15763,19809,27314,37031,6531,13478,363252,171728,51644,29898,135018,5827,425
2021-05-12T23:59:59+02:00,12366,13760,29401,33523,30397,35625,35822,45749,49008,56198,42618,53426,36061,49789,7806,16006,3566,3482,7236,8985,6635,10479,7402,14104,10712,14809,15400,19356,27069,36661,6517,13458,360704,169779,51570,29888,134867,5790,414
2021-05-11T23:59:59+02:00,11964,13361,28588,32750,29590,34905,34984,44981,47345,54486,42245,52911,35916,49558,7786,15947,3466,3361,7002,8737,6438,10194,7200,13739,10197,14219,14478,18239,26727,36189,6502,13406,354002,166199,49901,29036,133068,4513,346
2021-05-10T23:59:59+02:00,11601,13045,27862,32039,28809,34212,34207,44222,46102,53245,41894,52458,35753,49296,7746,15873,3426,3310,6885,8617,6352,10092,7074,13551,9889,13871,13804,17412,26376,35682,6487,13364,347798,163468,48793,28687,131433,3697,340
2021-05-09T23:59:59+02:00,11320,12751,27179,31361,28170,33541,33471,43535,44626,51781,41467,51925,35575,49040,7721,15823,3371,3252,6759,8476,6253,9950,6970,13349,9480,13483,13076,16533,26060,35224,6471,13321,340959,160665,47722,28139,130351,2970,254
2021-05-08T23:59:59+02:00,11208,12665,26773,31053,27733,33233,33025,43235,43612,50956,41339,51785,35536,48983,7719,15817,3368,3249,6755,8474,6246,9944,6966,13337,9470,13468,12942,16350,25480,34402,6441,13258,336476,158826,47680,28114,130265,2959,251
2021-05-07T23:59:59+02:00,11039,12489,26315,30692,27304,32879,32528,42887,42601,50154,41105,51477,35437,48832,7709,15796,3313,3217,6711,8437,6200,9898,6913,13284,9245,13171,12251,15444,24674,33236,6402,13193,331518,154829,47377,27753,130112,2770,237
2021-05-06T23:59:59+02:00,10596,12141,25371,29931,26280,32103,31316,42067,41095,48997,40765,50984,35283,48639,7688,15752,3244,3160,6586,8302,6094,9775,6760,13105,8944,12809,11511,14458,23872,32094,6377,13138,323905,151116,46321,26818,128555,2068,227
2021-05-05T23:59:59+02:00,10176,11905,24498,29339,25418,31430,30212,41279,39207,47208,40374,50476,35100,48405,7650,15678,3200,3122,6477,8177,6002,9667,6660,12969,8669,12490,10699,13505,23038,30995,6352,13086,316222,147328,45472,25944,126516,1691,145
2021-05-04T23:59:59+02:00,9888,11635,23696,28704,24453,30702,29138,40432,37755,45771,39951,49943,34864,48111,7614,15595,3164,3098,6415,8109,5925,9600,6590,12900,8377,12197,9892,12562,22257,29945,6329,13036,309757,143699,44515,25150,123933,1500,47
2021-05-03T23:59:59+02:00,9646,11374,22958,28119,23644,30121,28218,39711,36888,45079,39621,49521,34692,47860,7581,15531,3114,3065,6345,8033,5854,9540,6499,12817,8102,11920,9061,11527,21510,28951,6309,12999,305068,140033,43742,24342,121744,1261,10
2021-05-02T23:59:59+02:00,9454,11164,22299,27568,22919,29549,27402,39090,36170,44512,39392,49207,34605,47708,7560,15503,3075,3044,6307,7992,5826,9512,6464,12782,7864,11673,8377,10741,20961,28235,6292,12986,300480,136927,42981,24069,120636,1130,5
2021-05-01T23:59:59+02:00,9268,10954,21913,27094,22436,28972,26738,38359,35380,43642,39162,48874,34521,47567,7556,15491,3068,3038,6285,7985,5814,9506,6446,12768,7850,11661,8337,10665,20929,28194,6288,12983,294421,136656,42980,24064,120521,1092,5
2021-04-30T23:59:59+02:00,9082,10738,21528,26664,21980,28419,25957,37578,34460,42729,38946,48571,34437,47437,7544,15471,3049,3023,6264,7972,5797,9491,6421,12748,7820,11629,8297,10587,20884,28126,6286,12977,288225,136367,42974,23996,120339,1005,3
2021-04-29T23:59:59+02:00,8769,10464,20946,26090,21307,27727,24993,36609,33214,41375,37976,47268,34166,47024,7509,15374,3011,2982,6171,7864,5723,9387,6319,12602,7584,11313,7678,9881,20534,27663,6268,12915,279660,134342,42191,22789,118958,762,2
2021-04-28T23:59:59+02:00,8462,10218,20426,25609,20661,27135,24078,35711,31848,39880,36896,45804,33874,46592,7464,15276,2939,2930,6063,7745,5626,9269,6223,12443,7317,10994,7007,9044,20176,27159,6231,12851,271163,131964,41420,21507,117349,544,2
2021-04-27T23:59:59+02:00,8251,10013,19999,25190,20055,26609,23245,34943,30684,38525,35894,44493,33556,46100,7421,15198,2912,2899,5963,7644,5575,9181,6152,12318,7074,10751,6409,8320,19827,26728,6217,12836,263744,129915,40556,20584,115874,305,2
2021-04-26T23:59:59+02:00,8039,9816,19584,24779,19515,26087,22429,34180,29502,37273,34920,43195,33300,45671,7387,15112,2895,2887,5929,7605,5534,9144,6114,12277,6841,10516,5819,7614,19499,26345,6200,12813,256364,128011,39736,19746,114688,274,1
2021-04-25T23:59:59+02:00,7908,9662,19247,24519,19141,25751,21793,33549,28497,36250,33886,41884,33021,45302,7360,15056,2883,2877,5913,7585,5515,9127,6093,12252,6805,10480,5662,7398,19207,25941,6188,12780,249374,127431,39027,19010,114424,264,1
2021-04-24T23:59:59+02:00,7706,9449,18807,24090,18593,25222,20967,32704,27508,35277,33658,41590,32942,45165,7350,15045,2879,2872,5899,7577,5508,9120,6087,12249,6791,10461,5582,7280,19127,25827,6185,12772,243519,126996,39026,18975,113527,244,1
2021-04-23T23:59:59+02:00,7451,9224,18351,23621,18037,24611,20106,31849,26392,34081,32959,40515,32815,44963,7337,15023,2871,2853,5870,7555,5474,9078,6045,12210,6746,10406,5384,6978,18606,25213,6111,12644,236067,125165,38702,18655,112565,223,1
2021-04-22T23:59:59+02:00,7188,8983,17726,23001,17243,23832,19031,30802,25098,32631,32021,39286,32608,44663,7313,14977,2856,2835,5829,7501,5428,8997,5978,12132,6663,10328,5044,6516,17943,24383,6024,12498,227216,123063,37792,17700,111394,191,1
2021-04-21T23:59:59+02:00,6948,8782,17187,22501,16575,23240,18026,29866,23578,31058,31092,38129,32362,44305,7274,14919,2837,2815,5789,7450,5376,8926,5916,12035,6565,10250,4836,6180,17292,23589,5940,12355,218567,121040,37023,16947,110251,163,1
2021-04-20T23:59:59+02:00,6735,8558,16616,22023,15830,22555,16993,28838,22129,29562,30046,36757,32087,43967,7236,14855,2820,2800,5746,7413,5336,8881,5868,11970,6492,10187,4694,5973,16709,22869,5855,12220,209818,119444,36151,16233,108817,155,1
2021-04-19T23:59:59+02:00,6526,8375,16067,21592,15157,21991,15970,27912,20709,28153,28810,35233,31815,43565,7203,14777,2807,2786,5725,7382,5302,8852,5826,11922,6412,10109,4534,5766,16091,22186,5778,12104,201328,117848,35380,15582,107146,151,1
2021-04-18T23:59:59+02:00,6312,8212,15617,21254,14523,21429,14919,27085,19354,26946,27568,33722,31543,43213,7177,14724,2746,2733,5593,7257,5196,8742,5725,11775,6313,10000,4380,5551,15525,21543,5696,11973,192960,116279,34553,14320,106084,148,1
2021-04-17T23:59:59+02:00,6269,8176,15461,21177,14355,21344,14659,26893,19078,26675,27104,33220,31436,43088,7171,14712,2713,2682,5493,7105,5084,8584,5627,11581,6224,9888,4317,5464,15304,21276,5689,11964,191757,114546,34549,14316,104511,132,1
2021-04-16T23:59:59+02:00,6189,8115,15280,21011,14144,21197,14355,26620,18568,26139,26180,32127,31317,42893,7150,14694,2659,2619,5373,6927,4964,8406,5465,11341,6041,9677,4079,5199,14699,20515,5614,11861,188405,111393,34267,13924,103306,121,1
2021-04-15T23:59:59+02:00,6106,8024,15062,20795,13874,20911,13898,26244,17809,25366,24984,30696,31101,42615,7136,14663,2579,2517,5175,6675,4761,8103,5261,11023,5831,9408,3867,4917,13898,19460,5530,11743,183991,107659,33459,12982,101833,106,1
2021-04-14T23:59:59+02:00,6010,7944,14856,20589,13620,20680,13491,25902,16990,24587,23580,29086,30838,42273,7110,14614,2364,2380,4968,6420,4578,7858,5040,10774,5612,9145,3724,4676,13178,18586,5444,11586,179544,104686,32567,11547,100058,99,1
2021-04-13T23:59:59+02:00,5943,7880,14661,20451,13399,20498,13117,25586,16263,23895,22065,27447,30583,41904,7093,14551,2265,2312,4803,6226,4402,7654,4834,10525,5430,8934,3590,4499,12648,17985,5357,11459,175456,102398,31694,10435,98185,89,1
2021-04-12T23:59:59+02:00,5864,7791,14435,20253,13102,20245,12716,25153,15551,23173,20637,25691,30337,41608,7065,14500,2119,2200,4628,6071,4254,7470,4676,10342,5293,8783,3464,4341,12218,17471,5271,11341,171199,100752,30643,9101,96278,88,1
2021-04-11T23:59:59+02:00,5775,7704,14220,20062,12818,20035,12285,24793,14881,22525,19285,24107,30126,41336,7040,14458,2075,2162,4513,5959,4142,7348,4555,10223,5173,8671,3341,4202,11737,16880,5172,11189,167134,99095,29691,8160,94624,86,1
2021-04-10T23:59:59+02:00,5771,7696,14205,20052,12810,20025,12268,24780,14798,22433,18615,23193,29881,40979,7022,14435,2069,2150,4504,5949,4130,7337,4542,10207,5112,8593,3237,4088,11179,16048,5060,11010,166072,96972,29665,8160,93225,82,1
2021-04-09T23:59:59+02:00,5757,7682,14179,20004,12774,19978,12224,24732,14422,21993,17170,21401,29530,40438,6994,14399,2046,2141,4486,5931,4104,7313,4499,10174,5076,8543,3122,3951,10315,15055,4951,10852,163505,94560,29327,7918,90844,80,1
2021-04-08T23:59:59+02:00,5709,7653,14087,19930,12700,19901,12119,24623,13969,21428,15454,19292,28993,39542,6942,14291,2022,2125,4460,5877,4051,7233,4434,10097,5007,8472,3015,3831,9812,14443,4784,10645,159696,92737,28307,7493,88630,78,0
2021-04-07T23:59:59+02:00,5674,7618,13984,19854,12616,19823,12030,24513,13496,20955,14015,17489,28432,38712,6895,14200,2000,2112,4409,5808,3970,7157,4345,10008,4922,8385,2915,3726,9044,13298,4591,10323,155385,90230,27431,6717,87490,66,0
2021-04-06T23:59:59+02:00,5638,7587,13890,19782,12538,19768,11950,24449,13012,20463,12415,15486,27852,37894,6878,14134,1928,2048,4280,5688,3871,7032,4225,9866,4819,8264,2802,3602,8302,12320,4375,10034,151398,87872,26551,5519,85787,65,0
2021-04-05T23:59:59+02:00,5598,7554,13820,19717,12468,19700,11895,24364,12614,20082,10814,13529,27239,36975,6841,14073,1851,1968,4116,5534,3708,6879,4072,9729,4681,8140,2656,3469,7464,11314,4180,9743,148218,85535,25492,3906,83573,63,0
2021-04-04T23:59:59+02:00,5584,7535,13809,19696,12463,19685,11887,24350,12475,19963,9777,12230,26843,36413,6820,14028,1849,1963,4110,5532,3706,6875,4068,9723,4680,8136,2650,3456,7211,10821,4115,9654,146487,84587,25490,3906,81581,56,0
2021-04-03T23:59:59+02:00,5580,7525,13794,19680,12455,19679,11878,24340,12457,19914,8751,11020,26089,35341,6779,13934,1846,1960,4108,5528,3704,6871,4061,9711,4665,8126,2645,3445,7056,10544,4097,9596,144035,84001,25485,3906,79696,56,0
2021-04-02T23:59:59+02:00,5574,7505,13755,19654,12421,19637,11835,24293,12365,19832,8071,10042,24658,33432,6668,13726,1835,1945,4082,5508,3683,6829,4021,9633,4538,7847,2512,3307,6674,10122,3979,9436,139589,82210,25149,3685,78730,56,0
2021-04-01T23:59:59+02:00,5511,7423,13663,19519,12309,19494,11688,24132,11744,19355,7346,9129,23325,31680,6572,13536,1762,1874,3980,5409,3621,6764,3952,9565,4467,7745,2410,3156,6147,9392,3849,9230,135395,79992,24024,3282,77007,49,0
2021-03-31T23:59:59+02:00,5456,7361,13540,19369,12179,19351,11510,23932,11464,19104,6835,8494,22037,29966,6450,13351,1748,1862,3960,5386,3588,6736,3917,9516,4431,7696,2338,3070,5635,8705,3720,9063,131484,78255,22943,3067,75972,49,0
2021-03-30T23:59:59+02:00,5389,7285,13408,19213,12069,19187,11381,23769,11301,18968,6444,8068,20825,28420,6342,13183,1729,1825,3919,5351,3520,6668,3830,9397,4304,7526,2196,2855,5193,8143,3614,8850,128134,76058,22022,2827,75096,35,0
2021-03-29T23:59:59+02:00,5337,7236,13300,19127,12008,19103,11287,23668,11160,18823,6104,7625,19579,26961,6247,13031,1667,1781,3873,5312,3437,6594,3719,9248,4149,7335,2087,2722,4596,7428,3504,8633,124577,73437,21161,2615,74858,33,0
2021-03-28T23:59:59+02:00,5276,7163,13185,18986,11928,19023,11196,23565,11057,18721,5767,7242,18576,25625,6153,12873,1630,1728,3764,5206,3235,6354,3657,9157,4098,7285,2023,2656,3796,6340,3384,8456,121612,70427,20377,2320,74347,22,0
2021-03-27T23:59:59+01:00,5239,7100,13077,18821,11808,18857,11087,23355,10952,18591,5694,7137,18314,25307,6145,12863,1624,1725,3760,5201,3233,6348,3337,8755,3937,7042,2018,2652,3777,6303,3355,8400,119782,69137,20342,2320,74223,10,0
2021-03-26T23:59:59+01:00,5191,7035,12966,18640,11692,18667,10925,23126,10801,18396,5501,6877,17734,24540,6070,12755,1623,1723,3754,5195,3212,6331,3315,8734,3708,6553,1869,2313,3481,5978,3238,8215,116731,66919,20004,2314,74181,9,0
2021-03-25T23:59:59+01:00,5111,6934,12762,18386,11494,18347,10709,22795,10563,18079,5247,6551,16744,23261,5969,12610,1612,1712,3732,5167,3182,6306,3268,8697,3656,6513,1789,2171,3025,5277,3120,7975,112771,64981,18935,2214,73856,7,0
2021-03-24T23:59:59+01:00,5012,6796,12553,17950,11291,17961,10486,22408,10351,17752,4928,6143,15741,22108,5866,12428,1586,1699,3708,5119,3147,6241,3211,8629,3607,6444,1732,2114,2695,4898,2997,7749,109712,63597,17849,1972,72213,7,0
2021-03-23T23:59:59+01:00,4942,6698,12388,17620,11108,17617,10300,22049,10154,17492,4792,5910,15076,21323,5762,12285,1570,1693,3695,5101,3127,6224,3191,8581,3573,6400,1698,2060,2446,4603,2814,7462,107420,62300,17123,1931,70973,7,0
2021-03-22T23:59:59+01:00,4881,6596,12190,17282,10930,17297,10096,21718,9944,17224,4633,5683,14453,20611,5660,12136,1554,1684,3670,5065,3097,6186,3157,8532,3540,6353,1656,2006,2233,4324,2638,7166,105603,61063,16412,1792,69319,6,0
2021-03-21T23:59:59+01:00,4789,6441,11904,16868,10657,16900,9843,21277,9698,16901,4502,5497,13766,19824,5541,11959,1545,1683,3653,5048,3077,6153,3136,8501,3521,6329,1638,1987,2058,4139,2489,6931,103739,60094,15117,1788,67511,6,0
2021-03-20T23:59:59+01:00,4750,6349,11762,16518,10527,16605,9703,20959,9522,16634,4378,5340,13135,18875,5424,11764,1544,1682,3653,5047,3074,6152,3133,8497,3516,6325,1632,1982,2026,4075,2470,6893,101560,59907,15113,1788,65572,6,0
2021-03-19T23:59:59+01:00,4695,6243,11588,16160,10357,16245,9523,20569,9315,16302,4191,5122,12121,17668,5301,11596,1536,1676,3636,5015,3044,6079,3094,8405,3413,6154,1520,1890,1955,4016,2360,6689,98875,58693,14705,1785,63416,4,0
2021-03-18T23:59:59+01:00,4598,6106,11319,15722,10094,15819,9256,20102,9102,15982,4048,4957,11469,16790,5114,11362,1530,1660,3621,4982,3022,6035,3075,8348,3387,6114,1501,1857,1916,3942,2234,6486,97076,58011,13699,1695,61065,4,0
2021-03-17T23:59:59+01:00,4400,5970,11026,15289,9840,15472,9014,19725,8863,15664,3921,4774,10629,15498,4899,11027,1528,1657,3608,4962,3018,6017,3064,8311,3370,6092,1499,1837,1892,3911,2123,6302,94432,57506,12177,1681,59402,4,0
2021-03-16T23:59:59+01:00,4240,5818,10670,14820,9590,15105,8721,19284,8586,15319,3779,4616,9789,14331,4668,10737,1513,1654,3604,4956,3009,6010,3058,8303,3360,6077,1478,1814,1855,3863,2005,6126,92115,57078,10985,1603,56973,4,0
2021-03-15T23:59:59+01:00,4073,5665,10354,14345,9301,14638,8418,18808,8323,14932,3629,4439,9052,13232,4497,10484,1502,1646,3586,4943,2998,5988,3039,8265,3340,6034,1463,1802,1840,3830,1892,5941,90165,56503,9620,1603,54405,3,0
2021-03-14T23:59:59+01:00,3993,5548,10072,13893,9044,14245,8103,18322,8062,14564,3451,4232,8213,11950,4249,10112,1488,1639,3562,4925,2976,5939,3020,8187,3315,5971,1429,1751,1782,3694,1729,5560,87849,55981,8607,983,51597,3,0
2021-03-13T23:59:59+01:00,3914,5336,9824,13373,8872,13831,7926,17912,7921,14275,3375,4164,8017,11643,4217,10045,1488,1639,3562,4925,2975,5939,3020,8187,3314,5969,1425,1750,1780,3690,1728,5559,87198,55964,8607,983,48840,3,0
2021-03-12T23:59:59+01:00,3829,5158,9576,12841,8645,13285,7679,17242,7567,13581,3218,4012,7633,11220,4110,9897,1486,1635,3559,4912,2971,5934,3013,8181,3310,5963,1399,1717,1759,3672,1630,5383,85443,55538,8360,983,45690,3,0
2021-03-11T23:59:59+01:00,3655,4792,9216,12120,8346,12614,7328,16452,7256,12998,3063,3811,7045,10450,3967,9662,1462,1618,3531,4870,2925,5845,2977,8063,3260,5874,1357,1662,1679,3458,1434,4876,83023,54792,7913,97,41839,2,0
2021-03-10T23:59:59+01:00,3573,4638,8648,11616,7725,12138,7018,15908,6964,12473,2907,3669,6459,9703,3841,9460,1447,1602,3502,4809,2893,5763,2939,7915,3205,5773,1320,1619,1624,3357,1316,4600,81223,53608,7358,74,38159,2,0
2021-03-09T23:59:59+01:00,3437,4422,7893,11166,6884,11646,6620,15289,6615,11903,2687,3381,5931,9052,3720,9231,1441,1597,3477,4759,2867,5699,2923,7865,3188,5729,1304,1596,1592,3316,1206,4401,78944,52919,6006,40,34927,1,0
2021-03-08T23:59:59+01:00,3236,4137,7169,10642,6149,11166,6225,14740,6239,11383,2495,3187,5307,8286,3620,9031,1433,1585,3455,4691,2839,5630,2886,7774,3160,5660,1301,1587,1588,3308,1202,4399,76142,52457,4912,40,31958,1,0
2021-03-07T23:59:59+01:00,3102,3968,6821,10139,5728,10611,5947,14299,6017,11035,2405,3109,4478,7149,3477,8836,1430,1582,3451,4686,2834,5618,2882,7755,3151,5649,1297,1569,1568,3270,1185,4359,72907,52247,4082,39,30132,0,0
2021-03-06T23:59:59+01:00,3051,3782,6627,9700,5534,10179,5435,13380,5695,10408,2391,3093,4473,7137,3474,8835,1429,1580,3449,4683,2832,5617,2881,7754,3150,5646,1295,1566,1568,3268,1184,4359,71686,52222,4082,39,27426,0,0
2021-03-05T23:59:59+01:00,2944,3465,6405,9156,5334,9771,5260,12803,5296,9426,2191,2698,4076,6721,3365,8665,1416,1573,3432,4669,2827,5604,2873,7736,3139,5628,1282,1563,1568,3263,1179,4355,69366,52068,3851,39,24359,0,0
2021-03-04T23:59:59+01:00,2849,3211,6185,8740,5181,9426,5084,12373,5120,9091,2078,2498,3508,5870,3241,8399,1404,1551,3392,4574,2795,5541,2843,7636,3112,5567,1269,1556,1558,3252,1174,4344,67322,51529,3410,39,22122,0,0
2021-03-03T23:59:59+01:00,2786,3133,6005,8331,5003,9045,4874,11918,4939,8676,1994,2395,3087,5391,3112,8152,1381,1541,3356,4523,2757,5478,2802,7532,3070,5504,1256,1535,1539,3221,1168,4327,65894,50952,3168,38,19779,0,0
2021-03-02T23:59:59+01:00,2725,3025,5835,7996,4847,8776,4714,11515,4802,8384,1915,2308,2777,5020,2920,7865,1375,1530,3337,4506,2741,5450,2789,7486,3062,5475,1252,1527,1520,3202,1166,4323,64564,50703,2912,38,17948,0,0
2021-03-01T23:59:59+01:00,2690,2977,5729,7773,4758,8652,4628,11359,4705,8220,1865,2227,2469,4679,2752,7585,1367,1527,3324,4487,2732,5417,2770,7435,3051,5458,1246,1523,1513,3194,1164,4319,63320,50489,2691,38,17057,0,0
2021-02-28T23:59:59+01:00,2623,2918,5548,7515,4588,8429,4498,11178,4608,8105,1814,2169,2174,4359,2575,7312,1355,1520,3312,4477,2724,5410,2764,7418,3044,5448,1242,1521,1507,3178,1163,4288,62241,50333,2391,38,15781,0,0
2021-02-27T23:59:59+01:00,2508,2541,5390,7132,4487,8124,4421,10828,4541,7873,1787,2116,2148,4316,2557,7260,1352,1517,3310,4477,2719,5408,2760,7414,3040,5446,1241,1520,1506,3178,1163,4288,62012,50304,2391,35,13626,0,0
2021-02-26T23:59:59+01:00,2442,2435,5249,6900,4342,7871,4271,10560,4336,7598,1665,2028,2090,4280,2452,7083,1331,1503,3292,4443,2709,5368,2748,7363,3017,5397,1235,1510,1502,3171,1162,4286,60702,50003,2385,34,12515,0,0
2021-02-25T23:59:59+01:00,2311,2304,4889,6488,3932,7403,3999,10060,4121,7254,1616,1983,2058,4221,2337,6892,1312,1483,3261,4403,2673,5308,2711,7253,2981,5315,1224,1494,1488,3131,1150,4231,60222,49386,2279,32,9367,0,0
2021-02-24T23:59:59+01:00,2272,2233,4768,6264,3840,7186,3871,9822,4006,7112,1596,1958,2028,4177,2223,6696,1298,1472,3231,4338,2639,5241,2686,7175,2951,5249,1208,1476,1465,3082,1139,4166,59678,48794,2035,22,8339,0,0
2021-02-23T23:59:59+01:00,2015,2038,4405,5797,3569,6784,3650,9447,3859,6863,1580,1929,1983,4133,2110,6514,1278,1460,3190,4303,2614,5181,2662,7101,2913,5200,1191,1455,1440,3045,1129,4117,59229,48271,1989,8,5458,0,0
2021-02-22T23:59:59+01:00,2004,2015,4349,5738,3533,6720,3585,9350,3804,6775,1549,1907,1960,4080,1994,6321,1273,1442,3170,4262,2593,5141,2636,7040,2884,5153,1183,1444,1428,3035,1123,4108,58695,47912,1846,3,5143,0,0
2021-02-21T23:59:59+01:00,1993,2008,4315,5704,3490,6686,3548,9288,3768,6733,1539,1901,1954,4071,1877,6156,1265,1426,3148,4225,2565,5090,2622,6973,2854,5071,1170,1428,1405,2973,1100,4036,58349,47348,1842,3,4840,0,0
2021-02-20T23:59:59+01:00,1992,2006,4310,5702,3488,6686,3548,9287,3767,6732,1534,1900,1952,4067,1876,6156,1265,1426,3147,4223,2565,5090,2621,6972,2854,5071,1170,1427,1404,2973,1100,4036,58335,47341,1842,3,4826,0,0
2021-02-19T23:59:59+01:00,1971,1997,4300,5686,3480,6671,3537,9277,3756,6719,1509,1868,1930,4047,1777,5976,1263,1425,3147,4222,2564,5089,2621,6970,2852,5069,1170,1427,1404,2972,1100,4036,57914,47328,1837,3,4750,0,0
2021-02-18T23:59:59+01:00,1926,1953,4197,5579,3417,6567,3441,9100,3679,6597,1493,1834,1895,3974,1647,5780,1212,1365,2999,3995,2445,4804,2509,6638,2752,4852,1140,1379,1372,2887,1076,3895,57262,45317,1747,3,4070,0,0
2021-02-17T23:59:59+01:00,1899,1911,4094,5424,3333,6414,3323,8847,3558,6432,1438,1762,1825,3871,1531,5476,1145,1293,2845,3773,2332,4489,2378,6200,2636,4599,1091,1315,1319,2775,1038,3738,56007,42963,1736,3,3395,0,0
2021-02-16T23:59:59+01:00,1800,1820,3940,5231,3204,6226,3209,8628,3441,6273,1416,1739,1797,3836,1414,5270,1049,1251,2717,3610,2233,4271,2239,5887,2515,4370,1044,1214,1160,2464,794,3143,55272,39960,1720,1,2252,0,0
2021-02-15T23:59:59+01:00,1784,1794,3890,5143,3147,6138,3146,8514,3383,6175,1406,1726,1784,3814,1406,5248,1009,1216,2635,3477,2159,4092,2154,5607,2429,4176,1001,1147,1075,2275,731,2948,54806,38130,1719,1,1973,0,0
2021-02-14T23:59:59+01:00,1709,1759,3810,5066,3106,6022,3090,8354,3340,6080,1386,1695,1731,3674,1349,5009,996,1206,2590,3410,2119,4023,2095,5482,2370,4079,966,1109,996,2091,664,2722,54559,36917,1097,1,1524,0,0
2021-02-13T23:59:59+01:00,1706,1757,3802,5063,3100,6020,3087,8353,3337,6078,1385,1693,1731,3672,1347,5009,996,1206,2590,3410,2119,4023,2094,5482,2369,4079,966,1109,996,2091,664,2722,54541,36916,1097,0,1502,0,0
2021-02-12T23:59:59+01:00,1668,1732,3764,5034,3080,6001,3063,8316,3320,6040,1369,1686,1722,3654,1339,4990,987,1194,2556,3359,2086,3974,2066,5433,2352,4049,965,1109,995,2091,663,2720,54315,36599,1096,0,1367,0,0
2021-02-11T23:59:59+01:00,1613,1668,3658,4870,2981,5822,2963,8011,3229,5852,1315,1626,1658,3468,1255,4673,938,1095,2284,2916,1876,3466,1825,4698,2102,3579,887,1038,902,1883,615,2458,53709,32562,121,0,832,0,0
2021-02-10T23:59:59+01:00,1593,1642,3596,4752,2913,5723,2917,7849,3184,5742,1301,1610,1634,3426,1241,4637,844,1008,1999,2504,1665,3010,1581,4076,1856,3171,790,882,735,1504,489,1982,53060,28096,119,0,581,0,0
2021-02-09T23:59:59+01:00,1575,1616,3545,4686,2884,5651,2893,7750,3147,5678,1299,1601,1604,3405,1233,4623,781,900,1732,2156,1472,2606,1413,3572,1692,2857,761,849,712,1424,470,1880,52746,25277,115,0,329,0,0
2021-02-08T23:59:59+01:00,1555,1613,3521,4655,2865,5609,2869,7699,3132,5652,1289,1593,1596,3377,1231,4609,762,850,1579,1915,1325,2355,1281,3257,1536,2628,732,826,662,1309,441,1722,52448,23180,90,0,327,0,0
2021-02-07T23:59:59+01:00,1405,1564,3430,4597,2813,5568,2842,7657,3108,5618,1282,1577,1587,3356,1227,4578,590,662,1317,1573,1096,1892,1071,2657,1317,2173,628,706,587,1144,399,1515,52146,19327,63,0,0,0,0
2021-02-06T23:59:59+01:00,1401,1560,3429,4595,2807,5565,2837,7652,3104,5615,1280,1574,1585,3354,1227,4578,443,472,1126,1348,964,1562,920,2234,1153,1785,550,623,568,1130,396,1512,52100,16786,63,0,0,0,0
2021-02-05T23:59:59+01:00,1390,1548,3414,4574,2798,5538,2827,7607,3083,5570,1276,1566,1582,3347,1226,4578,325,272,941,1040,813,1186,756,1781,965,1404,450,532,545,1114,394,1508,51861,14026,63,0,0,0,0
2021-02-04T23:59:59+01:00,1371,1526,3365,4522,2758,5454,2786,7478,3037,5492,1263,1553,1568,3312,1219,4553,167,116,636,674,522,746,509,1142,633,872,287,362,446,968,359,1364,51217,9803,40,0,0,0,0
2021-02-03T23:59:59+01:00,1348,1516,3323,4470,2725,5402,2763,7412,3002,5430,1252,1531,1533,3243,1203,4446,146,95,503,521,398,606,421,900,485,672,238,289,357,784,288,1108,50559,7811,40,0,0,0,0
2021-02-02T23:59:59+01:00,1326,1502,3279,4431,2693,5340,2736,7334,2968,5368,1230,1500,1497,3181,1176,4352,130,79,419,427,334,526,380,819,430,608,221,267,311,714,266,994,49874,6925,39,0,0,0,0
2021-02-01T23:59:59+01:00,1309,1485,3254,4379,2663,5266,2702,7201,2939,5280,1214,1478,1470,3143,1162,4291,102,56,314,321,246,398,283,610,307,455,183,217,243,569,205,769,49197,5278,39,0,0,0,0
2021-01-31T23:59:59+01:00,1302,1471,3238,4349,2640,5222,2688,7147,2925,5241,1203,1461,1447,3076,1141,4215,91,53,284,297,225,351,260,567,278,422,162,196,200,463,168,624,48727,4641,39,0,0,0,0
2021-01-30T23:59:59+01:00,1302,1471,3235,4345,2639,5222,2687,7145,2925,5241,1203,1460,1446,3076,1141,4215,91,50,274,283,215,335,255,558,274,414,161,195,199,463,168,624,48717,4559,36,0,0,0,0
2021-01-29T23:59:59+01:00,1300,1470,3235,4341,2639,5221,2685,7143,2923,5239,1202,1460,1446,3075,1141,4215,85,46,253,269,193,311,243,545,262,406,158,193,195,457,167,622,48700,4405,35,0,0,0,0
2021-01-28T23:59:59+01:00,1277,1440,3161,4230,2587,5102,2622,6986,2865,5128,1188,1434,1432,3008,1121,4101,71,24,156,163,129,189,166,362,194,254,128,144,149,285,98,362,47649,2874,33,0,0,0,0
2021-01-27T23:59:59+01:00,1223,1383,3072,4091,2510,4916,2529,6698,2786,4956,1154,1388,1394,2914,1093,3967,36,9,91,77,62,90,80,209,111,138,99,113,110,212,74,256,46051,1767,23,0,0,0,0
2021-01-26T23:59:59+01:00,1138,1346,2953,3945,2437,4738,2444,6510,2714,4825,1134,1331,1298,2761,881,3571,35,9,88,76,61,89,78,209,109,137,97,112,110,212,74,256,44014,1752,12,0,0,0,0
2021-01-25T23:59:59+01:00,1119,1316,2873,3814,2391,4586,2380,6314,2654,4692,1122,1312,1283,2727,871,3544,35,9,87,76,59,89,78,208,109,136,97,112,110,212,74,256,42991,1747,7,0,0,0,0
2021-01-24T23:59:59+01:00,1107,1311,2856,3797,2381,4556,2350,6263,2623,4646,1113,1304,1272,2704,860,3510,35,9,87,76,59,89,78,208,109,136,97,112,110,212,74,256,42648,1747,5,0,0,0,0
2021-01-23T23:59:59+01:00,1107,1311,2856,3797,2381,4556,2350,6263,2622,4646,1113,1304,1272,2704,860,3510,35,9,87,76,59,89,78,208,109,136,97,112,110,212,74,256,42647,1747,5,0,0,0,0
2021-01-22T23:59:59+01:00,1099,1301,2821,3751,2349,4485,2319,6194,2603,4603,1112,1303,1271,2703,859,3507,35,9,87,76,59,89,78,208,109,136,97,112,110,212,74,256,42275,1747,5,0,0,0,0
2021-01-21T23:59:59+01:00,1067,1197,2556,3340,2159,4050,2133,5586,2392,4158,1065,1261,1225,2570,831,3362,30,8,77,68,55,72,65,171,89,125,89,95,91,156,63,199,38947,1453,5,0,0,0,0
2021-01-20T23:59:59+01:00,970,1109,2250,2922,1947,3574,1895,4965,2148,3733,967,1110,1060,2217,722,2910,30,8,77,68,55,71,65,171,89,125,89,95,91,156,63,199,34494,1452,5,0,0,0,0
2021-01-19T23:59:59+01:00,891,990,1959,2491,1703,3083,1667,4301,1921,3323,898,1009,929,1933,630,2575,13,4,49,47,33,39,33,100,39,75,38,35,47,84,37,130,30299,803,4,0,0,0,0
2021-01-18T23:59:59+01:00,813,903,1716,2085,1467,2598,1407,3605,1687,2870,820,928,825,1705,584,2326,7,2,17,12,14,18,17,53,15,34,22,23,24,56,28,75,26336,417,3,0,0,0,0
2021-01-17T23:59:59+01:00,602,697,1401,1693,1191,2039,1152,2851,1416,2311,676,781,690,1416,480,1970,1,0,2,2,0,0,0,0,0,0,0,0,0,0,0,0,21363,5,3,0,0,0,0
2021-01-16T23:59:59+01:00,457,505,1226,1474,1075,1727,1004,2440,1262,1934,599,701,670,1403,478,1969,0,0,0,0,0,0,0,0,0,0,0,0,0,0,0,0,18922,0,2,0,0,0,0
2021-01-15T23:59:59+01:00,334,303,1045,1180,923,1379,842,1983,1073,1560,498,606,636,1371,469,1931,0,0,0,0,0,0,0,0,0,0,0,0,0,0,0,0,16131,0,2,0,0,0,0
2021-01-14T23:59:59+01:00,188,136,727,801,627,879,603,1301,717,1000,328,428,527,1183,422,1718,0,0,0,0,0,0,0,0,0,0,0,0,0,0,0,0,11585,0,0,0,0,0,0
2021-01-13T23:59:59+01:00,162,110,608,626,501,697,492,1028,563,777,274,349,442,1007,366,1455,0,0,0,0,0,0,0,0,0,0,0,0,0,0,0,0,9457,0,0,0,0,0,0
2021-01-12T23:59:59+01:00,146,91,531,537,430,603,438,915,493,693,247,309,367,832,311,1184,0,0,0,0,0,0,0,0,0,0,0,0,0,0,0,0,8127,0,0,0,0,0,0
2021-01-11T23:59:59+01:00,116,71,427,438,352,492,350,728,390,534,215,256,304,698,253,989,0,0,0,0,0,0,0,0,0,0,0,0,0,0,0,0,6613,0,0,0,0,0,0
2021-01-10T23:59:59+01:00,100,58,353,362,290,407,296,635,324,473,187,224,241,555,201,769,0,0,0,0,0,0,0,0,0,0,0,0,0,0,0,0,5475,0,0,0,0,0,0
2021-01-09T23:59:59+01:00,100,56,335,343,267,383,289,621,316,466,186,223,240,553,201,769,0,0,0,0,0,0,0,0,0,0,0,0,0,0,0,0,5348,0,0,0,0,0,0
2021-01-08T23:59:59+01:00,94,50,295,308,226,342,265,590,289,438,170,204,219,487,183,686,0,0,0,0,0,0,0,0,0,0,0,0,0,0,0,0,4846,0,0,0,0,0,0
2021-01-07T23:59:59+01:00,76,31,202,207,162,245,202,425,224,309,141,160,164,317,115,427,0,0,0,0,0,0,0,0,0,0,0,0,0,0,0,0,3407,0,0,0,0,0,0
2021-01-06T23:59:59+01:00,64,19,148,124,115,159,149,302,166,215,109,129,125,245,79,298,0,0,0,0,0,0,0,0,0,0,0,0,0,0,0,0,2446,0,0,0,0,0,0
2021-01-05T23:59:59+01:00,40,9,89,77,62,93,84,212,110,139,104,119,117,227,78,275,0,0,0,0,0,0,0,0,0,0,0,0,0,0,0,0,1835,0,0,0,0,0,0
2021-01-04T23:59:59+01:00,38,9,89,77,59,91,84,211,110,138,104,118,117,227,78,275,0,0,0,0,0,0,0,0,0,0,0,0,0,0,0,0,1825,0,0,0,0,0,0
2021-01-03T23:59:59+01:00,38,9,89,77,59,91,84,211,110,138,104,118,117,227,78,275,0,0,0,0,0,0,0,0,0,0,0,0,0,0,0,0,1825,0,0,0,0,0,0
2021-01-02T23:59:59+01:00,38,9,89,77,59,91,84,211,110,138,104,118,117,227,78,275,0,0,0,0,0,0,0,0,0,0,0,0,0,0,0,0,1825,0,0,0,0,0,0
2021-01-01T23:59:59+01:00,38,9,89,77,59,91,84,211,110,137,103,117,117,227,78,275,0,0,0,0,0,0,0,0,0,0,0,0,0,0,0,0,1822,0,0,0,0,0,0
2020-12-31T23:59:59+01:00,38,9,89,77,59,91,84,211,110,137,103,117,117,227,78,275,0,0,0,0,0,0,0,0,0,0,0,0,0,0,0,0,1822,0,0,0,0,0,0
2020-12-30T23:59:59+01:00,38,9,89,77,58,91,84,211,110,137,103,117,117,227,78,275,0,0,0,0,0,0,0,0,0,0,0,0,0,0,0,0,1821,0,0,0,0,0,0
2020-12-29T23:59:59+01:00,19,5,62,57,35,57,49,137,61,87,47,50,69,138,48,186,0,0,0,0,0,0,0,0,0,0,0,0,0,0,0,0,1107,0,0,0,0,0,0
2020-12-28T23:59:59+01:00,7,4,36,26,20,28,20,68,22,41,23,22,25,51,28,74,0,0,0,0,0,0,0,0,0,0,0,0,0,0,0,0,495,0,0,0,0,0,0
2020-12-27T23:59:59+01:00,1,0,7,5,6,2,1,5,0,2,0,1,2,3,4,5,0,0,0,0,0,0,0,0,0,0,0,0,0,0,0,0,44,0,0,0,0,0,0
