Datum,<15_m,<15_w,15-24_1_m,15-24_1_w,25-34_1_m,25-34_1_w,35-44_1_m,35-44_1_w,45-54_1_m,45-54_1_w,55-64_1_m,55-64_1_w,65-74_1_m,65-74_1_w,75-84_1_m,75-84_1_w,>84_1_m,>84_1_w,<24_2_m,<24_2_w,25-34_2_m,25-34_2_w,35-44_2_m,35-44_2_w,45-54_2_m,45-54_2_w,55-64_2_m,55-64_2_w,65-74_2_m,65-74_2_w,75-84_2_m,75-84_2_w,>84_2_m,>84_2_w,bp_1,bp_2,mo_1,mo_2,az_1,az_2,ja,unb_1,unb_2
2021-08-19T23:59:59+02:00,7331,7046,56670,57086,99662,97573,91793,91328,89772,95309,90412,92819,54710,68020,43316,60078,10473,21095,48999,49748,91614,88964,84757,83426,83887,88884,85785,88242,52581,65328,41899,57855,10036,20055,770296,714824,132057,122197,158273,141324,73776,91,83
2021-08-18T23:59:59+02:00,7272,6993,56497,56937,99491,97408,91657,91176,89641,95197,90314,92725,54647,67965,43291,60036,10465,21080,48664,49398,91250,88653,84450,83103,83617,88636,85601,88076,52476,65221,41834,57771,10023,20028,769216,712526,131975,121810,158266,141091,73244,91,83
2021-08-17T23:59:59+02:00,7211,6941,56317,56785,99302,97234,91500,91036,89521,95069,90218,92636,54611,67918,43269,60009,10463,21065,48185,48993,90808,88232,84054,82752,83290,88350,85400,87879,52374,65100,41780,57697,10017,20006,768138,709575,131874,121407,158252,140805,72750,91,83
2021-08-16T23:59:59+02:00,7154,6875,56142,56620,99115,97065,91356,90886,89387,94955,90108,92542,54559,67858,43241,59961,10455,21052,47635,48434,90350,87807,83595,82359,82968,88060,85177,87683,52273,64987,41724,57619,10008,19970,767014,706141,131788,120967,158245,140580,72193,91,83
2021-08-15T23:59:59+02:00,7091,6827,55931,56440,98940,96895,91202,90752,89264,94853,90019,92484,54524,67817,43222,59932,10451,21046,46529,47342,89715,87133,83052,81831,82578,87675,84891,87479,52166,64864,41683,57562,9999,19950,765985,700447,131681,120339,158236,140404,71697,91,83
2021-08-14T23:59:59+02:00,7061,6799,55817,56352,98803,96798,91100,90678,89180,94785,89969,92440,54509,67801,43217,59925,10450,21045,46385,47207,89498,86957,82846,81633,82456,87580,84824,87436,52138,64834,41674,57551,9998,19948,765479,699677,131626,120025,158233,140352,71300,91,83
2021-08-13T23:59:59+02:00,7018,6755,55672,56231,98653,96675,90977,90547,89080,94673,89893,92380,54480,67752,43203,59903,10448,21039,46092,46902,89040,86571,82457,81263,82198,87345,84661,87299,52096,64767,41653,57527,9995,19937,764691,697512,131569,119481,158225,140278,70803,91,83
2021-08-12T23:59:59+02:00,6983,6705,55469,56074,98454,96500,90806,90390,88937,94536,89803,92304,54443,67700,43178,59869,10440,21021,45691,46522,88424,86015,81893,80732,81827,87031,84434,87131,52024,64668,41603,57468,9985,19921,763668,694647,131463,118669,158214,140035,70176,91,83
2021-08-11T23:59:59+02:00,6948,6651,55284,55910,98255,96324,90657,90259,88810,94430,89694,92203,54392,67643,43147,59831,10430,21006,45284,46075,87825,85363,81325,80229,81501,86735,84170,86894,51941,64535,41531,57348,9968,19878,762579,691562,131368,117731,158193,139706,69643,91,83
2021-08-10T23:59:59+02:00,6888,6605,55103,55754,98055,96187,90500,90114,88687,94322,89611,92130,54348,67599,43131,59796,10426,20995,44861,45619,87191,84763,80730,79701,81099,86361,83930,86685,51820,64430,41475,57263,9955,19849,761573,688313,131275,116797,158174,139396,69138,91,83
2021-08-09T23:59:59+02:00,6839,6549,54939,55593,97871,96045,90358,89981,88558,94230,89507,92071,54312,67554,43106,59764,10419,20981,44314,45075,86368,84097,80049,79123,80689,86019,83638,86465,51713,64300,41419,57164,9941,19809,760638,684566,131204,115744,158165,139057,68579,91,83
2021-08-08T23:59:59+02:00,6774,6483,54721,55412,97678,95866,90189,89822,88428,94119,89415,91998,54259,67509,43081,59730,10412,20960,43724,44478,85325,83185,79165,78321,80159,85551,83316,86170,51584,64149,41359,57074,9929,19783,759493,679575,131095,114568,158145,138751,68032,91,83
2021-08-07T23:59:59+02:00,6730,6435,54584,55290,97544,95758,90063,89722,88335,94061,89353,91958,54241,67483,43077,59720,10409,20956,42901,43613,84998,82857,78698,77886,79806,85203,83133,86029,51521,64066,41338,57039,9924,19774,758851,675934,131031,113425,158141,138646,67605,91,82
2021-08-06T23:59:59+02:00,6676,6385,54398,55148,97323,95581,89915,89594,88211,93950,89260,91890,54202,67456,43068,59694,10406,20952,41988,42738,84546,82406,78108,77331,79419,84825,82944,85882,51471,64002,41312,57007,9916,19762,757922,672026,130943,112148,158134,138512,67019,91,82
2021-08-05T23:59:59+02:00,6612,6317,54090,54915,97044,95330,89673,89389,88007,93770,89094,91763,54140,67369,43039,59642,10397,20933,40775,41595,83830,81746,77341,76545,78825,84266,82590,85580,51342,63845,41251,56908,9901,19730,756382,666544,130820,110532,158123,137977,66108,91,82
2021-08-04T23:59:59+02:00,6532,6266,53860,54736,96817,95126,89503,89226,87870,93632,88979,91669,54087,67318,43003,59597,10394,20923,40317,41119,82642,80709,76020,75404,78337,83821,82274,85334,51205,63708,41195,56825,9885,19705,755138,661421,130718,109035,158110,137524,65481,91,82
2021-08-03T23:59:59+02:00,6468,6204,53605,54548,96594,94938,89334,89067,87731,93488,88836,91549,54010,67237,42968,59539,10386,20915,39882,40713,81400,79578,74603,74216,77737,83258,81734,84846,50996,63506,41095,56670,9872,19670,753795,655655,130617,107339,158087,136820,64827,91,82
2021-08-02T23:59:59+02:00,6408,6141,53367,54352,96344,94729,89125,88898,87571,93344,88695,91434,53928,67168,42937,59491,10383,20895,39421,40249,80100,78480,73061,73011,77118,82691,81195,84368,50827,63306,41021,56551,9855,19637,752407,649669,130473,105580,158066,136222,64173,91,82
2021-08-01T23:59:59+02:00,6344,6056,53103,54092,96092,94465,88896,88732,87368,93201,88532,91324,53868,67086,42901,59440,10376,20888,38907,39759,78814,77406,71661,71915,76235,81942,80614,83908,50643,63071,40939,56447,9845,19613,750843,643547,130283,103684,158046,135616,63501,91,82
2021-07-31T23:59:59+02:00,6309,6018,52988,54001,95977,94373,88795,88664,87279,93130,88488,91288,53857,67077,42895,59436,10376,20887,37963,38755,78371,76968,71130,71364,75855,81615,80498,83812,50624,63038,40921,56436,9845,19610,750372,638922,130119,102812,158044,135521,63212,91,82
2021-07-30T23:59:59+02:00,6256,5983,52822,53864,95823,94202,88646,88520,87153,93017,88407,91219,53820,67047,42883,59418,10374,20885,36971,37715,77682,76331,70385,70634,75343,81093,80099,83491,50550,62950,40889,56376,9839,19599,749509,632802,129807,101680,158041,135314,62891,91,82
2021-07-29T23:59:59+02:00,6205,5925,52593,53684,95576,93980,88434,88314,86989,92845,88269,91098,53765,66984,42861,59385,10367,20867,35732,36504,76638,75459,69337,69684,74543,80348,79561,83068,50417,62788,40823,56282,9822,19572,748303,625104,129342,100133,158027,134758,62378,91,82
2021-07-28T23:59:59+02:00,6167,5873,52400,53522,95374,93780,88292,88139,86873,92706,88161,91008,53709,66914,42829,59337,10358,20839,35129,35927,75488,74495,68066,68579,73786,79639,79071,82618,50281,62588,40755,56180,9806,19534,747177,618843,128905,98727,158009,133977,62099,91,82
2021-07-27T23:59:59+02:00,6119,5834,52169,53302,95116,93575,88116,87957,86717,92558,88043,90911,53657,66844,42785,59276,10344,20791,34480,35204,74045,73265,66623,67370,72928,78790,78530,82110,50111,62380,40675,56060,9783,19491,745799,611660,128487,97278,157987,132746,61750,91,81
2021-07-26T23:59:59+02:00,6062,5783,51958,53100,94880,93385,87926,87792,86559,92424,87913,90813,53597,66764,42756,59222,10337,20770,33727,34408,72543,71939,65266,66138,71888,77812,77943,81583,49942,62168,40597,55914,9761,19446,744482,603682,128067,95755,157971,131684,61430,91,81
2021-07-25T23:59:59+02:00,6024,5741,51762,52909,94629,93160,87761,87609,86410,92296,87805,90717,53547,66701,42728,59178,10327,20734,33023,33670,71206,70740,64161,65130,70887,76908,77478,81138,49826,61985,40533,55827,9755,19412,743133,596784,127793,94191,157953,130893,61068,91,81
2021-07-24T23:59:59+02:00,5937,5686,51491,52623,94326,92850,87518,87398,86234,92142,87706,90638,53517,66667,42717,59155,10327,20728,32539,33198,70355,70055,63491,64579,70013,76211,77274,80987,49772,61943,40512,55802,9755,19410,741290,592432,127738,93262,157950,130770,60591,91,81
2021-07-23T23:59:59+02:00,5885,5631,51227,52355,93940,92575,87230,87185,86054,91961,87572,90543,53484,66620,42709,59137,10324,20722,32037,32584,69305,69214,62713,63917,69108,75368,76874,80663,49697,61845,40480,55764,9748,19396,739278,586906,127669,92103,157944,130593,60172,91,81
2021-07-22T23:59:59+02:00,5816,5567,50818,51961,93488,92143,86850,86860,85750,91665,87356,90365,53399,66527,42680,59079,10315,20697,31353,31881,68012,68230,61673,63041,67492,74020,76230,80158,49546,61642,40390,55654,9727,19358,736304,580562,127437,89353,157918,129830,59586,91,81
2021-07-21T23:59:59+02:00,5765,5516,50462,51589,93062,91738,86550,86564,85498,91425,87187,90184,53317,66446,42622,59013,10304,20669,30760,31258,66682,67193,60596,62147,65457,72337,75326,79415,49257,61334,40231,55465,9703,19303,733565,574323,127205,85057,157893,128746,59157,91,81
2021-07-20T23:59:59+02:00,5707,5453,50078,51204,92607,91281,86187,86245,85236,91178,86972,89992,53227,66313,42578,58955,10298,20644,30111,30633,65234,66021,59460,61194,64274,71280,74716,78863,49051,61101,40125,55308,9681,19242,730662,567327,126987,83398,157844,127725,58571,91,81
2021-07-19T23:59:59+02:00,5628,5379,49618,50757,92138,90814,85825,85918,84986,90966,86768,89817,53134,66195,42542,58878,10281,20608,29579,30073,64079,64970,58546,60332,63124,70247,74122,78349,48877,60906,40035,55164,9653,19197,727435,561590,126763,81601,157811,126541,58152,91,81
2021-07-18T23:59:59+02:00,5560,5312,48798,49952,91090,89789,85106,85312,84517,90543,86478,89527,53028,66047,42479,58782,10271,20577,29034,29495,62911,63904,57623,59421,61951,69224,73576,77852,48731,60745,39977,55081,9641,19169,721071,555787,126435,79584,157796,125739,57775,91,81
2021-07-17T23:59:59+02:00,5386,5126,48448,49624,90947,89656,84910,85154,84363,90408,86369,89444,53006,66020,42468,58770,10270,20574,28657,29127,62273,63311,57077,58998,61194,68489,73271,77611,48621,60628,39937,55023,9631,19158,719899,552806,126259,78617,157789,125121,56905,91,81
2021-07-16T23:59:59+02:00,5289,5035,48129,49344,90685,89439,84666,84952,84159,90224,86231,89335,52965,65989,42449,58756,10267,20569,28169,28639,61345,62406,56233,58314,60141,67456,72769,77194,48462,60441,39892,54955,9626,19149,718534,547891,126090,77297,157777,124386,55991,91,81
2021-07-15T23:59:59+02:00,5154,4905,47655,48939,90300,89073,84310,84573,83862,89950,86012,89169,52886,65899,42396,58688,10257,20542,27445,28031,60041,61359,55120,57333,58743,66152,72045,76613,48241,60183,39806,54829,9610,19094,716111,542151,125672,75112,157744,122731,54952,91,81
2021-07-14T23:59:59+02:00,5048,4792,47314,48566,90005,88785,84027,84262,83613,89711,85809,89013,52798,65791,42338,58600,10240,20512,26931,27493,58963,60374,54160,56500,57871,65309,71434,76032,47976,59905,39703,54656,9588,19050,713973,536807,125314,74198,157697,121050,54149,91,81
2021-07-13T23:59:59+02:00,4935,4675,46915,48193,89617,88429,83725,83962,83350,89457,85606,88848,52691,65687,42284,58537,10234,20493,26288,26844,57598,59195,52969,55515,56884,64400,70711,75397,47701,59584,39575,54480,9559,19000,711653,530515,124945,73099,157650,119020,53299,91,80
2021-07-12T23:59:59+02:00,4767,4506,46378,47688,89221,88096,83336,83648,83105,89204,85419,88690,52611,65594,42236,58472,10222,20478,25672,26204,56097,57852,51677,54457,55659,63264,69970,74780,47330,59157,39400,54259,9518,18935,708993,523268,124576,72074,157587,116683,52424,91,79
2021-07-11T23:59:59+02:00,4372,4136,45438,46771,88800,87669,82923,83265,82799,88919,85228,88545,52526,65504,42211,58416,10211,20461,25078,25642,54726,56596,50382,53419,54615,62234,69381,74231,46985,58775,39277,54083,9494,18893,705078,516673,124105,71066,157549,114899,51371,91,79
2021-07-10T23:59:59+02:00,4360,4121,45109,46436,88349,87193,82594,82955,82696,88822,85160,88487,52505,65481,42202,58402,10210,20457,24595,25117,53652,55664,49525,52838,54021,61666,69165,74045,46614,58358,39177,53980,9489,18883,704417,512392,123641,70983,157373,113584,50017,91,79
2021-07-09T23:59:59+02:00,4341,4108,44689,46004,87740,86645,82218,82617,82446,88638,85047,88394,52471,65452,42195,58389,10206,20448,23901,24351,52337,54431,48591,51958,53244,60816,68745,73646,46254,57952,39091,53890,9481,18871,703029,506249,123063,70579,157207,112240,48658,91,78
2021-07-08T23:59:59+02:00,4316,4082,44143,45525,86884,85944,81698,82110,82193,88400,84852,88241,52406,65385,42164,58343,10197,20432,22932,23434,50407,52876,47217,50811,52112,59694,68065,73014,45740,57401,38956,53727,9453,18802,700951,498576,122176,69314,156916,109712,47181,91,78
2021-07-07T23:59:59+02:00,4293,4054,43576,44956,86060,85183,81157,81635,81909,88108,84650,88080,52328,65286,42124,58281,10190,20412,22072,22547,48469,51203,45713,49677,50880,58519,67379,72481,45011,56664,38767,53490,9422,18744,698483,490479,121183,68201,156665,106616,45861,90,76
2021-07-06T23:59:59+02:00,4260,4034,43036,44441,85215,84457,80550,81047,81541,87780,84477,87906,52239,65204,42087,58218,10181,20387,21245,21698,46492,49420,44329,48427,49608,57186,66635,71761,44186,55894,38582,53251,9404,18688,695876,481550,120161,67123,156363,103663,44571,89,76
2021-07-05T23:59:59+02:00,4237,3998,41897,43475,83724,83377,79821,80438,81090,87364,84206,87646,52122,65067,42038,58140,10167,20359,20075,20658,44551,47833,43305,47466,48583,56229,65939,71145,43429,55034,38410,53028,9381,18649,692620,475603,119104,66256,155999,100580,41354,89,76
2021-07-04T23:59:59+02:00,4210,3977,40554,42286,82093,82065,79104,79831,80620,86939,83937,87451,52032,64942,41992,58089,10154,20330,18732,19455,42767,46323,42607,46728,47776,55372,65361,70578,42688,54191,38246,52837,9362,18601,689565,470974,117951,65329,155578,97966,37423,89,76
2021-07-03T23:59:59+02:00,3747,3562,38996,40760,81237,81414,78620,79340,80179,86463,83721,87281,51963,64841,41974,58037,10151,20324,17924,18768,41856,45636,42190,46348,47371,54974,65197,70413,42101,53465,38184,52738,9355,18591,685873,469050,116641,65231,155493,96378,34514,89,76
2021-07-02T23:59:59+02:00,3188,2991,37449,39283,80522,80689,77950,78641,79660,85959,83479,87081,51912,64755,41945,57989,10139,20311,17170,18057,40718,44684,41457,45658,46538,54192,64677,69966,41154,52260,38055,52550,9339,18572,680869,464019,115237,64771,155337,93892,32411,89,75
2021-07-01T23:59:59+02:00,2546,2447,35741,37638,79555,79833,77120,77813,78956,85323,83164,86803,51791,64598,41883,57885,10120,20283,16307,17168,39188,43453,40245,44595,45234,53068,63942,69393,40267,51126,37905,52343,9322,18540,674593,457687,113531,63123,155110,91132,30176,89,75
2021-06-30T23:59:59+02:00,2504,2416,34740,36638,77729,78334,75415,76314,78297,84776,82880,86510,51661,64437,41823,57790,10108,20256,15287,16208,37509,42228,39048,43484,44075,52016,63190,68768,39723,50446,37790,52148,9300,18505,668751,451589,111798,61785,154893,89257,27097,89,74
2021-06-29T23:59:59+02:00,2471,2383,33911,35757,76133,76849,73797,74897,77507,84059,82337,86021,51480,64218,41747,57659,10091,20220,14458,15312,36197,41089,38128,42664,42850,50967,62479,68186,39018,49515,37654,51931,9278,18462,662432,446441,109926,59948,154622,87313,24468,89,73
2021-06-28T23:59:59+02:00,2431,2350,33108,34962,74514,75441,72117,73497,76484,83272,81731,85523,51301,63991,41670,57552,10078,20186,13717,14569,35144,40074,37302,41935,41727,49975,61831,67643,38146,48429,37487,51711,9258,18415,655986,441631,107961,58436,154028,85121,22144,89,72
2021-06-27T23:59:59+02:00,2417,2335,32376,34222,72946,74072,70714,72293,75088,82152,81055,84971,51101,63774,41605,57436,10068,20157,13086,13942,34185,39323,36647,41332,40797,49127,61294,67199,37288,47402,37335,51534,9243,18384,649802,437753,106024,57673,153076,82865,19791,89,72
2021-06-26T23:59:59+02:00,1785,1728,31346,33127,72594,73755,70249,71828,74794,81841,80960,84888,51079,63746,41591,57426,10067,20154,12896,13736,33526,38782,36006,40912,40278,48791,60299,66198,36300,46268,37168,51320,9229,18351,645035,431796,105087,57621,153071,80926,19680,85,72
2021-06-25T23:59:59+02:00,1167,1130,30235,31968,72109,73228,69634,71131,74371,81397,80584,84565,51018,63659,41557,57383,10062,20141,12574,13350,32674,37985,35138,40090,39341,47954,59088,64966,35785,45571,36976,51020,9206,18307,638746,423391,103898,57175,153062,79869,19548,85,72
2021-06-24T23:59:59+02:00,567,571,28904,30660,71338,72485,68761,70247,73699,80771,80139,84201,50912,63530,41505,57313,10051,20107,11918,12658,31513,36685,33925,38824,38217,46845,57454,63590,35312,45052,36820,50833,9187,18247,630986,414091,102406,55625,152948,77981,19336,85,71
2021-06-23T23:59:59+02:00,540,538,28402,30120,70235,71504,67484,69111,72952,80083,79689,83799,50801,63356,41444,57217,10034,20076,11431,12134,30516,35437,32996,37600,37205,45968,55519,61880,34762,44487,36652,50606,9166,18182,624781,404358,100832,54562,152843,76727,18844,85,71
2021-06-22T23:59:59+02:00,517,522,27891,29541,69063,70478,66282,68079,72274,79379,79274,83433,50695,63229,41396,57133,10025,20051,11087,11737,29595,34503,32032,36715,36245,45080,53553,60047,34375,44011,36515,50365,9137,18125,618470,395849,99373,52989,152709,75607,18625,85,70
2021-06-21T23:59:59+02:00,485,488,27228,28882,67746,69311,65099,66949,71514,78600,78878,83039,50588,63120,41337,57046,10012,20009,10797,11428,28971,33920,31482,36148,35645,44492,51708,58390,33668,43212,36220,49943,9108,18049,611677,388297,97878,51791,152588,74936,18104,84,70
2021-06-20T23:59:59+02:00,400,407,26592,28225,66528,68180,64078,66007,70710,77860,78522,82703,50510,62995,41288,56977,10007,19976,10509,11168,28425,33420,31026,35656,35136,43969,49872,56606,33126,42530,36023,49610,9078,17989,605303,380898,96411,51039,152490,74473,17677,84,68
2021-06-19T23:59:59+02:00,368,373,26214,27863,65799,67611,63555,65513,69913,77207,78368,82576,50489,62970,41272,56962,10006,19976,10380,10975,28179,33102,30772,35336,34914,43709,48428,55215,32867,42183,35940,49473,9070,17961,601370,375510,95469,51027,152488,74287,17624,84,68
2021-06-18T23:59:59+02:00,341,339,25755,27404,64787,66876,62817,64900,68994,76370,77977,82240,50428,62894,41245,56926,10002,19968,10166,10740,27777,32682,30446,34925,34529,43319,46704,53556,32516,41670,35803,49262,9051,17927,595963,368689,94227,50741,152480,74077,17510,83,68
2021-06-17T23:59:59+02:00,312,308,25125,26804,63534,65876,61824,64087,67402,74967,77454,81840,50328,62742,41182,56843,9989,19940,9752,10388,26986,31997,29705,34246,33693,42618,45201,52066,32071,41043,35640,49008,9019,17877,589898,361281,91578,49601,152322,73696,16677,82,67
2021-06-16T23:59:59+02:00,278,270,24606,26229,62237,64751,60716,63105,65129,73046,76608,81184,50117,62531,41091,56731,9970,19909,9434,10137,26336,31329,28997,33623,32964,41987,44609,51502,31801,40684,35494,48809,8998,17836,583673,357592,87071,48896,151882,72193,15802,80,67
2021-06-15T23:59:59+02:00,239,239,23970,25546,60837,63549,59634,62120,63974,71961,76104,80761,49993,62382,41041,56634,9963,19879,9174,9869,25735,30595,28358,32867,32288,41265,43052,49880,31356,40132,35323,48576,8968,17772,576579,350899,85442,48004,151413,70938,15312,80,67
2021-06-14T23:59:59+02:00,217,207,23505,24962,59734,62493,58759,61270,62902,70955,75630,80368,49906,62260,40991,56562,9947,19853,8888,9570,24982,29705,27593,32032,31497,40449,41769,48543,30988,39634,35186,48352,8938,17721,570723,344769,83724,46979,151211,69258,14783,80,67
2021-06-13T23:59:59+02:00,212,192,23089,24498,58804,61588,57984,60486,61796,69986,75161,79937,49817,62144,40942,56503,9935,19823,8613,9274,24274,28863,26877,31192,30736,39598,40224,46968,30526,39028,34985,48049,8908,17632,565714,337742,81860,46201,150981,67485,14262,80,66
2021-06-12T23:59:59+02:00,199,175,22863,24234,58256,61088,57627,60207,61154,69343,74962,79823,49793,62113,40930,56489,9932,19819,8499,9158,23796,28277,26360,30623,30221,39039,39149,45995,30359,38849,34889,47884,8904,17621,562825,333546,80904,46198,150973,65597,14225,80,66
2021-06-11T23:59:59+02:00,181,159,22512,23823,57518,60277,56952,59579,60249,68413,74610,79515,49720,62040,40905,56453,9929,19813,8368,8970,23287,27605,25829,29966,29641,38406,38078,44987,30090,38495,34747,47661,8891,17595,557832,328716,79615,45939,150960,63743,14161,80,65
2021-06-10T23:59:59+02:00,166,142,21983,23266,56390,59350,56022,58761,58993,67240,74075,79108,49649,61933,40881,56402,9916,19785,8108,8723,22422,26659,24866,29029,28523,37480,36689,43825,29737,38018,34469,47228,8824,17520,552294,321834,77410,45232,150717,61438,13561,80,63
2021-06-09T23:59:59+02:00,145,128,21364,22719,55138,58257,54961,57852,58043,66335,73611,78716,49562,61833,40831,56340,9902,19755,7822,8460,21505,25793,23930,28136,27493,36532,34973,42042,29354,37518,34284,46958,8783,17430,546577,314413,75961,44506,150364,59531,12510,80,61
2021-06-08T23:59:59+02:00,123,110,20695,22038,53832,57128,53843,56879,57088,65476,73065,78281,49475,61709,40776,56248,9882,19724,7554,8227,20591,24898,22871,27273,26461,35576,33624,40740,28997,37010,33964,46506,8730,17347,539931,308114,75042,43740,149921,57063,11398,80,60
2021-06-07T23:59:59+02:00,106,92,20052,21442,52397,55876,52579,55903,55929,64492,72514,77880,49390,61602,40730,56184,9869,19696,7308,8008,19749,24076,21846,26459,25429,34705,32690,39960,28713,36622,33719,46079,8679,17256,532682,303502,74147,42923,149509,54502,10315,80,60
2021-06-06T23:59:59+02:00,99,86,19545,20908,51250,54788,51479,54927,54967,63539,72007,77477,49305,61527,40693,56121,9862,19680,7100,7810,18961,23184,20946,25587,24358,33722,31778,39144,28429,36284,33463,45689,8630,17181,526363,298941,73126,42184,149175,51567,9518,78,60
2021-06-05T23:59:59+02:00,93,78,19280,20617,50480,54039,50826,54423,54492,63050,71872,77361,49290,61511,40690,56117,9859,19680,6874,7400,18322,22112,20226,24471,23484,32482,30755,37829,28101,35822,33339,45516,8623,17161,522058,292644,73121,42146,149053,48223,9448,78,60
2021-06-04T23:59:59+02:00,83,71,18837,20037,49434,53038,50016,53555,53844,62266,71528,77032,49261,61475,40670,56103,9857,19673,6656,7091,17703,21262,19550,23484,22556,31215,29548,36499,27814,35461,33227,45341,8611,17142,515599,286242,72799,42077,149036,45516,9268,78,60
2021-06-03T23:59:59+02:00,72,60,18166,19365,47916,51743,48810,52435,52881,61253,71032,76572,49197,61372,40632,56058,9844,19649,6368,6701,16969,20219,18758,22338,21557,29803,28389,35021,27270,34683,33022,45016,8575,17067,507884,279517,71785,41331,148761,42302,8550,77,59
2021-06-02T23:59:59+02:00,67,56,17797,18864,46903,50764,47950,51692,52142,60505,70785,76360,49160,61336,40613,56030,9836,19635,6186,6462,16322,19539,17853,21588,20727,28865,27296,33621,26804,34079,32863,44766,8546,16997,501639,273255,71768,41316,148737,39615,8275,76,56
2021-06-01T23:59:59+02:00,56,50,17129,18145,45048,49027,46305,50235,50623,59063,70107,75760,49070,61224,40555,55957,9823,19586,5912,6153,15165,18639,16347,20629,19523,27627,26076,32230,26253,33388,32614,44420,8500,16893,492525,266791,70428,40751,148186,36223,6550,74,56
2021-05-31T23:59:59+02:00,54,46,16654,17664,43738,47889,45098,49137,49387,57953,69430,75251,48992,61121,40511,55887,9811,19550,5635,5834,14126,17809,14949,19713,18354,26521,24858,30891,25737,32673,32420,44124,8466,16795,486285,260515,69265,40207,147724,33304,4826,73,55
2021-05-30T23:59:59+02:00,47,45,16331,17272,42761,46955,44193,48232,48394,56956,68870,74707,48885,60966,40440,55774,9796,19507,5447,5593,13579,17111,14328,19019,17469,25556,23759,29719,24968,31724,32127,43707,8421,16706,480305,254560,68230,39408,147316,31009,4207,73,51
2021-05-29T23:59:59+02:00,47,45,16201,17156,42403,46639,43850,47967,48153,56766,68812,74649,48879,60959,40434,55771,9796,19507,5284,5353,13070,16300,13682,18171,16627,24391,22649,28420,24812,31493,32064,43614,8418,16699,478342,248975,68109,39408,147307,28413,4203,73,50
2021-05-28T23:59:59+02:00,46,43,15901,16851,41707,46011,43340,47408,47647,56225,68537,74353,48814,60878,40406,55722,9793,19502,5045,4969,12534,15383,13005,17308,15763,23158,21554,26986,24565,31127,31970,43480,8408,16682,474060,242957,67609,39303,147277,25466,4165,73,48
2021-05-27T23:59:59+02:00,43,39,15384,16331,40560,45033,42323,46528,46661,55338,67950,73920,48692,60718,40352,55650,9782,19461,4822,4633,11893,14555,12221,16371,14695,21968,20297,25479,24061,30386,31798,43218,8375,16600,468238,235620,66097,38499,146557,23409,3800,73,46
2021-05-26T23:59:59+02:00,41,38,14976,15906,39462,44116,41288,45646,45637,54462,67344,73411,48540,60540,40272,55482,9761,19413,4629,4437,11336,13794,11498,15522,13691,20835,18903,23892,23476,29605,31582,42876,8323,16499,463118,228362,64071,37638,145571,21352,3502,73,46
2021-05-25T23:59:59+02:00,41,37,14586,15504,38457,43228,40321,44791,44686,53545,66735,72881,48360,60305,40193,55350,9735,19359,4422,4234,10794,13148,10738,14740,12626,19601,17469,22386,22893,28826,31348,42557,8265,16411,457818,221011,62490,36699,144464,19437,3269,73,44
2021-05-24T23:59:59+02:00,40,36,14244,15180,37628,42491,39448,44119,43823,52762,66205,72397,48235,60127,40129,55227,9715,19315,4279,4109,10348,12687,10098,14154,11745,18769,16183,21130,22224,27995,31131,42228,8206,16321,453196,214123,61261,35759,143732,18825,2859,73,43
2021-05-23T23:59:59+02:00,36,36,14076,15007,37158,42119,38998,43714,43371,52358,65935,72169,48160,60036,40091,55181,9707,19291,4089,3969,9885,12212,9475,13545,10806,17955,14990,20065,21758,27429,30879,41941,8157,16238,450006,207137,60884,35678,143706,17763,2774,73,43
2021-05-22T23:59:59+02:00,34,34,13880,14791,36472,41555,38319,43260,42800,51949,64916,71158,47955,59780,40021,55068,9697,19270,3977,3674,9669,11799,9322,13217,10564,17510,14721,19665,21665,27312,30845,41901,8150,16229,443571,205916,60881,35675,143691,15845,2743,73,43
2021-05-21T23:59:59+02:00,33,33,13501,14389,35400,40639,37257,42330,41736,51052,63562,69876,47725,59443,39940,54921,9680,19237,3871,3578,9462,11534,9112,12953,10235,17182,14310,19296,21445,27026,30785,41811,8141,16221,433971,203974,60528,35369,143456,14853,2727,72,41
2021-05-20T23:59:59+02:00,31,33,12707,13665,33961,39181,35835,40922,40334,49855,62279,68724,47435,59101,39797,54740,9659,19186,3723,3397,8936,10932,8465,12244,9538,16336,13555,18334,20630,25908,30591,41514,8102,16135,423772,199613,58827,34524,142426,11814,2350,70,41
2021-05-19T23:59:59+02:00,31,32,12170,13101,32782,37757,34732,39541,39209,48896,60279,66957,46959,58543,39614,54478,9618,19080,3620,3265,8663,10556,8169,11869,9096,15828,12918,17672,19766,24779,30365,41211,8046,16020,412935,195370,57309,33711,141317,10577,2148,70,39
2021-05-18T23:59:59+02:00,28,32,11748,12658,31738,36738,33638,38626,38169,47961,58222,65101,46604,58094,39460,54239,9586,19021,3422,3102,8169,9950,7698,11324,8555,15161,12237,16902,18825,23548,30128,40868,8009,15915,404282,191284,55349,32869,140122,7781,1842,68,39
2021-05-17T23:59:59+02:00,26,31,11497,12382,31221,36181,33142,38066,37579,47327,56321,63392,45904,57272,39184,53841,9549,18948,3340,2993,7907,9668,7405,11025,8154,14749,11668,16299,17909,22417,29895,40549,7974,15841,396703,186915,54225,32122,139313,7165,1555,67,38
2021-05-16T23:59:59+02:00,26,31,11275,12128,30699,35677,32680,37574,37057,46755,54427,61567,45359,56573,38990,53522,9522,18893,3239,2894,7619,9378,7084,10680,7678,14286,11088,15715,16978,21269,29686,40259,7936,15772,389746,182635,53257,31276,138649,6579,1037,66,36
2021-05-15T23:59:59+02:00,26,31,11121,11925,30421,35344,32442,37254,36827,46493,52857,60089,45109,56267,38913,53384,9516,18865,3218,2876,7594,9349,7069,10659,7659,14273,11071,15694,16868,21053,29477,39952,7928,15762,383942,181646,53253,31275,138603,6528,1020,66,35
2021-05-14T23:59:59+02:00,26,31,10873,11645,29953,34836,32062,36790,36314,46020,50987,58259,44747,55766,38773,53177,9500,18825,3191,2857,7524,9277,7013,10587,7600,14215,10888,15495,16137,19987,29191,39466,7911,15722,376148,178733,52926,30936,138474,6389,970,66,35
2021-05-13T23:59:59+02:00,23,30,10590,11320,29305,34196,31463,36186,35641,45354,49518,56742,44316,55138,38603,52934,9473,18779,3123,2811,7397,9176,6926,10493,7496,14106,10562,15150,15080,18753,28805,38823,7868,15648,369057,174938,51908,30374,137722,6014,859,65,34
2021-05-12T23:59:59+02:00,23,28,10461,11177,29023,33878,31196,35893,35329,45040,49233,56434,44217,55035,38550,52856,9466,18741,3111,2785,7363,9140,6896,10458,7468,14067,10395,14994,14708,18321,28502,38340,7846,15601,366389,172891,51827,30364,137563,5970,737,64,34
2021-05-11T23:59:59+02:00,22,25,10115,10854,28170,33052,30365,35139,34468,44257,47499,54665,43763,54441,38375,52565,9428,18639,3024,2688,7118,8860,6673,10158,7253,13697,9915,14446,13728,17172,28088,37723,7809,15506,359474,169221,50122,29472,135671,4621,511,64,34
2021-05-10T23:59:59+02:00,21,25,9809,10577,27424,32351,29587,34438,33698,43489,46194,53400,43380,53930,38186,52261,9378,18526,2982,2642,6991,8737,6578,10040,7114,13515,9650,14139,13034,16312,27661,37112,7783,15425,353222,166408,49004,29091,133985,3783,402,61,32
2021-05-09T23:59:59+02:00,20,25,9577,10331,26742,31667,28920,33737,32975,42792,44671,51929,42880,53311,37986,51957,9341,18441,2935,2596,6868,8594,6471,9898,7002,13303,9334,13828,12236,15411,27297,36577,7763,15369,346145,163558,47929,28535,132856,3043,315,57,32
2021-05-08T23:59:59+02:00,20,25,9484,10264,26357,31366,28474,33423,32520,42488,43639,51101,42728,53148,37945,51895,9339,18435,2932,2592,6860,8589,6465,9890,6994,13291,9324,13816,12198,15349,26620,35628,7726,15293,341628,161689,47887,28508,132770,3030,309,57,32
2021-05-07T23:59:59+02:00,19,25,9343,10116,25886,30986,28024,33049,32014,42139,42600,50275,42456,52808,37832,51735,9327,18408,2885,2566,6807,8548,6409,9835,6943,13239,9151,13595,11567,14537,25681,34248,7679,15211,336502,157604,47580,28139,132612,2836,291,57,32
2021-05-06T23:59:59+02:00,17,24,8945,9827,24969,30217,26963,32246,30785,41321,40983,49067,42076,52260,37637,51492,9289,18335,2821,2520,6677,8402,6294,9706,6795,13051,8880,13298,10919,13675,24718,32867,7646,15150,328652,153823,46505,27186,130961,2100,279,56,32
2021-05-05T23:59:59+02:00,17,23,8579,9627,24087,29618,26099,31582,29697,40531,39005,47253,41630,51707,37430,51211,9232,18223,2780,2489,6559,8273,6192,9592,6693,12910,8635,13040,10212,12847,23705,31543,7617,15079,320801,149941,45652,26299,128847,1700,195,56,32
2021-05-04T23:59:59+02:00,17,22,8336,9400,23291,28971,25125,30842,28626,39697,37494,45788,41162,51123,37152,50864,9185,18102,2741,2467,6486,8201,6110,9525,6619,12829,8398,12820,9481,11993,22760,30300,7583,15016,314152,146221,44686,25493,126213,1495,90,56,31
2021-05-03T23:59:59+02:00,17,21,8133,9186,22592,28391,24287,30237,27719,39002,36535,45038,40814,50651,36938,50575,9135,17998,2696,2435,6416,8124,6031,9460,6529,12745,8170,12607,8738,11094,21845,29084,7552,14966,309292,142485,43910,24673,123962,1254,50,55,31
2021-05-02T23:59:59+02:00,17,21,7970,9021,21954,27813,23548,29646,26901,38380,35721,44403,40555,50322,36826,50389,9101,17941,2658,2412,6374,8083,5994,9425,6489,12704,7988,12435,8138,10357,21136,28217,7531,14948,304466,139300,43140,24397,122826,1120,43,54,30
2021-05-01T23:59:59+02:00,16,21,7818,8838,21581,27355,23066,29071,26258,37670,34897,43508,40293,49947,36729,50236,9095,17924,2652,2406,6348,8073,5979,9416,6471,12690,7971,12420,8101,10293,21097,28160,7527,14944,298367,139009,43139,24390,122720,1077,43,54,30
2021-04-30T23:59:59+02:00,16,20,7670,8660,21194,26925,22620,28504,25510,36893,33889,42543,40064,49628,36632,50082,9083,17903,2634,2393,6323,8055,5957,9399,6444,12670,7939,12386,8061,10223,21047,28077,7524,14935,292076,138698,43132,24317,122538,986,37,53,30
2021-04-29T23:59:59+02:00,15,20,7401,8420,20601,26352,21949,27820,24578,35928,32613,41207,39020,48225,36314,49606,9026,17775,2602,2359,6231,7945,5872,9297,6350,12528,7735,12110,7437,9500,20641,27561,7502,14861,283333,136634,42348,23089,121104,744,37,48,28
2021-04-28T23:59:59+02:00,14,18,7126,8202,20080,25878,21312,27220,23692,35081,31218,39756,37860,46638,35972,49114,8963,17633,2533,2311,6122,7824,5763,9167,6248,12378,7516,11840,6749,8655,20225,26986,7461,14790,274654,134190,41576,21794,119466,520,37,44,28
2021-04-27T23:59:59+02:00,13,18,6943,8024,19647,25453,20692,26683,22838,34303,30005,38434,36772,45195,35589,48543,8893,17506,2507,2286,6019,7727,5710,9069,6182,12255,7301,11641,6148,7918,19819,26489,7441,14767,266840,132092,40712,20851,117918,272,37,44,28
2021-04-26T23:59:59+02:00,12,18,6761,7859,19229,25029,20149,26158,22032,33546,28790,37199,35712,43773,35283,48059,8843,17382,2495,2276,5976,7685,5665,9029,6145,12211,7115,11476,5534,7187,19447,26041,7417,14740,259154,130130,39886,20007,116717,241,34,43,28
2021-04-25T23:59:59+02:00,12,17,6656,7726,18891,24759,19770,25819,21419,32929,27806,36243,34582,42344,34968,47629,8801,17300,2483,2269,5958,7661,5646,9012,6125,12186,7078,11449,5407,7006,19112,25577,7401,14696,251967,129509,39172,19266,116456,231,33,43,28
2021-04-24T23:59:59+02:00,12,17,6492,7550,18448,24327,19211,25282,20636,32128,26725,35195,34331,42030,34874,47464,8791,17288,2479,2263,5945,7651,5638,9001,6120,12182,7068,11442,5334,6895,19014,25436,7398,14688,246007,129055,39167,19227,115551,213,33,43,27
2021-04-23T23:59:59+02:00,12,17,6269,7349,18000,23853,18641,24670,19812,31314,25568,34000,33555,40856,34730,47229,8777,17265,2473,2245,5918,7627,5601,8962,6075,12138,7022,11390,5168,6618,18476,24809,7298,14519,238438,127211,38839,18880,114565,191,33,42,25
2021-04-22T23:59:59+02:00,11,16,6054,7141,17395,23265,17848,23888,18762,30292,24249,32568,32514,39503,34485,46873,8739,17187,2459,2230,5874,7576,5552,8878,6000,12060,6946,11320,4884,6200,17764,23936,7179,14325,229402,125054,37922,17916,113394,157,33,39,24
2021-04-21T23:59:59+02:00,11,15,5855,6960,16864,22794,17187,23285,17779,29394,22695,30977,31510,38272,34188,46435,8691,17099,2435,2213,5832,7521,5494,8803,5934,11960,6851,11240,4724,5925,17066,23087,7063,14143,220526,122965,37153,17145,112262,125,33,37,24
2021-04-20T23:59:59+02:00,10,14,5672,6766,16308,22319,16446,22626,16783,28393,21227,29507,30364,36783,33873,46000,8640,17009,2422,2198,5783,7483,5454,8758,5886,11894,6772,11175,4605,5770,16465,22313,6937,13964,211541,121280,36271,16429,110859,117,32,37,22
2021-04-19T23:59:59+02:00,10,14,5485,6609,15776,21889,15769,22068,15793,27515,19835,28106,28990,35149,33556,45521,8582,16891,2411,2184,5758,7450,5417,8724,5847,11848,6691,11099,4479,5609,15816,21603,6829,13802,202847,119636,35492,15764,109152,114,32,35,22
2021-04-18T23:59:59+02:00,9,14,5298,6468,15342,21565,15151,21507,14822,26728,18497,26968,27603,33498,33225,45103,8524,16804,2360,2138,5627,7329,5303,8610,5740,11697,6586,10980,4363,5422,15223,20937,6716,13623,194314,117998,34662,14494,108083,110,32,35,21
2021-04-17T23:59:59+02:00,9,13,5262,6433,15188,21489,14975,21422,14587,26549,18243,26747,27096,32957,33099,44955,8515,16789,2333,2098,5527,7175,5196,8451,5640,11509,6497,10847,4311,5359,14982,20643,6706,13610,193096,116241,34657,14490,106508,101,32,35,21
2021-04-16T23:59:59+02:00,9,13,5199,6379,15012,21338,14764,21262,14305,26302,17828,26336,26053,31727,32966,44743,8494,16766,2287,2048,5410,6989,5059,8268,5488,11266,6300,10624,4105,5125,14336,19852,6608,13465,189754,112994,34369,14092,105306,92,32,35,21
2021-04-15T23:59:59+02:00,7,12,5130,6302,14799,21124,14496,20972,13876,25952,17192,25704,24691,30120,32710,44420,8458,16687,2217,1964,5214,6753,4857,7947,5281,10949,6084,10339,3907,4875,13506,18769,6493,13298,185199,109170,33560,13149,103826,82,32,35,21
2021-04-14T23:59:59+02:00,7,12,5050,6231,14595,20923,14242,20748,13486,25618,16526,25086,23115,28334,32398,44017,8405,16593,2028,1844,4996,6490,4668,7697,5054,10700,5850,10054,3771,4666,12779,17851,6366,13084,180598,106076,32685,11694,102036,76,32,35,21
2021-04-13T23:59:59+02:00,7,12,4998,6183,14395,20789,14008,20567,13144,25322,15956,24583,21412,26490,32082,43600,8373,16487,1943,1792,4829,6302,4483,7476,4853,10445,5646,9819,3635,4500,12262,17235,6243,12923,176376,103691,31811,10577,100155,66,32,34,21
2021-04-12T23:59:59+02:00,7,11,4934,6117,14179,20592,13703,20304,12758,24909,15378,24030,19819,24549,31792,43240,8332,16413,1813,1702,4648,6143,4333,7300,4691,10253,5509,9660,3516,4345,11831,16725,6132,12760,172019,102008,30758,9239,98224,64,32,34,19
2021-04-11T23:59:59+02:00,7,11,4865,6042,13955,20394,13407,20093,12344,24558,14817,23521,18312,22775,31531,42898,8289,16333,1776,1666,4528,6030,4222,7177,4569,10122,5375,9530,3402,4226,11340,16115,6001,12553,167736,100261,29799,8261,96553,62,31,33,18
2021-04-10T23:59:59+02:00,7,11,4860,6034,13936,20380,13398,20082,12327,24540,14793,23502,17624,21853,31240,42480,8271,16306,1772,1654,4516,6019,4207,7163,4556,10108,5322,9464,3299,4113,10783,15280,5872,12355,166667,98116,29772,8261,95143,60,29,33,18
2021-04-09T23:59:59+02:00,7,11,4847,6017,13899,20331,13354,20034,12280,24486,14533,23249,16106,19964,30835,41835,8237,16263,1748,1643,4493,6003,4181,7136,4515,10074,5284,9415,3214,3994,9916,14292,5723,12157,164050,95673,29431,8013,92748,59,27,32,17
2021-04-08T23:59:59+02:00,7,11,4804,5989,13798,20257,13273,19954,12180,24382,14198,22890,14339,17755,30218,40826,8179,16142,1727,1630,4461,5950,4129,7051,4451,9994,5212,9338,3106,3891,9438,13691,5519,11912,160225,93829,28403,7578,90525,58,19,30,17
2021-04-07T23:59:59+02:00,7,11,4774,5960,13693,20175,13179,19869,12077,24280,13817,22532,12832,15903,29574,39853,8124,16044,1708,1618,4408,5883,4045,6977,4362,9910,5122,9238,3019,3796,8693,12596,5284,11507,155816,91279,27527,6805,89313,48,18,30,17
2021-04-06T23:59:59+02:00,7,11,4745,5934,13594,20108,13097,19808,12001,24215,13441,22181,11199,13899,28912,38883,8092,15973,1648,1564,4278,5755,3937,6853,4243,9762,5019,9109,2904,3674,7988,11667,5012,11142,151803,88895,26645,5583,87606,46,16,30,16
2021-04-05T23:59:59+02:00,7,10,4707,5906,13517,20041,13030,19740,11946,24135,13169,21927,9589,11954,28185,37832,8057,15911,1577,1495,4123,5605,3769,6697,4089,9613,4864,8981,2772,3557,7180,10705,4741,10753,148609,86526,25628,3922,85381,43,15,30,16
2021-04-04T23:59:59+02:00,7,10,4693,5888,13506,20021,13022,19722,11938,24115,13072,21857,8566,10694,27738,37192,8032,15854,1575,1493,4115,5599,3767,6692,4084,9608,4862,8973,2767,3548,6944,10239,4657,10628,146883,85567,25624,3922,83378,37,12,30,14
2021-04-03T23:59:59+02:00,7,10,4690,5878,13489,20001,13012,19712,11928,24105,13058,21839,7662,9626,26856,35950,7983,15742,1571,1489,4113,5594,3765,6689,4076,9596,4848,8960,2760,3536,6806,9977,4618,10547,144408,84962,25616,3922,81484,37,11,29,14
2021-04-02T23:59:59+02:00,7,10,4685,5860,13452,19975,12973,19669,11884,24057,12984,21772,7149,8879,25272,33850,7837,15474,1562,1473,4087,5570,3739,6648,4040,9535,4726,8673,2632,3381,6431,9582,4469,10345,139958,83138,25278,3696,80516,37,9,28,14
2021-04-01T23:59:59+02:00,6,9,4637,5801,13358,19830,12857,19518,11735,23901,12386,21323,6586,8174,23768,31879,7711,15237,1496,1427,3978,5446,3672,6577,3972,9469,4648,8570,2538,3240,5918,8897,4299,10071,135767,80875,24142,3291,78773,32,8,26,13
2021-03-31T23:59:59+02:00,6,9,4586,5746,13233,19677,12725,19364,11547,23722,12125,21063,6267,7803,22291,29927,7561,15008,1483,1416,3954,5423,3640,6549,3932,9422,4610,8517,2475,3165,5436,8251,4125,9832,131840,79108,23055,3074,77734,32,5,26,12
2021-03-30T23:59:59+02:00,6,9,4522,5681,13095,19527,12612,19189,11416,23557,11955,20924,6077,7588,20905,28200,7417,14805,1466,1380,3913,5390,3576,6479,3844,9308,4479,8346,2340,2960,5016,7696,3982,9576,128486,76886,22130,2832,76843,20,2,24,12
2021-03-29T23:59:59+02:00,6,9,4482,5643,12976,19434,12545,19105,11334,23455,11806,20789,5920,7390,19489,26521,7289,14604,1407,1339,3858,5346,3502,6409,3726,9164,4329,8156,2218,2819,4453,7028,3828,9300,124912,74231,21265,2620,76594,19,2,24,11
2021-03-28T23:59:59+02:00,6,9,4435,5579,12855,19297,12460,19011,11233,23358,11700,20688,5769,7184,18311,25015,7170,14409,1374,1295,3760,5238,3309,6184,3639,9047,4279,8100,2164,2755,3694,6007,3643,9032,121918,71177,20475,2321,76071,11,2,23,10
2021-03-27T23:59:59+01:00,6,9,4403,5528,12748,19132,12345,18846,11119,23153,11593,20539,5704,7102,18025,24669,7159,14394,1368,1292,3755,5234,3306,6177,3353,8698,4081,7802,2158,2752,3680,5974,3609,8971,120082,69872,20436,2321,75931,6,2,23,10
2021-03-26T23:59:59+01:00,6,8,4367,5475,12637,18942,12212,18644,10966,22923,11432,20328,5541,6888,17422,23876,7060,14244,1367,1291,3750,5227,3283,6159,3334,8678,3868,7353,1981,2346,3416,5690,3458,8738,116987,67610,20098,2314,75862,5,1,23,10
2021-03-25T23:59:59+01:00,6,8,4299,5387,12439,18702,12007,18315,10752,22595,11191,20001,5329,6604,16393,22569,6932,14055,1358,1281,3729,5201,3249,6131,3283,8641,3822,7309,1909,2233,2982,5008,3300,8433,113007,65643,19026,2213,75527,3,1,23,10
2021-03-24T23:59:59+01:00,6,8,4219,5276,12226,18250,11788,17902,10530,22204,10957,19628,5060,6258,15353,21352,6793,13831,1335,1268,3705,5156,3213,6068,3228,8571,3768,7236,1856,2174,2675,4674,3148,8158,109901,64250,17933,1970,73783,3,1,23,10
2021-03-23T23:59:59+01:00,6,8,4163,5212,12059,17907,11589,17549,10338,21840,10737,19340,4928,6062,14713,20537,6653,13658,1320,1262,3690,5138,3192,6050,3203,8520,3731,7193,1821,2115,2446,4405,2940,7837,107553,62922,17207,1928,72515,3,1,23,10
2021-03-22T23:59:59+01:00,6,8,4115,5135,11863,17574,11400,17221,10113,21513,10522,19035,4777,5856,14095,19822,6520,13472,1307,1253,3663,5105,3160,6014,3174,8464,3695,7148,1777,2059,2247,4155,2745,7504,105700,61669,16489,1788,70835,3,1,22,10
2021-03-21T23:59:59+01:00,6,8,4041,5012,11581,17163,11119,16814,9843,21059,10265,18682,4663,5685,13399,19031,6379,13264,1299,1252,3646,5089,3139,5981,3151,8434,3675,7126,1759,2032,2082,3993,2573,7236,103820,60671,15190,1783,68981,3,1,22,10
2021-03-20T23:59:59+01:00,5,8,4011,4943,11438,16828,10994,16496,9700,20756,10089,18400,4536,5525,12769,18080,6242,13049,1298,1251,3646,5087,3136,5980,3148,8428,3670,7122,1755,2027,2051,3932,2550,7195,101625,60480,15185,1783,67036,3,1,22,10
2021-03-19T23:59:59+01:00,5,7,3967,4862,11270,16468,10812,16141,9527,20376,9875,18040,4377,5330,11745,16869,6081,12838,1289,1244,3628,5059,3106,5903,3103,8335,3568,6947,1630,1915,1977,3869,2438,6987,98928,59206,14776,1779,64864,3,1,21,10
2021-03-18T23:59:59+01:00,5,7,3880,4759,11024,16042,10543,15697,9248,19907,9652,17697,4233,5164,11121,16002,5853,12571,1285,1233,3611,5024,3086,5859,3081,8279,3541,6900,1611,1882,1938,3799,2315,6777,97128,58520,13769,1688,62486,3,1,21,10
2021-03-17T23:59:59+01:00,5,7,3709,4644,10729,15622,10278,15337,9006,19545,9401,17349,4114,4997,10307,14759,5591,12148,1284,1230,3597,5006,3080,5839,3071,8245,3523,6876,1610,1858,1914,3770,2205,6590,94482,58011,12227,1674,60817,3,1,21,10
2021-03-16T23:59:59+01:00,5,7,3567,4519,10389,15158,10004,14967,8731,19102,9105,16985,3971,4831,9490,13635,5310,11789,1270,1227,3593,4999,3069,5835,3065,8234,3516,6862,1586,1835,1875,3719,2085,6412,92148,57575,11037,1594,58359,3,1,20,10
2021-03-15T23:59:59+01:00,5,7,3419,4403,10074,14690,9712,14508,8434,18628,8817,16572,3825,4661,8782,12570,5086,11468,1260,1219,3573,4987,3057,5811,3045,8195,3496,6819,1571,1822,1858,3686,1970,6227,90184,56991,9673,1593,55786,3,0,18,10
2021-03-14T23:59:59+01:00,5,7,3349,4314,9808,14257,9457,14106,8116,18136,8537,16177,3662,4475,7981,11335,4778,11013,1246,1213,3552,4969,3036,5770,3023,8115,3468,6751,1545,1772,1797,3559,1805,5838,87875,56464,8655,983,52968,3,0,15,10
2021-03-13T23:59:59+01:00,5,7,3273,4061,9496,13587,9214,13526,7891,17561,8333,15745,3554,4373,7790,11042,4730,10925,1246,1213,3552,4969,3036,5770,3022,8115,3466,6749,1541,1771,1795,3555,1804,5837,87221,56447,8655,983,49222,2,0,15,10
2021-03-12T23:59:59+01:00,5,7,3212,3924,9250,13047,8976,12996,7658,16925,7976,14994,3391,4203,7407,10634,4592,10736,1242,1210,3547,4955,3033,5767,3015,8107,3462,6743,1514,1742,1774,3537,1704,5659,85448,56018,8409,982,46061,2,0,15,10
2021-03-11T23:59:59+01:00,5,7,3061,3656,8874,12287,8672,12320,7325,16142,7634,14350,3234,4001,6852,9915,4402,10424,1223,1200,3513,4911,2991,5690,2980,7983,3411,6645,1470,1689,1695,3337,1506,5145,83001,55274,7964,105,42182,1,0,14,10
2021-03-10T23:59:59+01:00,5,7,2996,3549,8375,11776,7995,11837,7004,15651,7334,13759,3074,3844,6292,9219,4231,10150,1212,1186,3483,4853,2960,5614,2944,7843,3357,6523,1432,1649,1637,3241,1390,4866,81182,54099,7413,82,38490,0,0,13,10
2021-03-09T23:59:59+01:00,5,6,2891,3373,7691,11325,7098,11350,6585,15039,6969,13152,2844,3543,5784,8588,4075,9874,1207,1182,3461,4806,2933,5549,2927,7791,3339,6477,1417,1625,1602,3198,1285,4668,78888,53412,6057,48,35234,0,0,13,8
2021-03-08T23:59:59+01:00,5,6,2718,3138,7049,10780,6284,10871,6184,14510,6575,12585,2633,3332,5181,7849,3929,9606,1200,1176,3440,4740,2908,5473,2888,7697,3307,6401,1410,1616,1599,3190,1280,4665,76063,52937,4919,46,32241,0,0,12,8
2021-03-07T23:59:59+01:00,5,6,2606,3006,6718,10279,5873,10330,5888,14060,6335,12196,2535,3241,4416,6786,3712,9323,1197,1173,3437,4735,2903,5461,2884,7680,3299,6388,1405,1603,1578,3150,1265,4624,72810,52731,4088,44,30406,0,0,11,8
2021-03-06T23:59:59+01:00,5,5,2561,2864,6534,9825,5673,9913,5412,13204,5960,11456,2514,3214,4410,6775,3711,9321,1197,1172,3434,4730,2901,5460,2883,7679,3298,6385,1403,1600,1578,3148,1264,4624,71582,52705,4088,44,27676,0,0,11,8
2021-03-05T23:59:59+01:00,5,5,2469,2609,6321,9241,5459,9515,5235,12637,5576,10478,2288,2749,4031,6393,3572,9106,1185,1169,3416,4714,2896,5447,2875,7661,3287,6366,1389,1593,1577,3144,1259,4620,69252,52548,3855,44,24571,0,0,11,7
2021-03-04T23:59:59+01:00,5,5,2393,2404,6106,8805,5296,9173,5054,12216,5401,10099,2196,2579,3477,5569,3406,8768,1173,1155,3373,4615,2863,5381,2843,7563,3254,6292,1369,1586,1563,3130,1251,4609,67203,51972,3414,44,22324,0,0,11,5
2021-03-03T23:59:59+01:00,4,5,2336,2353,5936,8390,5125,8812,4840,11764,5211,9653,2114,2471,3074,5131,3247,8474,1153,1147,3339,4567,2826,5316,2803,7464,3207,6218,1349,1561,1544,3099,1245,4592,65777,51385,3171,42,19981,0,0,11,4
2021-03-02T23:59:59+01:00,4,5,2282,2265,5774,8056,4967,8555,4677,11362,5050,9335,2048,2380,2769,4774,3030,8153,1148,1138,3321,4546,2811,5290,2786,7415,3199,6190,1344,1550,1526,3082,1242,4586,64425,51129,2910,42,18140,0,0,11,4
2021-03-01T23:59:59+01:00,4,5,2256,2238,5670,7840,4867,8410,4593,11210,4950,9161,1993,2303,2473,4452,2842,7837,1142,1135,3307,4528,2799,5261,2770,7369,3185,6162,1338,1547,1519,3073,1239,4582,63162,50911,2689,42,17242,0,0,11,4
2021-02-28T23:59:59+01:00,3,5,2204,2195,5492,7579,4691,8189,4457,11024,4843,9035,1956,2241,2178,4150,2639,7528,1133,1129,3292,4518,2792,5254,2764,7355,3178,6148,1333,1544,1512,3057,1238,4550,62052,50752,2387,42,15959,0,0,11,4
2021-02-27T23:59:59+01:00,3,5,2117,1886,5315,7154,4593,7877,4374,10675,4771,8785,1928,2180,2150,4105,2619,7474,1129,1125,3290,4517,2787,5252,2760,7352,3173,6145,1331,1544,1512,3056,1237,4550,61820,50718,2387,39,13793,0,0,11,4
2021-02-26T23:59:59+01:00,3,5,2060,1808,5168,6915,4446,7617,4223,10410,4562,8502,1799,2073,2089,4067,2512,7294,1108,1112,3273,4483,2775,5212,2747,7299,3151,6091,1325,1533,1508,3048,1236,4548,60492,50408,2381,38,12669,0,0,11,4
2021-02-25T23:59:59+01:00,3,5,1943,1709,4842,6513,4018,7156,3937,9896,4327,8121,1741,2015,2056,4006,2402,7100,1092,1097,3236,4440,2745,5160,2701,7192,3111,5998,1315,1517,1494,3008,1223,4489,60016,49779,2274,36,9489,0,0,11,4
2021-02-24T23:59:59+01:00,3,5,1914,1649,4725,6299,3913,6941,3815,9653,4203,7961,1719,1983,2024,3964,2290,6902,1079,1092,3209,4378,2709,5094,2676,7108,3082,5927,1299,1500,1469,2960,1211,4420,59470,49185,2028,25,8454,0,0,11,4
2021-02-23T23:59:59+01:00,3,5,1689,1502,4351,5809,3632,6547,3595,9274,4048,7675,1690,1952,1980,3917,2177,6719,1060,1081,3171,4350,2681,5037,2650,7032,3047,5868,1279,1480,1442,2925,1201,4370,59016,48661,1981,11,5557,0,0,11,3
2021-02-22T23:59:59+01:00,3,5,1680,1483,4300,5750,3596,6484,3531,9181,3987,7580,1658,1925,1954,3866,2060,6522,1056,1068,3150,4305,2661,4998,2625,6972,3018,5815,1267,1466,1433,2915,1193,4361,58475,48295,1839,6,5240,0,0,11,3
2021-02-21T23:59:59+01:00,3,5,1668,1479,4270,5717,3553,6446,3490,9127,3943,7530,1650,1918,1949,3857,1940,6359,1050,1057,3129,4267,2632,4948,2610,6903,2989,5727,1253,1450,1413,2855,1169,4284,58132,47728,1833,6,4928,0,0,11,3
2021-02-20T23:59:59+01:00,3,5,1667,1478,4265,5714,3551,6445,3490,9126,3942,7529,1645,1916,1947,3853,1939,6359,1050,1057,3127,4265,2632,4948,2609,6902,2989,5727,1253,1449,1412,2855,1169,4284,58117,47720,1833,6,4913,0,0,11,3
2021-02-19T23:59:59+01:00,3,5,1649,1471,4252,5694,3540,6431,3479,9116,3932,7514,1619,1887,1926,3835,1839,6179,1049,1056,3126,4264,2631,4947,2609,6900,2986,5725,1253,1448,1412,2854,1169,4284,57698,47705,1828,6,4836,0,0,9,3
2021-02-18T23:59:59+01:00,3,5,1605,1440,4156,5583,3469,6329,3391,8952,3847,7373,1597,1852,1892,3766,1709,5982,1003,1013,2987,4039,2505,4675,2498,6565,2879,5461,1222,1405,1380,2769,1143,4135,57054,45672,1738,6,4150,0,0,9,2
2021-02-17T23:59:59+01:00,3,4,1583,1411,4060,5433,3384,6179,3273,8717,3720,7172,1545,1784,1820,3665,1592,5677,946,963,2834,3817,2388,4363,2371,6154,2750,5149,1173,1345,1334,2662,1096,3973,55845,43310,1727,6,3441,0,0,9,2
2021-02-16T23:59:59+01:00,3,4,1509,1344,3900,5235,3247,5998,3165,8485,3598,7006,1521,1759,1785,3635,1479,5470,860,931,2703,3660,2289,4152,2245,5832,2619,4895,1117,1253,1189,2361,842,3361,55155,40304,1710,3,2271,0,0,7,2
2021-02-15T23:59:59+01:00,3,4,1494,1326,3854,5149,3188,5911,3108,8370,3531,6900,1510,1745,1770,3612,1471,5450,825,909,2622,3531,2213,3972,2161,5554,2531,4682,1074,1189,1103,2187,778,3146,54690,38475,1708,1,1991,0,0,7,1
2021-02-14T23:59:59+01:00,3,4,1428,1298,3769,5072,3145,5802,3052,8216,3487,6791,1490,1714,1718,3485,1416,5203,816,903,2573,3463,2174,3904,2107,5434,2465,4575,1047,1153,1018,2015,707,2911,54447,37263,1097,1,1542,0,0,7,1
2021-02-13T23:59:59+01:00,3,4,1426,1297,3761,5067,3138,5801,3049,8214,3484,6789,1489,1711,1718,3483,1414,5203,816,903,2573,3463,2174,3904,2105,5433,2464,4575,1045,1152,1018,2015,707,2911,54428,37258,1096,0,1520,0,0,7,0
2021-02-12T23:59:59+01:00,3,3,1393,1281,3723,5033,3116,5781,3027,8181,3465,6744,1473,1701,1708,3466,1405,5184,809,895,2540,3410,2140,3859,2075,5379,2446,4544,1044,1151,1017,2015,706,2909,54201,36939,1094,0,1385,0,0,7,0
2021-02-11T23:59:59+01:00,3,3,1346,1238,3610,4861,3025,5609,2929,7870,3365,6532,1413,1641,1641,3288,1321,4858,772,832,2285,2966,1914,3381,1844,4634,2175,4016,961,1082,931,1823,657,2640,53571,32913,128,0,849,0,0,5,0
2021-02-10T23:59:59+01:00,3,3,1325,1216,3551,4751,2959,5505,2887,7720,3311,6401,1396,1624,1614,3249,1308,4821,695,775,1993,2557,1704,2932,1605,4027,1918,3554,851,935,768,1451,529,2150,52924,28444,126,0,590,0,0,4,0
2021-02-09T23:59:59+01:00,3,2,1312,1198,3496,4681,2929,5436,2867,7625,3274,6333,1389,1610,1586,3227,1298,4808,647,697,1732,2201,1510,2543,1420,3527,1746,3190,820,901,745,1379,508,2037,52614,25603,121,0,335,0,0,4,0
2021-02-08T23:59:59+01:00,3,2,1298,1194,3467,4651,2909,5399,2846,7573,3255,6303,1379,1603,1577,3201,1296,4790,634,663,1581,1964,1369,2289,1286,3219,1586,2930,781,880,697,1273,476,1868,52315,23496,95,0,332,0,0,4,0
2021-02-07T23:59:59+01:00,3,2,1166,1151,3360,4596,2855,5357,2819,7534,3230,6266,1369,1587,1569,3179,1291,4758,487,517,1312,1608,1128,1839,1078,2629,1358,2409,675,754,615,1114,431,1652,52021,19606,67,0,0,0,0,4,0
2021-02-06T23:59:59+01:00,3,2,1162,1149,3358,4594,2851,5354,2812,7531,3226,6262,1367,1585,1568,3176,1290,4758,363,368,1112,1356,991,1535,934,2215,1192,1990,586,652,587,1097,428,1649,51977,17055,67,0,0,0,0,4,0
2021-02-05T23:59:59+01:00,3,1,1151,1138,3342,4573,2844,5327,2801,7486,3207,6216,1361,1577,1565,3169,1289,4758,261,206,927,1038,842,1163,758,1762,1014,1581,469,546,560,1077,425,1645,51737,14274,67,0,0,0,0,4,0
2021-02-04T23:59:59+01:00,3,1,1135,1121,3297,4525,2803,5251,2758,7355,3159,6132,1347,1562,1552,3138,1280,4731,133,81,622,664,551,740,516,1150,672,988,288,363,460,931,387,1494,51101,10040,45,0,0,0,0,4,0
2021-02-03T23:59:59+01:00,3,1,1113,1115,3272,4480,2774,5209,2736,7302,3129,6075,1337,1553,1528,3098,1275,4686,115,65,494,513,420,597,415,909,514,744,240,284,360,730,303,1163,50638,7866,44,0,0,0,0,4,0
2021-02-02T23:59:59+01:00,3,1,1092,1102,3233,4449,2744,5156,2710,7227,3095,6011,1314,1525,1494,3041,1249,4596,105,56,411,415,348,519,367,820,461,662,219,261,315,660,279,1044,49995,6942,43,0,0,0,0,4,0
2021-02-01T23:59:59+01:00,3,1,1076,1091,3212,4396,2713,5095,2678,7100,3065,5914,1294,1497,1470,3005,1233,4533,78,41,314,310,256,394,274,611,327,497,181,213,249,523,217,813,49330,5298,43,0,0,0,0,3,0
2021-01-31T23:59:59+01:00,3,1,1071,1081,3197,4367,2689,5051,2663,7044,3051,5870,1283,1480,1450,2941,1210,4455,68,40,288,286,231,347,253,570,297,458,162,195,209,427,176,657,48861,4664,43,0,0,0,0,3,0
2021-01-30T23:59:59+01:00,3,1,1070,1081,3194,4363,2688,5051,2662,7043,3051,5869,1283,1479,1449,2941,1210,4455,68,37,281,272,218,331,248,559,293,452,161,192,208,427,176,657,48850,4580,40,0,0,0,0,3,0
2021-01-29T23:59:59+01:00,3,1,1069,1080,3193,4359,2688,5049,2662,7041,3048,5867,1283,1479,1449,2940,1210,4455,64,33,263,258,195,311,232,542,282,444,155,188,204,421,175,655,48833,4422,40,0,0,0,0,3,0
2021-01-28T23:59:59+01:00,3,1,1049,1061,3126,4254,2634,4938,2604,6885,2981,5736,1269,1457,1435,2874,1188,4335,55,18,166,154,129,187,162,357,207,281,124,145,158,262,102,378,47791,2885,37,0,0,0,0,2,0
2021-01-27T23:59:59+01:00,3,1,1004,1023,3040,4110,2553,4758,2509,6602,2897,5536,1239,1415,1399,2785,1155,4195,26,7,100,71,58,92,83,209,117,147,94,113,114,193,77,270,46195,1771,27,0,0,0,0,2,0
2021-01-26T23:59:59+01:00,2,1,927,994,2924,3975,2474,4573,2427,6422,2826,5381,1213,1365,1308,2631,941,3796,26,7,95,70,57,91,81,209,115,146,92,112,114,193,77,270,44162,1755,16,0,0,0,0,2,0
2021-01-25T23:59:59+01:00,2,1,911,977,2845,3846,2428,4425,2366,6225,2767,5230,1195,1343,1294,2606,931,3763,26,7,94,70,55,91,81,209,115,144,92,112,114,193,77,270,43143,1750,11,0,0,0,0,1,0
2021-01-24T23:59:59+01:00,2,1,901,973,2825,3831,2418,4393,2340,6186,2734,5169,1182,1337,1285,2584,918,3729,26,7,94,70,55,91,81,209,114,144,91,112,114,193,77,270,42799,1748,8,0,0,0,0,1,0
2021-01-23T23:59:59+01:00,2,1,901,973,2825,3830,2418,4393,2339,6185,2733,5169,1180,1336,1285,2584,918,3729,26,7,94,70,55,91,81,209,114,144,91,112,114,193,77,269,42794,1747,7,0,0,0,0,0,0
2021-01-22T23:59:59+01:00,2,1,895,966,2793,3784,2384,4328,2308,6110,2712,5122,1179,1335,1284,2583,917,3726,26,7,94,70,55,91,81,209,114,144,91,112,114,193,77,269,42422,1747,7,0,0,0,0,0,0
2021-01-21T23:59:59+01:00,2,1,880,898,2535,3368,2183,3910,2128,5501,2488,4636,1128,1289,1240,2462,887,3574,22,7,83,64,51,74,68,169,94,133,81,97,97,143,65,208,39103,1456,7,0,0,0,0,0,0
2021-01-20T23:59:59+01:00,2,1,805,836,2223,2962,1976,3443,1896,4892,2232,4159,1016,1149,1082,2116,774,3111,22,7,83,64,51,73,68,169,93,133,81,97,97,143,64,208,34668,1453,7,0,0,0,0,0,0
2021-01-19T23:59:59+01:00,2,1,745,758,1932,2516,1733,2981,1660,4234,1989,3687,943,1054,962,1842,677,2762,11,3,50,45,32,45,35,100,44,77,36,37,47,75,39,133,30472,809,6,0,0,0,0,0,0
2021-01-18T23:59:59+01:00,2,1,675,702,1704,2118,1495,2505,1412,3548,1733,3181,862,969,863,1636,625,2492,5,2,19,11,13,20,17,54,17,33,19,22,25,53,28,75,26520,413,3,0,0,0,0,0,0
2021-01-17T23:59:59+01:00,1,1,495,542,1387,1715,1214,1971,1156,2813,1454,2558,723,817,715,1357,515,2123,0,1,3,2,0,0,0,0,0,0,0,0,0,0,0,0,21555,6,2,0,0,0,0,0,0
2021-01-16T23:59:59+01:00,1,0,372,395,1205,1468,1094,1684,1015,2413,1297,2151,636,719,687,1341,513,2122,0,0,0,0,0,0,0,0,0,0,0,0,0,0,0,0,19112,0,1,0,0,0,0,0,0
2021-01-15T23:59:59+01:00,1,0,266,232,1021,1166,945,1337,846,1964,1117,1750,519,609,649,1308,502,2082,0,0,0,0,0,0,0,0,0,0,0,0,0,0,0,0,16313,0,1,0,0,0,0,0,0
2021-01-14T23:59:59+01:00,0,0,151,102,705,778,652,866,610,1305,752,1131,333,422,540,1126,452,1858,0,0,0,0,0,0,0,0,0,0,0,0,0,0,0,0,11783,0,0,0,0,0,0,0,0
2021-01-13T23:59:59+01:00,0,0,127,81,594,608,528,698,493,1049,594,866,280,348,454,958,394,1590,0,0,0,0,0,0,0,0,0,0,0,0,0,0,0,0,9662,0,0,0,0,0,0,0,0
2021-01-12T23:59:59+01:00,0,0,116,65,511,520,449,596,430,920,523,763,246,299,370,766,328,1242,0,0,0,0,0,0,0,0,0,0,0,0,0,0,0,0,8144,0,0,0,0,0,0,0,0
2021-01-11T23:59:59+01:00,0,0,87,52,417,421,365,485,344,743,416,590,212,248,310,637,269,1045,0,0,0,0,0,0,0,0,0,0,0,0,0,0,0,0,6641,0,0,0,0,0,0,0,0
2021-01-10T23:59:59+01:00,0,0,73,45,352,348,299,404,288,646,346,523,186,220,250,505,212,814,0,0,0,0,0,0,0,0,0,0,0,0,0,0,0,0,5511,0,0,0,0,0,0,0,0
2021-01-09T23:59:59+01:00,0,0,73,43,337,328,275,382,280,630,338,516,185,219,249,503,212,814,0,0,0,0,0,0,0,0,0,0,0,0,0,0,0,0,5384,0,0,0,0,0,0,0,0
2021-01-08T23:59:59+01:00,0,0,69,37,303,296,229,341,253,588,311,477,167,199,224,445,192,716,0,0,0,0,0,0,0,0,0,0,0,0,0,0,0,0,4847,0,0,0,0,0,0,0,0
2021-01-07T23:59:59+01:00,0,0,58,25,213,198,160,242,194,421,240,341,138,160,170,288,121,445,0,0,0,0,0,0,0,0,0,0,0,0,0,0,0,0,3414,0,0,0,0,0,0,0,0
2021-01-06T23:59:59+01:00,0,0,47,16,163,120,113,161,144,294,177,241,108,128,129,222,82,312,0,0,0,0,0,0,0,0,0,0,0,0,0,0,0,0,2457,0,0,0,0,0,0,0,0
2021-01-05T23:59:59+01:00,0,0,29,8,97,72,58,94,86,212,116,149,98,118,120,204,81,291,0,0,0,0,0,0,0,0,0,0,0,0,0,0,0,0,1833,0,0,0,0,0,0,0,0
2021-01-04T23:59:59+01:00,0,0,27,8,97,71,55,92,86,212,116,147,98,117,120,204,81,291,0,0,0,0,0,0,0,0,0,0,0,0,0,0,0,0,1822,0,0,0,0,0,0,0,0
2021-01-03T23:59:59+01:00,0,0,27,8,97,71,55,92,86,212,115,147,97,117,120,204,81,291,0,0,0,0,0,0,0,0,0,0,0,0,0,0,0,0,1820,0,0,0,0,0,0,0,0
2021-01-02T23:59:59+01:00,0,0,27,8,97,71,55,92,86,212,114,147,97,117,120,204,81,290,0,0,0,0,0,0,0,0,0,0,0,0,0,0,0,0,1818,0,0,0,0,0,0,0,0
2021-01-01T23:59:59+01:00,0,0,27,8,97,71,55,92,86,212,113,146,97,117,120,204,81,290,0,0,0,0,0,0,0,0,0,0,0,0,0,0,0,0,1816,0,0,0,0,0,0,0,0
2020-12-31T23:59:59+01:00,0,0,27,8,97,71,55,92,86,212,112,146,97,117,120,204,81,290,0,0,0,0,0,0,0,0,0,0,0,0,0,0,0,0,1815,0,0,0,0,0,0,0,0
2020-12-30T23:59:59+01:00,0,0,27,8,97,71,54,92,86,212,112,146,97,117,120,204,80,290,0,0,0,0,0,0,0,0,0,0,0,0,0,0,0,0,1813,0,0,0,0,0,0,0,0
2020-12-29T23:59:59+01:00,0,0,15,2,65,53,32,61,50,138,64,89,47,51,67,119,51,195,0,0,0,0,0,0,0,0,0,0,0,0,0,0,0,0,1099,0,0,0,0,0,0,0,0
2020-12-28T23:59:59+01:00,0,0,5,2,36,26,19,30,21,67,25,41,20,22,26,47,28,74,0,0,0,0,0,0,0,0,0,0,0,0,0,0,0,0,489,0,0,0,0,0,0,0,0
2020-12-27T23:59:59+01:00,0,0,0,0,7,5,7,2,1,5,0,2,0,1,2,2,4,6,0,0,0,0,0,0,0,0,0,0,0,0,0,0,0,0,44,0,0,0,0,0,0,0,0
