Datum,<15_m,<15_w,15-24_1_m,15-24_1_w,25-34_1_m,25-34_1_w,35-44_1_m,35-44_1_w,45-54_1_m,45-54_1_w,55-64_1_m,55-64_1_w,65-74_1_m,65-74_1_w,75-84_1_m,75-84_1_w,>84_1_m,>84_1_w,<24_2_m,<24_2_w,25-34_2_m,25-34_2_w,35-44_2_m,35-44_2_w,45-54_2_m,45-54_2_w,55-64_2_m,55-64_2_w,65-74_2_m,65-74_2_w,75-84_2_m,75-84_2_w,>84_2_m,>84_2_w,bp_1,bp_2,mo_1,mo_2,az_1,az_2,ja,unb_1,unb_2
2021-09-08T23:59:59+02:00,8669,8344,60729,60975,103451,101047,95002,94525,92264,97749,92207,94293,55454,68912,43710,60660,10572,21385,54453,54709,97087,94062,89548,88051,87631,92429,88405,90489,53696,66707,42501,58741,10186,20416,793843,747243,133689,127443,158632,143822,83653,131,117
2021-09-07T23:59:59+02:00,8618,8296,60512,60773,103233,100821,94820,94342,92125,97610,92112,94220,55424,68868,43685,60609,10565,21370,54271,54550,96871,93872,89370,87891,87514,92324,88317,90406,53664,66665,42480,58717,10182,20402,792435,746219,133586,127326,158629,143699,83222,131,117
2021-09-06T23:59:59+02:00,8580,8252,60305,60600,103024,100647,94677,94176,92006,97475,92023,94141,55366,68808,43663,60578,10558,21337,54107,54384,96674,93712,89201,87733,87387,92200,88219,90325,53612,66618,42460,58676,10173,20378,791183,745148,133496,127196,158618,143619,82788,131,117
2021-09-05T23:59:59+02:00,8526,8201,60094,60393,102856,100462,94524,94003,91879,97360,91943,94071,55336,68769,43654,60555,10553,21332,53902,54183,96477,93515,89011,87574,87244,92073,88137,90239,53563,66572,42443,58654,10168,20365,789991,744003,133425,127029,158615,143526,82349,131,117
2021-09-04T23:59:59+02:00,8475,8172,59978,60286,102767,100362,94417,93914,91822,97292,91908,94045,55327,68758,43647,60545,10553,21331,53780,54070,96355,93390,88894,87473,87174,91994,88090,90205,53549,66561,42435,58643,10168,20364,789389,743355,133378,126909,158611,143508,82090,131,117
2021-09-03T23:59:59+02:00,8397,8101,59787,60109,102594,100214,94265,93766,91713,97176,91833,93992,55299,68730,43639,60530,10551,21323,53575,53893,96152,93183,88699,87274,87027,91824,87996,90125,53518,66527,42425,58625,10164,20361,788290,742129,133327,126684,158603,143472,81668,131,117
2021-09-02T23:59:59+02:00,8281,8017,59544,59872,102340,99977,94065,93542,91526,97013,91709,93893,55251,68672,43613,60494,10546,21301,53315,53644,95864,92910,88460,87005,86803,91619,87852,90009,53471,66444,42394,58574,10154,20326,786674,740525,133224,126339,158591,143354,81036,131,117
2021-09-01T23:59:59+02:00,8219,7936,59345,59671,102159,99813,93924,93395,91416,96891,91607,93820,55211,68623,43596,60471,10538,21283,53069,53433,95645,92700,88276,86790,86632,91460,87715,89903,53409,66362,42358,58533,10146,20307,785481,739136,133154,126085,158576,143236,80576,131,114
2021-08-31T23:59:59+02:00,8141,7862,59144,59446,101983,99644,93757,93245,91304,96781,91487,93741,55166,68574,43570,60433,10528,21267,52826,53192,95395,92463,88069,86563,86482,91307,87557,89801,53367,66295,42333,58484,10140,20288,784186,737700,133076,125783,158563,143127,80117,131,114
2021-08-30T23:59:59+02:00,8047,7785,58949,59269,101819,99508,93644,93116,91193,96681,91423,93665,55132,68547,43553,60399,10523,21251,52592,53011,95160,92234,87869,86338,86309,91170,87433,89680,53313,66219,42294,58422,10123,20259,783108,736320,133022,125474,158556,142979,79687,131,114
2021-08-29T23:59:59+02:00,7971,7710,58676,59033,101590,99319,93465,92946,91054,96564,91337,93576,55087,68497,43529,60369,10521,21242,52246,52709,94852,91955,87585,86088,86079,90979,87281,89557,53247,66144,42265,58384,10117,20243,781778,734472,132935,125145,158543,142837,79099,131,114
2021-08-28T23:59:59+02:00,7914,7646,58544,58923,101484,99212,93363,92865,90970,96488,91292,93547,55073,68484,43521,60364,10520,21240,52072,52564,94698,91826,87450,85980,85970,90891,87216,89515,53231,66124,42256,58376,10116,20242,781168,733674,132898,125044,158539,142812,78714,131,114
2021-08-27T23:59:59+02:00,7850,7562,58357,58739,101325,99052,93228,92741,90863,96385,91205,93491,55052,68455,43513,60348,10519,21237,51828,52330,94413,91554,87234,85780,85800,90740,87109,89417,53190,66088,42244,58351,10112,20239,780223,732131,132836,124847,158491,142777,78241,131,114
2021-08-26T23:59:59+02:00,7765,7464,58130,58499,101109,98838,93015,92521,90687,96210,91104,93396,55004,68396,43480,60321,10513,21225,51498,52053,94058,91213,86908,85473,85561,90487,86956,89288,53130,66001,42198,58308,10107,20227,778806,730264,132742,124450,158465,142647,77533,131,113
2021-08-25T23:59:59+02:00,7695,7375,57915,58317,100944,98704,92867,92341,90574,96088,90999,93321,54966,68350,43448,60278,10509,21202,51206,51810,93766,90964,86686,85231,85366,90300,86827,89164,53066,65919,42154,58242,10103,20199,777657,728601,132663,124138,158456,142577,76986,131,112
2021-08-24T23:59:59+02:00,7647,7326,57706,58110,100768,98539,92707,92183,90468,95968,90915,93256,54930,68296,43425,60236,10502,21178,50894,51556,93427,90681,86393,84984,85166,90117,86679,89010,52985,65827,42107,58178,10095,20176,776569,726822,132573,123845,158452,142360,76435,131,112
2021-08-23T23:59:59+02:00,7594,7277,57510,57917,100603,98386,92581,92029,90379,95884,90843,93172,54895,68253,43396,60210,10498,21160,50580,51293,93093,90411,86146,84715,84978,89954,86548,88887,52909,65735,42073,58129,10088,20158,775471,724972,132502,123564,158442,142184,76041,131,112
2021-08-22T23:59:59+02:00,7527,7221,57319,57739,100416,98238,92426,91900,90283,95768,90767,93107,54863,68209,43383,60186,10493,21146,50217,50946,92699,90020,85838,84421,84744,89722,86380,88765,52835,65635,42042,58070,10079,20135,774490,722687,132409,123261,158430,141969,75531,131,112
2021-08-21T23:59:59+02:00,7474,7183,57189,57619,100286,98136,92323,91797,90186,95710,90711,93072,54843,68188,43375,60169,10491,21143,49891,50648,92538,89880,85669,84268,84596,89599,86296,88705,52803,65612,42032,58055,10078,20129,773824,721190,132338,123031,158429,141928,75173,131,112
2021-08-20T23:59:59+02:00,7425,7130,57037,57450,100117,97983,92173,91664,90069,95590,90637,93012,54821,68166,43365,60152,10489,21139,49571,50321,92280,89619,85408,84031,84381,89397,86167,88597,52772,65571,42010,58031,10071,20123,772884,719276,132292,122824,158425,141861,74687,131,112
2021-08-19T23:59:59+02:00,7359,7070,56806,57225,99864,97764,91980,91481,89910,95432,90514,92911,54781,68109,43340,60121,10483,21126,49138,49892,91867,89230,85008,83631,84077,89092,85954,88415,52701,65466,41972,57972,10061,20105,771591,716634,132169,122385,158420,141658,73965,131,111
2021-08-18T23:59:59+02:00,7298,7016,56630,57070,99689,97596,91840,91325,89776,95314,90413,92816,54715,68047,43311,60077,10474,21106,48798,49537,91495,88912,84695,83303,83802,88840,85766,88246,52589,65354,41902,57883,10047,20075,770480,714293,132087,121996,158413,141421,73402,131,111
2021-08-17T23:59:59+02:00,7236,6965,56450,56918,99498,97423,91681,91183,89655,95186,90317,92726,54678,68000,43288,60050,10472,21091,48314,49129,91050,88489,84296,82950,83474,88553,85563,88047,52487,65232,41846,57808,10041,20053,769399,711326,131986,121591,158399,141133,72902,131,111
2021-08-16T23:59:59+02:00,7179,6898,56272,56751,99309,97252,91536,91031,89520,95071,90204,92630,54627,67939,43260,60002,10464,21077,47762,48570,90587,88057,83834,82559,83149,88263,85337,87847,52386,65118,41790,57730,10032,20017,768264,707877,131898,121150,158393,140906,72336,131,111
2021-08-15T23:59:59+02:00,7115,6849,56059,56568,99131,97078,91383,90897,89397,94968,90115,92572,54592,67898,43240,59973,10460,21070,46654,47469,89948,87380,83286,82028,82756,87878,85052,87643,52280,64996,41749,57671,10023,19997,767224,702161,131789,120522,158384,140727,71837,131,110
2021-08-14T23:59:59+02:00,7085,6817,55942,56478,98991,96979,91280,90822,89311,94900,90065,92528,54577,67882,43235,59966,10459,21069,46508,47333,89725,87204,83076,81826,82634,87780,84984,87599,52252,64965,41740,57660,10022,19995,766707,701377,131734,120203,158380,140675,71434,131,110
2021-08-13T23:59:59+02:00,7042,6771,55792,56355,98839,96856,91154,90688,89210,94788,89988,92467,54548,67833,43221,59944,10457,21063,46211,47025,89261,86814,82682,81454,82375,87545,84819,87463,52210,64899,41719,57636,10019,19984,765904,699195,131677,119658,158373,140597,70933,129,110
2021-08-12T23:59:59+02:00,7007,6721,55589,56197,98639,96681,90983,90529,89067,94649,89896,92390,54511,67781,43196,59910,10449,21046,45805,46641,88638,86253,82111,80913,82000,87227,84590,87289,52137,64799,41669,57577,10009,19967,764872,696299,131572,118829,158362,140346,70306,129,109
2021-08-11T23:59:59+02:00,6973,6667,55403,56032,98438,96506,90831,90396,88937,94538,89787,92289,54460,67724,43165,59872,10439,21031,45396,46191,88035,85601,81540,80410,81670,86925,84325,87053,52054,64664,41597,57456,9992,19924,763777,693195,131477,117891,158339,140016,69768,127,108
2021-08-10T23:59:59+02:00,6912,6621,55221,55876,98235,96365,90673,90247,88810,94427,89702,92214,54417,67678,43149,59833,10435,21018,44972,45733,87396,84993,80941,79873,81266,86546,84082,86839,51932,64559,41539,57371,9979,19893,762748,689913,131383,116949,158320,139705,69255,127,108
2021-08-09T23:59:59+02:00,6862,6564,55056,55713,98049,96218,90530,90113,88677,94334,89594,92154,54379,67631,43124,59801,10428,21004,44423,45187,86571,84322,80256,79291,80854,86202,83790,86618,51822,64428,41483,57271,9965,19850,761787,686140,131310,115893,158312,139362,68695,127,108
2021-08-08T23:59:59+02:00,6793,6497,54835,55529,97854,96037,90358,89955,88545,94222,89501,92081,54326,67586,43099,59766,10421,20983,43829,44587,85525,83401,79367,78486,80320,85731,83467,86322,51692,64276,41422,57181,9953,19824,760623,681115,131199,114714,158293,139053,68146,127,108
2021-08-07T23:59:59+02:00,6748,6447,54695,55405,97719,95927,90228,89853,88452,94164,89439,92041,54307,67560,43095,59756,10418,20978,43001,43720,85196,83074,78898,78047,79965,85381,83284,86181,51629,64193,41401,57145,9948,19815,759964,677458,131135,113570,158289,138947,67717,127,107
2021-08-06T23:59:59+02:00,6693,6398,54506,55262,97494,95749,90079,89724,88327,94050,89344,91971,54268,67532,43086,59730,10415,20974,42087,42845,84741,82621,78308,77494,79577,85002,83095,86034,51579,64129,41375,57113,9940,19803,759022,673539,131039,112295,158282,138813,67132,127,107
2021-08-05T23:59:59+02:00,6628,6328,54193,55020,97207,95489,89828,89512,88115,93864,89174,91841,54204,67444,43057,59678,10406,20955,40866,41701,84021,81960,77537,76704,78982,84443,82740,85732,51448,63971,41314,57014,9925,19771,757410,668035,130915,110680,158271,138272,66220,127,107
2021-08-04T23:59:59+02:00,6547,6277,53960,54841,96973,95284,89658,89347,87976,93727,89057,91743,54151,67392,43021,59633,10403,20945,40406,41221,82825,80920,76212,75561,78492,83994,82423,85485,51311,63834,41258,56930,9909,19746,756154,662888,130808,109179,158258,137820,65588,127,107
2021-08-03T23:59:59+02:00,6482,6214,53703,54650,96745,95097,89488,89188,87836,93584,88912,91623,54071,67311,42985,59575,10395,20937,39970,40814,81580,79785,74792,74370,77889,83430,81880,84996,51098,63631,41157,56774,9896,19710,754797,657102,130707,107480,158236,137114,64929,127,107
2021-08-02T23:59:59+02:00,6421,6151,53466,54449,96490,94880,89274,89018,87672,93441,88772,91508,53990,67241,42954,59527,10392,20917,39507,40348,80274,78682,73247,73160,77266,82862,81340,84514,50929,63430,41083,56655,9879,19676,753391,651090,130562,105718,158215,136516,64268,127,107
2021-08-01T23:59:59+02:00,6357,6066,53200,54187,96231,94612,89042,88848,87466,93298,88609,91398,53926,67157,42918,59476,10385,20910,38991,39857,78983,77598,71842,72059,76378,82111,80758,84050,50745,63194,41000,56550,9869,19652,751804,644939,130372,103819,158196,135908,63587,127,105
2021-07-31T23:59:59+02:00,6321,6027,53083,54097,96115,94520,88941,88782,87377,93227,88565,91362,53915,67147,42912,59472,10385,20909,38047,38851,78540,77158,71310,71507,75997,81784,80642,83954,50726,63161,40984,56539,9869,19649,751331,640305,130207,102947,158194,135813,63298,127,105
2021-07-30T23:59:59+02:00,6268,5992,52916,53956,95961,94348,88790,88636,87249,93114,88484,91293,53878,67116,42900,59454,10383,20907,37051,37806,77851,76518,70563,70776,75485,81257,80242,83633,50652,63072,40952,56479,9863,19637,750457,634164,129896,101814,158191,135607,62974,127,105
2021-07-29T23:59:59+02:00,6217,5933,52683,53777,95711,94125,88578,88430,87083,92942,88344,91167,53821,67053,42877,59419,10375,20887,35812,36593,76806,75644,69512,69822,74683,80509,79703,83207,50520,62909,40885,56384,9846,19610,749234,626442,129425,100264,158177,135052,62460,126,105
2021-07-28T23:59:59+02:00,6179,5881,52487,53613,95509,93923,88429,88250,86967,92803,88234,91074,53764,66980,42844,59371,10366,20858,35208,36014,75651,74676,68235,68714,73925,79796,79212,82755,50383,62708,40817,56282,9829,19572,748085,620158,128982,98856,158159,134267,62180,126,103
2021-07-27T23:59:59+02:00,6131,5842,52256,53393,95247,93717,88253,88069,86810,92653,88114,90978,53711,66908,42800,59308,10352,20810,34558,35283,74204,73443,66788,67498,73065,78947,78667,82244,50210,62499,40737,56161,9804,19529,746698,612940,128561,97404,158136,133032,61831,126,102
2021-07-26T23:59:59+02:00,6074,5790,52044,53191,95006,93525,88060,87905,86652,92518,87984,90880,53651,66829,42771,59254,10345,20789,33803,34483,72696,72110,65425,66262,72023,77964,78078,81714,50039,62285,40659,56014,9782,19484,745376,604930,128140,95877,158120,131965,61506,126,102
2021-07-25T23:59:59+02:00,6036,5748,51843,53000,94753,93298,87892,87719,86502,92390,87878,90784,53601,66766,42743,59210,10335,20754,33099,33741,71355,70906,64313,65248,71021,77059,77609,81268,49922,62102,40595,55927,9776,19449,744019,598004,127866,94311,158100,131172,61141,126,102
2021-07-24T23:59:59+02:00,5948,5691,51571,52711,94450,92987,87646,87507,86324,92235,87778,90705,53571,66732,42732,59187,10335,20748,32615,33266,70501,70221,63643,64695,70145,76361,77405,81117,49868,62060,40574,55902,9776,19447,742160,593644,127811,93381,158098,131048,60663,126,102
2021-07-23T23:59:59+02:00,5895,5635,51303,52443,94060,92710,87355,87292,86144,92055,87643,90611,53538,66685,42724,59169,10332,20742,32110,32650,69447,69378,62860,64032,69241,75514,77003,80791,49793,61962,40542,55864,9769,19433,740140,588100,127738,92220,158092,130871,60240,126,102
2021-07-22T23:59:59+02:00,5824,5571,50893,52045,93606,92273,86973,86962,85839,91758,87426,90430,53453,66591,42695,59111,10323,20717,31422,31946,68151,68388,61817,63153,67622,74164,76359,80285,49642,61758,40452,55754,9748,19395,737138,581735,127505,89467,158068,130105,59654,125,102
2021-07-21T23:59:59+02:00,5772,5520,50535,51673,93178,91865,86672,86663,85583,91514,87257,90247,53371,66509,42637,59044,10312,20689,30827,31318,66821,67351,60737,62258,65584,72478,75454,79542,49353,61449,40292,55566,9724,19339,734376,575485,127274,85165,158043,129018,59223,125,102
2021-07-20T23:59:59+02:00,5714,5457,50150,51286,92720,91403,86308,86345,85319,91263,87039,90053,53280,66374,42591,58985,10306,20664,30176,30691,65368,66174,59598,61304,64400,71420,74844,78990,49145,61216,40186,55409,9702,19278,731456,568474,127054,83505,157987,127993,58635,125,102
2021-07-19T23:59:59+02:00,5635,5383,49689,50835,92250,90934,85945,86017,85069,91052,86833,89877,53187,66255,42555,58907,10289,20629,29642,30128,64212,65122,58679,60441,63248,70383,74248,78476,48971,61019,40094,55264,9674,19233,728216,562723,126831,81703,157954,126803,58215,125,102
2021-07-18T23:59:59+02:00,5567,5314,48867,50025,91201,89908,85223,85410,84593,90627,86540,89587,53080,66107,42492,58812,10279,20598,29096,29551,63043,64055,57752,59528,62070,69357,73700,77978,48825,60858,40036,55181,9662,19205,721839,556914,126501,79686,157937,125998,57828,125,102
2021-07-17T23:59:59+02:00,5393,5128,48517,49697,91057,89775,85029,85252,84436,90492,86431,89504,53058,66080,42481,58800,10278,20595,28719,29183,62405,63462,57205,59103,61312,68622,73395,77737,48715,60741,39996,55123,9652,19194,720665,553929,126324,78719,157931,125380,56958,125,102
2021-07-16T23:59:59+02:00,5294,5037,48199,49416,90793,89556,84782,85051,84233,90307,86293,89396,53016,66048,42463,58786,10275,20590,28230,28693,61476,62557,56358,58415,60257,67587,72893,77319,48555,60553,39950,55055,9647,19185,719291,549000,126156,77397,157921,124644,56042,125,102
2021-07-15T23:59:59+02:00,5157,4905,47724,49010,90406,89185,84425,84672,83934,90031,86073,89227,52935,65958,42409,58718,10265,20563,27503,28083,60170,61509,55241,57433,58857,66279,72167,76736,48334,60295,39864,54927,9631,19130,716846,543241,125738,75209,157885,122986,55003,125,102
2021-07-14T23:59:59+02:00,5051,4792,47381,48635,90109,88895,84141,84362,83684,89791,85870,89072,52847,65850,42351,58629,10248,20533,26989,27544,59087,60523,54275,56594,57983,65435,71556,76154,48066,60017,39760,54754,9609,19086,714698,537874,125381,74295,157838,121301,54200,124,102
2021-07-13T23:59:59+02:00,4938,4676,46979,48257,89718,88539,83836,84058,83418,89535,85666,88907,52739,65746,42297,58565,10242,20513,26345,26894,57720,59342,53082,55609,56992,64524,70833,75518,47791,59696,39632,54576,9578,19034,712361,531574,125013,73195,157783,119260,53349,123,101
2021-07-12T23:59:59+02:00,4770,4507,46442,47752,89323,88206,83445,83743,83173,89280,85479,88749,52658,65651,42249,58500,10230,20498,25726,26251,56214,57996,51791,54549,55765,63385,70090,74901,47419,59269,39457,54355,9537,18969,709694,524313,124644,72167,157720,116916,52474,123,101
2021-07-11T23:59:59+02:00,4375,4135,45500,46835,88902,87778,83030,83358,82865,88992,85287,88603,52572,65561,42224,58444,10219,20481,25129,25688,54841,56738,50495,53508,54720,62353,69501,74352,47074,58887,39333,54180,9512,18927,705765,517703,124173,71159,157681,115131,51421,121,101
2021-07-10T23:59:59+02:00,4363,4120,45170,46500,88450,87300,82698,83046,82763,88895,85219,88545,52552,65538,42215,58430,10218,20477,24644,25163,53763,55801,49637,52927,54122,61785,69284,74165,46703,58468,39233,54075,9507,18916,705102,513410,123709,71075,157505,113810,50063,120,101
2021-07-09T23:59:59+02:00,4344,4107,44751,46068,87842,86751,82320,82707,82513,88711,85104,88452,52518,65509,42208,58417,10214,20468,23948,24396,52448,54564,48702,52047,53344,60933,68862,73766,46342,58062,39147,53985,9499,18904,703708,507255,123132,70671,157340,112464,48704,120,100
2021-07-08T23:59:59+02:00,4317,4081,44205,45588,86986,86050,81800,82199,82260,88471,84909,88299,52453,65442,42177,58371,10203,20452,22976,23478,50518,53006,47326,50897,52210,59811,68182,73132,45828,57509,39012,53822,9471,18835,701619,499571,122246,69405,157051,109930,47227,120,100
2021-07-07T23:59:59+02:00,4293,4053,43638,45018,86162,85287,81258,81722,81976,88177,84707,88137,52375,65343,42137,58309,10196,20432,22114,22589,48576,51330,45819,49762,50976,58635,67494,72599,45097,56772,38822,53583,9440,18777,699143,491457,121253,68292,156800,106826,45907,117,98
2021-07-06T23:59:59+02:00,4261,4033,43096,44503,85315,84558,80650,81133,81608,87849,84534,87963,52286,65262,42099,58246,10187,20407,21285,21738,46596,49543,44434,48511,49704,57302,66750,71880,44269,56001,38636,53343,9422,18721,696526,482518,120231,67212,156502,103868,44615,116,98
2021-07-05T23:59:59+02:00,4238,3996,41955,43535,83822,83477,79919,80520,81157,87431,84262,87702,52170,65126,42050,58168,10173,20379,20112,20696,44652,47952,43408,47547,48674,56342,66053,71262,43511,55139,38464,53119,9398,18682,693256,476550,119173,66343,156140,100778,41395,116,98
2021-07-04T23:59:59+02:00,4211,3975,40605,42344,82187,82163,79201,79911,80687,87006,83992,87505,52080,65000,42004,58117,10160,20350,18766,19494,42865,46440,42708,46807,47866,55484,65474,70695,42769,54296,38300,52927,9379,18634,690183,471913,118019,65414,155719,98161,37461,116,98
2021-07-03T23:59:59+02:00,3747,3560,39048,40818,81330,81512,78716,79421,80244,86529,83776,87336,52012,64899,41986,58065,10157,20344,17958,18806,41952,45750,42290,46426,47461,55085,65309,70530,42181,53569,38238,52828,9372,18624,686488,469983,116711,65314,155635,96571,34550,116,98
2021-07-02T23:59:59+02:00,3187,2989,37501,39339,80613,80787,78044,78721,79724,86027,83534,87135,51960,64813,41957,58018,10145,20331,17203,18094,40810,44795,41556,45733,46627,54301,64789,70082,41231,52364,38108,52639,9356,18605,681479,464942,115307,64852,155481,94080,32442,116,97
2021-07-01T23:59:59+02:00,2546,2445,35791,37691,79646,79929,77212,77891,79021,85392,83220,86856,51839,64655,41894,57914,10126,20303,16341,17205,39279,43561,40343,44667,45320,53172,64052,69509,40344,51226,37958,52432,9339,18573,675193,458599,113600,63201,155256,91314,30206,116,97
2021-06-30T23:59:59+02:00,2504,2414,34789,36689,77818,78430,75507,76392,78363,84845,82935,86563,51709,64496,41834,57818,10114,20276,15320,16244,37597,42334,39143,43555,44159,52117,63300,68883,39799,50543,37843,52237,9317,18538,669345,452485,111866,61861,155042,89435,27127,116,97
2021-06-29T23:59:59+02:00,2471,2381,33960,35805,76221,76942,73890,74973,77573,84125,82391,86074,51526,64278,41757,57687,10097,20240,14489,15348,36283,41194,38223,42735,42934,51065,62588,68299,39093,49608,37707,52019,9295,18495,663013,447326,109991,60024,154773,87485,24498,116,96
2021-06-28T23:59:59+02:00,2431,2348,33157,35008,74602,75533,72211,73571,76549,83337,81784,85575,51347,64051,41680,57580,10084,20206,13748,14604,35227,40174,37395,42003,41810,50070,61939,67752,38220,48520,37540,51798,9275,18448,656560,442500,108027,58509,154178,85286,22173,116,95
2021-06-27T23:59:59+02:00,2417,2333,32425,34269,73033,74164,70807,72365,75152,82217,81107,85022,51148,63834,41615,57463,10074,20177,13116,13977,34269,39419,36736,41398,40876,49221,61401,67308,37360,47491,37388,51621,9260,18417,650371,438606,106089,57745,153226,83027,19820,116,95
2021-06-26T23:59:59+02:00,1785,1726,31394,33171,72682,73849,70343,71902,74858,81905,81013,84941,51127,63806,41601,57453,10073,20174,12922,13770,33608,38876,36094,40976,40357,48886,60405,66305,36372,46356,37221,51407,9246,18384,645608,432634,105152,57693,153221,81088,19709,113,95
2021-06-25T23:59:59+02:00,1167,1128,30282,32010,72196,73324,69727,71205,74435,81460,80637,84618,51065,63720,41567,57410,10068,20160,12598,13384,32754,38076,35225,40152,39418,48049,59194,65070,35857,45657,37029,51106,9223,18341,639314,424215,103962,57246,153213,80030,19577,113,95
2021-06-24T23:59:59+02:00,567,569,28950,30698,71425,72580,68855,70320,73763,80833,80191,84253,50959,63591,41515,57341,10057,20126,11942,12690,31593,36775,34008,38883,38291,46939,57560,63694,35381,45137,36873,50918,9204,18281,631546,414895,102470,55696,153099,78143,19365,113,94
2021-06-23T23:59:59+02:00,540,536,28447,30158,70318,71599,67578,69183,73016,80146,79741,83851,50848,63417,41454,57245,10040,20095,11455,12164,30594,35525,33076,37659,37276,46060,55621,61984,34831,44572,36705,50691,9183,18216,625335,405148,100898,54630,152993,76889,18873,113,93
2021-06-22T23:59:59+02:00,517,520,27936,29580,69144,70572,66374,68153,72337,79441,79327,83485,50742,63290,41406,57161,10031,20070,11111,11767,29672,34589,32113,36771,36316,45170,53654,60149,34444,44097,36567,50450,9154,18159,619023,396632,99438,53057,152858,75766,18654,113,92
2021-06-21T23:59:59+02:00,485,486,27272,28920,67828,69404,65189,67023,71576,78662,78931,83092,50634,63181,41347,57074,10018,20028,10820,11457,29047,34004,31562,36204,35714,44583,51806,58491,33736,43297,36272,50028,9125,18083,612226,389068,97942,51858,152737,75095,18133,112,92
2021-06-20T23:59:59+02:00,400,405,26634,28262,66610,68270,64166,66080,70772,77921,78576,82757,50556,63056,41298,57006,10013,19995,10533,11196,28500,33503,31106,35711,35206,44059,49966,56701,33194,42616,36075,49693,9095,18023,605845,381660,96475,51105,152639,74629,17706,112,89
2021-06-19T23:59:59+02:00,368,371,26256,27897,65879,67699,63641,65583,69975,77267,78423,82632,50535,63031,41282,56990,10012,19995,10402,11004,28253,33185,30852,35390,34984,43798,48521,55307,32934,42269,35991,49556,9087,17995,601902,376264,95532,51093,152637,74441,17653,112,89
2021-06-18T23:59:59+02:00,341,337,25796,27439,64867,66964,62903,64970,69055,76430,78033,82296,50474,62956,41255,56954,10008,19987,10188,10769,27849,32760,30525,34978,34596,43407,46793,53645,32583,41756,35854,49345,9068,17961,596496,369426,94290,50805,152629,74230,17539,111,89
2021-06-17T23:59:59+02:00,312,306,25166,26836,63614,65964,61908,64157,67464,75028,77510,81896,50374,62803,41192,56871,9995,19959,9773,10416,27055,32073,29783,34299,33759,42705,45289,52152,32138,41126,35691,49091,9036,17911,590429,362006,91638,49663,152472,73846,16706,110,88
2021-06-16T23:59:59+02:00,278,268,24644,26259,62316,64840,60800,63176,65191,73109,76664,81240,50162,62593,41101,56759,9976,19927,9453,10165,26403,31399,29075,33676,33030,42070,44697,51588,31868,40765,35545,48892,9015,17870,584200,358308,87128,48957,152037,72338,15830,108,88
2021-06-15T23:59:59+02:00,239,237,24007,25577,60915,63634,59717,62192,64036,72025,76162,80820,50039,62445,41051,56662,9969,19897,9193,9897,25802,30663,28436,32918,32353,41346,43138,49962,31422,40212,35374,48659,8985,17806,577105,351605,85498,48065,151573,71078,15340,108,88
2021-06-14T23:59:59+02:00,217,205,23540,24990,59812,62578,58842,61341,62962,71018,75688,80427,49951,62322,41001,56590,9953,19871,8907,9598,25048,29773,27669,32081,31562,40529,41855,48625,31054,39713,35237,48434,8955,17755,571245,345469,83776,47041,151370,69397,14809,108,88
2021-06-13T23:59:59+02:00,212,190,23124,24524,58885,61674,58067,60556,61854,70047,75222,80001,49863,62206,40952,56531,9941,19841,8628,9299,24335,28929,26952,31240,30798,39678,40307,47044,30591,39105,35036,48130,8925,17666,566242,338424,81912,46261,151144,67617,14284,108,86
2021-06-12T23:59:59+02:00,199,173,22897,24260,58336,61174,57708,60277,61212,69404,75021,79888,49839,62175,40941,56517,9938,19837,8512,9183,23856,28343,26435,30671,30282,39119,39229,46070,30423,38926,34940,47965,8921,17655,563352,334222,80955,46258,151137,65729,14244,108,86
2021-06-11T23:59:59+02:00,181,158,22546,23848,57597,60362,57033,59648,60306,68472,74670,79580,49766,62102,40915,56481,9935,19831,8380,8995,23346,27669,25902,30013,29700,38485,38158,45062,30153,38571,34798,47742,8908,17628,558358,329383,79663,45998,151123,63873,14179,108,85
2021-06-10T23:59:59+02:00,166,141,22015,23290,56468,59433,56103,58830,59050,67301,74135,79177,49695,61993,40891,56430,9922,19803,8119,8748,22478,26724,24936,29074,28582,37555,36768,43894,29800,38093,34518,47309,8841,17553,552820,322483,77458,45289,150879,61567,13578,108,83
2021-06-09T23:59:59+02:00,145,127,21395,22741,55211,58338,55034,57917,58098,66395,73672,78783,49608,61893,40841,56368,9908,19773,7833,8484,21559,25857,23999,28179,27549,36607,35048,42108,29415,37593,34333,47039,8800,17463,547080,315044,76007,44563,150525,59659,12527,108,81
2021-06-08T23:59:59+02:00,123,109,20724,22060,53900,57208,53915,56942,57141,65537,73126,78348,49521,61769,40786,56276,9888,19743,7565,8250,20646,24961,22940,27315,26514,35650,33697,40806,29057,37085,34012,46586,8747,17380,540425,308739,75088,43797,150081,57187,11414,108,80
2021-06-07T23:59:59+02:00,106,91,20081,21463,52463,55955,52652,55965,55982,64553,72574,77947,49436,61663,40740,56212,9875,19715,7318,8031,19802,24135,21915,26501,25479,34779,32762,40025,28773,36695,33767,46159,8696,17289,533171,304117,74193,42980,149671,54623,10330,108,80
2021-06-06T23:59:59+02:00,99,85,19574,20927,51314,54864,51548,54988,55020,63599,72067,77544,49351,61587,40703,56149,9868,19699,7110,7831,19014,23242,21014,25628,24408,33796,31849,39209,28488,36356,33511,45769,8647,17214,526841,299552,73171,42241,149335,51684,9533,106,80
2021-06-05T23:59:59+02:00,93,77,19310,20639,50546,54118,50898,54487,54546,63115,71935,77431,49340,61573,40700,56145,9865,19699,6883,7417,18371,22165,20290,24511,23532,32549,30823,37890,28155,35892,33387,45594,8640,17194,522540,293243,73166,42202,149242,48309,9463,106,80
2021-06-04T23:59:59+02:00,83,71,18867,20059,49499,53114,50088,53619,53898,62330,71592,77103,49312,61536,40680,56131,9863,19692,6665,7106,17749,21315,19613,23522,22603,31279,29612,36556,27868,35529,33275,45419,8628,17174,516082,286822,72843,42133,149224,45599,9282,106,80
2021-06-03T23:59:59+02:00,72,60,18195,19386,47982,51815,48880,52498,52933,61317,71097,76643,49246,61433,40642,56086,9850,19668,6377,6716,17014,20271,18818,22374,21604,29865,28450,35078,27323,34749,33069,45094,8592,17099,508355,280089,71830,41387,148949,42378,8564,105,78
2021-06-02T23:59:59+02:00,67,56,17826,18884,46967,50835,48021,51754,52192,60568,70848,76431,49209,61397,40623,56058,9842,19654,6195,6476,16365,19590,17908,21624,20773,28926,27355,33676,26857,34145,32910,44844,8563,17029,502099,273818,71813,41372,148928,39686,8289,103,74
2021-06-01T23:59:59+02:00,56,50,17157,18165,45113,49098,46378,50299,50676,59126,70173,75832,49119,61287,40564,55985,9829,19605,5921,6167,15206,18689,16399,20663,19565,27684,26130,32282,26306,33453,32661,44497,8517,16925,492995,267333,70472,40806,148380,36290,6564,101,74
2021-05-31T23:59:59+02:00,54,46,16681,17683,43804,47960,45169,49201,49439,58016,69497,75323,49041,61185,40520,55916,9817,19569,5644,5848,14165,17858,14998,19744,18395,26577,24909,30940,25790,32736,32467,44200,8483,16826,486755,261039,69308,40261,147918,33369,4840,100,73
2021-05-30T23:59:59+02:00,47,45,16357,17292,42827,47026,44265,48296,48446,57021,68939,74778,48934,61030,40449,55802,9802,19526,5456,5605,13616,17159,14374,19050,17509,25610,23807,29768,25020,31786,32173,43781,8438,16737,480782,255070,68273,39462,147508,31070,4220,99,69
2021-05-29T23:59:59+02:00,47,45,16226,17175,42468,46709,43922,48031,48205,56832,68881,74722,48929,61023,40443,55799,9802,19526,5293,5365,13105,16347,13728,18199,16666,24444,22697,28468,24863,31555,32110,43688,8435,16730,478820,249475,68150,39462,147500,28474,4216,99,68
2021-05-28T23:59:59+02:00,46,43,15925,16872,41772,46080,43411,47468,47699,56292,68610,74426,48864,60942,40415,55750,9799,19521,5054,4981,12569,15430,13047,17336,15800,23207,21596,27034,24615,31188,32016,43554,8425,16713,474539,243442,67648,39357,147472,25525,4177,99,66
2021-05-27T23:59:59+02:00,43,39,15406,16352,40624,45100,42391,46584,46712,55407,68025,73993,48742,60782,40361,55678,9788,19480,4829,4645,11927,14603,12261,16397,14731,22015,20336,25526,24110,30447,31844,43292,8392,16631,468711,236093,66134,38553,146751,23466,3812,99,64
2021-05-26T23:59:59+02:00,41,38,14998,15926,39525,44183,41355,45702,45686,54529,67419,73485,48589,60605,40281,55510,9767,19432,4636,4449,11370,13841,11538,15546,13727,20882,18938,23936,23524,29663,31628,42948,8339,16530,463584,228828,64109,37689,145765,21402,3514,99,64
2021-05-25T23:59:59+02:00,41,37,14608,15523,38519,43295,40386,44846,44736,53612,66809,72955,48409,60368,40202,55379,9741,19378,4429,4247,10828,13195,10777,14764,12660,19644,17503,22429,22939,28883,31394,42625,8281,16437,458281,221463,62527,36749,144656,19482,3281,99,62
2021-05-24T23:59:59+02:00,40,36,14266,15200,37689,42556,39513,44172,43873,52828,66280,72471,48285,60192,40137,55256,9721,19334,4286,4120,10380,12732,10136,14176,11775,18810,16214,21168,22268,28049,31177,42295,8222,16347,453664,214550,61296,35809,143919,18866,2871,99,61
2021-05-23T23:59:59+02:00,36,36,14097,15027,37220,42181,39063,43767,43422,52423,66010,72243,48210,60101,40099,55210,9714,19310,4096,3980,9914,12256,9511,13567,10833,17994,15018,20103,21801,27481,30925,42004,8171,16262,450472,207548,60917,35727,143896,17798,2785,99,60
2021-05-22T23:59:59+02:00,34,34,13900,14811,36531,41615,38383,43311,42851,52015,64989,71230,48004,59843,40029,55097,9704,19289,3984,3685,9699,11841,9356,13239,10590,17548,14749,19702,21707,27363,30891,41964,8164,16253,444022,206323,60914,35724,143881,15876,2754,99,60
2021-05-21T23:59:59+02:00,33,33,13521,14409,35458,40697,37321,42379,41786,51119,63634,69945,47775,59506,39949,54949,9687,19256,3878,3589,9492,11575,9145,12974,10261,17220,14336,19331,21486,27077,30830,41874,8155,16245,434416,204374,60560,35418,143645,14882,2738,98,58
2021-05-20T23:59:59+02:00,31,33,12727,13685,34017,39239,35899,40971,40382,49921,62349,68795,47486,59164,39806,54767,9666,19205,3730,3407,8964,10972,8497,12265,9563,16372,13581,18366,20669,25958,30636,41576,8116,16158,424206,200006,58860,34571,142620,11836,2361,96,58
2021-05-19T23:59:59+02:00,31,32,12189,13120,32836,37816,34795,39590,39256,48959,60347,67027,47008,58607,39623,54505,9625,19099,3627,3274,8690,10595,8201,11890,9121,15864,12943,17702,19805,24827,30410,41273,8060,16043,413360,195758,57339,33757,141511,10597,2159,96,56
2021-05-18T23:59:59+02:00,28,32,11766,12677,31793,36797,33701,38674,38213,48025,58291,65170,46653,58158,39468,54265,9593,19040,3429,3111,8191,9988,7729,11344,8578,15195,12258,16932,18863,23595,30173,40929,8023,15938,404701,191660,55379,32915,140318,7795,1852,94,56
2021-05-17T23:59:59+02:00,26,31,11515,12401,31273,36237,33204,38114,37623,47391,56391,63460,45952,57335,39192,53867,9556,18967,3347,3002,7927,9706,7435,11045,8177,14782,11688,16329,17946,22463,29940,40610,7988,15864,397117,187285,54253,32168,139507,7178,1565,93,55
2021-05-16T23:59:59+02:00,26,31,11292,12147,30751,35732,32741,37620,37101,46819,54497,61633,45407,56637,38998,53547,9529,18912,3246,2903,7639,9414,7114,10700,7701,14318,11108,15745,17015,21313,29731,40320,7950,15795,390157,183001,53284,31322,138840,6591,1047,92,53
2021-05-15T23:59:59+02:00,26,31,11137,11943,30473,35399,32503,37299,36870,46555,52926,60154,45157,56331,38921,53409,9523,18884,3225,2885,7614,9385,7099,10679,7682,14304,11091,15723,16905,21097,29522,40012,7942,15785,384345,182009,53280,31321,138794,6540,1030,92,52
2021-05-14T23:59:59+02:00,26,31,10889,11663,30002,34889,32122,36835,36357,46081,51055,58323,44796,55829,38781,53202,9507,18844,3198,2866,7543,9311,7043,10607,7623,14243,10907,15523,16173,20029,29236,39526,7925,15745,376544,179087,52951,30981,138665,6400,980,92,52
2021-05-13T23:59:59+02:00,23,30,10605,11338,29354,34247,31522,36229,35684,45414,49584,56806,44367,55203,38610,52958,9480,18798,3130,2820,7416,9209,6956,10513,7519,14134,10581,15175,15114,18791,28850,38882,7882,15671,369450,175283,51933,30417,137910,6025,869,90,51
2021-05-12T23:59:59+02:00,23,28,10476,11195,29071,33925,31254,35936,35372,45099,49300,56498,44270,55098,38559,52880,9473,18760,3118,2794,7382,9172,6925,10478,7488,14095,10412,15019,14741,18358,28546,38399,7860,15624,366780,173228,51850,30407,137752,5980,746,89,51
2021-05-11T23:59:59+02:00,22,25,10130,10871,28217,33099,30423,35181,34510,44316,47565,54727,43815,54503,38385,52590,9435,18657,3031,2695,7137,8891,6699,10177,7273,13725,9931,14472,13759,17209,28131,37780,7822,15529,359862,169547,50145,29515,135855,4629,520,89,51
2021-05-10T23:59:59+02:00,21,25,9824,10594,27470,32397,29643,34478,33739,43546,46259,53461,43433,53993,38198,52285,9385,18544,2989,2649,7008,8766,6603,10057,7133,13543,9665,14165,13062,16348,27702,37169,7796,15448,353606,166725,49028,29132,134166,3790,409,86,48
2021-05-09T23:59:59+02:00,20,25,9590,10347,26788,31710,28974,33778,33016,42849,44733,51985,42931,53374,37998,51983,9348,18459,2941,2603,6885,8622,6496,9914,7019,13330,9349,13854,12264,15447,27338,36632,7776,15392,346516,163870,47953,28574,133035,3049,322,82,48
2021-05-08T23:59:59+02:00,20,25,9497,10280,26403,31409,28528,33464,32561,42545,43701,51156,42779,53211,37958,51921,9346,18453,2938,2599,6877,8617,6490,9906,7011,13318,9339,13842,12226,15385,26660,35683,7739,15316,341999,162000,47911,28547,132949,3036,316,82,48
2021-05-07T23:59:59+02:00,19,25,9355,10132,25931,31028,28076,33089,32055,42195,42660,50331,42507,52871,37847,51761,9334,18426,2891,2573,6824,8574,6434,9851,6960,13266,9166,13620,11594,14572,25718,34296,7691,15234,336869,157902,47604,28175,132791,2842,298,80,48
2021-05-06T23:59:59+02:00,17,24,8955,9843,25013,30259,27011,32282,30826,41375,41044,49117,42126,52323,37654,51518,9296,18353,2827,2527,6691,8427,6317,9722,6812,13078,8893,13321,10945,13708,24752,32913,7657,15173,329008,154109,46528,27221,131136,2101,285,79,48
2021-05-05T23:59:59+02:00,17,23,8589,9643,24129,29660,26147,31618,29738,40583,39063,47301,41681,51772,37447,51237,9239,18241,2786,2496,6572,8298,6214,9608,6710,12937,8646,13063,10235,12878,23738,31589,7628,15102,321153,150222,45676,26332,129020,1701,200,79,46
2021-05-04T23:59:59+02:00,17,22,8346,9416,23332,29011,25173,30878,28666,39747,37550,45835,41213,51189,37170,50889,9192,18120,2747,2474,6498,8226,6131,9541,6636,12854,8409,12843,9504,12022,22792,30345,7594,15039,314501,146494,44709,25526,126382,1496,95,79,45
2021-05-03T23:59:59+02:00,17,21,8143,9202,22632,28431,24333,30272,27758,39049,36591,45084,40865,50716,36955,50600,9142,18016,2702,2441,6427,8149,6050,9476,6546,12770,8181,12630,8760,11123,21876,29129,7563,14989,309632,142752,43932,24706,124130,1256,55,78,44
2021-05-02T23:59:59+02:00,17,21,7979,9037,21992,27852,23593,29681,26938,38426,35777,44448,40607,50387,36843,50414,9108,17959,2664,2418,6385,8107,6013,9441,6506,12729,7999,12457,8160,10385,21167,28261,7542,14971,304802,139565,43162,24430,122991,1121,47,77,43
2021-05-01T23:59:59+02:00,16,21,7826,8854,21619,27393,23111,29106,26294,37711,34953,43552,40344,50011,36745,50262,9102,17942,2658,2412,6359,8097,5998,9432,6488,12716,7982,12441,8123,10321,21128,28204,7538,14967,298691,139274,43161,24423,122886,1078,47,77,43
2021-04-30T23:59:59+02:00,16,20,7678,8676,21231,26963,22664,28536,25544,36933,33943,42586,40114,49691,36649,50108,9090,17921,2640,2399,6334,8079,5976,9415,6461,12696,7950,12407,8083,10251,21077,28121,7535,14958,292389,138962,43154,24350,122703,987,41,76,43
2021-04-29T23:59:59+02:00,15,20,7409,8436,20637,26386,21993,27852,24612,35968,32667,41251,39069,48289,36332,49632,9033,17793,2608,2365,6242,7969,5891,9313,6367,12554,7746,12131,7459,9526,20670,27605,7513,14884,283641,136898,42372,23120,121269,744,41,71,41
2021-04-28T23:59:59+02:00,14,18,7134,8218,20115,25913,21354,27252,23726,35121,31270,39799,37908,46700,35990,49140,8970,17651,2538,2317,6133,7847,5781,9182,6265,12404,7527,11860,6769,8681,20254,27030,7472,14813,274956,134448,41599,21825,119631,519,41,66,41
2021-04-27T23:59:59+02:00,13,18,6950,8040,19680,25488,20732,26715,22869,34341,30053,38473,36819,45256,35607,48569,8900,17524,2512,2292,6030,7750,5728,9083,6199,12280,7312,11661,6167,7942,19848,26532,7452,14790,267126,132347,40736,20879,118078,271,41,66,41
2021-04-26T23:59:59+02:00,12,18,6768,7875,19260,25064,20187,26187,22062,33584,28834,37235,35759,43834,35301,48084,8850,17400,2500,2282,5986,7707,5683,9043,6162,12236,7126,11496,5553,7209,19476,26084,7428,14763,259424,130381,39910,20035,116877,240,38,65,41
2021-04-25T23:59:59+02:00,12,17,6663,7741,18922,24793,19806,25847,21449,32964,27848,36279,34628,42402,34986,47654,8808,17318,2488,2275,5968,7683,5664,9026,6141,12211,7089,11469,5426,7028,19141,25620,7412,14719,252224,129760,39196,19294,116616,230,37,64,40
2021-04-24T23:59:59+02:00,12,17,6499,7565,18478,24360,19247,25309,20665,32162,26766,35230,34376,42088,34892,47489,8798,17306,2484,2269,5955,7673,5654,9015,6136,12207,7079,11462,5353,6917,19043,25479,7409,14711,246256,129305,39191,19254,115711,212,37,64,39
2021-04-23T23:59:59+02:00,12,17,6276,7364,18029,23884,18677,24697,19839,31345,25606,34034,33599,40914,34749,47254,8784,17283,2478,2251,5928,7649,5617,8976,6091,12162,7033,11409,5187,6640,18504,24852,7309,14542,238675,127459,38864,18906,114724,190,37,63,37
2021-04-22T23:59:59+02:00,11,16,6061,7156,17423,23295,17884,23914,18789,30320,24285,32601,32557,39560,34505,46900,8746,17205,2464,2236,5884,7595,5567,8892,6015,12084,6958,11338,4903,6220,17790,23976,7190,14348,229634,125291,37945,17941,113552,156,37,60,36
2021-04-21T23:59:59+02:00,11,15,5862,6975,16892,22824,17223,23310,17802,29422,22730,31009,31552,38326,34208,46462,8697,17117,2440,2219,5841,7540,5509,8817,5949,11984,6863,11258,4743,5946,17092,23126,7074,14166,220748,123200,37174,17171,112420,124,37,58,36
2021-04-20T23:59:59+02:00,10,14,5679,6779,16336,22348,16480,22651,16806,28420,21262,29539,30403,36835,33893,46022,8645,17022,2427,2204,5791,7502,5468,8772,5901,11918,6784,11193,4624,5789,16491,22352,6947,13986,211740,121510,36293,16455,111017,116,36,58,33
2021-04-19T23:59:59+02:00,10,14,5492,6622,15800,21917,15802,22091,15813,27542,19869,28136,29026,35196,33576,45543,8587,16904,2416,2189,5767,7469,5431,8738,5862,11871,6703,11117,4498,5628,15842,21641,6839,13824,203028,119865,35514,15789,109307,113,36,55,33
2021-04-18T23:59:59+02:00,9,14,5304,6481,15365,21593,15183,21529,14841,26753,18529,26998,27640,33545,33245,45121,8528,16815,2365,2143,5635,7347,5316,8624,5755,11720,6597,10997,4381,5440,15248,20973,6724,13642,194484,118213,34684,14518,108234,109,36,55,32
2021-04-17T23:59:59+02:00,9,13,5268,6446,15211,21517,15008,21444,14606,26574,18275,26777,27133,33002,33119,44973,8519,16800,2338,2103,5535,7193,5208,8465,5655,11532,6508,10864,4329,5377,15007,20679,6714,13629,193267,116454,34679,14514,106657,101,36,55,32
2021-04-16T23:59:59+02:00,9,13,5205,6392,15035,21367,14795,21284,14324,26327,17859,26366,26089,31771,32986,44764,8498,16777,2292,2053,5419,7004,5071,8281,5501,11289,6311,10641,4121,5142,14359,19884,6616,13484,189923,113196,34391,14112,105456,93,36,55,32
2021-04-15T23:59:59+02:00,7,12,5136,6315,14820,21154,14525,20994,13895,25976,17222,25734,24726,30162,32729,44441,8462,16697,2222,1969,5223,6766,4868,7960,5294,10972,6095,10356,3922,4891,13528,18800,6501,13317,185360,109367,33583,13167,103974,83,36,54,32
2021-04-14T23:59:59+02:00,7,12,5057,6244,14615,20952,14270,20770,13506,25642,16556,25115,23149,28375,32418,44038,8410,16603,2032,1849,5005,6503,4679,7709,5066,10722,5859,10071,3785,4680,12799,17882,6373,13103,180756,106264,32709,11710,102184,76,36,54,32
2021-04-13T23:59:59+02:00,7,12,5005,6196,14412,20820,14035,20590,13165,25346,15986,24612,21445,26529,32102,43623,8380,16497,1946,1796,4838,6314,4494,7488,4864,10466,5654,9834,3648,4514,12282,17266,6250,12942,176536,103870,31835,10593,100302,66,36,53,32
2021-04-12T23:59:59+02:00,7,11,4941,6130,14195,20622,13730,20326,12779,24930,15406,24059,19850,24586,31812,43262,8338,16423,1816,1706,4655,6154,4344,7312,4701,10273,5517,9675,3529,4359,11849,16754,6139,12779,172168,102180,30781,9253,98369,64,36,53,30
2021-04-11T23:59:59+02:00,7,11,4873,6055,13971,20423,13434,20114,12363,24580,14844,23550,18341,22812,31552,42919,8294,16343,1778,1670,4535,6041,4233,7188,4578,10142,5382,9543,3414,4239,11357,16144,6008,12572,167885,100428,29821,8274,96694,62,34,52,27
2021-04-10T23:59:59+02:00,7,11,4868,6047,13952,20409,13425,20103,12346,24562,14820,23530,17651,21890,31261,42501,8276,16316,1774,1658,4523,6030,4218,7174,4565,10128,5329,9477,3311,4126,10800,15309,5879,12374,166814,98283,29794,8274,95283,60,32,52,27
2021-04-09T23:59:59+02:00,7,11,4855,6030,13915,20359,13381,20055,12299,24508,14561,23276,16131,20001,30856,41855,8242,16273,1750,1647,4500,6013,4192,7147,4523,10093,5290,9428,3226,4007,9933,14320,5730,12176,164198,95838,29451,8026,92886,58,30,50,24
2021-04-08T23:59:59+02:00,7,11,4812,6002,13814,20284,13300,19975,12199,24404,14225,22915,14363,17789,30239,40846,8184,16152,1729,1634,4468,5960,4140,7062,4459,10012,5218,9351,3118,3903,9455,13716,5526,11931,160369,93991,28422,7589,90660,57,22,48,24
2021-04-07T23:59:59+02:00,7,11,4781,5973,13709,20201,13204,19889,12095,24302,13842,22555,12853,15936,29594,39873,8129,16054,1710,1622,4415,5893,4054,6988,4370,9928,5128,9251,3030,3808,8707,12622,5288,11525,155950,91434,27545,6815,89446,47,20,47,24
2021-04-06T23:59:59+02:00,7,11,4752,5947,13610,20134,13122,19828,12019,24237,13466,22204,11219,13926,28931,38903,8097,15983,1649,1568,4285,5765,3945,6864,4251,9778,5025,9122,2914,3686,8001,11691,5016,11160,151933,89046,26663,5589,87736,45,18,46,23
2021-04-05T23:59:59+02:00,7,10,4714,5919,13533,20067,13055,19760,11964,24157,13193,21952,9609,11978,28203,37851,8062,15921,1578,1499,4130,5615,3777,6708,4096,9629,4870,8993,2782,3569,7191,10729,4745,10771,148735,86674,25648,3927,85509,42,17,46,23
2021-04-04T23:59:59+02:00,7,10,4700,5902,13522,20047,13047,19742,11956,24136,13096,21882,8586,10718,27756,37211,8037,15864,1576,1496,4122,5609,3775,6703,4091,9624,4868,8985,2777,3560,6955,10263,4661,10646,147010,85714,25644,3927,83505,36,14,46,21
2021-04-03T23:59:59+02:00,7,10,4697,5892,13505,20027,13036,19732,11946,24126,13082,21864,7682,9650,26873,35969,7988,15752,1572,1492,4120,5604,3773,6700,4083,9612,4854,8972,2770,3547,6817,10000,4622,10565,144533,85107,25636,3927,81611,36,13,45,21
2021-04-02T23:59:59+02:00,7,10,4692,5874,13468,20001,12996,19689,11902,24078,13008,21796,7169,8901,25287,33869,7842,15483,1563,1476,4093,5580,3747,6659,4047,9551,4731,8684,2642,3392,6442,9604,4473,10363,140077,83280,25298,3700,80642,36,11,44,21
2021-04-01T23:59:59+02:00,6,9,4644,5815,13375,19856,12879,19538,11752,23922,12410,21348,6607,8196,23782,31897,7716,15246,1497,1430,3983,5455,3680,6588,3979,9485,4653,8580,2547,3250,5927,8918,4303,10088,135888,81008,24160,3295,78899,31,10,41,20
2021-03-31T23:59:59+02:00,6,9,4593,5760,13250,19703,12747,19383,11563,23743,12149,21088,6287,7825,22306,29947,7566,15017,1484,1419,3958,5431,3648,6560,3939,9438,4614,8527,2484,3175,5443,8270,4129,9848,131959,79236,23074,3076,77861,30,7,41,19
2021-03-30T23:59:59+02:00,6,9,4529,5695,13111,19553,12634,19208,11432,23578,11979,20949,6097,7608,20919,28219,7422,14814,1467,1383,3917,5398,3584,6490,3851,9325,4483,8356,2349,2970,5023,7714,3986,9592,128601,77014,22148,2834,76970,18,4,39,19
2021-03-29T23:59:59+02:00,6,9,4489,5657,12991,19460,12567,19124,11350,23476,11830,20814,5939,7409,19502,26539,7294,14613,1408,1342,3862,5353,3510,6420,3733,9181,4333,8165,2227,2829,4459,7045,3832,9316,125024,74356,21283,2622,76720,17,3,39,18
2021-03-28T23:59:59+02:00,6,9,4442,5592,12870,19322,12481,19030,11248,23379,11724,20712,5787,7204,18324,25033,7175,14418,1375,1298,3764,5245,3315,6194,3646,9064,4283,8109,2173,2765,3700,6023,3647,9048,122028,71298,20493,2323,76194,9,3,38,17
2021-03-27T23:59:59+01:00,6,9,4410,5541,12763,19157,12363,18865,11134,23174,11615,20562,5721,7121,18038,24687,7164,14403,1369,1295,3759,5241,3312,6187,3360,8714,4085,7811,2167,2762,3686,5989,3613,8986,120189,69989,20453,2323,76050,5,3,38,17
2021-03-26T23:59:59+01:00,6,8,4374,5488,12652,18965,12229,18663,10980,22944,11454,20351,5558,6907,17433,23892,7064,14253,1367,1294,3754,5234,3289,6169,3341,8694,3871,7361,1990,2356,3422,5704,3462,8752,117087,67722,20114,2316,75980,4,2,38,17
2021-03-25T23:59:59+01:00,6,8,4306,5400,12454,18725,12024,18334,10768,22616,11213,20024,5345,6622,16404,22585,6936,14064,1358,1284,3733,5208,3255,6141,3289,8657,3825,7317,1918,2243,2988,5021,3304,8446,113106,65752,19042,2215,75646,2,2,38,17
2021-03-24T23:59:59+01:00,6,8,4226,5289,12238,18271,11804,17920,10546,22224,10979,19651,5076,6275,15363,21368,6796,13840,1335,1271,3709,5162,3219,6077,3234,8587,3771,7244,1865,2184,2681,4687,3152,8170,109995,64357,17949,1972,73896,2,2,38,16
2021-03-23T23:59:59+01:00,6,8,4170,5224,12071,17927,11604,17566,10352,21858,10755,19362,4942,6078,14723,20553,6656,13667,1320,1265,3694,5143,3198,6059,3209,8536,3734,7201,1830,2125,2452,4417,2943,7848,107637,63025,17223,1930,72622,2,2,38,16
2021-03-22T23:59:59+01:00,6,8,4121,5146,11872,17593,11415,17238,10126,21530,10540,19056,4790,5871,14104,19838,6523,13481,1307,1256,3666,5110,3166,6022,3180,8480,3697,7156,1786,2069,2253,4166,2748,7515,105773,61768,16505,1790,70941,2,2,37,16
2021-03-21T23:59:59+01:00,6,8,4047,5023,11589,17182,11134,16831,9855,21075,10283,18701,4676,5699,13407,19047,6382,13273,1299,1255,3649,5094,3144,5989,3157,8450,3677,7134,1767,2042,2087,4004,2576,7247,103892,60768,15205,1785,69082,2,2,37,15
2021-03-20T23:59:59+01:00,5,8,4017,4954,11446,16847,11009,16513,9713,20772,10106,18417,4549,5539,12776,18097,6244,13057,1298,1254,3649,5092,3141,5988,3154,8444,3672,7129,1763,2037,2055,3942,2553,7206,101695,60574,15200,1785,67135,2,2,37,15
2021-03-19T23:59:59+01:00,5,7,3973,4873,11278,16485,10827,16158,9537,20392,9889,18056,4389,5344,11753,16886,6083,12846,1289,1247,3631,5063,3111,5911,3109,8350,3570,6954,1636,1924,1980,3877,2441,6998,98995,59292,14789,1781,64962,2,2,33,15
2021-03-18T23:59:59+01:00,5,7,3886,4770,11032,16059,10558,15713,9258,19923,9666,17713,4245,5178,11129,16018,5855,12579,1285,1236,3614,5028,3091,5867,3087,8294,3543,6907,1617,1891,1941,3807,2318,6788,97195,58606,13781,1690,62583,2,2,33,15
2021-03-17T23:59:59+01:00,5,7,3715,4655,10737,15639,10292,15353,9015,19561,9415,17365,4126,5011,10315,14775,5593,12156,1284,1233,3600,5010,3085,5847,3077,8260,3525,6883,1616,1867,1917,3778,2208,6601,94548,58097,12238,1676,60914,2,2,33,15
2021-03-16T23:59:59+01:00,5,7,3572,4530,10398,15174,10019,14983,8739,19117,9118,17001,3983,4845,9498,13651,5312,11797,1270,1230,3596,5003,3074,5843,3071,8249,3518,6869,1592,1842,1878,3727,2088,6422,92215,57658,11047,1596,58453,2,2,32,15
2021-03-15T23:59:59+01:00,5,7,3423,4414,10082,14706,9727,14524,8442,18643,8830,16588,3836,4675,8790,12586,5088,11476,1260,1222,3576,4991,3062,5819,3050,8210,3498,6826,1577,1829,1861,3693,1972,6236,90251,57070,9683,1595,55877,2,1,30,15
2021-03-14T23:59:59+01:00,5,7,3352,4325,9816,14271,9472,14120,8124,18151,8550,16193,3673,4489,7989,11351,4780,11021,1246,1216,3555,4973,3041,5777,3028,8130,3470,6758,1551,1778,1801,3566,1807,5847,87942,56542,8664,986,53056,2,0,27,15
2021-03-13T23:59:59+01:00,5,7,3273,4068,9502,13598,9224,13536,7897,17571,8343,15756,3561,4385,7798,11057,4732,10933,1246,1216,3555,4973,3041,5777,3027,8129,3469,6756,1547,1777,1799,3562,1806,5846,87286,56524,8664,986,49269,2,0,27,15
2021-03-12T23:59:59+01:00,5,7,3212,3931,9255,13058,8986,13006,7664,16935,7986,15004,3398,4215,7414,10649,4594,10744,1242,1213,3550,4959,3038,5774,3020,8121,3465,6750,1520,1748,1778,3544,1706,5668,85511,56095,8418,985,46107,2,0,27,15
2021-03-11T23:59:59+01:00,5,7,3061,3663,8878,12298,8682,12330,7331,16150,7644,14359,3240,4012,6858,9930,4404,10432,1223,1203,3517,4915,2995,5697,2985,7997,3414,6652,1475,1694,1699,3344,1508,5154,83058,55351,7972,108,42228,1,0,26,13
2021-03-10T23:59:59+01:00,5,7,2996,3556,8378,11787,8000,11847,7010,15659,7343,13768,3080,3855,6299,9232,4233,10157,1212,1189,3487,4857,2964,5621,2949,7857,3360,6530,1437,1654,1640,3248,1392,4875,81236,54175,7421,85,38530,0,0,25,13
2021-03-09T23:59:59+01:00,5,6,2891,3380,7694,11334,7102,11359,6591,15045,6978,13160,2850,3554,5791,8601,4077,9881,1207,1185,3465,4810,2936,5555,2932,7804,3342,6484,1422,1630,1605,3205,1287,4677,78941,53485,6062,51,35271,0,0,25,11
2021-03-08T23:59:59+01:00,5,6,2718,3144,7052,10788,6286,10880,6190,14516,6583,12592,2639,3343,5187,7862,3931,9613,1200,1179,3444,4744,2911,5479,2893,7709,3310,6408,1415,1621,1602,3197,1282,4674,76113,53009,4923,49,32275,0,0,24,11
2021-03-07T23:59:59+01:00,5,6,2606,3011,6721,10287,5875,10338,5894,14066,6343,12203,2541,3251,4422,6798,3714,9330,1197,1176,3441,4739,2906,5467,2889,7692,3302,6395,1410,1608,1581,3157,1267,4633,72858,52803,4092,47,30438,0,0,23,11
2021-03-06T23:59:59+01:00,5,5,2561,2869,6537,9833,5675,9921,5418,13210,5968,11463,2520,3224,4416,6787,3713,9327,1197,1175,3438,4734,2904,5466,2888,7691,3301,6392,1408,1605,1581,3155,1266,4633,71629,52777,4092,47,27708,0,0,23,11
2021-03-05T23:59:59+01:00,5,5,2469,2614,6324,9249,5461,9523,5241,12642,5583,10484,2294,2759,4037,6405,3574,9111,1185,1172,3420,4718,2899,5453,2880,7672,3289,6373,1394,1597,1580,3151,1261,4629,69297,52618,3859,47,24601,0,0,23,9
2021-03-04T23:59:59+01:00,5,5,2393,2409,6109,8813,5298,9180,5059,12221,5408,10106,2202,2589,3483,5580,3408,8773,1174,1157,3377,4619,2866,5386,2848,7574,3256,6298,1374,1590,1566,3137,1252,4618,67247,52040,3418,46,22353,0,0,23,7
2021-03-03T23:59:59+01:00,4,5,2335,2357,5939,8397,5127,8817,4845,11769,5218,9660,2120,2481,3079,5142,3249,8478,1154,1149,3342,4571,2829,5321,2808,7475,3208,6224,1354,1565,1547,3106,1246,4601,65817,51452,3174,43,20009,0,0,22,6
2021-03-02T23:59:59+01:00,4,5,2281,2269,5777,8062,4969,8561,4681,11367,5057,9341,2054,2390,2774,4785,3032,8156,1149,1140,3324,4550,2814,5295,2791,7426,3200,6196,1349,1554,1529,3087,1243,4595,64464,51194,2913,43,18166,0,0,22,6
2021-03-01T23:59:59+01:00,4,5,2255,2242,5673,7846,4869,8414,4597,11215,4955,9167,1999,2313,2478,4462,2844,7840,1143,1137,3310,4532,2802,5266,2775,7380,3186,6168,1343,1551,1522,3078,1240,4591,63197,50976,2692,43,17267,0,0,22,6
2021-02-28T23:59:59+01:00,3,5,2203,2199,5493,7585,4693,8193,4460,11029,4846,9040,1961,2250,2183,4160,2641,7531,1134,1131,3295,4522,2795,5259,2769,7366,3179,6154,1338,1548,1515,3061,1239,4559,62085,50817,2390,43,15978,0,0,22,5
2021-02-27T23:59:59+01:00,3,5,2116,1890,5317,7159,4594,7881,4377,10680,4774,8789,1933,2189,2153,4113,2621,7477,1130,1127,3293,4520,2790,5257,2765,7363,3174,6150,1336,1548,1515,3060,1238,4558,61847,50780,2390,40,13812,0,0,22,5
2021-02-26T23:59:59+01:00,3,5,2059,1812,5170,6919,4447,7621,4227,10414,4565,8506,1804,2081,2092,4074,2514,7297,1109,1114,3276,4486,2778,5217,2751,7310,3152,6096,1330,1537,1511,3052,1237,4556,60517,50469,2384,39,12687,0,0,22,5
2021-02-25T23:59:59+01:00,3,5,1942,1712,4844,6516,4018,7160,3941,9898,4330,8123,1746,2023,2059,4013,2404,7103,1093,1098,3239,4443,2747,5165,2705,7203,3112,6003,1320,1521,1495,3012,1224,4497,60041,49837,2277,37,9500,0,0,22,4
2021-02-24T23:59:59+01:00,3,5,1913,1652,4727,6302,3913,6945,3819,9655,4205,7963,1724,1991,2027,3971,2292,6905,1080,1093,3212,4381,2711,5099,2680,7119,3083,5932,1304,1504,1470,2964,1212,4428,59494,49243,2031,26,8465,0,0,22,4
2021-02-23T23:59:59+01:00,3,5,1689,1505,4353,5812,3632,6552,3597,9276,4050,7677,1695,1959,1983,3924,2179,6721,1061,1081,3174,4353,2683,5041,2654,7043,3048,5873,1284,1484,1443,2929,1202,4378,59039,48717,1984,12,5568,0,0,21,3
2021-02-22T23:59:59+01:00,3,5,1680,1486,4302,5753,3596,6489,3532,9182,3989,7582,1663,1932,1957,3872,2061,6524,1057,1068,3153,4308,2663,5002,2629,6983,3019,5820,1272,1470,1434,2919,1194,4369,58495,48351,1842,7,5250,0,0,21,3
2021-02-21T23:59:59+01:00,3,5,1668,1482,4272,5719,3553,6451,3491,9128,3945,7532,1654,1925,1952,3863,1941,6361,1051,1057,3132,4270,2634,4952,2614,6914,2990,5732,1258,1454,1414,2859,1170,4292,58152,47784,1836,7,4937,0,0,20,3
2021-02-20T23:59:59+01:00,3,5,1667,1481,4267,5716,3551,6450,3491,9126,3944,7531,1649,1923,1950,3859,1940,6361,1051,1057,3130,4268,2634,4952,2613,6913,2990,5732,1258,1453,1413,2859,1170,4292,58136,47776,1836,7,4922,0,0,20,3
2021-02-19T23:59:59+01:00,3,5,1649,1474,4254,5696,3540,6436,3480,9116,3934,7516,1623,1894,1929,3841,1840,6181,1050,1056,3129,4267,2633,4951,2613,6911,2987,5730,1258,1452,1413,2858,1170,4292,57717,47761,1831,7,4845,0,0,18,3
2021-02-18T23:59:59+01:00,3,5,1605,1443,4158,5585,3469,6334,3392,8952,3848,7376,1601,1859,1895,3772,1710,5984,1004,1013,2989,4042,2507,4679,2502,6573,2880,5465,1227,1409,1381,2772,1144,4142,57074,45721,1741,7,4158,0,0,18,2
2021-02-17T23:59:59+01:00,3,4,1583,1414,4062,5435,3384,6184,3274,8717,3721,7175,1549,1790,1822,3671,1593,5679,947,963,2836,3819,2390,4366,2375,6162,2751,5153,1177,1349,1335,2665,1097,3980,55865,43356,1730,7,3447,0,0,18,2
2021-02-16T23:59:59+01:00,3,4,1509,1347,3902,5237,3247,6002,3166,8485,3599,7009,1525,1765,1787,3641,1480,5472,861,931,2705,3661,2291,4155,2249,5840,2620,4899,1121,1257,1190,2364,843,3368,55177,40349,1713,4,2274,0,0,16,2
2021-02-15T23:59:59+01:00,3,4,1494,1329,3856,5151,3188,5915,3109,8370,3532,6903,1514,1751,1772,3618,1472,5452,826,909,2624,3532,2215,3975,2165,5562,2532,4686,1078,1193,1104,2190,779,3153,54712,38520,1711,2,1994,0,0,16,1
2021-02-14T23:59:59+01:00,3,4,1427,1301,3771,5074,3145,5806,3053,8216,3488,6794,1494,1720,1720,3491,1417,5205,817,903,2575,3464,2176,3907,2111,5442,2465,4579,1051,1157,1019,2018,708,2918,54469,37307,1100,2,1544,0,0,16,1
2021-02-13T23:59:59+01:00,3,4,1425,1300,3763,5068,3138,5805,3050,8214,3485,6792,1493,1716,1720,3489,1415,5205,817,903,2575,3464,2176,3906,2109,5441,2464,4579,1049,1156,1019,2018,708,2918,54449,37302,1099,0,1521,0,0,16,0
2021-02-12T23:59:59+01:00,3,3,1392,1284,3725,5034,3116,5785,3028,8181,3466,6747,1477,1705,1710,3472,1406,5186,810,895,2542,3410,2142,3861,2079,5387,2446,4548,1048,1155,1018,2017,707,2916,54222,36981,1097,0,1386,0,0,15,0
2021-02-11T23:59:59+01:00,3,3,1345,1241,3611,4863,3025,5613,2930,7869,3366,6535,1416,1644,1643,3294,1322,4860,773,832,2287,2965,1916,3383,1847,4642,2175,4019,964,1085,932,1825,658,2647,53592,32950,131,0,849,0,0,11,0
2021-02-10T23:59:59+01:00,3,3,1325,1218,3552,4753,2959,5509,2888,7719,3312,6404,1399,1627,1616,3255,1309,4823,696,775,1995,2556,1706,2933,1608,4033,1918,3557,854,938,769,1453,530,2157,52945,28478,129,0,590,0,0,10,0
2021-02-09T23:59:59+01:00,3,2,1312,1200,3497,4683,2929,5440,2868,7625,3275,6336,1392,1613,1588,3232,1299,4810,648,697,1734,2200,1512,2544,1423,3532,1746,3192,822,904,746,1381,509,2044,52635,25634,124,0,335,0,0,10,0
2021-02-08T23:59:59+01:00,3,2,1298,1196,3468,4653,2909,5402,2847,7573,3256,6306,1382,1606,1579,3206,1297,4792,635,663,1583,1963,1371,2290,1289,3224,1586,2932,783,883,698,1275,477,1875,52335,23527,98,0,332,0,0,10,0
2021-02-07T23:59:59+01:00,3,2,1166,1153,3361,4598,2855,5360,2820,7534,3231,6267,1372,1590,1571,3183,1292,4760,488,517,1314,1608,1129,1839,1080,2633,1358,2411,677,756,616,1116,432,1659,52041,19633,70,0,0,0,0,7,0
2021-02-06T23:59:59+01:00,3,2,1162,1151,3359,4596,2851,5357,2813,7531,3227,6263,1370,1588,1570,3180,1291,4759,364,368,1114,1356,992,1535,936,2219,1192,1992,588,654,588,1099,429,1656,51996,17082,70,0,0,0,0,7,0
2021-02-05T23:59:59+01:00,3,1,1151,1140,3343,4575,2844,5330,2802,7486,3208,6217,1364,1580,1567,3173,1290,4759,262,206,929,1038,843,1163,760,1766,1014,1583,471,548,561,1079,426,1652,51756,14301,70,0,0,0,0,7,0
2021-02-04T23:59:59+01:00,3,1,1135,1122,3298,4527,2803,5254,2759,7355,3160,6133,1351,1565,1553,3142,1280,4732,134,81,624,664,552,740,518,1153,672,989,289,365,461,933,388,1501,51119,10064,47,0,0,0,0,7,0
2021-02-03T23:59:59+01:00,3,1,1113,1116,3272,4482,2774,5211,2738,7303,3130,6076,1342,1556,1529,3102,1275,4687,116,65,496,513,421,597,416,911,514,744,240,285,361,732,304,1170,50658,7885,45,0,0,0,0,7,0
2021-02-02T23:59:59+01:00,3,1,1092,1103,3234,4451,2744,5157,2712,7228,3096,6012,1319,1528,1495,3045,1250,4598,106,56,412,415,349,519,367,822,461,662,219,262,316,662,279,1049,50017,6956,44,0,0,0,0,7,0
2021-02-01T23:59:59+01:00,3,1,1076,1092,3214,4399,2713,5096,2680,7101,3066,5915,1299,1500,1471,3009,1234,4535,79,41,314,310,257,394,274,613,327,497,181,214,250,525,217,818,49354,5311,44,0,0,0,0,6,0
2021-01-31T23:59:59+01:00,3,1,1071,1082,3199,4370,2689,5052,2665,7045,3052,5871,1288,1483,1451,2945,1211,4457,69,40,288,286,231,347,253,571,297,458,162,196,210,429,176,662,48885,4675,44,0,0,0,0,6,0
2021-01-30T23:59:59+01:00,3,1,1070,1082,3196,4366,2688,5052,2664,7044,3052,5870,1288,1482,1450,2945,1211,4457,69,37,281,272,218,331,248,560,293,452,161,193,209,429,176,662,48874,4591,41,0,0,0,0,6,0
2021-01-29T23:59:59+01:00,3,1,1069,1081,3195,4362,2688,5050,2664,7042,3049,5868,1288,1482,1450,2944,1211,4457,65,33,263,258,195,311,232,543,282,444,155,189,205,423,175,660,48857,4433,41,0,0,0,0,6,0
2021-01-28T23:59:59+01:00,3,1,1049,1062,3128,4257,2634,4939,2606,6886,2982,5737,1274,1460,1435,2878,1189,4337,55,18,166,154,129,187,162,358,207,281,124,146,159,264,102,383,47815,2895,38,0,0,0,0,4,0
2021-01-27T23:59:59+01:00,3,1,1004,1024,3042,4113,2553,4759,2511,6604,2898,5537,1243,1418,1399,2789,1156,4197,26,7,100,71,58,92,83,209,117,147,94,114,115,195,77,275,46219,1780,28,0,0,0,0,4,0
2021-01-26T23:59:59+01:00,2,1,927,994,2926,3978,2474,4574,2429,6424,2827,5381,1217,1368,1308,2635,942,3798,26,7,95,70,57,91,81,209,115,146,92,113,115,195,77,275,44184,1764,17,0,0,0,0,4,0
2021-01-25T23:59:59+01:00,2,1,911,977,2847,3849,2428,4426,2369,6227,2768,5230,1199,1346,1294,2610,932,3765,26,7,94,70,55,91,81,209,115,144,92,113,115,195,77,275,43166,1759,12,0,0,0,0,3,0
2021-01-24T23:59:59+01:00,2,1,901,973,2827,3834,2418,4394,2343,6188,2735,5169,1186,1340,1285,2588,919,3731,26,7,94,70,55,91,81,209,114,144,91,113,115,195,77,275,42822,1757,9,0,0,0,0,3,0
2021-01-23T23:59:59+01:00,2,1,901,973,2827,3833,2418,4394,2342,6187,2734,5169,1184,1339,1285,2588,919,3731,26,7,94,70,55,91,81,209,114,144,91,113,115,195,77,273,42817,1755,8,0,0,0,0,2,0
2021-01-22T23:59:59+01:00,2,1,895,966,2795,3787,2384,4329,2311,6112,2713,5122,1182,1337,1284,2586,918,3728,26,7,94,70,55,91,81,209,114,144,91,113,115,195,77,273,42444,1755,8,0,0,0,0,0,0
2021-01-21T23:59:59+01:00,2,1,880,898,2537,3371,2183,3911,2131,5503,2489,4636,1131,1291,1240,2465,888,3576,22,7,83,64,51,74,68,169,94,133,81,98,98,145,65,212,39125,1464,8,0,0,0,0,0,0
2021-01-20T23:59:59+01:00,2,1,805,836,2225,2965,1976,3444,1899,4894,2233,4159,1019,1151,1082,2119,775,3113,22,7,83,64,51,73,68,169,93,133,81,98,98,145,64,212,34690,1461,8,0,0,0,0,0,0
2021-01-19T23:59:59+01:00,2,1,745,758,1934,2518,1733,2982,1663,4235,1990,3687,946,1056,962,1845,678,2764,11,3,50,45,32,45,35,100,44,77,36,37,48,77,39,137,30492,816,7,0,0,0,0,0,0
2021-01-18T23:59:59+01:00,2,1,675,702,1705,2119,1495,2506,1415,3549,1734,3181,864,970,864,1641,626,2498,5,2,19,11,13,20,17,54,17,33,19,22,25,53,28,75,26543,413,4,0,0,0,0,0,0
2021-01-17T23:59:59+01:00,1,1,495,542,1388,1716,1214,1972,1159,2814,1454,2558,725,818,716,1361,516,2129,0,1,3,2,0,0,0,0,0,0,0,0,0,0,0,0,21576,6,3,0,0,0,0,0,0
2021-01-16T23:59:59+01:00,1,0,372,395,1206,1469,1094,1685,1018,2415,1297,2151,638,720,688,1345,514,2128,0,0,0,0,0,0,0,0,0,0,0,0,0,0,0,0,19134,0,2,0,0,0,0,0,0
2021-01-15T23:59:59+01:00,1,0,266,232,1022,1167,945,1337,849,1966,1117,1750,521,610,650,1312,503,2088,0,0,0,0,0,0,0,0,0,0,0,0,0,0,0,0,16335,0,1,0,0,0,0,0,0
2021-01-14T23:59:59+01:00,0,0,151,102,706,779,652,866,613,1307,752,1131,334,423,541,1130,453,1864,0,0,0,0,0,0,0,0,0,0,0,0,0,0,0,0,11804,0,0,0,0,0,0,0,0
2021-01-13T23:59:59+01:00,0,0,127,81,595,609,528,698,496,1051,594,866,281,349,455,962,395,1596,0,0,0,0,0,0,0,0,0,0,0,0,0,0,0,0,9683,0,0,0,0,0,0,0,0
2021-01-12T23:59:59+01:00,0,0,116,65,511,521,449,596,431,921,523,763,246,300,371,770,329,1248,0,0,0,0,0,0,0,0,0,0,0,0,0,0,0,0,8160,0,0,0,0,0,0,0,0
2021-01-11T23:59:59+01:00,0,0,87,52,417,422,365,485,345,744,416,590,212,249,311,641,270,1051,0,0,0,0,0,0,0,0,0,0,0,0,0,0,0,0,6657,0,0,0,0,0,0,0,0
2021-01-10T23:59:59+01:00,0,0,73,45,352,349,299,404,289,647,346,523,186,221,251,508,213,820,0,0,0,0,0,0,0,0,0,0,0,0,0,0,0,0,5526,0,0,0,0,0,0,0,0
2021-01-09T23:59:59+01:00,0,0,73,43,337,329,275,382,281,631,338,516,185,220,250,506,213,820,0,0,0,0,0,0,0,0,0,0,0,0,0,0,0,0,5399,0,0,0,0,0,0,0,0
2021-01-08T23:59:59+01:00,0,0,69,37,303,296,229,341,253,589,311,477,167,200,225,448,192,720,0,0,0,0,0,0,0,0,0,0,0,0,0,0,0,0,4857,0,0,0,0,0,0,0,0
2021-01-07T23:59:59+01:00,0,0,58,25,213,198,160,242,194,422,240,341,138,161,171,290,121,449,0,0,0,0,0,0,0,0,0,0,0,0,0,0,0,0,3423,0,0,0,0,0,0,0,0
2021-01-06T23:59:59+01:00,0,0,47,16,163,120,113,161,144,295,177,241,108,129,130,224,82,316,0,0,0,0,0,0,0,0,0,0,0,0,0,0,0,0,2466,0,0,0,0,0,0,0,0
2021-01-05T23:59:59+01:00,0,0,29,8,97,72,58,94,86,212,116,149,98,119,121,206,81,295,0,0,0,0,0,0,0,0,0,0,0,0,0,0,0,0,1841,0,0,0,0,0,0,0,0
2021-01-04T23:59:59+01:00,0,0,27,8,97,71,55,92,86,212,116,147,98,118,121,206,81,295,0,0,0,0,0,0,0,0,0,0,0,0,0,0,0,0,1830,0,0,0,0,0,0,0,0
2021-01-03T23:59:59+01:00,0,0,27,8,97,71,55,92,86,212,115,147,97,118,121,206,81,295,0,0,0,0,0,0,0,0,0,0,0,0,0,0,0,0,1828,0,0,0,0,0,0,0,0
2021-01-02T23:59:59+01:00,0,0,27,8,97,71,55,92,86,212,114,147,97,118,121,206,81,294,0,0,0,0,0,0,0,0,0,0,0,0,0,0,0,0,1826,0,0,0,0,0,0,0,0
2021-01-01T23:59:59+01:00,0,0,27,8,97,71,55,92,86,212,113,146,97,118,121,206,81,294,0,0,0,0,0,0,0,0,0,0,0,0,0,0,0,0,1824,0,0,0,0,0,0,0,0
2020-12-31T23:59:59+01:00,0,0,27,8,97,71,55,92,86,212,112,146,97,118,121,206,81,294,0,0,0,0,0,0,0,0,0,0,0,0,0,0,0,0,1823,0,0,0,0,0,0,0,0
2020-12-30T23:59:59+01:00,0,0,27,8,97,71,54,92,86,212,112,146,97,118,121,206,80,294,0,0,0,0,0,0,0,0,0,0,0,0,0,0,0,0,1821,0,0,0,0,0,0,0,0
2020-12-29T23:59:59+01:00,0,0,15,2,65,53,32,61,50,138,64,89,47,51,68,121,51,199,0,0,0,0,0,0,0,0,0,0,0,0,0,0,0,0,1106,0,0,0,0,0,0,0,0
2020-12-28T23:59:59+01:00,0,0,5,2,36,26,19,30,21,67,25,41,20,22,26,47,28,74,0,0,0,0,0,0,0,0,0,0,0,0,0,0,0,0,489,0,0,0,0,0,0,0,0
2020-12-27T23:59:59+01:00,0,0,0,0,7,5,7,2,1,5,0,2,0,1,2,2,4,6,0,0,0,0,0,0,0,0,0,0,0,0,0,0,0,0,44,0,0,0,0,0,0,0,0
