Datum,<15_1_m,<15_1_w,15-24_1_m,15-24_1_w,25-34_1_m,25-34_1_w,35-44_1_m,35-44_1_w,45-54_1_m,45-54_1_w,55-64_1_m,55-64_1_w,65-74_1_m,65-74_1_w,75-84_1_m,75-84_1_w,>84_1_m,>84_1_w,<15_2_m,<15_2_w,15-24_2_m,15-24_2_w,25-34_2_m,25-34_2_w,35-44_2_m,35-44_2_w,45-54_2_m,45-54_2_w,55-64_2_m,55-64_2_w,65-74_2_m,65-74_2_w,75-84_2_m,75-84_2_w,>84_2_m,>84_2_w,bp_1,bp_2,mo_1,mo_2,az_1,az_2,ja,unb_1,unb_2
2021-12-12T23:59:59+01:00,27287,25603,82953,81382,124824,120950,111600,110415,104987,109930,100802,102540,59653,73930,45507,63498,11320,23115,14328,13575,74223,73406,115783,111398,104070,102375,99031,103533,96437,97832,57284,71012,44229,61369,10783,21837,975871,886551,141723,136043,159310,146353,102973,525,585
2021-12-11T23:59:59+01:00,27106,25426,82888,81335,124766,120874,111550,110368,104966,109905,100785,102523,59643,73921,45503,63491,11320,23114,14124,13410,74030,73241,115587,111222,103930,102253,98928,103455,96384,97765,57269,70989,44225,61357,10782,21835,975099,884895,141701,135999,159310,146353,102954,525,585
2021-12-10T23:59:59+01:00,26672,24999,82719,81169,124597,120673,111413,110201,104832,109795,100691,102439,59581,73833,45473,63463,11315,23107,13865,13154,73715,72945,115303,110913,103684,102005,98736,103290,96285,97653,57241,70949,44217,61339,10781,21830,972696,882099,141607,135929,159310,146353,102939,525,585
2021-12-09T23:59:59+01:00,26207,24516,82574,81009,124474,120463,111301,110031,104746,109682,100619,102341,59542,73767,45448,63419,11313,23087,13480,12789,73311,72579,114902,110450,103380,101611,98492,103026,96148,97478,57167,70863,44190,61297,10772,21807,970370,878159,141514,135721,159310,146352,102925,525,585
2021-12-08T23:59:59+01:00,25923,24288,82450,80913,124385,120337,111188,109918,104668,109596,100553,102263,59506,73694,45428,63373,11303,23068,13238,12558,72994,72335,114591,110148,103135,101343,98310,102825,96004,97329,57119,70784,44167,61263,10763,21787,968778,875326,141437,135523,159310,146351,102908,525,585
2021-12-07T23:59:59+01:00,25556,23934,82361,80841,124320,120247,111135,109861,104632,109565,100523,102233,59487,73677,45421,63359,11298,23059,13107,12422,72831,72168,114398,109968,103016,101240,98221,102742,95937,97274,57096,70759,44164,61251,10762,21783,967472,873834,141411,135478,159310,146351,102891,525,585
2021-12-06T23:59:59+01:00,25199,23572,82261,80737,124192,120073,111026,109733,104539,109460,100460,102155,59440,73591,45400,63327,11289,23032,12881,12204,72510,71865,114102,109654,102795,100978,98030,102553,95799,97135,57044,70683,44143,61195,10754,21753,965546,870880,141330,135388,159310,146351,102874,525,585
2021-12-05T23:59:59+01:00,24941,23321,82107,80604,124021,119840,110869,109556,104415,109318,100335,102038,59363,73488,45366,63277,11277,23006,12709,12041,72237,71649,113774,109392,102549,100767,97869,102382,95673,97019,56988,70622,44112,61165,10749,21739,963358,868349,141191,135296,159310,146350,102856,525,585
2021-12-04T23:59:59+01:00,24395,22839,82076,80566,123985,119787,110824,109520,104395,109303,100316,102018,59357,73473,45365,63271,11275,23003,12636,11986,72068,71498,113598,109243,102413,100648,97772,102311,95627,96974,56976,70604,44106,61158,10748,21738,962003,867080,141182,135244,159310,146349,102846,525,585
2021-12-03T23:59:59+01:00,23716,22206,82000,80464,123907,119690,110744,109446,104350,109247,100291,101965,59339,73444,45355,63260,11273,22997,12508,11884,71809,71277,113349,109000,102218,100461,97603,102181,95517,96906,56951,70591,44103,61143,10748,21737,959974,865027,141152,135194,159310,146349,102831,525,585
2021-12-02T23:59:59+01:00,22984,21490,81843,80313,123756,119511,110634,109289,104247,109103,100192,101849,59277,73380,45323,63202,11267,22972,12319,11730,71466,70965,113013,108656,101908,100157,97357,101973,95370,96752,56900,70523,44082,61104,10744,21728,957039,861949,141043,135053,159310,146349,102811,525,585
2021-12-01T23:59:59+01:00,22402,20967,81748,80195,123617,119339,110527,109153,104167,108998,100125,101740,59218,73285,45302,63147,11262,22953,12230,11626,71240,70759,112785,108425,101709,99973,97225,101812,95283,96640,56842,70449,44057,61064,10737,21715,954628,859892,140989,134954,159308,146349,102791,524,585
2021-11-30T23:59:59+01:00,21812,20479,81537,80019,123354,119047,110323,108914,103989,108825,99966,101568,59084,73165,45259,63064,11240,22922,12146,11554,71024,70588,112516,108171,101530,99780,97044,101668,95170,96539,56802,70411,44030,61039,10732,21705,951237,857875,140834,134881,159307,146349,102759,524,585
2021-11-29T23:59:59+01:00,21258,19962,81425,79914,123216,118879,110208,108758,103910,108728,99897,101478,59026,73093,45243,63013,11221,22891,12063,11481,70824,70432,112310,107978,101367,99625,96908,101558,95070,96438,56765,70365,44009,61001,10728,21690,948885,856145,140761,134796,159304,146346,102740,524,585
2021-11-28T23:59:59+01:00,20706,19474,81306,79796,123080,118699,110112,108630,103807,108619,99826,101393,58981,73034,45222,62980,11218,22878,12019,11416,70605,70257,112023,107763,101175,99470,96780,101424,94969,96343,56734,70309,43994,60970,10721,21680,946619,854308,140686,134710,159304,146329,102722,524,583
2021-11-27T23:59:59+01:00,20040,18869,81244,79750,123000,118633,110060,108573,103766,108574,99794,101365,58968,73019,45218,62975,11216,22878,11976,11370,70466,70129,111833,107632,101028,99356,96662,101351,94911,96296,56720,70292,43985,60963,10719,21679,944837,853088,140664,134663,159304,146328,102706,524,583
2021-11-26T23:59:59+01:00,19295,18129,81127,79610,122867,118471,109951,108447,103666,108473,99739,101291,58943,72976,45211,62957,11216,22869,11865,11295,70293,69999,111603,107460,100837,99196,96481,101226,94814,96225,56704,70259,43973,60943,10716,21678,942189,851391,140633,134586,159300,146322,102685,524,583
2021-11-25T23:59:59+01:00,18422,17331,80923,79374,122611,118154,109727,108151,103448,108263,99587,101097,58816,72860,45169,62887,11204,22847,11754,11197,70102,69809,111367,107219,100612,99003,96303,101054,94683,96103,56664,70217,43959,60916,10712,21659,938036,849300,140481,134504,159297,146321,102625,524,583
2021-11-24T23:59:59+01:00,17832,16775,80779,79224,122465,117960,109588,107981,103309,108122,99480,100993,58762,72753,45150,62807,11198,22825,11688,11145,69957,69700,111204,107047,100473,98875,96214,100931,94589,96012,56636,70172,43944,60886,10709,21644,935275,847875,140401,134447,159293,146318,102603,523,583
2021-11-23T23:59:59+01:00,17102,16174,80606,79076,122301,117755,109413,107811,103180,107983,99372,100862,58691,72667,45123,62750,11188,22798,11639,11090,69802,69588,111008,106906,100328,98736,96071,100807,94495,95931,56609,70126,43923,60851,10704,21631,932235,846411,140324,134368,159293,146316,102569,523,581
2021-11-22T23:59:59+01:00,16516,15661,80424,78917,122124,117558,109244,107633,103051,107843,99255,100757,58626,72584,45104,62700,11178,22777,11590,11040,69659,69488,110824,106754,100178,98622,95979,100714,94407,95865,56584,70083,43903,60820,10703,21620,929429,845083,140265,134320,159291,146313,102538,521,579
2021-11-21T23:59:59+01:00,16021,15198,80218,78716,121882,117320,109048,107456,102908,107709,99159,100648,58575,72504,45089,62662,11171,22761,11549,11014,69476,69364,110607,106609,100003,98467,95872,100618,94313,95796,56543,70040,43892,60801,10701,21613,926653,843646,140191,134250,159281,146312,102491,521,579
2021-11-20T23:59:59+01:00,15798,14992,80061,78597,121729,117164,108889,107336,102809,107618,99102,100575,58559,72480,45080,62648,11169,22756,11521,10985,69348,69269,110429,106503,99845,98375,95744,100532,94257,95757,56533,70022,43886,60793,10701,21613,925050,842585,140156,134192,159278,146308,102449,521,579
2021-11-19T23:59:59+01:00,15493,14667,79792,78334,121453,116881,108629,107122,102646,107428,98986,100452,58534,72431,45065,62631,11165,22750,11454,10930,69180,69133,110219,106316,99644,98207,95595,100419,94172,95701,56520,69993,43877,60782,10699,21612,922250,841040,140098,134121,159277,146308,102405,521,579
2021-11-18T23:59:59+01:00,15101,14289,79410,78002,121114,116479,108333,106780,102424,107180,98848,100289,58453,72359,45049,62578,11157,22726,11333,10822,68950,68911,109974,106082,99412,97987,95425,100265,94059,95591,56482,69943,43860,60750,10695,21600,918552,838865,139966,134038,159271,146306,102353,520,579
2021-11-17T23:59:59+01:00,14876,14045,79092,77725,120793,116089,108074,106485,102226,106962,98738,100131,58390,72276,45026,62536,11151,22701,11282,10775,68769,68743,109783,105895,99272,97856,95310,100137,93977,95511,56444,69892,43847,60727,10692,21591,915496,837355,139827,133967,159266,146305,102297,520,579
2021-11-16T23:59:59+01:00,14638,13831,78671,77377,120331,115707,107741,106148,101992,106722,98585,99981,58324,72195,45004,62489,11141,22687,11208,10699,68592,68568,109572,105701,99110,97719,95210,100023,93881,95439,56418,69852,43824,60703,10688,21579,911903,835793,139753,133897,159261,146303,102215,520,578
2021-11-15T23:59:59+01:00,14388,13607,78185,76951,119840,115214,107338,105800,101730,106485,98426,99828,58255,72129,44975,62445,11134,22671,11150,10667,68435,68423,109379,105537,98961,97583,95107,99921,93800,95371,56387,69805,43798,60675,10683,21559,907943,834434,139644,133807,159257,146298,102125,520,577
2021-11-14T23:59:59+01:00,14013,13240,77673,76543,119319,114737,106979,105437,101450,106227,98258,99674,58190,72044,44951,62419,11132,22656,11073,10610,68266,68286,109185,105360,98818,97453,94995,99817,93725,95294,56343,69765,43784,60653,10679,21553,903702,833014,139513,133720,159237,146293,102058,520,574
2021-11-13T23:59:59+01:00,13877,13109,77340,76226,118982,114480,106724,105200,101279,106083,98179,99587,58171,72020,44948,62410,11132,22654,11031,10574,68138,68164,109051,105241,98719,97355,94919,99755,93685,95260,56332,69751,43781,60647,10679,21550,901356,832159,139437,133662,159230,146291,101946,520,574
2021-11-12T23:59:59+01:00,13698,12924,76946,75864,118642,114189,106422,104949,101043,105895,98045,99470,58142,71990,44938,62394,11131,22654,10973,10524,67994,68012,108917,105125,98600,97239,94822,99663,93623,95200,56317,69732,43776,60637,10678,21550,898416,831021,139372,133616,159228,146285,101887,520,573
2021-11-11T23:59:59+01:00,13474,12708,76430,75420,118161,113730,106017,104560,100786,105639,97883,99315,58072,71892,44920,62336,11123,22637,10813,10394,67777,67829,108745,104909,98437,97064,94698,99530,93545,95118,56282,69694,43752,60608,10674,21524,894405,829218,139253,133537,159219,146276,101792,520,570
2021-11-10T23:59:59+01:00,13345,12595,76032,75112,117795,113388,105735,104290,100596,105432,97743,99194,58018,71825,44898,62295,11117,22622,10736,10329,67617,67673,108598,104759,98333,96919,94604,99425,93471,95051,56238,69652,43732,60577,10667,21510,891581,827893,139134,133484,159205,146268,101676,520,570
2021-11-09T23:59:59+01:00,13233,12479,75533,74766,117310,113053,105450,104020,100357,105225,97589,99063,57965,71776,44874,62261,11113,22610,10624,10236,67445,67533,108433,104599,98193,96810,94529,99335,93410,94986,56209,69619,43719,60556,10660,21500,888449,826589,139024,133422,159201,146251,101565,520,569
2021-11-08T23:59:59+01:00,13109,12381,75004,74417,116872,112667,105127,103727,100124,105028,97454,98941,57903,71707,44849,62227,11106,22595,10581,10181,67305,67415,108277,104466,98093,96698,94459,99243,93358,94914,56170,69571,43710,60530,10657,21494,885271,825519,138892,133342,159191,146246,101446,520,569
2021-11-07T23:59:59+01:00,13008,12272,74557,74117,116436,112284,104788,103429,99892,104837,97315,98816,57847,71649,44819,62196,11101,22585,10528,10139,67172,67283,108122,104306,97974,96564,94384,99144,93292,94846,56135,69523,43688,60508,10654,21486,882236,824356,138754,133260,159187,146232,101332,520,568
2021-11-06T23:59:59+01:00,12917,12201,74304,73867,116113,112069,104573,103225,99725,104704,97237,98749,57834,71626,44812,62182,11100,22585,10503,10114,67083,67197,108006,104231,97902,96503,94343,99092,93263,94826,56131,69514,43685,60501,10652,21485,880290,823779,138689,133231,159184,146232,101221,520,568
2021-11-05T23:59:59+01:00,12799,12092,74036,73619,115817,111799,104327,102995,99523,104534,97127,98653,57816,71597,44804,62168,11099,22582,10423,10045,66970,67086,107892,104116,97819,96410,94269,99013,93212,94786,56121,69498,43680,60496,10651,21483,878036,822868,138614,133191,159181,146228,101116,520,567
2021-11-04T23:59:59+01:00,12687,11985,73832,73368,115532,111540,104102,102774,99330,104365,97018,98550,57775,71555,44793,62143,11096,22574,10322,9953,66826,66947,107761,103946,97719,96278,94178,98918,93138,94713,56087,69464,43667,60460,10647,21474,875839,821563,138541,133122,159177,146224,101023,519,566
2021-11-03T23:59:59+01:00,12620,11924,73662,73214,115285,111336,103926,102629,99217,104229,96926,98474,57744,71524,44780,62123,11093,22564,10277,9914,66670,66831,107632,103811,97614,96168,94095,98856,93082,94656,56069,69434,43650,60430,10640,21458,874236,820498,138486,133065,159173,146222,100937,518,565
2021-11-02T23:59:59+01:00,12582,11882,73453,73070,115020,111125,103712,102490,99053,104124,96832,98388,57718,71489,44769,62109,11089,22550,10155,9821,66490,66696,107475,103667,97514,96048,94013,98779,93022,94590,56040,69402,43637,60396,10636,21441,872612,819230,138414,132995,159171,146214,100819,518,564
2021-11-01T23:59:59+01:00,12492,11806,73224,72900,114766,110932,103469,102328,98882,103999,96748,98329,57695,71452,44758,62090,11087,22542,10095,9757,66327,66546,107325,103532,97394,95950,93927,98691,92959,94532,56014,69367,43622,60376,10633,21430,870896,818102,138309,132916,159167,146209,100687,518,563
2021-10-31T23:59:59+01:00,12454,11781,73082,72805,114585,110836,103294,102226,98781,103927,96703,98287,57683,71442,44755,62084,11087,22541,10062,9734,66236,66497,107239,103474,97322,95908,93884,98665,92934,94514,56006,69362,43620,60374,10630,21426,869915,817672,138266,132883,159165,146203,100567,518,562
2021-10-30T23:59:59+02:00,12421,11762,72964,72724,114382,110747,103160,102135,98672,103827,96639,98258,57671,71425,44750,62079,11086,22538,10033,9727,66157,66441,107152,103418,97251,95858,93839,98618,92908,94503,55998,69357,43619,60370,10627,21423,868960,817260,138229,132831,159164,146199,100447,518,562
2021-10-29T23:59:59+02:00,12382,11722,72771,72594,114121,110569,102932,101984,98509,103729,96553,98204,57658,71414,44746,62069,11086,22534,9996,9692,66022,66327,106998,103315,97133,95770,93748,98540,92849,94458,55984,69344,43616,60365,10627,21423,867587,816444,138160,132776,159162,146197,100228,518,562
2021-10-28T23:59:59+02:00,12290,11664,72553,72405,113807,110312,102691,101810,98330,103580,96443,98121,57635,71382,44735,62055,11084,22529,9922,9632,65814,66114,106800,103100,96967,95598,93628,98416,92764,94409,55958,69293,43608,60346,10626,21416,865814,815028,138076,132696,159158,146188,99938,518,561
2021-10-27T23:59:59+02:00,12236,11603,72379,72241,113600,110107,102516,101663,98202,103462,96354,98059,57608,71336,44717,62028,11082,22524,9838,9566,65654,65950,106660,102970,96853,95498,93536,98322,92705,94353,55924,69254,43598,60323,10620,21403,864353,813909,137996,132606,159156,146179,99772,518,561
2021-10-26T23:59:59+02:00,12162,11517,72154,72024,113370,109903,102327,101528,98065,103354,96281,97992,57573,71310,44704,62012,11081,22516,9768,9480,65457,65747,106484,102814,96719,95358,93439,98238,92631,94288,55901,69217,43584,60290,10617,21391,862803,812575,137901,132531,159150,146177,99579,518,561
2021-10-25T23:59:59+02:00,12119,11494,72027,71923,113244,109792,102229,101444,97976,103283,96245,97956,57566,71299,44703,62003,11079,22513,9753,9465,65375,65681,106417,102764,96681,95323,93398,98211,92608,94275,55895,69210,43583,60288,10617,21387,861960,812205,137862,132507,159149,146174,99484,518,561
2021-10-24T23:59:59+02:00,12046,11431,71839,71751,112976,109615,102043,101277,97818,103150,96163,97877,57537,71258,44692,61995,11078,22510,9692,9409,65167,65490,106214,102602,96531,95196,93289,98109,92547,94216,55862,69172,43575,60263,10615,21383,860447,810960,137796,132418,159149,146170,99225,517,559
2021-10-23T23:59:59+02:00,12019,11406,71735,71668,112846,109515,101947,101194,97758,103101,96120,97852,57523,71244,44691,61994,11078,22509,9657,9368,65088,65401,106118,102541,96470,95141,93234,98057,92518,94188,55844,69161,43574,60260,10614,21383,859753,810411,137744,132363,159148,146168,99116,517,559
2021-10-22T23:59:59+02:00,11944,11364,71570,71529,112621,109358,101783,101074,97642,102999,96060,97801,57512,71226,44689,61986,11078,22507,9567,9282,64916,65218,105935,102395,96334,95022,93136,97971,92462,94134,55831,69150,43571,60247,10613,21381,858585,809271,137682,132286,159148,146161,98888,517,559
2021-10-21T23:59:59+02:00,11812,11236,71359,71369,112417,109158,101603,100898,97483,102872,95969,97738,57489,71192,44673,61963,11073,22493,9469,9164,64693,64992,105740,102177,96178,94823,93008,97856,92388,94059,55805,69113,43557,60217,10611,21371,856897,807638,137617,132175,159145,146151,98699,516,558
2021-10-20T23:59:59+02:00,11764,11186,71232,71236,112271,109018,101485,100801,97387,102791,95904,97683,57461,71155,44660,61945,11068,22476,9346,9068,64493,64807,105613,102014,96060,94682,92909,97748,92314,94004,55774,69055,43530,60184,10594,21342,855795,806136,137563,132114,159142,146145,98584,516,558
2021-10-19T23:59:59+02:00,11660,11095,71084,71099,112134,108885,101388,100715,97311,102731,95844,97630,57438,71117,44652,61927,11064,22460,9251,8975,64273,64602,105448,101851,95944,94558,92828,97652,92264,93947,55740,69011,43512,60143,10584,21327,854679,804718,137508,132028,159137,146138,98471,516,555
2021-10-18T23:59:59+02:00,11611,11055,70946,71007,111985,108778,101280,100628,97245,102679,95787,97580,57410,71086,44635,61904,11057,22448,9200,8924,64124,64448,105326,101687,95848,94442,92760,97569,92204,93889,55713,68979,43499,60117,10580,21323,853749,803614,137425,131953,159132,146134,98376,516,555
2021-10-17T23:59:59+02:00,11565,11014,70785,70875,111854,108661,101170,100552,97191,102621,95743,97526,57388,71063,44629,61889,11055,22443,9145,8874,63887,64190,105160,101543,95718,94303,92661,97483,92143,93824,55689,68946,43489,60100,10576,21318,852808,802237,137372,131857,159130,146125,98275,516,555
2021-10-16T23:59:59+02:00,11546,10993,70725,70826,111795,108615,101144,100524,97159,102592,95724,97516,57387,71060,44628,61887,11053,22443,9114,8841,63792,64102,105094,101487,95671,94240,92629,97452,92122,93806,55684,68939,43487,60097,10576,21317,852467,801737,137353,131806,159130,146124,98228,516,555
2021-10-15T23:59:59+02:00,11491,10953,70611,70739,111680,108524,101070,100447,97102,102538,95694,97483,57380,71058,44628,61881,11052,22443,9064,8765,63654,63913,104980,101370,95576,94140,92550,97368,92074,93767,55675,68917,43482,60086,10576,21315,851756,800743,137330,131733,159129,146121,98120,516,555
2021-10-14T23:59:59+02:00,11385,10855,70425,70556,111535,108374,100954,100353,97005,102454,95639,97425,57359,71023,44617,61858,11049,22435,8937,8628,63355,63626,104822,101157,95429,93940,92427,97233,91999,93687,55637,68866,43463,60059,10572,21308,850473,798850,137253,131611,159120,146114,98015,516,555
2021-10-13T23:59:59+02:00,11286,10788,70279,70443,111412,108264,100857,100257,96920,102365,95588,97366,57323,70978,44601,61829,11045,22418,8899,8591,63193,63476,104685,101019,95321,93793,92336,97145,91937,93615,55599,68823,43442,60029,10563,21298,849416,797699,137179,131536,159116,146105,97869,515,555
2021-10-12T23:59:59+02:00,11145,10679,70097,70304,111312,108147,100759,100164,96860,102305,95547,97320,57307,70944,44591,61814,11041,22411,8837,8544,63029,63315,104553,100891,95201,93672,92246,97074,91878,93557,55546,68788,43430,60006,10559,21285,848328,796532,137113,131473,159112,146099,97754,515,553
2021-10-11T23:59:59+02:00,11074,10617,69947,70185,111190,108038,100672,100083,96796,102229,95493,97279,57279,70914,44571,61794,11036,22399,8799,8511,62853,63145,104420,100767,95107,93576,92172,96985,91826,93508,55507,68744,43415,59979,10550,21277,847342,795455,137047,131386,159109,146089,97658,515,553
2021-10-10T23:59:59+02:00,11002,10566,69784,70070,111049,107900,100573,99993,96728,102151,95443,97240,57261,70894,44566,61782,11028,22396,8761,8477,62664,62995,104258,100607,95000,93442,92082,96880,91749,93466,55480,68719,43406,59966,10547,21268,846378,794306,137000,131325,159104,146079,97504,515,553
2021-10-09T23:59:59+02:00,10977,10547,69694,70008,110981,107855,100531,99951,96690,102118,95425,97223,57253,70887,44565,61781,11028,22396,8726,8436,62573,62917,104173,100530,94943,93384,92039,96835,91727,93444,55474,68708,43401,59958,10546,21267,845973,793758,136967,131267,159102,146075,97428,515,553
2021-10-08T23:59:59+02:00,10903,10492,69550,69910,110837,107750,100457,99857,96624,102064,95373,97177,57241,70871,44562,61778,11028,22395,8665,8349,62402,62731,104038,100378,94830,93264,91952,96740,91679,93404,55457,68695,43395,59949,10544,21266,845127,792649,136914,131181,159101,146070,97286,515,552
2021-10-07T23:59:59+02:00,10824,10412,69342,69727,110651,107570,100320,99713,96535,101940,95297,97108,57218,70833,44549,61757,11024,22382,8535,8225,62113,62478,103840,100159,94681,93047,91845,96604,91604,93331,55422,68645,43380,59917,10537,21256,843696,790824,136843,131057,159098,146062,97124,515,552
2021-10-06T23:59:59+02:00,10755,10352,69164,69577,110515,107424,100225,99603,96449,101873,95251,97056,57183,70790,44538,61737,11021,22368,8492,8175,61926,62304,103707,100009,94567,92928,91769,96503,91527,93252,55391,68605,43365,59888,10532,21240,842598,789620,136777,130992,159096,146049,96967,515,552
2021-10-05T23:59:59+02:00,10650,10264,68986,69436,110360,107275,100108,99472,96385,101790,95206,97004,57164,70762,44529,61701,11016,22355,8458,8132,61727,62129,103555,99823,94452,92778,91671,96417,91465,93178,55363,68556,43350,59872,10529,21227,841398,788343,136708,130924,159095,146044,96819,515,552
2021-10-04T23:59:59+02:00,10612,10234,68807,69262,110193,107120,100003,99357,96291,101701,95151,96945,57127,70714,44514,61672,11015,22333,8424,8099,61567,61947,103410,99682,94319,92655,91577,96321,91400,93127,55326,68513,43326,59841,10523,21207,840289,787224,136636,130865,159093,146032,96591,513,552
2021-10-03T23:59:59+02:00,10548,10178,68592,69078,110018,106961,99874,99244,96203,101600,95087,96891,57096,70679,44506,61647,11015,22329,8364,8064,61362,61788,103220,99504,94181,92495,91479,96206,91325,93069,55290,68469,43309,59815,10521,21199,839092,785948,136561,130776,159089,146022,96362,513,552
2021-10-02T23:59:59+02:00,10522,10152,68489,68979,109928,106891,99808,99182,96150,101549,95062,96869,57085,70661,44506,61646,11014,22327,8324,8029,61245,61673,103147,99430,94114,92429,91433,96157,91299,93048,55283,68451,43308,59811,10520,21199,838534,785356,136497,130730,159087,146002,96260,513,552
2021-10-01T23:59:59+02:00,10436,10048,68331,68804,109736,106743,99677,99066,96067,101478,95002,96827,57066,70642,44503,61634,11012,22325,8211,7919,61047,61438,102977,99274,93981,92286,91328,96047,91236,92989,55265,68421,43304,59800,10519,21196,837403,784055,136440,130642,159083,145962,96029,513,550
2021-09-30T23:59:59+02:00,10356,9975,68094,68574,109512,106498,99493,98863,95927,101331,94909,96720,57027,70596,44484,61603,11008,22310,8103,7797,60793,61172,102765,99063,93794,92074,91186,95896,91144,92893,55238,68372,43289,59767,10509,21181,835719,782357,136347,130523,159076,145912,95694,512,550
2021-09-29T23:59:59+02:00,10274,9917,67889,68383,109311,106296,99335,98698,95800,101218,94824,96648,56983,70539,44468,61568,11003,22291,8045,7738,60606,61001,102574,98881,93657,91905,91071,95787,91073,92812,55202,68324,43270,59721,10506,21166,834274,781094,136281,130445,159072,145877,95374,512,549
2021-09-28T23:59:59+02:00,10189,9839,67695,68175,109104,106126,99186,98542,95689,101105,94739,96569,56944,70499,44456,61530,10996,22264,7995,7691,60410,60815,102379,98724,93523,91768,90947,95657,90993,92740,55169,68286,43253,59693,10497,21152,832866,779894,136220,130359,159070,145843,95047,512,549
2021-09-27T23:59:59+02:00,10060,9706,67446,67926,108890,105953,99047,98391,95598,100993,94661,96497,56915,70451,44441,61499,10991,22252,7957,7635,60193,60625,102187,98583,93380,91627,90842,95542,90921,92663,55132,68230,43232,59665,10488,21141,831445,778790,136134,130278,159068,145800,94626,512,549
2021-09-26T23:59:59+02:00,9939,9612,67200,67689,108660,105759,98878,98243,95473,100864,94575,96415,56875,70416,44425,61476,10986,22239,7903,7589,59948,60426,101982,98400,93231,91461,90731,95422,90847,92585,55101,68202,43218,59637,10483,21125,829978,777627,136048,130182,159062,145741,94192,512,549
2021-09-25T23:59:59+02:00,9900,9571,67082,67566,108555,105669,98804,98180,95414,100811,94544,96386,56871,70408,44423,61473,10985,22239,7862,7550,59832,60308,101878,98307,93150,91388,90688,95355,90810,92562,55089,68191,43214,59633,10483,21125,829422,777067,135986,130129,159062,145713,93967,512,549
2021-09-24T23:59:59+02:00,9839,9510,66912,67379,108382,105494,98653,98028,95289,100705,94474,96331,56855,70391,44415,61460,10985,22237,7764,7438,59602,60076,101694,98112,93020,91239,90576,95246,90725,92496,55067,68169,43212,59628,10482,21122,828380,775866,135911,130061,159062,145651,93541,512,549
2021-09-23T23:59:59+02:00,9747,9384,66582,67042,108114,105230,98456,97797,95128,100541,94371,96219,56810,70331,44391,61431,10979,22209,7648,7317,59302,59794,101452,97877,92830,91026,90438,95091,90627,92386,55018,68118,43189,59599,10481,21099,826554,774292,135786,129951,159056,145582,92920,512,547
2021-09-22T23:59:59+02:00,9677,9305,66243,66714,107901,105016,98255,97592,94972,100406,94242,96121,56762,70261,44357,61387,10968,22187,7592,7275,59120,59612,101274,97708,92648,90889,90323,94968,90515,92309,54984,68070,43161,59567,10475,21083,824778,773239,135672,129872,159051,145499,92418,512,545
2021-09-21T23:59:59+02:00,9590,9217,66008,66466,107690,104834,98078,97433,94856,100297,94162,96049,56711,70209,44339,61345,10961,22172,7554,7237,58925,59428,101078,97546,92507,90756,90232,94879,90424,92234,54943,68012,43141,59528,10466,21065,823305,772171,135590,129777,159048,145435,92027,512,545
2021-09-20T23:59:59+02:00,9528,9160,65721,66155,107488,104650,97917,97264,94747,100196,94096,95972,56670,70166,44319,61302,10956,22161,7497,7182,58730,59272,100889,97400,92350,90602,90090,94778,90342,92163,54896,67973,43114,59492,10460,21048,821870,771153,135509,129695,159043,145287,91598,512,545
2021-09-19T23:59:59+02:00,9476,9115,65434,65979,107257,104457,97765,97095,94607,100095,93992,95894,56640,70113,44309,61278,10954,22150,7458,7140,58484,59075,100644,97224,92164,90431,89905,94605,90220,92078,54858,67910,43096,59458,10459,21035,820528,769929,135425,129577,159039,145023,91170,512,545
2021-09-18T23:59:59+02:00,9443,9070,65340,65873,107136,104359,97654,97008,94541,100025,93956,95865,56632,70104,44305,61273,10952,22149,7418,7099,58362,58952,100537,97123,92038,90349,89834,94542,90182,92048,54848,67905,43089,59455,10457,21031,819950,769287,135335,129512,159037,145011,90915,512,544
2021-09-17T23:59:59+02:00,9364,8984,65145,65713,106955,104200,97485,96855,94413,99927,93883,95789,56615,70077,44294,61266,10946,22143,7326,6999,58155,58716,100346,96958,91880,90228,89716,94436,90103,91986,54833,67877,43080,59449,10457,21028,818845,768137,135246,129415,159032,144994,90483,512,544
2021-09-16T23:59:59+02:00,9273,8876,64854,65407,106666,103941,97245,96615,94223,99748,93782,95696,56563,70022,44281,61237,10939,22129,7234,6888,57902,58438,100071,96727,91681,90013,89539,94273,90001,91898,54787,67826,43058,59427,10452,21017,817009,766613,135149,129278,159022,144931,89868,512,542
2021-09-15T23:59:59+02:00,9203,8821,64500,65111,106466,103728,97036,96422,94087,99584,93681,95607,56526,69964,44247,61207,10934,22104,7184,6839,57721,58277,99880,96565,91512,89854,89433,94162,89896,91831,54754,67779,43033,59394,10448,20997,815253,765545,135094,129161,159017,144897,89414,512,542
2021-09-14T23:59:59+02:00,9161,8772,64211,64901,106227,103509,96838,96241,93955,99441,93566,95521,56478,69904,44220,61170,10929,22088,7142,6802,57516,58092,99703,96379,91342,89689,89299,94048,89816,91758,54718,67739,43011,59367,10443,20982,813707,764493,135022,129071,159010,144798,88943,512,541
2021-09-13T23:59:59+02:00,9124,8738,63907,64635,105994,103281,96668,96071,93809,99303,93475,95423,56426,69850,44203,61136,10922,22076,7110,6765,57306,57906,99499,96190,91189,89533,89166,93941,89727,91684,54679,67691,42990,59337,10440,20965,812177,763382,134931,128957,159000,144756,88483,512,540
2021-09-12T23:59:59+02:00,9071,8690,63589,64388,105743,103035,96456,95842,93645,99175,93377,95342,56375,69799,44186,61106,10918,22065,7072,6735,57105,57744,99252,95981,91020,89363,89032,93822,89630,91609,54635,67632,42970,59308,10436,20948,810627,762345,134831,128828,158996,144683,87898,512,540
2021-09-11T23:59:59+02:00,9024,8657,63468,64254,105600,102917,96352,95732,93559,99096,93338,95310,56360,69784,44181,61094,10918,22064,7019,6709,56955,57649,99103,95877,90921,89265,88933,93756,89593,91584,54625,67612,42966,59298,10436,20947,809941,761750,134777,128750,158994,144664,87545,512,539
2021-09-10T23:59:59+02:00,8930,8546,63224,63986,105402,102703,96177,95541,93412,98969,93242,95237,56324,69754,44167,61075,10918,22062,6939,6631,56707,57437,98906,95689,90737,89079,88798,93624,89505,91513,54603,67591,42953,59279,10436,20943,808543,760578,134713,128632,158991,144649,86972,511,539
2021-09-09T23:59:59+02:00,8832,8446,62901,63706,105121,102381,95941,95250,93233,98739,93103,95117,56283,69688,44146,61046,10908,22041,6835,6532,56449,57212,98647,95438,90504,88846,88637,93469,89360,91424,54560,67538,42932,59250,10430,20937,806538,759145,134608,128447,158987,144573,86299,511,536
2021-09-08T23:59:59+02:00,8771,8395,62672,63466,104892,102142,95745,95025,93061,98565,92986,94985,56248,69621,44112,61007,10895,22017,6804,6502,56285,57050,98450,95228,90337,88646,88475,93321,89239,91318,54521,67476,42897,59210,10418,20903,805021,758102,134498,128296,158975,144486,85661,511,535
2021-09-07T23:59:59+02:00,8721,8342,62427,63248,104665,101899,95556,94834,92918,98423,92885,94905,56214,69572,44083,60952,10886,21995,6758,6466,56089,56882,98229,95033,90148,88483,88345,93211,89142,91227,54479,67429,42873,59179,10413,20884,803517,757015,134392,128168,158969,144356,85197,511,534
2021-09-06T23:59:59+02:00,8679,8299,62213,63066,104455,101721,95414,94673,92796,98289,92797,94829,56156,69513,44061,60922,10879,21962,6715,6429,55915,56711,98026,94865,89977,88326,88216,93082,89043,91145,54424,67375,42853,59135,10403,20859,802242,755889,134299,128033,158958,144269,84775,511,533
2021-09-05T23:59:59+02:00,8617,8249,61992,62854,104282,101533,95254,94503,92667,98172,92719,94761,56127,69472,44051,60901,10874,21954,6662,6373,55708,56507,97828,94664,89785,88159,88072,92954,88958,91058,54374,67325,42836,59112,10398,20843,801018,754709,134218,127859,158954,144174,84343,510,531
2021-09-04T23:59:59+02:00,8566,8218,61869,62742,104192,101435,95152,94416,92610,98103,92683,94735,56117,69461,44044,60891,10874,21953,6634,6329,55581,56391,97703,94535,89668,88059,88006,92873,88909,91025,54359,67314,42830,59101,10398,20842,800411,754051,134169,127738,158950,144155,84082,510,531
2021-09-03T23:59:59+02:00,8488,8143,61670,62554,104012,101277,95000,94267,92504,97989,92611,94684,56088,69432,44036,60876,10871,21944,6567,6263,55370,56202,97499,94317,89476,87863,87859,92700,88818,90945,54326,67280,42818,59082,10394,20838,799268,752789,134113,127509,158944,144117,83672,510,530
2021-09-02T23:59:59+02:00,8366,8051,61400,62302,103749,101030,94794,94038,92310,97817,92490,94581,56040,69375,44013,60841,10866,21922,6467,6181,55097,55937,97195,94033,89224,87586,87634,92488,88673,90829,54281,67198,42788,59031,10384,20801,797556,751103,134001,127154,158932,143995,83046,510,529
2021-09-01T23:59:59+02:00,8301,7967,61184,62086,103541,100854,94646,93880,92189,97684,92381,94505,55993,69322,43995,60817,10858,21904,6412,6118,54837,55714,96963,93808,89025,87369,87457,92322,88531,90718,54216,67107,42751,58989,10376,20781,796261,749643,133923,126894,158917,143875,82557,509,525
2021-08-31T23:59:59+02:00,8219,7890,60970,61830,103331,100665,94465,93717,92065,97564,92254,94422,55945,69267,43969,60778,10847,21888,6350,6049,54584,55449,96688,93553,88804,87130,87299,92160,88367,90611,54167,67034,42725,58933,10368,20762,794853,748128,133842,126586,158906,143760,82036,509,523
2021-08-30T23:59:59+02:00,8123,7814,60761,61642,103147,100515,94339,93580,91946,97461,92182,94342,55911,69235,43953,60744,10842,21872,6278,5984,54329,55252,96439,93316,88587,86901,87118,92014,88239,90484,54109,66955,42683,58870,10352,20733,793717,746676,133783,126273,158899,143614,81560,509,520
2021-08-29T23:59:59+02:00,8047,7736,60484,61398,102907,100318,94152,93403,91807,97343,92092,94249,55865,69184,43929,60714,10840,21863,6170,5874,53976,54939,96115,93022,88295,86639,86883,91818,88085,90356,54040,66878,42653,58829,10346,20716,792341,744744,133692,125937,158882,143468,80966,509,519
2021-08-28T23:59:59+02:00,7990,7670,60344,61285,102799,100207,94051,93319,91722,97268,92046,94219,55851,69171,43921,60710,10839,21861,6130,5807,53796,54789,95953,92886,88163,86527,86772,91729,88017,90313,54023,66858,42644,58822,10345,20715,791717,743922,133653,125831,158878,143442,80575,509,519
2021-08-27T23:59:59+02:00,7925,7584,60160,61088,102630,100036,93909,93189,91608,97162,91958,94160,55828,69140,43912,60693,10838,21858,6051,5736,53550,54539,95655,92606,87938,86318,86594,91569,87907,90213,53979,66820,42629,58796,10340,20712,790718,742321,133589,125630,158841,143405,80080,509,516
2021-08-26T23:59:59+02:00,7837,7483,59918,60840,102399,99816,93689,92963,91430,96978,91850,94062,55776,69074,43879,60665,10832,21846,5977,5668,53204,54250,95286,92253,87599,86001,86356,91301,87748,90078,53913,66731,42582,58752,10333,20700,789211,740366,133491,125218,158818,143270,79367,509,511
2021-08-25T23:59:59+02:00,7764,7393,59683,60640,102220,99676,93537,92779,91306,96855,91736,93981,55735,69021,43847,60621,10827,21823,5905,5607,52892,53996,94972,91997,87369,85754,86154,91114,87615,89950,53845,66647,42535,58685,10327,20670,787978,738616,133409,124906,158807,143199,78803,506,510
2021-08-24T23:59:59+02:00,7714,7340,59460,60422,102031,99500,93370,92615,91193,96726,91648,93906,55697,68968,43821,60578,10821,21798,5860,5540,52566,53734,94615,91713,87067,85498,85944,90920,87462,89788,53760,66549,42489,58618,10319,20648,786828,736788,133318,124601,158800,142977,78215,506,509
2021-08-23T23:59:59+02:00,7658,7286,59249,60211,101860,99339,93238,92454,91097,96641,91571,93818,55659,68923,43792,60553,10817,21779,5797,5478,52240,53460,94269,91429,86821,85220,85747,90745,87327,89659,53680,66456,42455,58565,10312,20630,785657,734860,133245,124312,158790,142802,77807,505,509
2021-08-22T23:59:59+02:00,7586,7231,59054,60027,101653,99176,93079,92317,91001,96524,91489,93750,55621,68875,43778,60528,10811,21765,5715,5395,51865,53106,93863,91022,86507,84915,85508,90515,87154,89531,53598,66349,42423,58504,10304,20609,784615,732510,133141,123998,158777,142585,77286,505,504
2021-08-21T23:59:59+02:00,7531,7193,58916,59903,101518,99072,92973,92211,90902,96462,91431,93714,55600,68853,43770,60511,10809,21762,5522,5208,51529,52804,93693,90872,86336,84757,85363,90387,87068,89468,53566,66324,42413,58488,10303,20603,783928,730974,133068,123769,158775,142543,76914,505,504
2021-08-20T23:59:59+02:00,7479,7141,58761,59726,101346,98915,92823,92073,90783,96336,91352,93652,55576,68825,43759,60494,10807,21757,5398,5107,51193,52451,93428,90597,86071,84522,85147,90182,86934,89356,53534,66283,42390,58464,10296,20596,782953,728990,133018,123558,158769,142477,76420,504,504
2021-08-19T23:59:59+02:00,7412,7080,58507,59492,101058,98684,92612,91880,90622,96170,91224,93548,55532,68764,43734,60463,10800,21743,5281,4982,50750,52008,92988,90184,85662,84106,84833,89866,86720,89169,53460,66174,42351,58402,10286,20578,781564,726250,132885,123110,158761,142268,75671,503,501
2021-08-18T23:59:59+02:00,7348,7025,58315,59329,100864,98501,92462,91714,90479,96043,91122,93451,55465,68699,43705,60418,10790,21723,5185,4881,50389,51631,92604,89851,85338,83773,84552,89615,86528,88997,53344,66058,42280,58308,10271,20548,780377,723822,132795,122716,158754,142030,75084,502,501
2021-08-17T23:59:59+02:00,7286,6974,58124,59166,100667,98323,92294,91563,90354,95910,91024,93359,55425,68651,43680,60390,10788,21708,5064,4748,49890,51201,92153,89431,84932,83411,84223,89318,86318,88794,53241,65932,42221,58231,10265,20524,779241,720779,132691,122304,158741,141742,74571,501,501
2021-08-16T23:59:59+02:00,7226,6908,57939,58984,100462,98147,92141,91403,90212,95789,90907,93258,55370,68588,43650,60338,10781,21694,4853,4565,49317,50612,91680,88972,84460,83008,83889,89017,86088,88585,53131,65814,42162,58152,10256,20486,778044,717193,132600,121862,158734,141515,73977,501,500
2021-08-15T23:59:59+02:00,7160,6860,57715,58792,100273,97962,91979,91259,90089,95681,90819,93196,55333,68546,43630,60308,10777,21687,4454,4164,48188,49462,91033,88277,83900,82462,83490,88624,85800,88377,53025,65690,42117,58093,10247,20467,776941,711339,132488,121232,158726,141332,73469,501,498
2021-08-14T23:59:59+02:00,7127,6827,57594,58702,100131,97859,91870,91182,90000,95613,90767,93152,55317,68529,43625,60301,10776,21686,4425,4141,48031,49316,90799,88101,83681,82252,83364,88524,85729,88333,52997,65659,42108,58082,10246,20465,776406,710507,132427,120906,158721,141281,73062,501,497
2021-08-13T23:59:59+02:00,7080,6782,57439,58566,99973,97730,91738,91040,89890,95499,90686,93088,55286,68478,43611,60276,10774,21679,4365,4080,47719,48992,90314,87691,83275,81870,83099,88289,85556,88189,52953,65591,42086,58058,10243,20453,775558,708245,132368,120349,158714,141200,72535,498,494
2021-08-12T23:59:59+02:00,7045,6732,57229,58400,99753,97549,91557,90872,89743,95352,90590,93007,55248,68425,43584,60242,10766,21662,4314,4017,47297,48593,89657,87117,82685,81319,82721,87953,85324,88004,52878,65487,42032,57999,10233,20435,774467,705228,132264,119511,158702,140951,71883,498,492
2021-08-11T23:59:59+02:00,7010,6677,57038,58226,99540,97368,91391,90730,89609,95234,90479,92905,55197,68365,43552,60203,10756,21647,4241,3968,46875,48127,89025,86455,82096,80809,82379,87644,85052,87758,52789,65343,41959,57874,10214,20386,773319,702010,132166,118554,158679,140614,71326,495,490
2021-08-10T23:59:59+02:00,6949,6628,56849,58059,99315,97213,91234,90577,89481,95115,90393,92824,55154,68318,43536,60163,10752,21634,4176,3903,46428,47642,88376,85818,81487,80264,81962,87258,84799,87538,52669,65228,41898,57790,10201,20355,772239,698603,132068,117613,158660,140296,70790,495,490
2021-08-09T23:59:59+02:00,6898,6569,56677,57899,99120,97055,91076,90438,89334,95013,90277,92758,55112,68267,43511,60128,10745,21619,4107,3824,45857,47066,87537,85131,80797,79673,81546,86903,84500,87307,52555,65094,41842,57689,10187,20312,771184,694702,131994,116557,158649,139948,70234,493,486
2021-08-08T23:59:59+02:00,6827,6500,56451,57710,98907,96858,90894,90271,89198,94891,90181,92683,55057,68218,43485,60092,10738,21596,4051,3763,45250,46444,86463,84183,79892,78855,80995,86425,84165,87006,52418,64939,41777,57598,10174,20284,769944,689519,131880,115373,158627,139633,69672,491,485
2021-08-07T23:59:59+02:00,6783,6449,56306,57588,98763,96742,90761,90170,89105,94832,90119,92640,55037,68191,43482,60081,10735,21591,3589,3388,44409,45548,86117,83838,79411,78416,80631,86073,83982,86859,52354,64855,41756,57562,10169,20275,769267,685760,131818,114226,158621,139528,69235,491,483
2021-08-06T23:59:59+02:00,6727,6399,56113,57435,98527,96556,90606,90040,88977,94716,90020,92568,54995,68161,43473,60054,10732,21587,3206,2990,43485,44650,85641,83365,78823,77858,80240,85685,83790,86711,52302,64789,41730,57531,10161,20262,768282,681759,131719,112947,158613,139389,68642,487,482
2021-08-05T23:59:59+02:00,6658,6327,55789,57179,98219,96280,90337,89814,88761,94517,89847,92430,54930,68069,43441,60002,10723,21569,2689,2541,42229,43470,84894,82672,78038,77049,79637,85116,83428,86407,52168,64627,41670,57428,10146,20229,766580,676119,131590,111303,158598,138841,67696,485,479
2021-08-04T23:59:59+02:00,6579,6277,55538,56986,97940,96061,90140,89647,88616,94375,89726,92328,54876,68018,43404,59955,10719,21559,2616,2481,41735,42965,83642,81614,76677,75904,79148,84658,83110,86157,52026,64488,41612,57340,10130,20203,765265,670882,131483,109794,158584,138366,66985,484,479
2021-08-03T23:59:59+02:00,6513,6211,55280,56788,97705,95869,89962,89482,88473,94226,89580,92204,54797,67936,43366,59897,10711,21551,2562,2438,41289,42525,82397,80470,75249,74714,78540,84090,82559,85665,51810,64282,41511,57184,10117,20167,763873,665023,131378,108093,158560,137661,66314,483,478
2021-08-02T23:59:59+02:00,6451,6148,55037,56584,97444,95644,89736,89305,88304,94081,89438,92090,54714,67860,43333,59844,10708,21531,2511,2373,40799,42016,81063,79351,73690,73501,77907,83525,82015,85179,51639,64074,41436,57063,10100,20133,762426,658886,131228,106330,158537,137049,65635,483,475
2021-08-01T23:59:59+02:00,6383,6063,54766,56315,97173,95377,89498,89127,88099,93934,89272,91978,54645,67774,43296,59792,10701,21524,2431,2319,40277,41512,79768,78267,72272,72395,77006,82771,81424,84711,51449,63835,41349,56958,10089,20109,760806,652673,131032,104422,158511,136434,64944,479,469
2021-07-31T23:59:59+02:00,6347,6025,54643,56221,97051,95282,89393,89060,88008,93863,89227,91941,54633,67763,43290,59788,10701,21523,1906,1870,39312,40480,79312,77822,71729,71842,76623,82442,81309,84615,51430,63799,41333,56947,10089,20106,760318,647962,130862,103547,158508,136341,64647,479,469
2021-07-30T23:59:59+02:00,6293,5989,54465,56071,96890,95103,89236,88909,87876,93748,89142,91871,54596,67733,43277,59770,10699,21521,1437,1420,38291,39413,78601,77165,70972,71103,76105,81912,80905,84290,51353,63710,41299,56887,10083,20093,759407,641718,130546,102410,158502,136132,64311,478,468
2021-07-29T23:59:59+02:00,6241,5930,54224,55881,96628,94877,89023,88695,87700,93570,89001,91742,54535,67665,43254,59728,10690,21500,950,953,37038,38164,77539,76289,69919,70148,75291,81143,80364,83855,51217,63545,41231,56791,10066,20066,758138,633899,130058,100854,158482,135566,63784,477,466
2021-07-28T23:59:59+02:00,6204,5878,54015,55704,96418,94669,88868,88512,87585,93428,88889,91644,54474,67589,43220,59679,10681,21469,908,903,36414,37547,76369,75308,68634,69040,74526,80420,79869,83391,51068,63335,41162,56686,10049,20024,756933,627495,129610,99431,158466,134769,63495,477,463
2021-07-27T23:59:59+02:00,6154,5836,53780,55475,96153,94452,88683,88323,87426,93270,88764,91546,54418,67510,43178,59616,10667,21421,846,847,35748,36772,74898,74047,67181,67818,73656,79567,79323,82868,50892,63123,41080,56564,10023,19982,755485,620120,129178,97975,158443,133535,63144,477,461
2021-07-26T23:59:59+02:00,6097,5783,53559,55262,95906,94256,88480,88151,87259,93133,88635,91441,54354,67431,43149,59559,10660,21399,790,788,34972,35919,73368,72705,65807,66576,72613,78567,78726,82329,50715,62904,41001,56414,10002,19937,754114,611969,128753,96446,158422,132454,62805,475,459
2021-07-25T23:59:59+02:00,6059,5739,53348,55055,95648,94021,88302,87956,87097,92998,88526,91342,54300,67363,43122,59514,10650,21364,678,680,34267,35149,72017,71496,64694,65560,71612,77649,78248,81875,50590,62711,40936,56325,9996,19902,752677,604964,128477,94886,158398,131645,62433,474,457
2021-07-24T23:59:59+02:00,5970,5681,53069,54755,95337,93709,88054,87744,86921,92840,88425,91261,54271,67329,43110,59491,10650,21358,629,629,33749,34645,71142,70793,64027,65000,70733,76946,78043,81723,50534,62668,40914,56299,9996,19900,750788,600499,128421,93949,158397,131516,61949,474,457
2021-07-23T23:59:59+02:00,5917,5625,52796,54480,94931,93419,87750,87523,86739,92659,88283,91166,54235,67281,43102,59473,10647,21352,576,584,33206,33976,70075,69926,63236,64321,69825,76092,77640,81391,50457,62568,40882,56260,9989,19885,748709,594796,128347,92791,158391,131338,61511,474,453
2021-07-22T23:59:59+02:00,5846,5563,52379,54076,94446,92969,87362,87184,86429,92355,88070,90976,54150,67187,43073,59412,10639,21326,501,521,32490,33235,68753,68923,62184,63440,68206,74734,76981,80871,50303,62355,40789,56144,9968,19845,745638,588278,128115,90037,158364,130569,60907,472,452
2021-07-21T23:59:59+02:00,5793,5509,52003,53684,94006,92548,87053,86882,86175,92109,87896,90785,54068,67099,43014,59344,10628,21298,451,463,31865,32572,67412,67876,61090,62541,66163,73042,76073,80121,50014,62047,40628,55956,9944,19787,742805,581945,127878,85711,158334,129477,60460,471,452
2021-07-20T23:59:59+02:00,5734,5446,51614,53283,93542,92077,86683,86556,85906,91851,87670,90588,53974,66962,42964,59285,10621,21273,404,419,31191,31903,65935,66677,59957,61577,64981,71980,75454,79563,49805,61810,40521,55796,9920,19724,739809,574841,127657,84018,158280,128438,59868,469,452
2021-07-19T23:59:59+02:00,5657,5372,51139,52819,93066,91594,86315,86222,85654,91633,87464,90406,53879,66839,42928,59207,10604,21238,361,366,30638,31309,64766,65615,59040,60715,63822,70944,74851,79042,49627,61614,40430,55649,9892,19680,736516,569030,127429,82202,158245,127247,59431,469,451
2021-07-18T23:59:59+02:00,5588,5301,50310,52002,91986,90536,85582,85603,85173,91199,87172,90114,53771,66691,42864,59111,10594,21207,324,321,30089,30719,63573,64534,58116,59802,62643,69917,74300,78541,49475,61449,40371,55565,9880,19651,730025,563167,127098,80173,158228,126439,59041,466,450
2021-07-17T23:59:59+02:00,5415,5114,49958,51668,91840,90401,85387,85444,85014,91060,87063,90032,53751,66664,42853,59099,10593,21204,272,266,29696,30327,62924,63930,57557,59378,61889,69179,73995,78299,49363,61331,40332,55507,9870,19640,728844,560119,126922,79205,158224,125824,58157,466,450
2021-07-16T23:59:59+02:00,5315,5023,49632,51370,91571,90170,85137,85242,84818,90876,86925,89925,53708,66630,42835,59086,10590,21199,237,231,29184,29812,61976,63006,56711,58689,60835,68136,73496,77878,49201,61141,40285,55438,9865,19631,727444,555109,126751,77883,158218,125085,57227,465,448
2021-07-15T23:59:59+02:00,5180,4889,49148,50952,91166,89784,84779,84858,84513,90596,86702,89755,53624,66538,42781,59017,10580,21171,187,198,28447,29168,60650,61934,55577,57701,59415,66820,72757,77290,48967,60877,40193,55306,9849,19576,724939,549231,126331,75671,158183,123404,56160,461,446
2021-07-14T23:59:59+02:00,5074,4776,48790,50572,90863,89486,84484,84540,84264,90356,86501,89598,53532,66428,42723,58928,10563,21140,170,176,27904,28589,59552,60931,54603,56853,58537,65964,72146,76702,48696,60598,40087,55131,9826,19533,722752,543768,125971,74746,158139,121704,55337,460,443
2021-07-13T23:59:59+02:00,4962,4659,48379,50188,90462,89131,84175,84229,83994,90093,86293,89429,53420,66320,42667,58864,10557,21119,153,166,27230,27901,58181,59736,53405,55862,57545,65050,71419,76058,48416,60269,39957,54952,9794,19481,720355,537378,125598,73619,158082,119650,54487,460,441
2021-07-12T23:59:59+02:00,4792,4489,47817,49667,90070,88788,83778,83902,83742,89825,86102,89267,53337,66223,42620,58801,10545,21104,144,158,26586,27233,56682,58382,52118,54794,56318,63908,70669,75429,48038,59836,39781,54727,9753,19416,717601,530041,125229,72593,158019,117296,53602,459,440
2021-07-11T23:59:59+02:00,4397,4115,46865,48738,89633,88351,83362,83514,83429,89535,85905,89116,53246,66125,42594,58746,10534,21087,131,150,25979,26660,55296,57125,50819,53744,55272,62872,70072,74875,47687,59449,39657,54551,9729,19374,713604,523379,124755,71585,157981,115502,52538,455,438
2021-07-10T23:59:59+02:00,4384,4102,46529,48385,89177,87867,83028,83202,83321,89435,85839,89058,53225,66101,42585,58733,10533,21083,128,142,25488,26118,54199,56169,49955,53157,54669,62305,69854,74684,47319,59029,39557,54446,9724,19363,712921,519035,124287,71499,157802,114171,51163,454,438
2021-07-09T23:59:59+02:00,4363,4090,46100,47940,88553,87303,82646,82856,83069,89242,85723,88965,53189,66072,42578,58720,10529,21074,122,127,24774,25336,52869,54927,49009,52268,53880,61451,69424,74275,46958,58619,39468,54354,9717,19351,711475,512798,123702,71092,157638,112816,49786,451,437
2021-07-08T23:59:59+02:00,4334,4062,45542,47430,87686,86588,82102,82335,82814,88993,85528,88811,53118,66003,42546,58673,10518,21058,114,110,23771,24376,50913,53343,47631,51113,52743,60317,68726,73634,46433,58061,39331,54191,9689,19283,709304,504992,122804,69812,157350,110276,48263,447,436
2021-07-07T23:59:59+02:00,4311,4035,44957,46832,86840,85816,81537,81849,82530,88696,85317,88645,53036,65902,42504,58609,10510,21038,102,95,22871,23454,48955,51651,46112,49975,51498,59132,68020,73097,45695,57317,39134,53953,9655,19224,706742,496763,121803,68700,157095,107160,46882,447,435
2021-07-06T23:59:59+02:00,4278,4014,44407,46304,85972,85071,80918,81251,82154,88362,85138,88467,52944,65821,42467,58547,10500,21012,93,85,22023,22571,46938,49860,44714,48723,50213,57787,67271,72374,44860,56540,38946,53714,9637,19169,704037,487717,120786,67615,156797,104186,45566,446,434
2021-07-05T23:59:59+02:00,4256,3978,43236,45297,84448,83960,80191,80624,81693,87938,84856,88198,52826,65680,42416,58469,10486,20984,82,73,20824,21486,44968,48252,43698,47759,49182,56823,66573,71752,44095,55673,38774,53490,9612,19129,700647,481681,119729,66745,156434,101097,42289,442,433
2021-07-04T23:59:59+02:00,4228,3955,41869,44063,82804,82647,79466,80018,81217,87507,84580,87994,52733,65552,42371,58415,10473,20955,79,66,19467,20264,43170,46727,42996,47016,48362,55968,65991,71182,43348,54816,38609,53297,9592,19081,697481,476979,118578,65806,156013,98475,38340,440,431
2021-07-03T23:59:59+02:00,3760,3540,40277,42491,81931,81988,78978,79531,80773,87032,84362,87820,52664,65452,42352,58361,10470,20949,75,65,18653,19565,42249,46029,42577,46639,47955,55568,65825,71014,42758,54084,38546,53196,9585,19071,693677,475021,117271,65704,155930,96880,35418,440,431
2021-07-02T23:59:59+02:00,3206,2969,38714,40981,81190,81258,78301,78815,80250,86525,84120,87615,52613,65365,42324,58314,10457,20936,67,57,17875,18823,41088,45067,41836,45928,47113,54779,65300,70561,41806,52878,38416,53006,9569,19053,688588,469888,115868,65234,155780,94381,33290,432,429
2021-07-01T23:59:59+02:00,2557,2423,36990,39300,80207,80379,77458,77977,79547,85888,83804,87330,52487,65208,42260,58211,10439,20906,56,44,16981,17866,39540,43820,40622,44856,45800,53643,64549,69974,40911,51736,38264,52795,9552,19021,682196,463381,114142,63579,155560,91596,31047,431,427
2021-06-30T23:59:59+02:00,2515,2393,35966,38267,78364,78873,75757,76490,78903,85336,83520,87037,52356,65047,42200,58114,10427,20879,47,33,15932,16872,37864,42587,39423,43748,44644,52573,63788,69337,40359,51047,38145,52595,9530,18985,676297,457189,112407,62236,155352,89698,27962,431,424
2021-06-29T23:59:59+02:00,2478,2361,35120,37346,76758,77373,74143,75081,78102,84618,82971,86542,52171,64824,42125,57983,10410,20842,34,24,15091,15948,36554,41432,38508,42919,43419,51511,63066,68748,39645,50105,38009,52376,9508,18941,669880,451943,110534,60403,155084,87747,25324,431,421
2021-06-28T23:59:59+02:00,2436,2330,34286,36516,75140,75954,72458,73688,77078,83829,82364,86042,51994,64597,42047,57877,10397,20810,25,19,14334,15178,35497,40400,37678,42187,42287,50510,62407,68195,38765,49014,37841,52151,9488,18896,663362,447037,108574,58882,154486,85537,22996,430,420
2021-06-27T23:59:59+02:00,2421,2315,33542,35758,73574,74582,71050,72477,75684,82707,81684,85485,51794,64380,41982,57759,10387,20781,20,19,13689,14532,34527,39631,37020,41584,41345,49653,61862,67747,37890,47975,37689,51971,9473,18865,657136,443081,106641,58104,153531,83262,20629,429,416
2021-06-26T23:59:59+02:00,1783,1708,32495,34639,73205,74255,70584,72016,75390,82396,81593,85407,51774,64353,41967,57749,10386,20778,20,18,13494,14319,33855,39082,36373,41161,40821,49318,60868,66736,36894,46840,37520,51759,9459,18832,652309,437067,105701,58049,153527,81322,20517,428,414
2021-06-25T23:59:59+02:00,1162,1112,31363,33442,72700,73723,69971,71321,74964,81943,81214,85078,51712,64266,41934,57706,10381,20764,17,16,13152,13918,32992,38280,35495,40337,39861,48469,59652,65494,36376,46137,37328,51458,9436,18791,645922,428575,104510,57596,153522,80248,20378,428,412
2021-06-24T23:59:59+02:00,549,552,30012,32108,71906,72961,69096,70438,74287,81307,80764,84709,51602,64136,41881,57636,10370,20731,14,13,12474,13197,31809,36969,34268,39065,38722,47344,58011,64116,35893,45617,37171,51268,9417,18732,638031,419136,103022,56037,153410,78359,20159,427,409
2021-06-23T23:59:59+02:00,522,520,29498,31537,70797,71975,67823,69293,73535,80618,80312,84301,51488,63956,41822,57540,10354,20700,12,12,11975,12652,30808,35723,33325,37840,37694,46457,56057,62395,35341,45048,37000,51039,9395,18667,631763,409299,101439,54975,153307,77102,19659,427,405
2021-06-22T23:59:59+02:00,498,504,28971,30924,69620,70943,66614,68264,72854,79912,79900,83927,51380,63826,41775,57456,10345,20674,10,11,11614,12225,29888,34794,32370,36945,36731,45547,54078,60557,34952,44572,36863,50796,9366,18610,625391,400703,99969,53407,153174,75987,19431,426,401
2021-06-21T23:59:59+02:00,466,470,28294,30222,68295,69756,65426,67131,72097,79127,79499,83532,51271,63713,41716,57367,10331,20633,9,11,11316,11902,29259,34195,31810,36378,36119,44950,52236,58898,34240,43764,36567,50373,9337,18534,618503,393079,98465,52210,153053,75302,18906,423,401
2021-06-20T23:59:59+02:00,381,390,27656,29547,67061,68618,64405,66200,71288,78386,79145,83193,51193,63584,41667,57300,10326,20601,5,10,11024,11629,28701,33695,31351,35884,35606,44420,50389,57093,33691,43078,36370,50041,9307,18475,612091,385612,97004,51461,152953,74827,18474,422,395
2021-06-19T23:59:59+02:00,349,356,27259,29166,66325,68042,63875,65691,70486,77730,78993,83067,51173,63558,41652,57285,10325,20601,5,9,10888,11423,28445,33370,31086,35556,35378,44155,48936,55697,33425,42728,36285,49901,9299,18447,608101,380159,96062,51451,152950,74627,18401,422,395
2021-06-18T23:59:59+02:00,323,323,26788,28687,65308,67305,63130,65075,69559,76890,78600,82736,51109,63484,41625,57249,10322,20593,5,9,10667,11176,28045,32939,30749,35143,34986,43752,47195,54011,33068,42209,36148,49689,9279,18412,602649,373257,94819,51158,152944,74397,18277,420,393
2021-06-17T23:59:59+02:00,293,292,26136,28060,64028,66304,62125,64261,67968,75482,78073,82327,51006,63332,41562,57168,10309,20566,5,9,10238,10809,27246,32234,30001,34458,34135,43039,45674,52505,32615,41573,35985,49431,9248,18362,596498,365741,92161,50011,152785,73994,17431,420,390
2021-06-16T23:59:59+02:00,259,255,25594,27450,62716,65172,61011,63290,65701,73552,77226,81671,50793,63124,41470,57056,10290,20534,5,7,9907,10536,26588,31557,29298,33833,33399,42400,45078,51937,32335,41202,35839,49231,9226,18323,590171,361996,87648,49295,152376,72466,16554,418,390
2021-06-15T23:59:59+02:00,220,224,24932,26719,61299,63924,59929,62305,64543,72463,76714,81247,50668,62973,41420,56961,10283,20504,5,7,9634,10250,25980,30817,28661,33077,32717,41674,43523,50302,31881,40638,35668,48996,9196,18258,582935,355237,86010,48394,151922,71216,16047,417,390
2021-06-14T23:59:59+02:00,197,192,24445,26109,60189,62874,59055,61458,63465,71456,76237,80853,50578,62846,41370,56890,10268,20479,4,7,9336,9948,25227,29926,27901,32238,31927,40857,42232,48955,31507,40135,35530,48772,9165,18205,577026,349053,84293,47375,151717,69544,15511,417,389
2021-06-13T23:59:59+02:00,192,177,24030,25635,59243,61959,58286,60673,62355,70486,75769,80430,50486,62729,41319,56832,10256,20449,4,7,9047,9639,24515,29083,27185,31398,31166,40000,40670,47364,31038,39516,35328,48466,9135,18115,571989,341960,82438,46593,151493,67763,14974,415,386
2021-06-12T23:59:59+02:00,179,160,23763,25339,58679,61446,57925,60391,61711,69848,75570,80317,50461,62697,41307,56818,10253,20444,4,7,8927,9518,24040,28502,26660,30820,30631,39439,39572,46390,30870,39338,35233,48300,9131,18104,568999,337698,81483,46590,151487,65885,14927,415,386
2021-06-11T23:59:59+02:00,160,145,23383,24886,57921,60622,57247,59756,60800,68914,75220,80011,50385,62620,41281,56781,10251,20438,4,6,8779,9320,23515,27818,26124,30156,30035,38793,38491,45369,30602,38979,35090,48077,9118,18078,563907,332786,80191,46328,151475,64018,14838,413,384
2021-06-10T23:59:59+02:00,145,128,22833,24287,56776,59678,56317,58936,59534,67738,74677,79610,50313,62511,41257,56732,10236,20409,4,6,8509,9062,22638,26873,25157,29209,28905,37849,37096,44201,30240,38494,34809,47643,9051,18002,558293,325832,77977,45618,151231,61710,14207,412,381
2021-06-09T23:59:59+02:00,126,112,22194,23677,55510,58563,55230,58023,58578,66826,74214,79218,50224,62407,41205,56670,10222,20378,4,5,8207,8799,21703,26006,24225,28327,27870,36893,35375,42405,29844,37986,34621,47373,9010,17911,552441,318364,76512,44884,150879,59802,13137,411,377
2021-06-08T23:59:59+02:00,105,94,21504,22944,54200,57429,54114,57040,57614,65966,73666,78785,50134,62276,41150,56579,10204,20348,3,4,7940,8544,20810,25116,23174,27460,26824,35929,34011,41090,29483,37478,34300,46912,8959,17827,545716,312026,75574,44111,150438,57334,12017,409,376
2021-06-07T23:59:59+02:00,89,79,20843,22296,52754,56169,52853,56061,56455,64980,73113,78374,50046,62167,41104,56515,10191,20321,2,3,7680,8314,19971,24300,22152,26650,25786,35058,33074,40302,29196,37078,34051,46484,8908,17735,538383,307377,74671,43287,150031,54785,10920,407,375
2021-06-06T23:59:59+02:00,82,74,20328,21756,51604,55055,51739,55075,55490,64026,72597,77968,49953,62088,41068,56452,10183,20305,2,3,7461,8116,19191,23408,21250,25780,24715,34069,32154,39479,28904,36734,33797,46094,8857,17661,532011,302801,73638,42543,149695,51865,10095,406,371
2021-06-05T23:59:59+02:00,76,66,20050,21437,50814,54289,51084,54574,55016,63550,72465,77855,49942,62074,41063,56449,10180,20305,2,3,7229,7703,18546,22342,20524,24669,23835,32813,31113,38161,28569,36265,33672,45919,8850,17642,527616,296501,73632,42506,149630,48475,10007,406,368
2021-06-04T23:59:59+02:00,66,60,19584,20841,49741,53256,50257,53701,54355,62758,72119,77528,49912,62035,41043,56434,10178,20300,2,2,7000,7380,17917,21484,19818,23663,22884,31523,29885,36816,28278,35894,33558,45743,8838,17621,521063,289966,73301,42434,149615,45754,9786,405,366
2021-06-03T23:59:59+02:00,57,49,18891,20130,48213,51947,49033,52559,53366,61716,71614,77066,49842,61931,41005,56386,10165,20275,2,2,6706,6976,17178,20428,19007,22506,21859,30083,28710,35325,27730,35108,33353,45417,8801,17545,513207,283158,72287,41681,149342,42527,9008,403,362
2021-06-02T23:59:59+02:00,52,46,18506,19605,47184,50944,48144,51791,52605,60949,71358,76849,49800,61894,40987,56354,10157,20260,1,2,6513,6739,16535,19729,18074,21735,20999,29127,27611,33914,27263,34491,33189,45165,8772,17475,506866,276821,72263,41667,149323,39856,8639,396,351
2021-06-01T23:59:59+02:00,42,41,17813,18854,45319,49198,46485,50326,51088,59481,70677,76250,49704,61779,40928,56281,10145,20212,1,1,6229,6417,15379,18826,16558,20764,19778,27859,26385,32504,26702,33787,32938,44813,8726,17373,497715,270278,70895,41091,148778,36481,6846,391,344
2021-05-31T23:59:59+02:00,41,37,17322,18353,44008,48054,45262,49210,49845,58351,69993,75737,49620,61672,40881,56214,10133,20174,1,1,5948,6077,14335,17986,15148,19839,18601,26736,25147,31157,26178,33068,32742,44512,8692,17272,491445,263954,69721,40545,148310,33561,5043,390,337
2021-05-30T23:59:59+02:00,36,36,16989,17956,43037,47106,44351,48305,48832,57350,69442,75192,49512,61514,40808,56099,10117,20131,1,1,5755,5829,13784,17270,14513,19136,17689,25758,24039,29980,25402,32110,32442,44091,8647,17183,485482,257938,68690,39744,147901,31268,4354,388,326
2021-05-29T23:59:59+02:00,36,35,16852,17829,42672,46786,44002,48038,48585,57158,69383,75137,49505,61508,40801,56094,10117,20130,1,1,5589,5581,13275,16466,13871,18287,16842,24586,22917,28677,25239,31871,32376,43996,8644,17176,483482,252319,68566,39743,147896,28674,4340,386,319
2021-05-28T23:59:59+02:00,35,33,16548,17516,41960,46153,43484,47470,48072,56624,69105,74840,49438,61425,40775,56045,10114,20125,1,1,5344,5193,12732,15540,13187,17418,15967,23344,21807,27232,24981,31496,32280,43863,8634,17160,479145,246193,68061,39640,147873,25736,4299,386,312
2021-05-27T23:59:59+02:00,32,30,16015,16957,40800,45162,42474,46571,47085,55728,68520,74395,49314,61260,40721,55971,10103,20086,1,1,5097,4844,12082,14712,12397,16479,14892,22144,20540,25716,24472,30751,32107,43602,8599,17077,473218,238783,66547,38829,147150,23671,3927,384,303
2021-05-26T23:59:59+02:00,30,29,15596,16511,39694,44228,41435,45697,46053,54846,67911,73877,49158,61075,40637,55805,10080,20038,1,1,4903,4639,11527,13947,11675,15629,13879,21009,19135,24113,23881,29959,31889,43256,8545,16975,468019,231482,64520,37958,146159,21600,3622,382,301
2021-05-25T23:59:59+02:00,30,28,15188,16090,38684,43326,40465,44846,45097,53919,67287,73345,48972,60831,40557,55670,10054,19985,1,1,4680,4432,10983,13295,10902,14855,12803,19765,17699,22605,23288,29174,31649,42930,8488,16880,462636,224064,62941,37015,145047,19683,3371,381,297
2021-05-24T23:59:59+02:00,30,26,14840,15752,37846,42581,39597,44167,44234,53127,66752,72860,48843,60646,40491,55546,10034,19940,1,1,4528,4303,10540,12825,10265,14273,11912,18929,16402,21336,22607,28334,31431,42597,8429,16790,457971,217113,61698,36071,144304,19064,2960,381,295
2021-05-23T23:59:59+02:00,27,26,14670,15567,37381,42202,39141,43763,43776,52717,66479,72628,48756,60552,40452,55499,10027,19916,1,1,4339,4160,10069,12346,9640,13659,10961,18100,15197,20268,22132,27753,31177,42304,8378,16704,454739,210066,61312,35987,144280,17982,2868,381,286
2021-05-22T23:59:59+02:00,25,24,14473,15346,36687,41633,38458,43300,43196,52301,65458,71609,48548,60293,40380,55385,10017,19896,1,1,4227,3863,9851,11929,9487,13336,10718,17652,14926,19868,22039,27636,31143,42262,8371,16695,448240,208831,61308,35984,144266,16069,2835,381,286
2021-05-21T23:59:59+02:00,25,23,14083,14929,35607,40712,37391,42367,42115,51387,64098,70310,48313,59953,40299,55235,10000,19863,1,1,4110,3761,9639,11654,9269,13062,10376,17315,14507,19494,21813,27348,31079,42169,8362,16687,438557,206828,60945,35675,144026,15058,2805,378,281
2021-05-20T23:59:59+02:00,22,23,13266,14183,34162,39260,35966,40968,40701,50176,62799,69158,48017,59608,40152,55053,9979,19813,1,1,3949,3581,9107,11041,8617,12344,9671,16468,13747,18524,20991,26225,30884,41870,8323,16600,428269,202426,59243,34819,143005,12007,2413,377,279
2021-05-19T23:59:59+02:00,22,22,12725,13600,32986,37850,34862,39589,39566,49209,60787,67385,47534,59048,39965,54789,9936,19707,1,1,3841,3438,8827,10662,8316,11968,9228,15957,13107,17856,20120,25096,30657,41564,8266,16485,417383,198149,57724,34000,141892,10760,2209,375,272
2021-05-18T23:59:59+02:00,20,22,12293,13133,31951,36836,33778,38679,38524,48273,58721,65516,47175,58597,39809,54546,9904,19648,1,1,3633,3269,8324,10065,7846,11428,8676,15284,12421,17086,19174,23856,30420,41222,8228,16380,408669,194026,55770,33154,140704,7951,1911,372,272
2021-05-17T23:59:59+02:00,19,21,12036,12842,31430,36276,33282,38117,37926,47635,56821,63804,46462,57771,39529,54147,9865,19575,1,1,3545,3155,8054,9786,7543,11127,8274,14867,11840,16473,18248,22719,30182,40901,8191,16305,401040,189612,54638,32409,139895,7316,1615,371,260
2021-05-16T23:59:59+02:00,19,21,11815,12588,30897,35769,32822,37623,37404,47057,54923,61965,45904,57069,39335,53831,9837,19519,1,1,3447,3052,7763,9488,7224,10783,7800,14400,11250,15886,17317,21563,29972,40610,8153,16236,394039,185307,53666,31557,139220,6722,1106,368,254
2021-05-15T23:59:59+02:00,19,21,11654,12378,30614,35434,32581,37301,37171,46791,53351,60484,45650,56764,39258,53692,9831,19491,1,1,3423,3032,7735,9451,7208,10761,7778,14385,11229,15860,17203,21345,29761,40300,8144,16225,388197,184282,53661,31553,139173,6666,1088,367,253
2021-05-14T23:59:59+02:00,19,21,11399,12078,30131,34912,32189,36835,36638,46307,51464,58638,45286,56260,39117,53485,9814,19451,1,1,3391,3005,7660,9370,7140,10681,7703,14318,11042,15656,16460,20267,29474,39808,8127,16185,380288,181276,53324,31209,139035,6520,1032,366,252
2021-05-13T23:59:59+02:00,17,20,11104,11728,29477,34250,31574,36223,35944,45619,49979,57113,44850,55631,38944,53238,9787,19404,1,1,3309,2952,7525,9255,7041,10583,7594,14205,10701,15308,15399,19018,29090,39168,8084,16110,373057,177427,52303,30640,138278,6128,902,363,247
2021-05-12T23:59:59+02:00,16,18,10968,11575,29174,33919,31299,35923,35614,45297,49691,56795,44755,55513,38892,53161,9780,19366,1,0,3294,2926,7488,9216,7003,10541,7560,14159,10524,15147,15013,18576,28781,38679,8062,16063,370292,175308,52211,30623,138120,6080,777,357,245
2021-05-11T23:59:59+02:00,15,15,10601,11238,28313,33097,30476,35161,34746,44508,47951,55018,44294,54913,38718,52874,9742,19263,1,0,3197,2825,7239,8935,6764,10236,7339,13790,10039,14592,14016,17419,28362,38057,8024,15969,363322,171558,50504,29719,136215,4735,548,355,244
2021-05-10T23:59:59+02:00,14,15,10288,10943,27565,32390,29694,34462,33972,43735,46643,53739,43906,54403,38532,52572,9693,19149,1,0,3153,2774,7107,8811,6664,10115,7191,13610,9769,14286,13307,16547,27933,37441,7999,15888,357035,168698,49381,29331,134517,3893,434,349,240
2021-05-09T23:59:59+02:00,13,15,10042,10687,26871,31695,29030,33766,33243,43035,45101,52255,43405,53774,38333,52268,9656,19063,1,0,3104,2726,6978,8671,6558,9976,7073,13395,9455,13970,12504,15645,27566,36898,7979,15832,349892,165813,48313,28778,133362,3156,346,340,238
2021-05-08T23:59:59+02:00,13,15,9949,10614,26486,31389,28575,33445,32770,42722,44048,51429,43251,53609,38294,52209,9653,19057,1,0,3097,2721,6968,8664,6552,9965,7064,13381,9445,13957,12467,15582,26885,35945,7942,15756,345304,163930,48274,28749,133271,3135,340,340,238
2021-05-07T23:59:59+02:00,13,15,9797,10465,26008,30997,28112,33060,32259,42361,42999,50600,42979,53260,38184,52052,9641,19031,1,0,3026,2688,6901,8615,6489,9901,7010,13326,9270,13732,11831,14771,25932,34549,7894,15674,340106,159768,47960,28376,133111,2908,320,337,238
2021-05-06T23:59:59+02:00,11,14,9381,10167,25084,30221,27044,32252,31025,41526,41372,49384,42589,52703,37990,51810,9603,18957,1,0,2949,2638,6767,8470,6368,9772,6855,13135,8995,13420,11172,13900,24963,33161,7859,15612,332189,155934,46882,27409,131432,2156,303,327,235
2021-05-05T23:59:59+02:00,11,13,8994,9962,24198,29615,26191,31595,29934,40733,39390,47566,42138,52152,37779,51525,9547,18844,1,0,2900,2602,6645,8336,6266,9655,6749,12989,8744,13155,10455,13061,23946,31834,7830,15540,324304,151990,46026,26516,129311,1752,221,325,229
2021-05-04T23:59:59+02:00,11,12,8745,9720,23411,28965,25211,30853,28859,39890,37856,46085,41663,51560,37500,51178,9496,18721,1,0,2856,2578,6569,8266,6176,9578,6665,12898,8499,12926,9707,12188,22997,30587,7796,15477,317574,148168,45052,25709,126669,1544,119,322,224
2021-05-03T23:59:59+02:00,11,12,8530,9506,22715,28383,24382,30247,27948,39185,36885,45329,41309,51084,37285,50884,9444,18619,1,0,2807,2540,6494,8182,6094,9505,6575,12812,8269,12700,8941,11279,22074,29366,7765,15426,312670,144360,44277,24883,124414,1294,81,316,212
2021-05-02T23:59:59+02:00,11,12,8358,9342,22070,27803,23645,29653,27125,38557,36065,44688,41050,50753,37174,50697,9409,18562,1,0,2768,2515,6449,8141,6055,9468,6533,12770,8086,12526,8337,10534,21360,28495,7744,15407,307820,141148,43509,24608,123270,1158,70,305,205
2021-05-01T23:59:59+02:00,10,12,8201,9154,21691,27351,23165,29084,26482,37838,35235,43796,40782,50376,37075,50544,9403,18545,1,0,2762,2507,6422,8130,6036,9457,6516,12757,8070,12509,8299,10469,21321,28437,7740,15403,301699,140847,43507,24600,123164,1116,69,305,204
2021-04-30T23:59:59+02:00,10,11,8048,8969,21297,26920,22714,28510,25725,37051,34215,42823,40548,50051,36977,50390,9391,18521,1,0,2734,2493,6395,8108,6014,9436,6485,12735,8034,12473,8255,10399,21271,28354,7737,15393,295330,140520,43500,24521,122977,1017,61,303,198
2021-04-29T23:59:59+02:00,9,11,7759,8724,20695,26335,22043,27824,24790,36084,32935,41476,39499,48649,36660,49920,9333,18393,1,0,2696,2455,6303,7998,5924,9332,6389,12593,7827,12197,7626,9666,20862,27836,7713,15320,286530,138434,42712,23286,121539,763,61,297,194
2021-04-28T23:59:59+02:00,8,10,7471,8503,20174,25870,21402,27223,23905,35232,31528,40021,38330,47055,36316,49427,9271,18252,1,0,2620,2405,6183,7872,5813,9197,6283,12435,7595,11915,6919,8805,20439,27253,7672,15249,277814,135902,41935,21979,119899,532,60,290,183
2021-04-27T23:59:59+02:00,7,10,7278,8319,19747,25436,20777,26683,23046,34449,30303,38681,37233,45600,35935,48857,9201,18126,1,0,2593,2381,6078,7769,5759,9099,6215,12309,7378,11716,6311,8064,20038,26753,7652,15226,269934,133799,41066,21030,118344,282,60,284,171
2021-04-26T23:59:59+02:00,6,10,7092,8150,19327,25007,20226,26158,22231,33686,29080,37438,36172,44175,35626,48370,9150,17998,1,0,2578,2370,6032,7726,5713,9057,6175,12262,7189,11551,5697,7325,19662,26309,7629,15198,262193,131820,40242,20182,117137,250,55,275,167
2021-04-25T23:59:59+02:00,6,9,6983,8014,18990,24737,19844,25816,21611,33060,28081,36470,35029,42739,35306,47938,9108,17917,1,0,2563,2361,6013,7698,5692,9038,6154,12234,7148,11524,5565,7140,19325,25844,7613,15154,254936,131176,39524,19434,116871,238,54,273,165
2021-04-24T23:59:59+02:00,6,9,6815,7833,18549,24309,19289,25278,20821,32256,26991,35417,34777,42422,35213,47773,9098,17905,1,0,2559,2354,6001,7686,5679,9025,6148,12230,7137,11517,5489,7025,19230,25702,7610,15146,248949,130709,39519,19391,115967,221,54,272,164
2021-04-23T23:59:59+02:00,6,9,6581,7630,18093,23823,18714,24657,19980,31433,25820,34211,33991,41244,35068,47540,9084,17882,1,0,2553,2334,5973,7665,5639,8983,6100,12185,7089,11464,5326,6746,18689,25070,7510,14974,241282,128844,39184,19044,114977,199,52,271,162
2021-04-22T23:59:59+02:00,5,9,6363,7418,17482,23229,17913,23868,18925,30403,24487,32766,32945,39886,34822,47182,9044,17803,1,0,2535,2315,5925,7611,5588,8896,6022,12105,7011,11392,5037,6319,17972,24194,7389,14778,232186,126648,38249,18070,113799,162,52,264,158
2021-04-21T23:59:59+02:00,5,8,6158,7232,16952,22753,17248,23262,17934,29496,22926,31163,31934,38644,34525,46739,8996,17714,1,0,2511,2297,5880,7549,5526,8820,5953,12002,6915,11311,4875,6044,17272,23341,7273,14594,223245,124537,37469,17292,112662,128,52,261,155
2021-04-20T23:59:59+02:00,4,8,5965,7036,16384,22277,16491,22607,16929,28489,21444,29688,30777,37145,34207,46294,8942,17614,1,0,2498,2282,5829,7507,5480,8774,5904,11934,6836,11247,4757,5885,16668,22563,7146,14413,214156,122834,36579,16570,111257,119,51,258,150
2021-04-19T23:59:59+02:00,4,8,5778,6870,15854,21853,15810,22052,15927,27612,20044,28278,29386,35493,33888,45808,8882,17496,1,0,2486,2265,5805,7473,5443,8741,5865,11888,6755,11167,4628,5725,16020,21844,7038,14251,205397,121178,35795,15902,109547,115,51,253,149
2021-04-18T23:59:59+02:00,3,8,5587,6725,15421,21527,15190,21490,14950,26816,18707,27141,27992,33839,33552,45383,8820,17407,1,0,2436,2219,5674,7346,5325,8626,5757,11734,6648,11047,4508,5539,15429,21177,6922,14070,196825,119516,34961,14633,108471,111,51,250,147
2021-04-17T23:59:59+02:00,3,7,5549,6688,15264,21449,15015,21403,14713,26637,18453,26918,27486,33292,33427,45235,8811,17392,1,0,2409,2180,5574,7191,5220,8469,5657,11548,6562,10916,4454,5475,15183,20881,6912,14056,195597,117759,34954,14629,106890,102,51,250,147
2021-04-16T23:59:59+02:00,3,7,5483,6633,15079,21292,14798,21236,14423,26386,18034,26499,26437,32061,33291,45027,8790,17369,1,0,2364,2129,5457,7000,5076,8286,5508,11306,6359,10692,4251,5238,14533,20085,6815,13910,192201,114494,34664,14227,105682,94,51,250,144
2021-04-15T23:59:59+02:00,3,6,5407,6552,14862,21078,14528,20950,13982,26032,17386,25861,25064,30439,33030,44701,8756,17287,1,0,2291,2045,5260,6764,4877,7968,5300,10984,6145,10405,4048,4986,13698,19004,6701,13743,187584,110660,33848,13283,104194,85,51,247,141
2021-04-14T23:59:59+02:00,3,6,5325,6479,14653,20875,14272,20722,13595,25697,16715,25232,23473,28640,32715,44302,8701,17193,1,0,2095,1922,5040,6501,4692,7717,5073,10733,5909,10116,3913,4779,12965,18083,6572,13528,182943,107539,32974,11828,102392,80,51,238,141
2021-04-13T23:59:59+02:00,3,6,5267,6426,14444,20742,14021,20530,13243,25392,16136,24721,21744,26770,32395,43884,8670,17085,1,0,2006,1867,4871,6311,4506,7492,4873,10478,5697,9874,3764,4608,12444,17467,6446,13365,178623,105101,32090,10711,100481,68,50,235,140
2021-04-12T23:59:59+02:00,3,5,5203,6355,14224,20546,13715,20266,12852,24974,15547,24166,20132,24823,32106,43520,8628,17010,1,0,1878,1773,4689,6153,4355,7315,4708,10283,5560,9715,3641,4450,12010,16953,6334,13204,174223,103399,31028,9370,98544,66,50,230,137
2021-04-11T23:59:59+02:00,3,5,5131,6275,14004,20348,13416,20053,12433,24618,14975,23650,18622,23035,31845,43176,8583,16928,1,0,1839,1733,4568,6039,4243,7190,4585,10151,5422,9585,3524,4327,11516,16343,6201,12993,169902,101628,30065,8388,96859,64,48,226,132
2021-04-10T23:59:59+02:00,3,5,5126,6265,13983,20330,13404,20039,12414,24599,14948,23627,17927,22108,31554,42756,8565,16900,1,0,1834,1719,4552,6028,4227,7175,4571,10137,5368,9518,3419,4211,10960,15510,6070,12795,168808,99470,30036,8388,95439,62,44,226,131
2021-04-09T23:59:59+02:00,3,5,5112,6245,13941,20279,13352,19979,12359,24538,14679,23370,16403,20211,31146,42107,8531,16858,1,0,1807,1698,4527,6012,4199,7147,4527,10098,5330,9470,3332,4090,10089,14523,5921,12596,166135,97000,29694,8137,93024,60,42,223,128
2021-04-08T23:59:59+02:00,3,5,5065,6214,13838,20203,13269,19895,12252,24432,14335,23004,14622,17986,30526,41101,8468,16737,1,0,1781,1684,4496,5959,4147,7060,4462,10015,5255,9393,3224,3985,9612,13915,5715,12349,162265,95132,28655,7701,90784,59,35,216,126
2021-04-07T23:59:59+02:00,3,5,5024,6180,13725,20112,13171,19799,12142,24320,13940,22632,13078,16117,29872,40117,8414,16636,1,0,1760,1669,4443,5889,4058,6986,4371,9931,5167,9292,3132,3891,8847,12813,5475,11942,157714,92534,27771,6927,89561,51,32,209,123
2021-04-06T23:59:59+02:00,3,5,4992,6156,13622,20044,13087,19740,12063,24255,13563,22277,11435,14104,29213,39148,8383,16565,1,0,1695,1614,4312,5759,3947,6861,4251,9778,5061,9161,3016,3770,8138,11879,5200,11576,153690,90137,26890,5680,87847,49,30,198,123
2021-04-05T23:59:59+02:00,3,5,4953,6126,13548,19975,13014,19666,12006,24175,13285,22022,9816,12151,28483,38095,8348,16502,1,0,1624,1546,4158,5605,3778,6704,4099,9626,4905,9030,2883,3651,7320,10909,4930,11184,150464,87744,25871,4014,85620,47,26,192,122
2021-04-04T23:59:59+02:00,3,5,4934,6108,13536,19949,13004,19646,11998,24153,13182,21946,8787,10889,28033,37454,8323,16445,1,0,1621,1543,4150,5597,3777,6698,4093,9623,4903,9020,2876,3642,7080,10437,4847,11058,148711,86772,25866,4013,83606,41,24,188,116
2021-04-03T23:59:59+02:00,3,5,4931,6098,13518,19928,12990,19633,11988,24141,13167,21926,7878,9821,27151,36211,8273,16333,1,0,1617,1538,4148,5592,3776,6695,4084,9611,4889,9006,2869,3628,6937,10169,4808,10976,146225,86152,25857,4013,81703,40,23,187,116
2021-04-02T23:59:59+02:00,3,5,4925,6078,13483,19899,12950,19588,11941,24091,13092,21858,7367,9071,25561,34111,8128,16063,1,0,1606,1521,4120,5567,3750,6654,4049,9551,4768,8722,2740,3471,6561,9769,4659,10769,141764,84316,25512,3786,80731,40,21,186,115
2021-04-01T23:59:59+02:00,2,5,4875,6015,13384,19756,12830,19438,11795,23934,12491,21410,6802,8356,24049,32140,8001,15822,1,0,1542,1473,4007,5445,3684,6581,3981,9484,4687,8617,2643,3326,6044,9086,4481,10488,137550,82031,24370,3374,78984,36,20,181,109
2021-03-31T23:59:59+02:00,2,5,4821,5955,13260,19598,12695,19280,11603,23755,12228,21150,6476,7979,22568,30181,7846,15592,1,0,1528,1462,3982,5421,3652,6551,3942,9437,4645,8558,2575,3248,5555,8436,4302,10248,133593,80227,23271,3154,77932,36,17,181,109
2021-03-30T23:59:59+02:00,2,5,4755,5887,13123,19447,12580,19098,11473,23590,12059,21012,6286,7763,21177,28448,7700,15387,1,0,1511,1425,3941,5386,3587,6479,3851,9322,4512,8389,2434,3040,5130,7877,4157,9989,130215,77980,22342,2910,77045,24,12,178,105
2021-03-29T23:59:59+02:00,2,5,4714,5843,13002,19351,12511,19014,11391,23480,11905,20875,6124,7563,19747,26764,7573,15184,1,0,1452,1384,3886,5337,3512,6407,3730,9178,4357,8197,2310,2899,4562,7202,4000,9712,126598,75299,21472,2691,76792,23,11,175,102
2021-03-28T23:59:59+02:00,2,5,4667,5774,12879,19209,12422,18919,11287,23377,11791,20769,5972,7355,18563,25256,7454,14987,1,0,1419,1341,3789,5229,3318,6180,3641,9060,4304,8140,2254,2832,3803,6181,3814,9441,123574,72230,20675,2393,76256,16,11,172,97
2021-03-27T23:59:59+01:00,2,5,4634,5724,12769,19044,12306,18756,11169,23173,11684,20621,5902,7266,18271,24909,7443,14969,1,0,1411,1338,3784,5224,3314,6173,3359,8711,4105,7842,2248,2829,3789,6146,3777,9375,121734,70915,20633,2392,76098,12,11,171,96
2021-03-26T23:59:59+01:00,2,4,4595,5668,12654,18850,12168,18554,11018,22943,11521,20407,5735,7049,17660,24113,7344,14818,1,0,1409,1336,3779,5217,3290,6155,3338,8690,3887,7392,2068,2421,3524,5858,3624,9134,118619,68623,20293,2385,76013,10,10,168,95
2021-03-25T23:59:59+01:00,2,4,4519,5575,12456,18607,11965,18229,10804,22614,11278,20079,5518,6760,16627,22806,7217,14627,1,0,1400,1324,3760,5190,3256,6128,3285,8652,3837,7348,1994,2308,3087,5174,3462,8824,114638,66636,19215,2284,75659,7,10,165,93
2021-03-24T23:59:59+01:00,2,4,4433,5458,12232,18151,11746,17812,10579,22217,11043,19706,5246,6412,15582,21588,7075,14399,1,0,1377,1309,3735,5145,3220,6064,3231,8580,3785,7274,1939,2248,2778,4839,3308,8549,111511,65234,18121,2042,73879,7,10,164,89
2021-03-23T23:59:59+01:00,2,4,4376,5386,12064,17811,11545,17457,10386,21848,10812,19413,5102,6210,14937,20768,6936,14224,1,0,1359,1301,3718,5125,3198,6047,3203,8528,3742,7231,1899,2188,2546,4561,3095,8220,109115,63859,17386,2000,72606,5,10,164,88
2021-03-22T23:59:59+01:00,2,4,4324,5306,11863,17477,11357,17133,10160,21520,10596,19108,4949,5998,14318,20051,6804,14041,1,0,1346,1291,3687,5092,3166,6010,3177,8471,3705,7186,1854,2133,2350,4305,2897,7882,107237,62593,16663,1859,70938,4,10,163,87
2021-03-21T23:59:59+01:00,2,4,4252,5180,11582,17061,11072,16730,9890,21064,10338,18750,4835,5823,13621,19260,6660,13832,1,0,1337,1290,3670,5076,3144,5976,3154,8444,3686,7162,1832,2100,2181,4142,2726,7609,105342,61581,15365,1854,69080,4,7,162,84
2021-03-20T23:59:59+01:00,2,4,4223,5110,11439,16729,10948,16418,9749,20770,10161,18467,4706,5661,12992,18313,6519,13616,1,0,1336,1289,3669,5074,3140,5975,3151,8439,3680,7156,1827,2094,2149,4079,2700,7566,103140,61376,15360,1854,67159,4,7,161,84
2021-03-19T23:59:59+01:00,2,3,4177,5028,11269,16363,10762,16065,9572,20391,9939,18107,4546,5465,11963,17105,6357,13405,1,0,1328,1282,3652,5045,3110,5897,3106,8344,3574,6979,1700,1982,2073,4013,2590,7355,100425,60086,14949,1850,64980,4,7,158,84
2021-03-18T23:59:59+01:00,2,3,4089,4922,11018,15936,10498,15619,9290,19924,9716,17763,4400,5299,11333,16234,6126,13137,1,0,1324,1271,3634,5011,3090,5853,3084,8288,3547,6930,1678,1948,2037,3943,2463,7144,98614,59397,13941,1757,62592,4,7,155,81
2021-03-17T23:59:59+01:00,2,3,3910,4804,10718,15524,10240,15259,9046,19561,9461,17412,4277,5131,10517,14990,5862,12712,1,0,1323,1268,3620,4991,3082,5833,3074,8254,3528,6907,1675,1923,2013,3912,2352,6958,95945,58886,12391,1740,60934,4,5,154,79
2021-03-16T23:59:59+01:00,2,3,3765,4678,10383,15059,9971,14888,8770,19113,9162,17045,4135,4962,9696,13865,5581,12355,1,0,1309,1265,3616,4984,3072,5828,3068,8240,3519,6891,1646,1896,1973,3859,2231,6776,93611,58426,11197,1662,58469,4,4,152,78
2021-03-15T23:59:59+01:00,2,3,3618,4557,10071,14603,9679,14432,8469,18639,8872,16635,3986,4791,8978,12796,5355,12029,1,0,1299,1257,3594,4972,3060,5804,3045,8201,3499,6848,1629,1879,1954,3826,2114,6588,91630,57831,9835,1658,55900,4,3,147,74
2021-03-14T23:59:59+01:00,2,3,3546,4462,9813,14173,9427,14035,8148,18146,8590,16243,3821,4603,8168,11557,5043,11563,1,0,1285,1250,3573,4954,3039,5762,3023,8122,3470,6779,1602,1825,1893,3698,1946,6190,89291,57298,8811,1035,53097,4,1,143,74
2021-03-13T23:59:59+01:00,2,3,3463,4206,9500,13503,9175,13452,7916,17557,8380,15802,3709,4494,7973,11261,4992,11471,1,0,1285,1250,3573,4954,3037,5761,3022,8121,3467,6776,1599,1823,1891,3694,1945,6189,88614,57277,8810,1035,49292,4,1,142,71
2021-03-12T23:59:59+01:00,2,3,3397,4054,9250,12975,8938,12924,7680,16923,8020,15047,3544,4323,7581,10849,4851,11280,1,0,1281,1246,3568,4939,3034,5757,3015,8113,3463,6768,1570,1794,1869,3676,1845,6009,86804,56844,8559,1030,46137,4,1,140,69
2021-03-11T23:59:59+01:00,2,3,3235,3782,8867,12216,8632,12251,7347,16135,7672,14396,3380,4116,7018,10126,4654,10971,1,0,1263,1234,3534,4895,2989,5678,2980,7990,3411,6668,1522,1737,1786,3470,1641,5477,84326,56080,8104,132,42240,3,1,132,60
2021-03-10T23:59:59+01:00,2,3,3165,3674,8376,11710,7952,11772,7026,15639,7370,13799,3217,3952,6449,9428,4476,10693,1,0,1252,1220,3504,4838,2956,5600,2944,7852,3356,6545,1478,1691,1724,3370,1519,5189,82458,54871,7549,109,38566,0,1,129,58
2021-03-09T23:59:59+01:00,2,2,3056,3493,7702,11266,7073,11299,6606,15029,7005,13195,2979,3648,5936,8786,4318,10410,1,0,1247,1217,3481,4792,2929,5534,2926,7800,3337,6498,1464,1665,1689,3327,1408,4983,80136,54172,6181,72,35359,0,1,128,53
2021-03-08T23:59:59+01:00,2,2,2883,3253,7071,10725,6267,10818,6207,14508,6606,12627,2764,3436,5329,8046,4168,10138,1,0,1241,1210,3459,4728,2904,5458,2887,7705,3305,6423,1457,1656,1686,3317,1403,4980,77305,53696,5029,70,32390,0,1,125,53
2021-03-07T23:59:59+01:00,2,2,2770,3118,6740,10227,5859,10274,5910,14059,6358,12234,2663,3339,4566,6982,3951,9855,1,0,1237,1207,3455,4723,2899,5445,2883,7688,3297,6409,1451,1642,1663,3276,1386,4936,74038,53478,4194,67,30561,0,1,115,52
2021-03-06T23:59:59+01:00,2,2,2724,2973,6557,9777,5663,9857,5435,13199,5981,11496,2641,3310,4560,6971,3948,9852,1,0,1237,1206,3451,4718,2897,5444,2882,7686,3296,6406,1450,1639,1663,3274,1385,4936,72807,53451,4194,67,27832,0,1,114,52
2021-03-05T23:59:59+01:00,2,2,2622,2712,6343,9200,5448,9463,5256,12632,5599,10512,2412,2842,4179,6587,3809,9630,1,0,1223,1202,3435,4703,2891,5431,2872,7668,3284,6387,1434,1630,1662,3270,1381,4932,70460,53291,3958,67,24718,0,1,113,47
2021-03-04T23:59:59+01:00,2,2,2540,2500,6131,8770,5291,9124,5073,12207,5420,10133,2316,2672,3619,5761,3637,9283,1,0,1211,1186,3390,4605,2859,5364,2840,7571,3253,6310,1412,1619,1648,3256,1371,4921,68386,52711,3508,64,22474,0,1,112,41
2021-03-03T23:59:59+01:00,2,2,2481,2440,5961,8361,5121,8759,4857,11756,5231,9684,2233,2564,3210,5320,3475,8983,1,0,1190,1176,3355,4557,2822,5298,2798,7472,3205,6234,1392,1592,1628,3225,1365,4903,66940,52113,3262,60,20126,0,1,111,39
2021-03-02T23:59:59+01:00,2,2,2423,2345,5801,8027,4963,8505,4689,11354,5064,9364,2161,2473,2902,4958,3256,8658,1,0,1185,1165,3336,4535,2807,5271,2780,7423,3196,6206,1387,1582,1610,3205,1362,4898,65552,51851,2998,59,18288,0,0,109,39
2021-03-01T23:59:59+01:00,2,2,2396,2314,5692,7807,4864,8360,4603,11201,4961,9189,2103,2395,2602,4632,3065,8338,1,0,1179,1162,3321,4517,2795,5242,2763,7377,3181,6178,1381,1579,1603,3196,1359,4892,64275,51628,2773,59,17372,0,0,106,39
2021-02-28T23:59:59+01:00,2,2,2343,2268,5510,7545,4690,8137,4464,11014,4849,9058,2060,2328,2303,4328,2862,8021,1,0,1169,1156,3307,4507,2788,5235,2758,7363,3173,6164,1376,1576,1595,3176,1358,4860,63142,51466,2468,59,16068,0,0,106,37
2021-02-27T23:59:59+01:00,2,2,2253,1956,5337,7122,4590,7832,4381,10667,4775,8808,2031,2267,2271,4281,2840,7970,1,0,1165,1152,3306,4505,2782,5233,2754,7360,3168,6160,1375,1576,1593,3172,1357,4859,62898,51427,2466,56,13915,0,0,106,35
2021-02-26T23:59:59+01:00,2,2,2183,1874,5191,6890,4444,7573,4229,10401,4566,8522,1902,2158,2210,4240,2731,7787,1,0,1143,1139,3290,4471,2769,5193,2743,7308,3147,6106,1369,1565,1589,3164,1356,4857,61561,51121,2460,55,12780,0,0,104,34
2021-02-25T23:59:59+01:00,2,2,2047,1769,4865,6483,4017,7120,3945,9884,4333,8140,1843,2099,2179,4181,2614,7592,1,0,1124,1121,3250,4425,2739,5142,2697,7200,3106,6013,1357,1549,1573,3123,1342,4798,61079,50475,2352,52,9581,0,0,103,33
2021-02-24T23:59:59+01:00,2,2,2012,1703,4747,6269,3914,6907,3822,9640,4211,7981,1820,2065,2148,4138,2500,7391,1,0,1111,1115,3221,4361,2704,5078,2671,7115,3078,5943,1342,1531,1549,3073,1330,4729,60527,49880,2107,40,8535,0,0,103,32
2021-02-23T23:59:59+01:00,2,2,1782,1560,4373,5783,3631,6521,3600,9257,4055,7697,1786,2030,2102,4089,2386,7206,1,0,1092,1103,3185,4333,2676,5020,2646,7039,3042,5883,1322,1511,1521,3037,1320,4674,60053,49348,2060,25,5648,0,0,101,32
2021-02-22T23:59:59+01:00,2,2,1772,1541,4321,5724,3594,6460,3533,9161,3995,7602,1751,2002,2077,4039,2265,7007,1,0,1086,1089,3163,4289,2657,4981,2621,6980,3011,5829,1308,1493,1509,3025,1312,4665,59505,48975,1917,15,5326,0,0,100,29
2021-02-21T23:59:59+01:00,2,2,1759,1535,4289,5690,3550,6422,3493,9108,3951,7551,1738,1991,2072,4029,2141,6840,1,0,1078,1078,3141,4247,2627,4929,2606,6912,2982,5742,1295,1477,1485,2964,1283,4583,59146,48388,1911,13,5010,0,0,96,29
2021-02-20T23:59:59+01:00,2,2,1753,1534,4282,5687,3547,6419,3492,9106,3948,7550,1733,1986,2069,4025,2140,6840,1,0,1078,1078,3138,4245,2627,4929,2605,6911,2982,5742,1295,1476,1484,2964,1283,4583,59127,48379,1911,13,4986,0,0,91,29
2021-02-19T23:59:59+01:00,2,2,1722,1521,4268,5665,3535,6405,3481,9096,3939,7532,1705,1957,2048,4007,2039,6657,1,0,1077,1076,3136,4243,2626,4928,2605,6908,2979,5740,1295,1475,1484,2962,1283,4583,58701,48360,1905,13,4887,0,0,88,28
2021-02-18T23:59:59+01:00,2,2,1667,1487,4172,5551,3463,6301,3393,8931,3850,7388,1680,1919,2015,3934,1907,6457,1,0,1027,1034,2997,4024,2499,4659,2494,6570,2871,5475,1261,1430,1452,2875,1254,4428,58040,46314,1814,11,4185,0,0,80,26
2021-02-17T23:59:59+01:00,2,1,1644,1457,4078,5402,3378,6148,3275,8697,3721,7185,1622,1845,1937,3827,1781,6140,0,0,969,985,2847,3801,2383,4349,2369,6162,2742,5163,1209,1367,1404,2763,1204,4250,56787,43932,1801,9,3474,0,0,78,26
2021-02-16T23:59:59+01:00,2,1,1566,1388,3916,5213,3243,5967,3167,8464,3598,7021,1598,1817,1903,3798,1662,5931,0,0,881,955,2714,3647,2286,4139,2244,5841,2613,4912,1151,1271,1257,2458,937,3616,56095,40894,1785,6,2304,0,0,71,22
2021-02-15T23:59:59+01:00,2,1,1547,1368,3867,5129,3183,5882,3109,8350,3532,6915,1584,1801,1888,3774,1653,5908,0,0,845,932,2633,3517,2212,3960,2164,5562,2525,4701,1104,1205,1163,2277,866,3386,55623,39031,1781,4,2021,0,0,68,17
2021-02-14T23:59:59+01:00,2,1,1479,1338,3785,5055,3139,5777,3054,8197,3488,6806,1563,1769,1834,3643,1594,5650,0,0,836,926,2580,3447,2171,3893,2110,5442,2459,4595,1075,1166,1073,2100,791,3137,55381,37784,1150,3,1575,0,0,68,14
2021-02-13T23:59:59+01:00,2,1,1475,1337,3776,5049,3132,5776,3050,8195,3485,6804,1562,1765,1834,3641,1592,5650,0,0,836,926,2580,3447,2171,3892,2108,5440,2458,4594,1072,1164,1071,2100,791,3137,55358,37777,1149,1,1551,0,0,68,9
2021-02-12T23:59:59+01:00,2,1,1435,1318,3739,5015,3109,5756,3028,8162,3466,6759,1543,1754,1824,3624,1584,5629,0,0,828,919,2546,3394,2137,3846,2078,5387,2440,4563,1071,1161,1069,2098,790,3135,55134,37456,1144,1,1406,0,0,64,5
2021-02-11T23:59:59+01:00,2,1,1382,1269,3622,4846,3018,5582,2930,7853,3367,6545,1483,1692,1755,3440,1492,5284,0,0,789,853,2292,2948,1909,3373,1847,4639,2167,4032,981,1089,972,1900,731,2852,54492,33371,155,0,857,0,0,59,3
2021-02-10T23:59:59+01:00,2,1,1356,1246,3559,4740,2953,5477,2887,7703,3314,6411,1463,1674,1727,3402,1478,5245,0,0,706,793,2000,2539,1698,2930,1611,4030,1908,3573,869,941,802,1520,587,2327,53841,28832,152,0,591,0,0,54,2
2021-02-09T23:59:59+01:00,2,1,1344,1227,3503,4669,2924,5408,2866,7611,3277,6342,1455,1658,1699,3379,1468,5232,0,0,656,711,1737,2193,1506,2544,1426,3531,1737,3215,836,907,777,1441,565,2211,53530,25993,147,0,334,0,0,54,0
2021-02-08T23:59:59+01:00,2,1,1330,1223,3474,4639,2904,5370,2844,7560,3257,6313,1443,1651,1689,3353,1466,5213,0,0,641,674,1587,1959,1365,2286,1294,3222,1580,2952,796,886,728,1333,531,2037,53226,23871,122,0,331,0,0,53,0
2021-02-07T23:59:59+01:00,2,1,1197,1180,3371,4584,2850,5327,2817,7522,3230,6275,1433,1633,1680,3330,1459,5181,0,0,496,527,1316,1604,1123,1836,1082,2631,1352,2428,691,757,646,1172,484,1808,52930,19953,93,0,0,0,0,49,0
2021-02-06T23:59:59+01:00,2,1,1193,1178,3369,4582,2846,5325,2810,7519,3226,6272,1432,1631,1679,3326,1458,5180,0,0,373,375,1117,1355,985,1532,941,2221,1187,2011,603,658,618,1154,481,1805,52887,17416,93,0,0,0,0,49,0
2021-02-05T23:59:59+01:00,2,0,1181,1167,3353,4559,2838,5297,2800,7476,3208,6226,1426,1623,1676,3320,1457,5180,0,0,273,217,933,1039,839,1163,765,1773,1011,1601,486,552,591,1134,478,1801,52649,14656,93,0,0,0,0,47,0
2021-02-04T23:59:59+01:00,2,0,1165,1148,3307,4507,2798,5222,2758,7346,3160,6142,1411,1607,1662,3286,1447,5152,0,0,143,89,632,669,549,741,526,1165,670,1003,306,371,484,986,433,1638,52005,10405,68,0,0,0,0,47,0
2021-02-03T23:59:59+01:00,2,0,1143,1142,3281,4464,2769,5181,2735,7298,3130,6087,1401,1596,1636,3245,1440,5099,0,0,122,72,501,520,417,597,422,918,514,756,253,291,379,770,334,1276,51540,8142,63,0,0,0,0,46,0
2021-02-02T23:59:59+01:00,2,0,1121,1128,3245,4433,2737,5128,2710,7224,3095,6023,1376,1567,1600,3190,1414,5003,0,0,113,63,417,420,347,518,370,827,460,673,233,268,333,695,306,1140,50889,7183,62,0,0,0,0,45,0
2021-02-01T23:59:59+01:00,2,0,1105,1116,3225,4381,2710,5067,2680,7098,3063,5927,1355,1536,1573,3152,1397,4938,0,0,84,48,316,315,255,391,277,619,329,506,194,219,262,555,238,893,50223,5501,62,0,0,0,0,40,0
2021-01-31T23:59:59+01:00,2,0,1097,1106,3209,4350,2685,5022,2663,7043,3050,5883,1343,1519,1550,3086,1369,4852,0,0,73,46,289,291,230,346,255,575,299,465,173,200,216,454,195,724,49729,4831,60,0,0,0,0,40,0
2021-01-30T23:59:59+01:00,2,0,1096,1106,3206,4344,2683,5021,2662,7042,3050,5882,1343,1518,1549,3086,1369,4852,0,0,72,41,279,277,217,331,250,564,295,459,172,197,215,454,195,724,49714,4742,57,0,0,0,0,40,0
2021-01-29T23:59:59+01:00,2,0,1094,1104,3204,4341,2683,5019,2662,7040,3047,5880,1343,1518,1549,3084,1369,4852,0,0,65,37,262,261,194,311,234,547,284,448,166,193,211,448,194,722,49694,4577,57,0,0,0,0,40,0
2021-01-28T23:59:59+01:00,2,0,1073,1085,3137,4239,2629,4910,2604,6884,2980,5749,1327,1495,1533,3016,1345,4726,0,0,55,20,165,155,130,188,164,362,209,284,133,150,165,284,117,432,48644,3013,53,0,0,0,0,37,0
2021-01-27T23:59:59+01:00,2,0,1027,1047,3055,4098,2548,4732,2509,6605,2896,5548,1294,1449,1491,2921,1308,4574,0,0,26,7,102,71,59,93,85,212,120,150,102,118,122,214,90,313,47029,1884,43,0,0,0,0,32,0
2021-01-26T23:59:59+01:00,1,0,949,1019,2938,3964,2468,4548,2427,6425,2827,5392,1266,1398,1401,2767,1084,4166,0,0,25,7,97,70,58,92,83,212,118,149,100,117,121,214,90,313,44982,1866,30,0,0,0,0,28,0
2021-01-25T23:59:59+01:00,1,0,931,1002,2854,3835,2424,4401,2367,6230,2768,5242,1244,1373,1387,2738,1071,4130,0,0,25,7,95,69,56,90,83,212,118,147,100,116,121,214,90,313,43955,1856,20,0,0,0,0,23,0
2021-01-24T23:59:59+01:00,1,0,921,998,2833,3818,2413,4369,2341,6191,2734,5181,1230,1365,1377,2713,1057,4096,0,0,25,7,95,69,56,89,83,211,117,147,99,116,121,214,90,313,43604,1852,16,0,0,0,0,18,0
2021-01-23T23:59:59+01:00,1,0,921,998,2833,3817,2413,4368,2339,6189,2733,5180,1227,1363,1374,2713,1057,4096,0,0,25,6,94,69,56,89,83,211,117,147,99,116,121,214,90,311,43596,1848,14,0,0,0,0,12,0
2021-01-22T23:59:59+01:00,1,0,914,990,2801,3771,2379,4303,2307,6114,2712,5133,1225,1359,1372,2710,1056,4093,0,0,25,6,94,68,56,89,83,211,117,147,99,116,121,214,90,311,43220,1847,14,0,0,0,0,6,0
2021-01-21T23:59:59+01:00,1,0,898,922,2546,3360,2177,3886,2125,5503,2487,4648,1167,1314,1323,2591,1020,3935,0,0,21,6,83,62,52,72,70,171,97,134,89,100,101,154,74,235,39885,1521,14,0,0,0,0,4,0
2021-01-20T23:59:59+01:00,1,0,818,857,2237,2953,1971,3428,1895,4895,2232,4175,1053,1172,1152,2237,886,3410,0,0,21,6,83,62,52,71,69,171,96,134,89,100,101,154,72,235,35356,1516,14,0,0,0,0,2,0
2021-01-19T23:59:59+01:00,1,0,754,776,1944,2510,1732,2971,1661,4233,1989,3701,976,1074,1024,1947,778,3028,0,0,10,3,50,46,33,44,35,100,44,77,41,37,50,83,44,152,31088,849,11,0,0,0,0,0,0
2021-01-18T23:59:59+01:00,1,0,680,716,1715,2117,1493,2499,1415,3550,1736,3197,889,987,917,1731,721,2745,0,0,5,2,19,11,13,21,17,54,17,33,21,22,26,56,31,82,27103,430,6,0,0,0,0,0,0
2021-01-17T23:59:59+01:00,0,0,502,555,1395,1713,1215,1966,1161,2818,1455,2574,747,831,762,1440,598,2351,0,0,0,1,4,2,0,0,0,0,0,0,1,0,0,0,0,0,22079,8,4,0,0,0,0,0,0
2021-01-16T23:59:59+01:00,0,0,382,404,1214,1468,1094,1679,1022,2420,1297,2167,660,734,734,1423,596,2350,0,0,0,0,0,0,0,0,0,0,0,0,0,0,0,0,0,0,19641,0,3,0,0,0,0,0,0
2021-01-15T23:59:59+01:00,0,0,279,243,1030,1169,944,1334,853,1974,1119,1765,541,623,695,1388,583,2309,0,0,0,0,0,0,0,0,0,0,0,0,0,0,0,0,0,0,16847,0,2,0,0,0,0,0,0
2021-01-14T23:59:59+01:00,0,0,162,108,716,783,652,864,618,1316,755,1145,354,434,570,1203,524,2059,0,0,0,0,0,0,0,0,0,0,0,0,0,0,0,0,0,0,12263,0,0,0,0,0,0,0,0
2021-01-13T23:59:59+01:00,0,0,135,89,605,618,528,698,501,1058,598,879,298,358,481,1016,451,1755,0,0,0,0,0,0,0,0,0,0,0,0,0,0,0,0,0,0,10068,0,0,0,0,0,0,0,0
2021-01-12T23:59:59+01:00,0,0,125,73,519,527,452,597,433,926,526,773,263,309,393,819,377,1370,0,0,0,0,0,0,0,0,0,0,0,0,0,0,0,0,0,0,8482,0,0,0,0,0,0,0,0
2021-01-11T23:59:59+01:00,0,0,95,60,423,434,367,485,347,749,421,598,229,258,326,685,307,1158,0,0,0,0,0,0,0,0,0,0,0,0,0,0,0,0,0,0,6942,0,0,0,0,0,0,0,0
2021-01-10T23:59:59+01:00,0,0,79,52,357,360,300,402,294,652,351,528,200,227,261,545,245,902,0,0,0,0,0,0,0,0,0,0,0,0,0,0,0,0,0,0,5755,0,0,0,0,0,0,0,0
2021-01-09T23:59:59+01:00,0,0,78,49,343,339,276,381,286,636,343,521,199,226,260,543,245,902,0,0,0,0,0,0,0,0,0,0,0,0,0,0,0,0,0,0,5627,0,0,0,0,0,0,0,0
2021-01-08T23:59:59+01:00,0,0,72,41,306,305,231,340,256,592,316,480,181,206,235,482,224,798,0,0,0,0,0,0,0,0,0,0,0,0,0,0,0,0,0,0,5065,0,0,0,0,0,0,0,0
2021-01-07T23:59:59+01:00,0,0,58,27,213,201,162,242,197,426,245,343,151,167,180,317,150,512,0,0,0,0,0,0,0,0,0,0,0,0,0,0,0,0,0,0,3591,0,0,0,0,0,0,0,0
2021-01-06T23:59:59+01:00,0,0,46,16,166,121,113,161,146,298,180,244,119,135,139,250,107,367,0,0,0,0,0,0,0,0,0,0,0,0,0,0,0,0,0,0,2608,0,0,0,0,0,0,0,0
2021-01-05T23:59:59+01:00,0,0,28,9,101,73,59,94,89,215,119,152,109,125,130,231,106,341,0,0,0,0,0,0,0,0,0,0,0,0,0,0,0,0,0,0,1981,0,0,0,0,0,0,0,0
2021-01-04T23:59:59+01:00,0,0,26,9,100,71,56,91,89,215,119,150,109,123,129,231,106,341,0,0,0,0,0,0,0,0,0,0,0,0,0,0,0,0,0,0,1965,0,0,0,0,0,0,0,0
2021-01-03T23:59:59+01:00,0,0,26,9,100,69,56,90,89,214,118,150,108,123,129,231,106,341,0,0,0,0,0,0,0,0,0,0,0,0,0,0,0,0,0,0,1959,0,0,0,0,0,0,0,0
2021-01-02T23:59:59+01:00,0,0,26,8,100,69,56,90,88,214,117,150,108,123,129,231,106,340,0,0,0,0,0,0,0,0,0,0,0,0,0,0,0,0,0,0,1955,0,0,0,0,0,0,0,0
2021-01-01T23:59:59+01:00,0,0,26,7,99,69,56,90,88,214,116,149,108,123,129,231,106,340,0,0,0,0,0,0,0,0,0,0,0,0,0,0,0,0,0,0,1951,0,0,0,0,0,0,0,0
2020-12-31T23:59:59+01:00,0,0,26,7,99,69,56,90,87,214,115,149,108,123,129,231,106,340,0,0,0,0,0,0,0,0,0,0,0,0,0,0,0,0,0,0,1949,0,0,0,0,0,0,0,0
2020-12-30T23:59:59+01:00,0,0,26,7,99,69,55,90,86,214,115,149,108,123,129,231,105,340,0,0,0,0,0,0,0,0,0,0,0,0,0,0,0,0,0,0,1946,0,0,0,0,0,0,0,0
2020-12-29T23:59:59+01:00,0,0,14,2,67,54,33,61,50,138,64,91,53,54,74,142,65,232,0,0,0,0,0,0,0,0,0,0,0,0,0,0,0,0,0,0,1194,0,0,0,0,0,0,0,0
2020-12-28T23:59:59+01:00,0,0,5,2,37,26,20,31,21,67,25,41,23,22,27,51,34,82,0,0,0,0,0,0,0,0,0,0,0,0,0,0,0,0,0,0,514,0,0,0,0,0,0,0,0
2020-12-27T23:59:59+01:00,0,0,1,0,9,6,8,2,1,5,0,2,1,1,2,2,4,6,0,0,0,0,0,0,0,0,0,0,0,0,0,0,0,0,0,0,50,0,0,0,0,0,0,0,0
