Datum,<15_m,<15_w,15-24_1_m,15-24_1_w,25-34_1_m,25-34_1_w,35-44_1_m,35-44_1_w,45-54_1_m,45-54_1_w,55-64_1_m,55-64_1_w,65-74_1_m,65-74_1_w,75-84_1_m,75-84_1_w,>84_1_m,>84_1_w,<24_2_m,<24_2_w,25-34_2_m,25-34_2_w,35-44_2_m,35-44_2_w,45-54_2_m,45-54_2_w,55-64_2_m,55-64_2_w,65-74_2_m,65-74_2_w,75-84_2_m,75-84_2_w,>84_2_m,>84_2_w,bp_1,bp_2,mo_1,mo_2,az_1,az_2,ja,unb_1,unb_2
2021-10-18T23:59:59+02:00,11542,11012,69664,69611,110875,107872,100536,99974,96582,102019,95246,97061,56920,70578,44587,61873,11062,22458,63039,63197,104441,100860,95213,93828,92165,96979,91678,93335,55178,68439,43398,59948,10556,21273,846252,796754,136964,131541,158716,145637,97397,216,215
2021-10-17T23:59:59+02:00,11500,10973,69525,69489,110771,107771,100447,99904,96543,101971,95210,97015,56900,70561,44585,61863,11060,22455,62811,62956,104290,100720,95096,93698,92072,96897,91625,93273,55158,68409,43390,59931,10552,21268,845455,795459,136919,131443,158715,145630,97311,216,215
2021-10-16T23:59:59+02:00,11486,10955,69479,69444,110723,107730,100428,99883,96514,101944,95195,97007,56900,70558,44584,61861,11058,22455,62724,62873,104227,100667,95050,93638,92042,96867,91604,93256,55155,68403,43388,59929,10552,21267,845167,794987,136909,131394,158715,145629,97270,216,215
2021-10-15T23:59:59+02:00,11433,10918,69373,69364,110620,107643,100362,99812,96461,101893,95169,96976,56894,70556,44583,61856,11057,22455,62588,62691,104119,100557,94958,93540,91968,96789,91556,93222,55147,68381,43382,59918,10552,21265,844514,794026,136884,131323,158714,145627,97170,216,215
2021-10-14T23:59:59+02:00,11330,10826,69202,69188,110496,107507,100253,99723,96375,101815,95120,96924,56873,70523,44571,61832,11053,22450,62301,62420,103978,100354,94818,93349,91853,96658,91484,93146,55112,68335,43365,59892,10550,21258,843315,792224,136812,131205,158712,145621,97079,216,215
2021-10-13T23:59:59+02:00,11235,10762,69069,69081,110395,107411,100170,99636,96301,101736,95072,96870,56841,70483,44556,61801,11047,22433,62145,62277,103853,100221,94715,93207,91769,96573,91427,93078,55077,68292,43345,59864,10543,21249,842349,791130,136750,131131,158710,145612,96947,216,215
2021-10-12T23:59:59+02:00,11096,10656,68891,68948,110300,107299,100077,99544,96244,101680,95034,96824,56826,70451,44547,61784,11040,22422,61988,62120,103727,100093,94602,93089,91681,96504,91368,93023,55025,68259,43333,59845,10540,21238,841291,790001,136688,131070,158706,145607,96835,215,213
2021-10-11T23:59:59+02:00,11024,10594,68753,68837,110190,107196,99992,99465,96185,101606,94979,96784,56798,70425,44528,61764,11035,22409,61822,61957,103601,99969,94507,92994,91609,96418,91319,92976,54989,68216,43318,59819,10531,21230,840356,788960,136622,130988,158703,145597,96740,215,213
2021-10-10T23:59:59+02:00,10952,10543,68597,68731,110058,107059,99902,99376,96120,101530,94936,96747,56780,70405,44522,61750,11027,22404,61639,61811,103443,99811,94403,92863,91521,96313,91243,92937,54964,68192,43309,59806,10528,21220,839433,787837,136573,130929,158699,145587,96591,215,213
2021-10-09T23:59:59+02:00,10927,10525,68512,68674,109996,107014,99863,99338,96084,101498,94921,96733,56774,70399,44521,61749,11027,22404,61554,61737,103362,99735,94347,92808,91480,96268,91222,92916,54958,68181,43304,59798,10527,21219,839057,787308,136544,130871,158697,145584,96518,215,213
2021-10-08T23:59:59+02:00,10856,10471,68372,68581,109865,106912,99792,99246,96019,101452,94874,96686,56762,70383,44518,61746,11027,22403,61387,61556,103232,99587,94233,92693,91397,96175,91174,92876,54943,68168,43298,59789,10525,21218,838240,786219,136497,130784,158696,145577,96388,215,213
2021-10-07T23:59:59+02:00,10778,10395,68175,68409,109702,106747,99660,99106,95933,101336,94802,96620,56740,70346,44504,61725,11023,22392,61111,61309,103041,99373,94087,92477,91289,96041,91100,92804,54913,68119,43283,59758,10518,21209,836898,784435,136427,130664,158694,145569,96230,215,213
2021-10-06T23:59:59+02:00,10711,10339,68009,68273,109579,106615,99571,99001,95853,101277,94757,96569,56698,70304,44490,61705,11020,22378,60933,61140,102907,99229,93978,92362,91216,95944,91026,92731,54882,68079,43270,59731,10513,21192,835869,783270,136365,130603,158693,145558,96076,215,213
2021-10-05T23:59:59+02:00,10606,10250,67840,68138,109438,106476,99462,98875,95791,101201,94712,96515,56680,70277,44481,61669,11015,22365,60740,60969,102761,99046,93863,92213,91118,95858,90965,92658,54855,68036,43253,59713,10509,21177,834729,782011,136294,130538,158692,145553,95930,215,213
2021-10-04T23:59:59+02:00,10569,10220,67679,67977,109286,106333,99375,98771,95703,101118,94661,96458,56646,70231,44467,61640,11012,22343,60592,60790,102627,98913,93735,92094,91029,95766,90907,92609,54820,67994,43229,59679,10503,21157,833704,780924,136222,130481,158690,145544,95728,214,213
2021-10-03T23:59:59+02:00,10504,10165,67479,67812,109122,106183,99263,98668,95617,101021,94597,96404,56614,70199,44459,61615,11011,22340,60399,60637,102441,98739,93598,91934,90933,95656,90833,92552,54784,67950,43212,59654,10500,21149,832586,779674,136154,130396,158686,145535,95502,214,213
2021-10-02T23:59:59+02:00,10479,10139,67378,67719,109037,106118,99200,98606,95567,100972,94576,96383,56603,70181,44459,61614,11010,22338,60281,60523,102369,98663,93531,91869,90887,95609,90807,92530,54777,67933,43211,59650,10499,21149,832057,779088,136092,130347,158684,145515,95401,214,213
2021-10-01T23:59:59+02:00,10394,10039,67227,67559,108858,105978,99083,98497,95489,100906,94524,96344,56586,70163,44457,61602,11008,22336,60088,60299,102202,98510,93403,91727,90783,95502,90746,92473,54760,67904,43208,59641,10498,21146,831015,777822,136034,130262,158682,145476,95174,214,213
2021-09-30T23:59:59+02:00,10316,9970,67009,67342,108654,105742,98910,98308,95355,100769,94432,96245,56551,70118,44440,61571,11004,22322,59838,60041,102004,98303,93219,91517,90646,95355,90658,92382,54733,67855,43193,59608,10488,21132,829437,776161,135944,130145,158676,145428,94853,214,213
2021-09-29T23:59:59+02:00,10238,9914,66818,67157,108463,105548,98762,98150,95233,100663,94351,96174,56511,70063,44423,61537,10999,22303,59666,59874,101822,98127,93085,91354,90538,95252,90587,92301,54700,67807,43174,59562,10485,21118,828066,774947,135879,130069,158672,145395,94542,214,213
2021-09-28T23:59:59+02:00,10154,9839,66635,66954,108265,105389,98618,97995,95124,100553,94267,96096,56470,70024,44411,61499,10992,22276,59480,59697,101635,97972,92953,91221,90416,95124,90508,92233,54669,67770,43157,59534,10476,21103,826704,773788,135817,129983,158670,145361,94222,214,213
2021-09-27T23:59:59+02:00,10026,9706,66401,66708,108059,105220,98487,97852,95038,100446,94191,96025,56443,69978,44398,61468,10987,22265,59283,59515,101457,97838,92816,91087,90314,95016,90438,92158,54632,67715,43135,59507,10468,21092,825319,772745,135745,129904,158669,145320,93817,214,213
2021-09-26T23:59:59+02:00,9908,9613,66166,66484,107835,105034,98322,97709,94922,100324,94108,95945,56406,69947,44384,61445,10982,22252,59049,59323,101258,97659,92671,90925,90208,94898,90366,92084,54603,67687,43121,59479,10463,21077,823910,771617,135667,129811,158663,145261,93398,214,213
2021-09-25T23:59:59+02:00,9870,9573,66051,66360,107732,104944,98248,97650,94865,100273,94077,95917,56402,69939,44382,61442,10981,22252,58939,59206,101157,97567,92590,90855,90168,94832,90329,92063,54591,67676,43117,59475,10463,21077,823362,771072,135607,129759,158663,145233,93178,214,213
2021-09-24T23:59:59+02:00,9809,9512,65894,66183,107566,104777,98103,97506,94746,100170,94007,95862,56387,69922,44374,61428,10981,22250,58725,58981,100977,97376,92465,90710,90060,94726,90246,91997,54570,67654,43114,59470,10462,21074,822351,769895,135537,129693,158663,145171,92777,214,213
2021-09-23T23:59:59+02:00,9718,9389,65580,65854,107308,104530,97912,97279,94587,100005,93905,95752,56343,69863,44350,61399,10975,22221,58433,58703,100736,97150,92280,90501,89928,94576,90151,91893,54522,67605,43092,59442,10461,21051,820579,768367,135418,129583,158657,145101,92167,214,213
2021-09-22T23:59:59+02:00,9647,9309,65246,65539,107105,104321,97718,97077,94431,99872,93778,95655,56296,69794,44316,61356,10964,22199,58255,58526,100557,96987,92103,90365,89812,94458,90045,91817,54488,67561,43064,59411,10455,21036,818847,767348,135309,129506,158652,145018,91665,214,213
2021-09-21T23:59:59+02:00,9560,9223,65022,65298,106901,104143,97547,96920,94316,99764,93697,95584,56246,69743,44298,61313,10957,22187,58066,58347,100366,96835,91965,90235,89725,94369,89956,91743,54449,67504,43043,59372,10446,21018,817404,766312,135233,129412,158649,144955,91283,214,213
2021-09-20T23:59:59+02:00,9500,9166,64739,64996,106708,103961,97387,96755,94211,99668,93631,95508,56206,69700,44278,61270,10952,22176,57876,58198,100188,96693,91813,90084,89584,94270,89877,91672,54404,67467,43017,59336,10440,21002,815996,765329,135156,129331,158644,144808,90865,214,213
2021-09-19T23:59:59+02:00,9450,9122,64462,64826,106481,103769,97238,96587,94073,99567,93529,95434,56177,69646,44268,61245,10949,22164,57635,58005,99948,96520,91629,89919,89402,94098,89760,91590,54367,67406,42998,59302,10439,20989,814680,764138,135075,129215,158641,144546,90440,214,213
2021-09-18T23:59:59+02:00,9418,9077,64368,64726,106363,103673,97128,96501,94005,99496,93496,95406,56169,69637,44264,61240,10947,22163,57515,57885,99845,96422,91507,89839,89331,94035,89724,91560,54357,67401,42991,59299,10437,20985,814110,763511,134986,129150,158639,144534,90191,214,213
2021-09-17T23:59:59+02:00,9340,8991,64176,64567,106188,103517,96959,96348,93875,99399,93423,95330,56153,69610,44253,61234,10941,22157,57312,57652,99660,96261,91355,89722,89215,93929,89647,91499,54342,67374,42983,59292,10437,20982,813016,762396,134898,129053,158635,144517,89761,214,213
2021-09-16T23:59:59+02:00,9250,8884,63905,64276,105919,103263,96728,96112,93687,99221,93321,95241,56102,69556,44240,61207,10934,22143,57063,57384,99398,96033,91162,89515,89040,93770,89546,91412,54296,67324,42961,59271,10432,20970,811240,760909,134811,128917,158625,144453,89161,214,213
2021-09-15T23:59:59+02:00,9180,8828,63557,63987,105721,103051,96521,95919,93552,99062,93219,95157,56064,69499,44205,61176,10929,22116,56890,57228,99206,95870,90993,89359,88935,93657,89443,91350,54264,67276,42936,59238,10428,20954,809503,759867,134757,128800,158621,144417,88709,214,213
2021-09-14T23:59:59+02:00,9138,8777,63268,63782,105490,102839,96324,95741,93419,98921,93103,95071,56018,69442,44180,61138,10924,22100,56689,57048,99031,95684,90826,89196,88803,93546,89361,91279,54227,67236,42914,59211,10423,20939,807980,758834,134688,128708,158613,144319,88241,214,212
2021-09-13T23:59:59+02:00,9103,8743,62976,63521,105265,102611,96154,95573,93275,98786,93016,94973,55968,69388,44163,61105,10917,22088,56482,56867,98838,95494,90672,89039,88672,93440,89275,91204,54190,67191,42894,59182,10420,20922,806487,757749,134600,128594,158603,144277,87782,214,212
2021-09-12T23:59:59+02:00,9052,8695,62673,63279,105021,102365,95945,95344,93114,98657,92920,94893,55918,69339,44147,61074,10912,22077,56283,56707,98596,95286,90505,88871,88537,93324,89178,91129,54147,67134,42872,59154,10416,20905,804973,756725,134502,128467,158599,144206,87198,214,212
2021-09-11T23:59:59+02:00,9005,8662,62552,63149,104879,102245,95842,95235,93029,98579,92881,94861,55903,69325,44142,61062,10912,22076,56136,56618,98448,95180,90407,88772,88438,93258,89141,91103,54137,67115,42868,59144,10416,20904,804291,756129,134444,128390,158599,144187,86852,214,212
2021-09-10T23:59:59+02:00,8910,8551,62317,62887,104682,102033,95671,95045,92888,98454,92787,94789,55869,69296,44128,61044,10912,22074,55895,56412,98250,94994,90223,88589,88306,93129,89057,91033,54115,67094,42855,59125,10416,20900,802916,754971,134381,128274,158596,144172,86291,214,212
2021-09-09T23:59:59+02:00,8812,8453,62009,62614,104408,101718,95438,94756,92713,98230,92652,94673,55830,69232,44107,61014,10902,22053,55646,56189,97999,94744,90002,88358,88145,92975,88915,90948,54073,67045,42834,59095,10410,20894,800965,753565,134277,128089,158592,144100,85627,214,212
2021-09-08T23:59:59+02:00,8752,8403,61793,62386,104195,101485,95251,94538,92551,98065,92539,94544,55795,69166,44073,60974,10889,22029,55488,56035,97815,94540,89845,88163,87988,92831,88796,90843,54035,66983,42798,59053,10399,20860,799513,752560,134172,127941,158583,144013,85007,214,212
2021-09-07T23:59:59+02:00,8701,8350,61556,62176,103969,101252,95068,94348,92411,97925,92437,94468,55761,69117,44044,60918,10879,22007,55293,55872,97598,94344,89660,87998,87861,92723,88698,90754,53993,66937,42773,59021,10394,20843,798038,751481,134068,127814,158579,143885,84549,214,212
2021-09-06T23:59:59+02:00,8660,8308,61352,62003,103769,101080,94928,94192,92294,97800,92350,94394,55704,69060,44022,60891,10872,21974,55124,55704,97400,94181,89493,87841,87733,92598,88600,90674,53941,66889,42752,58976,10384,20819,796815,750378,133978,127679,158568,143801,84139,214,212
2021-09-05T23:59:59+02:00,8599,8259,61143,61801,103606,100893,94773,94022,92171,97688,92273,94327,55677,69019,44012,60870,10867,21967,54920,55503,97206,93981,89305,87680,87593,92471,88516,90588,53892,66839,42735,58953,10379,20803,795636,749214,133897,127509,158565,143706,83716,214,212
2021-09-04T23:59:59+02:00,8548,8229,61025,61692,103520,100795,94672,93937,92115,97620,92238,94302,55668,69008,44006,60860,10867,21966,54794,55389,97088,93855,89189,87581,87524,92390,88467,90554,53877,66828,42729,58942,10379,20802,795045,748563,133849,127386,158561,143688,83460,214,212
2021-09-03T23:59:59+02:00,8470,8157,60836,61510,103351,100642,94525,93796,92012,97506,92166,94250,55640,68982,43998,60845,10865,21959,54588,55207,96887,93639,88997,87389,87378,92217,88374,90475,53845,66794,42718,58923,10375,20799,793952,747315,133796,127159,158553,143652,83056,214,212
2021-09-02T23:59:59+02:00,8353,8066,60585,61266,103100,100403,94332,93577,91827,97346,92049,94152,55594,68925,43975,60810,10861,21938,54324,54950,96594,93362,88756,87116,87157,92012,88231,90360,53800,66712,42687,58872,10365,20763,792317,745665,133687,126802,158542,143534,82459,214,212
2021-09-01T23:59:59+02:00,8289,7984,60376,61055,102905,100233,94184,93426,91711,97223,91945,94079,55551,68875,43957,60786,10853,21920,54069,54731,96367,93142,88561,86902,86979,91845,88091,90251,53735,66623,42649,58828,10355,20742,791078,744217,133614,126542,158526,143415,81980,214,208
2021-08-31T23:59:59+02:00,8209,7909,60172,60811,102706,100052,94007,93269,91589,97108,91822,93998,55506,68824,43931,60746,10844,21904,53816,54473,96098,92893,88345,86668,86822,91685,87930,90147,53691,66551,42623,58773,10348,20723,789729,742725,133534,126233,158514,143305,81476,214,208
2021-08-30T23:59:59+02:00,8113,7833,59969,60627,102536,99909,93890,93139,91472,97006,91755,93919,55473,68796,43915,60712,10839,21888,53565,54280,95858,92660,88136,86440,86644,91543,87804,90024,53635,66473,42582,58709,10331,20694,788627,741293,133477,125920,158507,143158,81025,214,207
2021-08-29T23:59:59+02:00,8036,7755,59692,60387,102298,99712,93706,92966,91333,96889,91666,93830,55428,68746,43891,60682,10837,21879,53214,53970,95538,92371,87845,86181,86409,91347,87650,89897,53566,66398,42552,58669,10325,20677,787272,739384,133387,125584,158492,143013,80427,214,207
2021-08-28T23:59:59+02:00,7980,7688,59555,60276,102192,99604,93602,92883,91248,96814,91621,93800,55414,68733,43883,60678,10836,21877,53036,53822,95376,92239,87710,86070,86298,91259,87581,89854,53549,66377,42543,58662,10323,20676,786653,738562,133348,125479,158488,142987,80040,214,207
2021-08-27T23:59:59+02:00,7914,7603,59368,60084,102022,99437,93461,92756,91137,96708,91535,93743,55392,68704,43873,60661,10835,21874,52789,53576,95080,91965,87489,85864,86125,91104,87474,89755,53506,66341,42528,58636,10318,20673,785667,736988,133286,125278,158450,142951,79549,214,207
2021-08-26T23:59:59+02:00,7828,7504,59131,59837,101796,99218,93243,92533,90959,96527,91428,93645,55343,68642,43840,60634,10829,21862,52454,53293,94714,91615,87154,85554,85884,90846,87316,89623,53443,66252,42482,58593,10311,20661,784197,735079,133188,124870,158427,142819,78832,214,205
2021-08-25T23:59:59+02:00,7756,7414,58903,59640,101627,99075,93092,92351,90839,96404,91319,93566,55305,68590,43806,60590,10824,21839,52153,53041,94411,91361,86930,85311,85687,90658,87183,89497,53375,66166,42434,58525,10305,20630,782985,733355,133106,124558,158417,142751,78278,213,203
2021-08-24T23:59:59+02:00,7706,7362,58683,59421,101441,98902,92926,92189,90728,96277,91234,93495,55267,68536,43779,60547,10818,21814,51832,52778,94061,91075,86630,85061,85477,90468,87031,89336,53290,66072,42386,58459,10297,20608,781848,731537,133014,124256,158410,142532,77699,213,203
2021-08-23T23:59:59+02:00,7650,7310,58480,59215,101278,98746,92796,92029,90636,96192,91158,93410,55229,68493,43750,60521,10814,21796,51510,52512,93723,90797,86382,84786,85282,90298,86896,89211,53212,65979,42351,58408,10290,20590,780709,729642,132943,123970,158400,142358,77297,213,202
2021-08-22T23:59:59+02:00,7581,7254,58285,59033,101075,98587,92638,91893,90541,96076,91079,93343,55193,68447,43736,60497,10808,21782,51138,52159,93323,90395,86074,84480,85045,90070,86727,89087,53133,65873,42319,58347,10282,20568,779686,727321,132841,123658,158388,142142,76779,213,198
2021-08-21T23:59:59+02:00,7527,7216,58151,58910,100941,98481,92533,91789,90442,96015,91022,93308,55173,68425,43728,60480,10806,21779,50805,51858,93156,90247,85905,84322,84898,89946,86641,89024,53102,65849,42309,58331,10281,20562,779009,725795,132766,123430,158387,142101,76410,213,198
2021-08-20T23:59:59+02:00,7474,7164,57996,58738,100769,98329,92382,91655,90327,95891,90946,93248,55151,68400,43718,60463,10804,21774,50473,51519,92892,89980,85642,84088,84683,89742,86508,88914,53071,65808,42286,58307,10274,20555,778053,723830,132717,123224,158381,142036,75924,213,198
2021-08-19T23:59:59+02:00,7407,7104,57749,58502,100494,98101,92174,91463,90167,95725,90818,93145,55109,68341,43693,60432,10797,21760,50029,51081,92462,89579,85235,83686,84372,89427,86294,88731,53000,65700,42248,58246,10264,20537,776689,721133,132584,122778,158373,141830,75181,213,197
2021-08-18T23:59:59+02:00,7343,7049,57568,58341,100310,97921,92029,91300,90028,95605,90717,93051,55042,68277,43664,60387,10787,21740,49678,50714,92085,89253,84915,83355,84095,89177,86104,88559,52886,65585,42177,58154,10249,20507,775537,718742,132495,122389,158366,141591,74608,212,197
2021-08-17T23:59:59+02:00,7281,6998,57378,58184,100118,97747,91863,91151,89906,95474,90621,92959,55003,68229,43639,60359,10785,21725,49185,50293,91635,88831,84512,83000,83766,88883,85898,88356,52783,65460,42119,58077,10243,20483,774422,715727,132391,121980,158353,141301,74102,211,197
2021-08-16T23:59:59+02:00,7222,6932,57195,58008,99915,97572,91715,90990,89764,95357,90506,92862,54951,68168,43610,60308,10778,21711,48619,49718,91157,88384,84043,82604,83431,88590,85667,88150,52680,65345,42061,57999,10234,20446,773254,712198,132299,121536,158346,141073,73513,211,197
2021-08-15T23:59:59+02:00,7156,6884,56974,57820,99730,97388,91557,90850,89639,95251,90417,92803,54913,68127,43590,60279,10774,21704,47496,48581,90513,87693,83486,82060,83036,88202,85380,87943,52572,65223,42017,57940,10225,20427,772171,706384,132188,120907,158338,140893,73007,211,196
2021-08-14T23:59:59+02:00,7124,6851,56852,57732,99589,97289,91454,90774,89552,95182,90366,92758,54898,68111,43585,60272,10773,21703,47343,48437,90280,87519,83273,81852,82912,88101,85310,87899,52544,65192,42008,57929,10224,20425,771646,705567,132132,120583,158334,140842,72601,211,196
2021-08-13T23:59:59+02:00,7078,6806,56698,57603,99431,97161,91327,90636,89446,95068,90285,92694,54868,68060,43571,60249,10771,21696,47038,48119,89803,87114,82873,81475,82648,87868,85140,87758,52501,65124,41986,57905,10221,20413,770816,703340,132073,120026,158327,140762,72082,209,196
2021-08-12T23:59:59+02:00,7043,6756,56494,57441,99218,96984,91153,90470,89301,94926,90190,92614,54830,68007,43545,60215,10763,21679,46623,47728,89155,86537,82293,80924,82268,87541,84912,87579,52427,65022,41933,57846,10211,20395,769752,700365,131970,119184,158314,140512,71443,209,195
2021-08-11T23:59:59+02:00,7007,6701,56307,57269,99011,96802,90993,90329,89168,94810,90079,92511,54778,67947,43514,60176,10754,21664,46207,47269,88528,85885,81711,80413,81930,87235,84641,87336,52339,64881,41861,57721,10192,20346,768620,697188,131872,118228,158291,140177,70890,206,194
2021-08-10T23:59:59+02:00,6946,6653,56122,57103,98791,96653,90836,90179,89039,94697,89995,92434,54733,67900,43498,60136,10750,21651,45770,46800,87881,85257,81102,79870,81519,86855,84396,87120,52218,64772,41801,57638,10178,20315,767557,693845,131778,117284,158272,139860,70362,206,194
2021-08-09T23:59:59+02:00,6894,6594,55949,56940,98596,96499,90681,90041,88898,94600,89884,92371,54694,67851,43473,60101,10743,21636,45203,46245,87043,84581,80412,79282,81105,86506,84103,86896,52106,64640,41745,57537,10164,20273,766531,690025,131705,116219,158262,139512,69800,206,191
2021-08-08T23:59:59+02:00,6823,6525,55722,56749,98385,96310,90502,89875,88761,94477,89789,92295,54638,67804,43447,60066,10736,21615,44597,45630,85970,83640,79504,78469,80560,86028,83772,86595,51971,64486,41681,57446,10151,20246,765307,684884,131593,115036,158242,139196,69229,206,190
2021-08-07T23:59:59+02:00,6779,6474,55577,56625,98245,96194,90373,89772,88666,94419,89726,92255,54619,67777,43444,60056,10733,21610,43756,44748,85632,83302,79027,78029,80200,85675,83590,86450,51908,64402,41660,57410,10146,20237,764634,681164,131531,113887,158238,139091,68793,206,189
2021-08-06T23:59:59+02:00,6723,6425,55385,56474,98013,96010,90220,89642,88541,94302,89628,92184,54579,67749,43435,60029,10730,21606,42834,43858,85162,82833,78439,77473,79810,85290,83399,86303,51855,64337,41634,57378,10138,20223,763670,677196,131431,112604,158231,138955,68195,206,188
2021-08-05T23:59:59+02:00,6657,6353,55063,56228,97714,95740,89959,89420,88328,94110,89458,92048,54514,67659,43405,59977,10721,21588,41592,42688,84429,82149,77659,76672,79213,84725,83042,86000,51725,64177,41573,57275,10123,20191,762013,671619,131303,110965,158219,138410,67259,206,187
2021-08-04T23:59:59+02:00,6576,6303,54823,56041,97462,95527,89774,89253,88186,93970,89340,91950,54461,67607,43367,59930,10717,21578,41116,42194,83202,81098,76316,75527,78723,84269,82722,85753,51583,64038,41516,57188,10107,20165,760721,666415,131194,109453,158205,137940,66597,206,187
2021-08-03T23:59:59+02:00,6510,6237,54565,55846,97226,95335,89597,89089,88043,93824,89194,91829,54383,67526,43330,59872,10709,21570,40677,41767,81952,79958,74892,74338,78114,83699,82177,85260,51369,63833,41415,57033,10094,20129,759342,660585,131089,107752,158180,137236,65926,206,187
2021-08-02T23:59:59+02:00,6448,6175,54327,55643,96965,95112,89375,88914,87871,93684,89050,91716,54300,67453,43297,59819,10706,21550,40197,41280,80631,78846,73342,73131,77487,83133,81633,84775,51199,63629,41340,56912,10077,20095,757907,654510,130939,105991,158158,136631,65254,205,185
2021-08-01T23:59:59+02:00,6382,6089,54059,55378,96698,94841,89136,88738,87668,93540,88886,91606,54231,67367,43260,59767,10699,21543,39677,40787,79338,77765,71928,72026,76594,82380,81047,84308,51009,63390,41252,56807,10066,20071,756295,648326,130744,104087,158133,136017,64570,202,182
2021-07-31T23:59:59+02:00,6346,6051,53936,55284,96577,94746,89035,88671,87577,93469,88841,91570,54219,67357,43254,59763,10699,21542,38718,39766,78892,77320,71391,71473,76209,82053,80932,84213,50990,63357,41236,56795,10066,20068,755812,643650,130574,103212,158130,135922,64275,202,182
2021-07-30T23:59:59+02:00,6291,6016,53758,55142,96417,94569,88878,88522,87445,93354,88758,91500,54182,67326,43241,59745,10697,21540,37711,38710,78185,76667,70637,70735,75694,81525,80531,83888,50913,63268,41202,56735,10060,20056,754912,637456,130258,102073,158127,135712,63939,201,181
2021-07-29T23:59:59+02:00,6240,5957,53522,54957,96155,94341,88666,88314,87274,93179,88618,91373,54122,67262,43218,59707,10689,21519,36462,37475,77127,75797,69586,69783,74886,80762,79993,83458,50781,63103,41135,56639,10043,20029,753666,629680,129776,100515,158111,135156,63416,200,181
2021-07-28T23:59:59+02:00,6203,5904,53322,54787,95948,94134,88516,88133,87158,93039,88506,91275,54064,67187,43184,59659,10679,21489,35849,36872,75956,74816,68311,68684,74124,80048,79502,83000,50640,62902,41065,56536,10027,19988,752488,623339,129328,99101,158094,134366,63133,200,179
2021-07-27T23:59:59+02:00,6154,5863,53088,54565,95687,93924,88333,87948,87000,92886,88382,91177,54011,67111,43142,59596,10665,21441,35195,36117,74497,73566,66858,67468,73260,79203,78958,82481,50465,62689,40985,56415,10002,19946,751075,616037,128896,97650,158071,133134,62787,200,178
2021-07-26T23:59:59+02:00,6097,5810,52868,54357,95441,93736,88135,87781,86836,92749,88253,91076,53950,67031,43113,59540,10658,21419,34427,35286,72981,72230,65485,66231,72212,78212,78367,81950,50292,62474,40907,56267,9980,19901,749729,607963,128472,96116,158054,132061,62452,199,178
2021-07-25T23:59:59+02:00,6059,5766,52660,54155,95189,93506,87958,87587,86678,92618,88145,90979,53899,66968,43085,59496,10648,21384,33721,34524,71638,71022,64368,65216,71210,77298,77891,81498,50174,62288,40842,56180,9974,19866,748323,600989,128198,94549,158033,131259,62083,199,178
2021-07-24T23:59:59+02:00,5972,5708,52385,53856,94881,93190,87711,87377,86502,92461,88045,90898,53870,66934,43073,59473,10648,21378,33216,34033,70775,70325,63697,64661,70334,76596,77686,81347,50119,62245,40820,56155,9974,19864,746438,596570,128146,93614,158032,131131,61602,199,178
2021-07-23T23:59:59+02:00,5919,5652,52111,53581,94480,92902,87412,87162,86321,92284,87906,90804,53837,66886,43065,59455,10645,21372,32697,33384,69709,69467,62916,63994,69431,75746,77283,81020,50044,62147,40788,56116,9967,19850,744384,590949,128072,92456,158026,130958,61168,199,178
2021-07-22T23:59:59+02:00,5849,5588,51693,53179,94002,92456,87025,86829,86011,91985,87695,90618,53752,66792,43036,59395,10637,21346,31989,32661,68392,68474,61865,63113,67813,74387,76630,80509,49893,61940,40696,56000,9946,19810,741336,584494,127836,89700,158002,130189,60571,198,177
2021-07-21T23:59:59+02:00,5797,5535,51322,52795,93565,92039,86718,86528,85754,91740,87521,90430,53668,66708,42977,59328,10626,21318,31375,32010,67060,67431,60778,62219,65769,72697,75725,79764,49602,61631,40535,55812,9922,19753,738526,578200,127596,85382,157972,129098,60131,198,177
2021-07-20T23:59:59+02:00,5739,5471,50931,52401,93100,91573,86352,86202,85485,91485,87298,90233,53576,66573,42928,59269,10619,21292,30716,31361,65595,66241,59644,61256,64591,71637,75113,79208,49397,61399,40429,55654,9898,19692,735556,571152,127374,83706,157916,128073,59537,198,177
2021-07-19T23:59:59+02:00,5662,5397,50459,51941,92630,91094,85981,85869,85237,91272,87091,90054,53483,66453,42892,59189,10601,21257,30173,30777,64429,65181,58727,60395,63437,70601,74514,78693,49223,61203,40337,55508,9870,19648,732281,565362,127145,81899,157881,126884,59111,198,177
2021-07-18T23:59:59+02:00,5593,5327,49632,51126,91551,90038,85249,85255,84754,90839,86797,89762,53377,66304,42829,59092,10591,21226,29618,30190,63240,64106,57802,59477,62258,69574,73963,78193,49075,61040,40279,55425,9858,19620,725806,559515,126812,79873,157864,126074,58717,197,176
2021-07-17T23:59:59+02:00,5419,5140,49279,50792,91408,89902,85054,85095,84598,90701,86690,89679,53357,66277,42818,59080,10590,21223,29230,29809,62592,63510,57247,59055,61507,68839,73657,77952,48965,60922,40240,55367,9848,19609,724624,556499,126636,78905,157859,125460,57839,197,176
2021-07-16T23:59:59+02:00,5318,5049,48955,50500,91142,89678,84808,84898,84398,90517,86551,89572,53315,66245,42800,59066,10587,21218,28734,29307,61652,62601,56400,58367,60453,67801,73155,77531,48804,60734,40194,55298,9843,19600,723245,551540,126466,77583,157849,124721,56914,196,176
2021-07-15T23:59:59+02:00,5182,4916,48481,50088,90742,89296,84448,84519,84094,90239,86329,89403,53235,66154,42745,58996,10578,21191,28005,28677,60333,61532,55273,57382,59041,66487,72421,76944,48574,60472,40105,55167,9828,19545,720770,545709,126046,75388,157814,123048,55849,195,176
2021-07-14T23:59:59+02:00,5076,4801,48126,49712,90434,89003,84161,84205,83845,90000,86128,89245,53145,66047,42687,58907,10561,21160,27473,28112,59236,60539,54302,56536,58162,65637,71813,76356,48306,60194,39999,54993,9806,19501,718601,540280,125687,74468,157765,121349,55034,194,176
2021-07-13T23:59:59+02:00,4964,4684,47722,49328,90036,88650,83856,83898,83578,89740,85922,89076,53035,65942,42632,58842,10555,21139,26810,27435,57866,59353,53111,55544,57172,64724,71087,75717,48028,59870,39869,54815,9774,19449,716238,533932,125316,73354,157708,119298,54181,193,175
2021-07-12T23:59:59+02:00,4793,4514,47171,48811,89639,88307,83461,83577,83329,89479,85732,88915,52955,65847,42584,58779,10543,21124,26180,26777,56364,58001,51825,54485,55949,63578,70342,75099,47654,59441,39693,54592,9733,19384,713517,526643,124948,72333,157644,116950,53295,193,175
2021-07-11T23:59:59+02:00,4398,4141,46221,47884,89206,87872,83047,83190,83019,89191,85536,88767,52868,65756,42559,58723,10532,21107,25576,26208,54987,56739,50529,53440,54907,62545,69746,74547,47308,59061,39568,54417,9708,19342,709549,520016,124478,71325,157605,115160,52232,190,174
2021-07-10T23:59:59+02:00,4385,4128,45891,47540,88750,87391,82714,82880,82915,89091,85470,88710,52847,65733,42550,58709,10531,21103,25088,25670,53896,55794,49668,52857,54308,61976,69530,74361,46939,58642,39468,54312,9703,19331,708879,515689,124010,71240,157428,113839,50869,189,174
2021-07-09T23:59:59+02:00,4366,4116,45473,47097,88129,86826,82337,82536,82663,88904,85356,88618,52811,65704,42543,58696,10527,21094,24384,24892,52575,54562,48726,51977,53529,61124,69108,73956,46580,58232,39380,54222,9696,19319,707458,509512,123424,70834,157265,112491,49498,188,174
2021-07-08T23:59:59+02:00,4336,4089,44921,46596,87268,86115,81806,82020,82409,88662,85161,88464,52744,65637,42511,58650,10516,21078,23394,23951,50633,52985,47341,50825,52388,59996,68416,73320,46059,57672,39243,54058,9668,19250,705333,501757,122532,69561,156974,109949,47981,187,173
2021-07-07T23:59:59+02:00,4313,4062,44336,46002,86429,85355,81253,81538,82123,88364,84952,88300,52665,65536,42468,58586,10508,21058,22503,23034,48685,51302,45823,49686,51147,58811,67715,72785,45322,56929,39048,53820,9636,19192,702815,493570,121532,68450,156717,106841,46602,184,171
2021-07-06T23:59:59+02:00,4280,4041,43791,45478,85563,84617,80638,80948,81753,88033,84776,88124,52576,65454,42430,58524,10499,21033,21664,22165,46681,49518,44436,48434,49866,57473,66966,72066,44492,56154,38862,53581,9618,19137,700164,484595,120510,67367,156417,103869,45287,182,171
2021-07-05T23:59:59+02:00,4258,4005,42629,44489,84046,83514,79909,80328,81294,87610,84501,87859,52461,65318,42379,58445,10485,21005,20471,21096,44721,47914,43414,47470,48837,56510,66269,71447,43728,55292,38687,53356,9593,19098,696839,478601,119450,66494,156052,100775,42015,181,171
2021-07-04T23:59:59+02:00,4231,3983,41266,43271,82396,82196,79182,79722,80822,87188,84230,87657,52368,65192,42336,58394,10472,20976,19117,19890,42921,46387,42714,46724,48025,55657,65685,70878,42985,54442,38524,53165,9573,19051,693718,473934,118297,65557,155628,98160,38060,181,170
2021-07-03T23:59:59+02:00,3764,3566,39691,41723,81530,81539,78697,79233,80376,86710,84011,87485,52300,65091,42318,58342,10469,20970,18306,19200,42001,45692,42296,46349,47619,55257,65519,70712,42394,53713,38461,53066,9566,19041,689966,471995,116985,65458,155544,96566,35141,181,170
2021-07-02T23:59:59+02:00,3206,2995,38135,40222,80797,80808,78025,78526,79856,86206,83770,87281,52248,65005,42290,58295,10457,20957,17536,18469,40843,44724,41560,45650,46785,54473,64997,70261,41443,52507,38331,52878,9550,19022,684919,466913,115580,64990,155392,94069,33010,180,168
2021-07-01T23:59:59+02:00,2559,2448,36414,38553,79812,79940,77185,77693,79149,85567,83455,87004,52125,64848,42227,58192,10439,20928,16652,17540,39294,43483,40344,44589,45481,53341,64254,69682,40552,51369,38182,52670,9533,18990,678577,460483,113850,63336,155168,91302,30765,180,168
2021-06-30T23:59:59+02:00,2517,2418,35402,37535,77969,78438,75484,76200,78503,85019,83169,86712,51992,64688,42167,58095,10427,20901,15617,16560,37614,42262,39145,43483,44324,52280,63498,69052,40006,50682,38064,52471,9511,18954,672710,454341,112114,61998,154954,89416,27680,180,167
2021-06-29T23:59:59+02:00,2482,2386,34562,36634,76369,76942,73871,74788,77708,84303,82623,86221,51809,64469,42091,57964,10409,20865,14781,15654,36299,41113,38234,42659,43104,51228,62780,68467,39294,49745,37928,52251,9488,18910,666350,449149,110235,60166,154685,87463,25048,180,166
2021-06-28T23:59:59+02:00,2441,2352,33735,35821,74756,75525,72190,73394,76686,83516,82019,85723,51633,64241,42014,57858,10396,20832,14030,14891,35238,40090,37413,41929,41974,50228,62129,67921,38422,48660,37761,52029,9469,18864,659874,444299,108278,58650,154088,85263,22714,180,165
2021-06-27T23:59:59+02:00,2426,2337,32997,35073,73193,74153,70781,72186,75288,82393,81343,85167,51436,64024,41949,57740,10386,20803,13393,14256,34279,39327,36755,41328,41038,49376,61586,67478,37556,47627,37609,51850,9454,18833,653666,440386,106341,57882,153135,82997,20355,179,163
2021-06-26T23:59:59+02:00,1789,1727,31954,33966,72833,73834,70315,71721,74996,82082,81250,85088,51416,63998,41935,57730,10385,20800,13199,14047,33615,38783,36108,40907,40515,49041,60594,66469,36560,46489,37441,51637,9440,18800,648867,434397,105401,57828,153131,81051,20244,177,162
2021-06-25T23:59:59+02:00,1171,1129,30830,32789,72337,73299,69704,71026,74570,81635,80874,84765,51354,63910,41901,57687,10380,20786,12865,13656,32764,37989,35239,40087,39568,48200,59380,65234,36044,45789,37250,51337,9417,18759,642530,425973,104207,57379,153124,79988,20110,177,161
2021-06-24T23:59:59+02:00,568,569,29486,31461,71556,72538,68831,70140,73897,81000,80427,84401,51248,63781,41849,57617,10369,20752,12198,12947,31588,36685,34020,38824,38437,47088,57743,63859,35566,45271,37093,51147,9398,18699,634692,416611,102719,55824,153012,78103,19892,176,160
2021-06-23T23:59:59+02:00,541,536,28982,30905,70442,71558,67559,69000,73147,80313,79976,83996,51136,63606,41789,57521,10353,20720,11703,12414,30589,35444,33087,37603,37412,46203,55796,62138,35011,44705,36926,50921,9377,18634,628452,406823,101144,54759,152906,76843,19403,176,159
2021-06-22T23:59:59+02:00,518,519,28461,30305,69269,70524,66353,67974,72469,79609,79564,83626,51028,63480,41741,57437,10344,20694,11356,11997,29676,34515,32133,36711,36454,45302,53820,60294,34626,44229,36789,50679,9348,18576,622106,398273,99681,53190,152772,75725,19181,176,157
2021-06-21T23:59:59+02:00,486,485,27792,29622,67949,69341,65164,66845,71711,78829,79170,83235,50921,63370,41682,57348,10330,20653,11063,11680,29051,33931,31581,36143,35846,44711,51973,58637,33915,43427,36492,50254,9318,18500,615275,390688,98178,51993,152650,75049,18656,175,156
2021-06-20T23:59:59+02:00,401,404,27156,28952,66720,68200,64144,65910,70907,78088,78816,82898,50844,63243,41633,57281,10325,20620,10775,11412,28503,33427,31125,35653,35333,44187,50125,56839,33373,42745,36295,49919,9288,18440,608877,383257,96715,51242,152550,74577,18226,175,152
2021-06-19T23:59:59+02:00,368,370,26769,28574,65987,67626,63616,65406,70108,77433,78665,82774,50823,63218,41617,57265,10324,20620,10640,11213,28249,33106,30870,35329,35109,43925,48680,55443,33114,42397,36211,49780,9280,18412,604908,377845,95770,51230,152550,74384,18161,175,152
2021-06-18T23:59:59+02:00,340,337,26309,28100,64972,66887,62879,64795,69187,76595,78275,82442,50760,63143,41590,57229,10320,20612,10424,10969,27849,32684,30539,34916,34717,43527,46940,53765,32761,41882,36074,49569,9261,18378,599482,370973,94529,50941,152544,74161,18043,175,151
2021-06-17T23:59:59+02:00,311,306,25664,27488,63700,65890,61877,63988,67598,75183,77748,82038,50660,62989,41527,57148,10307,20585,10007,10606,27060,31987,29798,34236,33880,42827,45429,52268,32314,41249,35910,49313,9230,18328,593376,363525,91869,49798,152382,73776,17207,174,150
2021-06-16T23:59:59+02:00,276,268,25130,26893,62397,64755,60773,63016,65329,73259,76905,81382,50446,62781,41436,57036,10288,20553,9683,10343,26410,31312,29095,33614,33151,42190,44833,51701,32043,40885,35764,49113,9209,18287,587109,359818,87359,49091,151962,72264,16322,172,150
2021-06-15T23:59:59+02:00,237,237,24477,26185,60988,63531,59692,62034,64174,72175,76398,80962,50324,62632,41385,56940,10281,20523,9413,10060,25809,30574,28459,32860,32470,41466,43271,50067,31592,40329,35592,48880,9179,18223,579945,353079,85733,48198,151507,71010,15819,172,150
2021-06-14T23:59:59+02:00,214,205,24002,25584,59877,62478,58816,61188,63097,71170,75925,80573,50236,62509,41335,56868,10266,20498,9119,9757,25058,29681,27696,32025,31681,40650,41981,48722,31222,39830,35455,48657,9149,18172,574068,346922,84016,47178,151302,69333,15284,172,149
2021-06-13T23:59:59+02:00,209,190,23583,25114,58936,61572,58043,60400,61989,70201,75461,80152,50146,62393,41284,56809,10254,20468,8834,9452,24349,28838,26986,31187,30920,39794,40420,47133,30757,39219,35252,48351,9119,18082,569045,339854,82161,46394,151076,67557,14751,172,148
2021-06-12T23:59:59+02:00,196,172,23325,24833,58377,61063,57682,60121,61347,69561,75260,80040,50121,62362,41272,56795,10251,20464,8715,9332,23873,28257,26464,30613,30391,39233,39319,46158,30588,39040,35157,48186,9115,18071,566089,335601,81207,46391,151068,65676,14707,172,148
2021-06-11T23:59:59+02:00,177,157,22957,24394,57625,60249,57005,59490,60440,68628,74914,79735,50046,62287,41246,56759,10249,20458,8575,9138,23356,27583,25931,29956,29808,38597,38239,45146,30320,38684,35014,47964,9102,18044,561045,330742,79915,46130,151054,63816,14632,171,147
2021-06-10T23:59:59+02:00,162,140,22415,23813,56483,59311,56077,58670,59178,67454,74375,79336,49974,62179,41222,56709,10234,20429,8311,8883,22483,26639,24967,29017,28687,37660,36848,43978,29963,38203,34734,47530,9035,17968,555455,323826,77706,45422,150816,61509,14014,171,145
2021-06-09T23:59:59+02:00,142,125,21782,23228,55219,58208,55001,57758,58228,66545,73913,78943,49886,62079,41170,56647,10220,20398,8016,8621,21552,25776,24037,28134,27650,36710,35128,42186,29573,37702,34547,47260,8993,17877,549654,316380,76253,44690,150463,59605,12953,170,143
2021-06-08T23:59:59+02:00,120,107,21105,22517,53906,57078,53883,56776,57275,65689,73367,78508,49797,61955,41115,56555,10202,20369,7749,8377,20653,24885,22982,27271,26615,35748,33765,40880,29216,37196,34226,46802,8942,17794,542966,310070,75323,43919,150024,57137,11841,170,141
2021-06-07T23:59:59+02:00,103,90,20452,21883,52468,55819,52623,55796,56119,64702,72815,78104,49712,61849,41069,56492,10189,20341,7493,8151,19813,24064,21960,26462,25583,34877,32830,40099,28934,36803,33976,46375,8891,17701,535673,305444,74422,43101,149617,54587,10744,170,141
2021-06-06T23:59:59+02:00,96,85,19940,21349,51324,54710,51514,54816,55152,63750,72304,77700,49625,61771,41033,56429,10181,20325,7281,7955,19032,23168,21058,25587,24512,33893,31914,39280,28644,36461,33721,45985,8840,17627,529339,300885,73400,42359,149282,51665,9916,167,138
2021-06-05T23:59:59+02:00,90,77,19670,21040,50541,53953,50861,54313,54678,63274,72173,77588,49614,61757,41029,56426,10178,20325,7050,7542,18389,22100,20332,24475,23636,32639,30876,37961,28310,35996,33597,45809,8833,17607,524989,294579,73394,42320,149201,48284,9836,167,138
2021-06-04T23:59:59+02:00,80,71,19217,20454,49477,52938,50042,53446,54024,62485,71830,77260,49586,61719,41009,56411,10176,20320,6827,7227,17763,21252,19644,23480,22696,31359,29652,36618,28022,35630,33483,45633,8821,17586,518497,288107,73066,42251,149184,45570,9632,166,137
2021-06-03T23:59:59+02:00,69,60,18537,19759,47957,51633,48824,52317,53051,61460,71326,76801,49520,61615,40971,56363,10163,20295,6535,6828,17026,20206,18843,22330,21689,29929,28483,35132,27480,34848,33277,45307,8784,17511,510725,281362,72052,41496,148909,42349,8871,164,134
2021-06-02T23:59:59+02:00,64,56,18156,19245,46934,50644,47941,51552,52300,60698,71076,76589,49481,61581,40952,56335,10155,20281,6344,6592,16385,19516,17917,21571,20841,28979,27388,33726,27014,34242,33116,45056,8755,17441,504435,275081,72034,41482,148888,39674,8521,162,128
2021-06-01T23:59:59+02:00,53,50,17477,18505,45064,48908,46283,50089,50782,59233,70398,75991,49389,61470,40893,56263,10143,20233,6064,6275,15223,18616,16402,20604,19623,27723,26156,32328,26457,33544,32865,44704,8709,17339,495325,268568,70668,40910,148340,36299,6733,158,124
2021-05-31T23:59:59+02:00,51,46,16994,18011,43752,47763,45062,48978,49540,58109,69715,75479,49306,61366,40847,56195,10131,20195,5785,5946,14175,17784,14987,19680,18440,26607,24929,30985,25938,32824,32670,44407,8675,17239,489072,262264,69503,40368,147870,33380,4938,157,123
2021-05-30T23:59:59+02:00,45,45,16664,17614,42780,46822,44154,48075,48534,57110,69157,74933,49201,61211,40775,56080,10115,20152,5594,5700,13628,17082,14357,18980,17538,25635,23826,29812,25167,31874,32371,43989,8630,17150,483116,256292,68472,39565,147461,31098,4262,156,118
2021-05-29T23:59:59+02:00,45,44,16531,17489,42415,46505,43808,47811,48294,56917,69099,74880,49195,61205,40768,56076,10115,20151,5430,5455,13117,16277,13713,18133,16692,24467,22710,28511,25008,31641,32307,43894,8627,17143,481138,250681,68349,39565,147453,28511,4253,155,117
2021-05-28T23:59:59+02:00,44,42,16226,17183,41711,45877,43296,47245,47783,56384,68822,74585,49130,61122,40741,56026,10112,20146,5188,5071,12582,15364,13033,17269,15829,23231,21607,27072,24757,31272,32212,43761,8617,17127,476837,244628,67842,39461,147427,25578,4214,155,113
2021-05-27T23:59:59+02:00,41,39,15700,16639,40556,44887,42277,46348,46793,55493,68243,74149,49008,60962,40687,55955,10101,20106,4950,4726,11935,14547,12250,16336,14757,22036,20349,25559,24255,30533,32040,43500,8583,17043,470952,237274,66324,38655,146709,23517,3846,153,109
2021-05-26T23:59:59+02:00,39,38,15288,16201,39461,43967,41237,45471,45762,54615,67637,73637,48856,60780,40603,55789,10079,20058,4757,4526,11382,13788,11530,15489,13746,20905,18949,23964,23671,29746,31823,43154,8529,16941,465800,230004,64300,37784,145720,21460,3545,153,109
2021-05-25T23:59:59+02:00,39,37,14882,15790,38456,43078,40270,44618,44810,53694,67018,73107,48673,60540,40524,55655,10053,20005,4541,4318,10841,13148,10765,14718,12674,19664,17514,22456,23083,28964,31586,42827,8472,16846,460467,222620,62720,36840,144609,19553,3300,153,106
2021-05-24T23:59:59+02:00,39,36,14536,15465,37620,42344,39402,43944,43949,52906,66488,72621,48550,60363,40461,55531,10033,19960,4397,4190,10395,12682,10130,14139,11783,18829,16229,21191,22407,28131,31369,42495,8413,16756,455854,215703,61486,35898,143862,18937,2894,152,106
2021-05-23T23:59:59+02:00,35,36,14368,15289,37153,41969,38951,43540,43499,52499,66217,72394,48469,60271,40422,55484,10026,19936,4207,4050,9929,12209,9510,13534,10838,18013,15030,20128,21935,27559,31116,42206,8362,16670,452655,208699,61105,35817,143840,17871,2806,152,105
2021-05-22T23:59:59+02:00,33,34,14172,15073,36462,41405,38263,43088,42924,52087,65198,71377,48263,60012,40350,55370,10016,19915,4096,3753,9715,11792,9357,13208,10596,17568,14760,19726,21841,27442,31082,42164,8355,16661,446188,207470,61101,35814,143826,15954,2775,152,105
2021-05-21T23:59:59+02:00,32,33,13787,14664,35395,40495,37200,42166,41858,51185,63842,70087,48034,59676,40270,55222,9999,19882,3986,3654,9509,11527,9142,12941,10261,17240,14343,19354,21620,27156,31020,42074,8346,16653,436587,205510,60741,35508,143591,14951,2758,150,101
2021-05-20T23:59:59+02:00,29,33,12980,13925,33956,39039,35780,40768,40451,49986,62547,68937,47741,59336,40125,55040,9978,19832,3835,3479,8984,10921,8493,12230,9561,16389,13587,18388,20801,26034,30825,41775,8307,16566,426347,201137,59041,34663,142571,11902,2375,149,100
2021-05-19T23:59:59+02:00,29,32,12435,13351,32780,37624,34681,39392,39322,49026,60539,67161,47258,58778,39939,54776,9935,19726,3729,3342,8706,10545,8197,11856,9122,15880,12949,17725,19935,24903,30598,41471,8250,16451,415484,196886,57523,33849,141459,10659,2171,147,96
2021-05-18T23:59:59+02:00,27,32,12012,12893,31746,36614,33601,38479,38280,48093,58472,65288,46902,58331,39783,54535,9903,19667,3528,3175,8209,9949,7727,11312,8576,15209,12268,16955,18991,23667,30360,41129,8212,16345,406803,192773,55574,33008,140265,7865,1872,144,96
2021-05-17T23:59:59+02:00,25,31,11758,12608,31227,36057,33105,37921,37688,47455,56570,63579,46198,57507,39505,54136,9866,19593,3441,3064,7942,9673,7430,11014,8172,14795,11695,16348,18068,22534,30125,40808,8177,16269,399209,188387,54444,32262,139454,7236,1580,142,92
2021-05-16T23:59:59+02:00,25,31,11540,12352,30702,35553,32642,37429,37166,46882,54668,61748,45649,56808,39311,53817,9838,19537,3343,2962,7652,9378,7106,10672,7698,14329,11113,15760,17138,21381,29915,40518,8138,16200,392229,184095,53476,31410,138790,6647,1063,140,90
2021-05-15T23:59:59+02:00,25,31,11380,12146,30424,35219,32405,37109,36938,46618,53099,60265,45399,56503,39234,53678,9832,19509,3321,2943,7627,9349,7091,10651,7680,14314,11094,15737,17027,21165,29705,40208,8130,16190,386412,183096,53472,31409,138744,6594,1046,140,89
2021-05-14T23:59:59+02:00,25,31,11132,11857,29951,34715,32025,36646,36419,46141,51218,58427,45037,56001,39094,53472,9816,19469,3293,2921,7556,9278,7034,10579,7616,14251,10911,15536,16289,20094,29419,39719,8113,16150,378590,180151,53141,31070,138610,6455,996,139,89
2021-05-13T23:59:59+02:00,22,30,10842,11521,29299,34063,31420,36041,35742,45469,49743,56910,44605,55372,38922,53225,9789,19422,3213,2871,7425,9173,6944,10484,7513,14140,10579,15187,15225,18849,29030,39077,8070,16075,371444,176322,52125,30507,137855,6066,876,137,86
2021-05-12T23:59:59+02:00,21,28,10708,11375,29011,33743,31148,35749,35428,45154,49459,56598,44509,55265,38870,53146,9782,19383,3199,2844,7392,9137,6912,10448,7482,14099,10407,15029,14846,18411,28724,38592,8048,16028,368752,174242,52038,30496,137697,6021,754,136,86
2021-05-11T23:59:59+02:00,20,25,10350,11044,28153,32922,30325,34992,34565,44367,47719,54820,44052,54666,38696,52857,9744,19280,3110,2746,7149,8856,6685,10145,7266,13730,9929,14484,13856,17263,28307,37973,8010,15934,361808,170553,50329,29600,135799,4679,526,135,86
2021-05-10T23:59:59+02:00,19,25,10040,10756,27405,32217,29550,34297,33796,43597,46410,53546,43668,54157,38507,52554,9694,19166,3067,2699,7020,8731,6589,10024,7121,13551,9661,14180,13152,16395,27878,37359,7985,15854,355543,167719,49211,29217,134104,3836,413,133,82
2021-05-09T23:59:59+02:00,18,25,9800,10502,26717,31530,28892,33604,33071,42900,44871,52062,43168,53535,38307,52250,9657,19080,3018,2651,6892,8589,6484,9884,7007,13338,9349,13868,12353,15495,27511,36818,7965,15798,348431,164854,48138,28666,132966,3094,325,129,82
2021-05-08T23:59:59+02:00,18,25,9707,10429,26334,31228,28437,33285,32603,42592,43816,51232,43015,53372,38268,52189,9654,19074,3014,2647,6882,8584,6479,9876,6999,13326,9339,13855,12316,15433,26830,35867,7928,15722,343854,162980,48098,28639,132878,3078,319,129,82
2021-05-07T23:59:59+02:00,17,25,9564,10279,25860,30844,27978,32905,32097,42239,42768,50403,42743,53029,38158,52032,9642,19047,2950,2620,6822,8541,6423,9821,6947,13273,9163,13633,11683,14622,25881,34477,7880,15640,338695,158860,47790,28270,132720,2865,300,125,82
2021-05-06T23:59:59+02:00,15,24,9158,9984,24941,30075,26914,32102,30868,41411,41151,49185,42359,52477,37963,51789,9604,18973,2878,2573,6691,8394,6305,9691,6798,13085,8891,13329,11029,13753,24911,33091,7845,15578,330827,155050,46711,27311,131051,2116,284,120,82
2021-05-05T23:59:59+02:00,15,23,8784,9781,24058,29475,26059,31449,29782,40623,39171,47365,41912,51928,37755,51505,9547,18860,2834,2540,6571,8264,6204,9576,6697,12939,8644,13069,10313,12918,23893,31765,7816,15506,322976,151137,45859,26422,128935,1709,202,120,80
2021-05-04T23:59:59+02:00,15,22,8541,9541,23275,28828,25084,30710,28710,39784,37646,45898,41437,51341,37478,51159,9496,18737,2791,2517,6499,8191,6119,9506,6620,12852,8407,12848,9579,12053,22943,30515,7782,15443,316297,147374,44888,25617,126299,1497,99,119,79
2021-05-03T23:59:59+02:00,15,21,8330,9327,22577,28247,24249,30108,27800,39085,36686,45146,41089,50870,37261,50868,9444,18634,2742,2483,6428,8114,6038,9439,6530,12769,8180,12633,8823,11153,22022,29294,7751,15392,311423,143607,44113,24792,124046,1255,60,115,78
2021-05-02T23:59:59+02:00,15,21,8164,9163,21942,27669,23515,29518,26982,38466,35870,44510,40831,50541,37146,50681,9409,18577,2705,2459,6386,8074,6000,9404,6489,12727,7998,12459,8221,10411,21311,28421,7730,15373,306603,140403,43347,24515,122907,1123,52,111,76
2021-05-01T23:59:59+02:00,14,21,8008,8976,21567,27216,23036,28950,26335,37748,35041,43615,40564,50164,37047,50527,9403,18560,2699,2451,6361,8064,5984,9395,6471,12714,7982,12442,8184,10347,21272,28364,7726,15369,300483,140111,43345,24507,122802,1081,51,111,76
2021-04-30T23:59:59+02:00,14,20,7857,8796,21178,26791,22586,28379,25579,36961,34022,42645,40333,49843,36949,50373,9391,18537,2677,2437,6337,8046,5962,9377,6442,12693,7950,12409,8144,10278,21222,28282,7723,15359,294144,139801,43337,24432,122619,987,44,110,75
2021-04-29T23:59:59+02:00,13,20,7579,8553,20583,26211,21917,27697,24648,35996,32744,41304,39287,48439,36632,49900,9333,18408,2642,2402,6246,7936,5873,9276,6349,12553,7746,12134,7517,9549,20812,27765,7699,15284,285377,137725,42551,23200,121187,742,44,105,73
2021-04-28T23:59:59+02:00,12,18,7297,8337,20062,25745,21279,27103,23764,35148,31340,39852,38120,46847,36290,49406,9271,18267,2571,2353,6131,7815,5762,9145,6247,12397,7525,11859,6826,8700,20395,27182,7659,15213,276693,135256,41772,21896,119548,514,44,101,71
2021-04-27T23:59:59+02:00,11,18,7107,8157,19635,25316,20656,26566,22904,34364,30120,38524,37027,45400,35908,48837,9201,18140,2545,2328,6030,7718,5709,9046,6181,12272,7310,11664,6220,7962,19992,26682,7639,15190,268849,133158,40904,20950,117993,267,44,101,70
2021-04-26T23:59:59+02:00,10,18,6925,7990,19213,24896,20108,26042,22093,33607,28903,37283,35967,43977,35601,48350,9150,18012,2532,2317,5984,7675,5664,9007,6143,12227,7122,11502,5607,7226,19617,26237,7616,15162,261137,131190,40079,20104,116789,235,40,100,70
2021-04-25T23:59:59+02:00,10,17,6819,7853,18878,24624,19727,25701,21481,32983,27913,36322,34832,42544,35283,47920,9108,17930,2518,2309,5966,7650,5644,8988,6123,12201,7084,11475,5479,7042,19280,25773,7600,15117,253915,130558,39363,19360,116530,224,39,98,69
2021-04-24T23:59:59+02:00,10,17,6654,7675,18436,24197,19174,25165,20694,32181,26826,35268,34581,42231,35190,47755,9098,17918,2514,2302,5954,7640,5633,8978,6118,12197,7074,11468,5404,6930,19183,25631,7597,15109,247944,130099,39358,19320,115631,207,39,98,68
2021-04-23T23:59:59+02:00,10,17,6427,7473,17987,23719,18608,24552,19865,31364,25660,34067,33801,41059,35046,47522,9084,17895,2508,2283,5927,7618,5596,8939,6073,12151,7028,11416,5240,6650,18643,24999,7497,14938,240347,128245,39028,18971,114645,185,39,97,67
2021-04-22T23:59:59+02:00,9,16,6211,7264,17380,23135,17816,23774,18812,30337,24334,32627,32761,39704,34800,47163,9044,17816,2492,2267,5881,7567,5546,8855,5994,12072,6953,11345,4953,6228,17926,24122,7376,14741,231293,126063,38105,18002,113472,150,39,94,65
2021-04-21T23:59:59+02:00,9,15,6008,7081,16850,22665,17157,23169,17820,29436,22780,31033,31754,38464,34503,46720,8995,17727,2468,2250,5837,7509,5486,8780,5928,11970,6857,11265,4791,5954,17225,23269,7260,14560,222385,123959,37329,17231,112340,118,39,93,63
2021-04-20T23:59:59+02:00,8,14,5822,6884,16286,22191,16406,22515,16822,28431,21304,29560,30600,36968,34185,46274,8941,17628,2454,2236,5788,7470,5445,8734,5880,11901,6779,11201,4674,5796,16623,22494,7134,14380,213340,122269,36441,16515,110928,110,38,92,58
2021-04-19T23:59:59+02:00,8,14,5635,6724,15752,21763,15731,21962,15825,27554,19911,28158,29211,35320,33866,45790,8881,17509,2443,2219,5764,7437,5409,8700,5841,11855,6698,11124,4545,5635,15975,21776,7026,14218,204606,120615,35662,15848,109221,107,38,87,58
2021-04-18T23:59:59+02:00,7,14,5446,6583,15319,21440,15112,21398,14852,26760,18573,27019,27818,33668,33532,45365,8819,17419,2393,2172,5633,7311,5294,8588,5735,11704,6592,11006,4426,5449,15385,21111,6910,14036,196043,118968,34828,14580,108149,103,38,86,57
2021-04-17T23:59:59+02:00,7,13,5408,6547,15166,21364,14939,21312,14615,26581,18318,26798,27311,33122,33406,45217,8810,17404,2366,2133,5532,7157,5189,8431,5635,11517,6504,10875,4373,5385,15140,20817,6900,14022,194819,117211,34823,14576,106572,95,38,86,57
2021-04-16T23:59:59+02:00,7,13,5343,6492,14988,21215,14726,21151,14328,26335,17898,26387,26265,31890,33270,45009,8789,17381,2321,2082,5418,6970,5051,8250,5484,11274,6305,10654,4171,5150,14489,20021,6803,13875,191460,113960,34536,14176,105367,88,38,86,57
2021-04-15T23:59:59+02:00,6,12,5271,6413,14774,21004,14459,20863,13898,25985,17259,25757,24894,30271,33010,44683,8753,17299,2249,1997,5221,6735,4854,7933,5278,10954,6090,10368,3969,4897,13656,18936,6689,13708,186878,110131,33725,13231,103885,79,38,85,56
2021-04-14T23:59:59+02:00,6,12,5189,6344,14570,20804,14203,20639,13512,25649,16590,25134,23310,28483,32697,44282,8698,17205,2057,1877,5002,6474,4668,7683,5051,10705,5853,10080,3834,4691,12921,18017,6561,13494,182262,107028,32852,11775,102092,73,38,83,55
2021-04-13T23:59:59+02:00,6,12,5135,6294,14364,20674,13963,20457,13168,25350,16019,24631,21597,26627,32377,43866,8668,17097,1970,1824,4835,6283,4483,7459,4851,10449,5647,9841,3692,4523,12401,17401,6436,13331,178013,104614,31978,10657,100194,63,38,82,55
2021-04-12T23:59:59+02:00,6,11,5072,6226,14145,20480,13659,20194,12778,24933,15437,24078,19988,24681,32085,43504,8626,17022,1842,1731,4652,6124,4331,7283,4689,10256,5511,9682,3574,4369,11965,16890,6324,13169,173624,102926,30923,9316,98258,61,38,82,52
2021-04-11T23:59:59+02:00,6,11,5001,6151,13923,20282,13362,19982,12360,24579,14868,23565,18477,22901,31824,43162,8581,16941,1804,1694,4532,6011,4220,7159,4566,10125,5375,9551,3458,4250,11473,16278,6191,12961,169323,101168,29963,8337,96575,59,36,79,49
2021-04-10T23:59:59+02:00,6,11,4996,6142,13905,20267,13353,19971,12342,24561,14843,23544,17785,21976,31532,42743,8563,16914,1800,1680,4517,6001,4205,7144,4553,10111,5322,9484,3353,4135,10919,15445,6061,12763,168246,99018,29936,8337,95160,57,33,79,49
2021-04-09T23:59:59+02:00,6,11,4982,6122,13865,20219,13307,19920,12293,24502,14579,23290,16262,20085,31125,42095,8529,16871,1775,1665,4494,5985,4177,7117,4509,10073,5284,9435,3266,4014,10050,14457,5912,12565,165607,96559,29598,8088,92750,55,31,77,46
2021-04-08T23:59:59+02:00,6,11,4937,6095,13764,20145,13226,19839,12192,24398,14238,22928,14487,17864,30502,41087,8466,16747,1752,1650,4464,5932,4125,7032,4444,9993,5212,9359,3156,3909,9572,13850,5705,12318,161746,94700,28565,7652,90523,54,24,74,44
2021-04-07T23:59:59+02:00,6,11,4906,6064,13653,20061,13131,19751,12084,24290,13855,22564,12965,16004,29859,40106,8412,16646,1733,1636,4410,5863,4039,6959,4355,9909,5123,9259,3065,3814,8811,12752,5466,11910,157284,92121,27686,6874,89303,46,22,73,42
2021-04-06T23:59:59+02:00,6,11,4876,6040,13554,19994,13048,19693,12009,24227,13478,22214,11326,13995,29199,39134,8380,16575,1670,1581,4279,5734,3930,6836,4235,9759,5019,9129,2949,3693,8103,11818,5192,11544,153269,89728,26808,5638,87591,45,20,71,41
2021-04-05T23:59:59+02:00,6,10,4838,6010,13478,19927,12979,19625,11953,24147,13205,21961,9710,12043,28470,38079,8344,16512,1599,1514,4124,5582,3762,6681,4081,9608,4864,8999,2818,3576,7289,10850,4919,11152,150053,87346,25790,3971,85366,42,19,69,41
2021-04-04T23:59:59+02:00,6,10,4821,5993,13467,19905,12969,19607,11946,24128,13106,21889,8682,10780,28018,37438,8319,16456,1597,1511,4116,5576,3761,6676,4076,9604,4862,8990,2813,3566,7052,10382,4835,11027,148314,86383,25786,3971,83355,36,17,68,38
2021-04-03T23:59:59+02:00,6,10,4818,5982,13450,19886,12957,19597,11936,24117,13092,21872,7774,9711,27136,36194,8269,16344,1593,1507,4114,5571,3759,6673,4068,9592,4848,8976,2806,3553,6913,10116,4796,10945,145837,85771,25777,3971,81454,35,16,67,38
2021-04-02T23:59:59+02:00,6,10,4813,5962,13414,19859,12919,19554,11890,24068,13019,21806,7260,8961,25544,34090,8123,16073,1583,1491,4088,5547,3733,6633,4032,9531,4727,8691,2678,3396,6537,9718,4646,10739,141369,83942,25436,3742,80485,35,14,67,38
2021-04-01T23:59:59+02:00,5,9,4763,5902,13320,19715,12800,19404,11741,23914,12421,21362,6695,8250,24035,32116,7995,15831,1519,1443,3976,5427,3667,6561,3964,9464,4648,8586,2582,3255,6023,9034,4468,10462,137165,81665,24295,3334,78740,31,13,65,37
2021-03-31T23:59:59+02:00,5,9,4712,5845,13196,19560,12666,19249,11552,23733,12159,21100,6372,7875,22550,30159,7842,15601,1506,1432,3951,5404,3634,6533,3925,9417,4608,8531,2518,3179,5532,8385,4289,10222,133215,79873,23201,3117,77694,31,10,65,36
2021-03-30T23:59:59+02:00,5,9,4647,5777,13058,19412,12555,19068,11422,23568,11991,20962,6181,7657,21157,28424,7696,15396,1489,1396,3910,5371,3569,6461,3836,9304,4476,8361,2381,2975,5108,7826,4143,9965,129841,77638,22271,2874,76804,19,6,63,35
2021-03-29T23:59:59+02:00,5,9,4607,5735,12939,19318,12489,18983,11341,23462,11839,20828,6022,7457,19729,26734,7569,15193,1429,1355,3856,5324,3495,6392,3717,9161,4322,8169,2258,2835,4542,7153,3986,9688,126236,74966,21403,2661,76552,18,5,63,33
2021-03-28T23:59:59+02:00,5,9,4559,5666,12817,19177,12403,18891,11239,23362,11732,20724,5870,7251,18545,25225,7449,14995,1396,1312,3757,5216,3301,6165,3629,9044,4271,8113,2204,2771,3785,6136,3801,9418,123226,71909,20606,2365,76022,11,5,60,30
2021-03-27T23:59:59+01:00,5,9,4526,5616,12708,19013,12287,18729,11123,23158,11623,20574,5803,7166,18256,24877,7438,14977,1390,1309,3752,5212,3298,6158,3342,8695,4071,7814,2198,2768,3772,6101,3764,9353,121382,70593,20566,2365,75876,7,5,59,28
2021-03-26T23:59:59+01:00,5,8,4490,5559,12596,18823,12154,18529,10971,22927,11464,20362,5638,6951,17646,24082,7339,14825,1388,1308,3747,5205,3275,6142,3323,8675,3859,7364,2019,2361,3508,5815,3611,9114,118281,68318,20224,2358,75801,7,4,59,28
2021-03-25T23:59:59+01:00,5,8,4414,5467,12398,18584,11953,18206,10761,22599,11224,20035,5423,6664,16613,22774,7212,14634,1379,1297,3727,5179,3241,6115,3271,8637,3812,7321,1948,2248,3072,5132,3448,8805,114305,66338,19151,2258,75456,5,4,58,28
2021-03-24T23:59:59+01:00,5,8,4333,5355,12177,18133,11734,17794,10538,22207,10991,19662,5153,6318,15567,21556,7070,14406,1356,1283,3703,5135,3205,6050,3217,8566,3760,7248,1894,2191,2762,4796,3297,8531,111185,64943,18060,2017,73700,4,4,58,27
2021-03-23T23:59:59+01:00,5,8,4276,5286,12009,17789,11534,17441,10347,21840,10766,19371,5015,6121,14925,20739,6930,14231,1340,1275,3687,5115,3184,6032,3191,8515,3721,7205,1856,2132,2530,4522,3086,8203,108811,63585,17328,1975,72432,4,4,58,27
2021-03-22T23:59:59+01:00,5,8,4224,5208,11810,17456,11345,17117,10123,21515,10550,19067,4865,5912,14302,20023,6797,14047,1327,1265,3656,5082,3152,5995,3164,8458,3684,7161,1811,2078,2333,4268,2889,7865,106945,62321,16608,1834,70762,3,4,55,27
2021-03-21T23:59:59+01:00,5,8,4152,5084,11532,17040,11063,16713,9851,21058,10293,18713,4752,5741,13605,19233,6653,13840,1319,1264,3639,5066,3130,5962,3141,8431,3665,7137,1791,2049,2164,4104,2717,7593,105057,61313,15309,1829,68911,3,4,55,24
2021-03-20T23:59:59+01:00,4,8,4124,5014,11390,16709,10939,16399,9711,20761,10117,18430,4623,5580,12976,18289,6513,13622,1318,1263,3639,5064,3127,5961,3138,8426,3660,7132,1787,2044,2132,4042,2692,7550,102860,61116,15304,1829,66986,3,4,55,24
2021-03-19T23:59:59+01:00,4,7,4079,4932,11222,16346,10755,16047,9536,20380,9897,18070,4463,5380,11946,17079,6350,13411,1309,1256,3622,5035,3097,5883,3092,8332,3556,6956,1662,1932,2058,3978,2579,7342,100148,59834,14890,1825,64810,3,4,52,24
2021-03-18T23:59:59+01:00,4,7,3993,4828,10973,15923,10490,15602,9254,19913,9672,17726,4316,5214,11319,16208,6119,13145,1305,1245,3605,5000,3077,5839,3071,8276,3529,6907,1642,1899,2022,3911,2453,7130,98338,59149,13881,1733,62432,3,4,51,23
2021-03-17T23:59:59+01:00,4,7,3817,4713,10676,15511,10231,15245,9010,19550,9417,17376,4195,5047,10500,14966,5856,12718,1304,1242,3592,4982,3070,5819,3061,8242,3512,6883,1639,1875,1998,3881,2341,6945,95679,58638,12333,1719,60772,3,4,51,23
2021-03-16T23:59:59+01:00,4,7,3674,4589,10339,15048,9962,14876,8735,19104,9119,17010,4055,4880,9677,13836,5575,12359,1291,1239,3588,4975,3060,5814,3055,8230,3504,6869,1613,1850,1959,3830,2220,6763,93344,58191,11139,1641,58312,3,3,51,23
2021-03-15T23:59:59+01:00,4,7,3527,4470,10029,14585,9670,14421,8437,18629,8831,16600,3908,4711,8962,12768,5346,12034,1281,1231,3567,4963,3048,5790,3033,8191,3484,6827,1598,1837,1940,3798,2103,6574,91369,57599,9776,1639,55745,3,2,47,23
2021-03-14T23:59:59+01:00,4,7,3454,4384,9770,14154,9418,14023,8119,18135,8549,16206,3746,4524,8153,11526,5034,11569,1267,1225,3546,4945,3027,5748,3011,8111,3456,6759,1571,1783,1879,3670,1935,6175,89037,57066,8755,1017,52939,3,0,44,23
2021-03-13T23:59:59+01:00,4,7,3372,4127,9455,13488,9168,13444,7891,17550,8340,15767,3635,4420,7960,11230,4983,11477,1267,1225,3546,4945,3027,5748,3010,8110,3453,6757,1567,1782,1877,3666,1934,6174,88368,57047,8755,1017,49151,3,0,44,22
2021-03-12T23:59:59+01:00,4,7,3309,3985,9207,12951,8929,12919,7657,16913,7982,15016,3472,4249,7572,10821,4842,11287,1263,1222,3541,4931,3024,5745,3003,8102,3449,6751,1540,1753,1856,3650,1836,5993,86583,56619,8504,1016,45991,3,0,44,22
2021-03-11T23:59:59+01:00,4,7,3155,3711,8824,12201,8625,12248,7323,16125,7635,14366,3312,4043,7007,10098,4647,10977,1245,1211,3509,4888,2979,5668,2968,7978,3397,6653,1495,1700,1772,3445,1632,5460,84116,55864,8045,115,42106,2,0,41,20
2021-03-10T23:59:59+01:00,4,7,3088,3604,8335,11697,7946,11770,7003,15631,7335,13773,3153,3883,6437,9400,4469,10699,1234,1197,3479,4831,2947,5591,2932,7839,3343,6530,1453,1658,1710,3346,1510,5172,82266,54663,7489,92,38439,0,0,40,18
2021-03-09T23:59:59+01:00,4,6,2981,3424,7659,11255,7067,11293,6587,15019,6970,13167,2918,3585,5925,8761,4311,10415,1229,1194,3456,4784,2920,5526,2916,7787,3325,6484,1439,1634,1674,3303,1398,4967,79949,53964,6124,57,35234,0,0,40,16
2021-03-08T23:59:59+01:00,4,6,2807,3187,7024,10714,6257,10814,6185,14498,6573,12597,2709,3376,5315,8022,4161,10144,1223,1187,3434,4720,2895,5449,2877,7692,3293,6409,1432,1625,1671,3295,1393,4964,77116,53489,4984,55,32255,0,0,38,16
2021-03-07T23:59:59+01:00,4,6,2694,3054,6695,10219,5848,10272,5889,14051,6329,12205,2610,3285,4550,6957,3943,9859,1219,1184,3431,4715,2890,5437,2873,7675,3285,6395,1426,1611,1648,3254,1376,4920,73854,53272,4151,52,30431,0,0,34,16
2021-03-06T23:59:59+01:00,4,6,2650,2911,6510,9771,5651,9859,5412,13193,5952,11467,2588,3257,4544,6946,3940,9856,1219,1183,3428,4709,2888,5436,2872,7674,3284,6392,1425,1608,1648,3252,1375,4920,72622,53247,4151,52,27712,0,0,32,15
2021-03-05T23:59:59+01:00,4,6,2554,2654,6297,9195,5437,9467,5235,12627,5573,10484,2359,2789,4163,6563,3802,9635,1206,1180,3412,4693,2883,5423,2863,7656,3272,6373,1411,1600,1647,3248,1370,4916,70282,53089,3916,52,24614,0,0,32,13
2021-03-04T23:59:59+01:00,4,6,2476,2447,6084,8760,5278,9126,5053,12204,5396,10106,2264,2619,3604,5738,3632,9287,1194,1164,3369,4594,2850,5355,2831,7559,3241,6298,1392,1592,1633,3234,1360,4905,68210,52511,3471,51,22371,0,0,32,10
2021-03-03T23:59:59+01:00,3,6,2419,2392,5913,8349,5109,8762,4838,11754,5207,9661,2181,2513,3195,5296,3472,8991,1173,1155,3334,4548,2813,5289,2790,7460,3192,6222,1372,1566,1613,3203,1354,4887,66773,51916,3226,47,20031,0,0,31,9
2021-03-02T23:59:59+01:00,3,6,2363,2298,5756,8017,4951,8507,4673,11354,5044,9341,2111,2422,2888,4937,3254,8664,1168,1145,3316,4527,2798,5262,2773,7411,3184,6194,1367,1556,1595,3184,1351,4882,65398,51658,2965,47,18195,0,0,31,9
2021-03-01T23:59:59+01:00,3,6,2336,2267,5649,7800,4852,8362,4588,11201,4942,9167,2054,2345,2589,4614,3063,8344,1162,1142,3302,4509,2786,5233,2756,7365,3170,6166,1361,1553,1588,3174,1348,4876,64121,51436,2742,47,17289,0,0,30,9
2021-02-28T23:59:59+01:00,2,6,2283,2223,5468,7541,4677,8142,4451,11016,4831,9037,2014,2281,2291,4310,2859,8028,1153,1136,3288,4499,2779,5226,2751,7351,3163,6152,1356,1550,1580,3155,1347,4843,62991,51275,2439,47,16000,0,0,30,8
2021-02-27T23:59:59+01:00,2,6,2195,1912,5296,7117,4578,7833,4369,10668,4759,8787,1986,2220,2261,4264,2837,7977,1149,1132,3286,4497,2774,5224,2747,7348,3158,6148,1355,1550,1579,3153,1346,4842,62755,51237,2439,44,13843,0,0,30,8
2021-02-26T23:59:59+01:00,2,6,2130,1835,5153,6881,4431,7574,4216,10401,4549,8503,1857,2112,2200,4224,2728,7794,1127,1119,3270,4462,2762,5184,2736,7296,3137,6094,1349,1539,1575,3145,1345,4840,61420,50930,2433,43,12713,0,0,30,8
2021-02-25T23:59:59+01:00,2,6,2001,1734,4830,6473,4003,7120,3932,9884,4316,8121,1798,2053,2169,4166,2612,7598,1109,1102,3230,4417,2731,5134,2690,7189,3098,6001,1338,1523,1558,3104,1331,4781,60939,50289,2327,41,9523,0,0,29,7
2021-02-24T23:59:59+01:00,2,6,1967,1668,4714,6259,3899,6907,3811,9641,4193,7961,1775,2020,2138,4123,2497,7397,1096,1097,3200,4355,2696,5070,2664,7104,3069,5930,1322,1506,1533,3054,1319,4712,60386,49693,2083,29,8480,0,0,29,6
2021-02-23T23:59:59+01:00,2,6,1740,1523,4342,5772,3617,6520,3592,9261,4037,7678,1745,1988,2093,4075,2383,7212,1077,1084,3164,4328,2668,5012,2639,7028,3033,5871,1302,1486,1506,3019,1309,4657,59923,49163,2036,15,5598,0,0,29,6
2021-02-22T23:59:59+01:00,2,6,1731,1505,4292,5713,3581,6456,3526,9166,3976,7582,1711,1961,2067,4024,2263,7014,1072,1071,3143,4282,2648,4973,2614,6968,3004,5818,1290,1472,1495,3008,1301,4648,59375,48793,1894,9,5278,0,0,29,6
2021-02-21T23:59:59+01:00,2,6,1719,1500,4262,5679,3537,6418,3486,9112,3932,7532,1701,1953,2062,4014,2139,6847,1065,1060,3122,4242,2619,4923,2599,6900,2976,5730,1277,1456,1472,2947,1273,4566,59021,48214,1888,8,4964,0,0,28,6
2021-02-20T23:59:59+01:00,2,6,1716,1499,4255,5676,3535,6417,3486,9110,3929,7531,1696,1951,2060,4010,2138,6847,1065,1060,3120,4240,2619,4923,2598,6899,2976,5730,1277,1455,1471,2947,1273,4566,59004,48206,1888,8,4945,0,0,27,6
2021-02-19T23:59:59+01:00,2,6,1690,1492,4241,5657,3523,6404,3475,9100,3920,7516,1669,1922,2039,3992,2037,6665,1064,1059,3119,4239,2618,4922,2598,6896,2973,5728,1277,1454,1471,2945,1273,4566,58581,48190,1882,8,4862,0,0,25,5
2021-02-18T23:59:59+01:00,2,6,1640,1460,4146,5546,3450,6300,3387,8935,3832,7375,1647,1887,2005,3920,1904,6465,1018,1017,2978,4020,2492,4653,2488,6557,2864,5463,1245,1411,1439,2858,1244,4413,57924,46149,1791,8,4167,0,0,25,4
2021-02-17T23:59:59+01:00,2,5,1618,1430,4049,5397,3367,6147,3268,8700,3706,7173,1592,1815,1927,3814,1778,6147,960,968,2829,3798,2376,4342,2364,6146,2735,5151,1193,1348,1391,2745,1194,4237,56677,43766,1781,7,3454,0,0,23,4
2021-02-16T23:59:59+01:00,2,5,1542,1362,3889,5205,3233,5965,3160,8467,3584,7007,1569,1791,1892,3785,1656,5934,873,937,2697,3643,2280,4131,2238,5824,2605,4900,1137,1255,1244,2440,928,3607,55978,40731,1765,4,2284,0,0,21,4
2021-02-15T23:59:59+01:00,2,5,1525,1343,3840,5119,3173,5879,3103,8353,3518,6902,1558,1777,1877,3762,1647,5911,837,914,2616,3514,2205,3952,2157,5546,2517,4690,1092,1190,1151,2261,857,3377,55509,38871,1762,2,2003,0,0,20,3
2021-02-14T23:59:59+01:00,2,5,1459,1315,3759,5045,3130,5773,3048,8199,3475,6793,1538,1745,1823,3631,1588,5653,828,908,2566,3446,2166,3884,2103,5427,2451,4584,1064,1151,1062,2084,782,3128,55267,37630,1134,2,1560,0,0,20,2
2021-02-13T23:59:59+01:00,2,5,1456,1314,3751,5039,3123,5772,3045,8197,3472,6791,1537,1741,1823,3629,1586,5653,828,908,2566,3446,2166,3883,2101,5426,2450,4584,1062,1150,1061,2084,782,3128,55246,37625,1133,0,1537,0,0,20,0
2021-02-12T23:59:59+01:00,2,4,1418,1296,3714,5006,3100,5752,3023,8164,3453,6746,1521,1731,1814,3612,1577,5632,820,901,2533,3392,2131,3838,2071,5373,2432,4553,1061,1149,1060,2083,781,3126,55020,37304,1131,0,1395,0,0,19,0
2021-02-11T23:59:59+01:00,2,4,1368,1250,3601,4833,3008,5578,2925,7854,3354,6534,1462,1672,1742,3428,1485,5285,781,837,2280,2946,1904,3365,1838,4625,2161,4022,971,1077,964,1884,722,2844,54379,33221,137,0,852,0,0,17,0
2021-02-10T23:59:59+01:00,2,4,1343,1226,3539,4730,2944,5473,2883,7704,3300,6401,1443,1655,1714,3390,1471,5245,700,779,1989,2536,1692,2920,1601,4016,1903,3562,859,930,793,1504,578,2320,53726,28682,135,0,590,0,0,16,0
2021-02-09T23:59:59+01:00,2,3,1330,1208,3483,4661,2915,5404,2862,7611,3263,6332,1435,1639,1686,3367,1461,5232,650,699,1724,2185,1500,2533,1416,3516,1733,3200,827,897,768,1427,556,2204,53413,25835,130,0,335,0,0,16,0
2021-02-08T23:59:59+01:00,2,3,1317,1204,3454,4631,2896,5365,2840,7560,3244,6303,1423,1632,1676,3341,1459,5213,635,664,1573,1949,1359,2276,1284,3208,1575,2937,788,877,720,1320,523,2029,53113,23717,104,0,332,0,0,14,0
2021-02-07T23:59:59+01:00,2,3,1183,1161,3350,4576,2842,5322,2813,7522,3219,6265,1413,1615,1667,3319,1452,5180,488,519,1307,1591,1117,1828,1073,2617,1347,2415,684,749,638,1159,476,1799,52818,19807,76,0,0,0,0,10,0
2021-02-06T23:59:59+01:00,2,3,1179,1159,3348,4574,2838,5320,2806,7519,3215,6261,1412,1613,1666,3316,1451,5179,365,370,1107,1343,981,1524,933,2210,1181,2000,597,653,611,1141,474,1796,52775,17286,76,0,0,0,0,10,0
2021-02-05T23:59:59+01:00,2,2,1167,1148,3333,4552,2831,5293,2796,7477,3197,6215,1406,1605,1663,3310,1450,5179,264,209,924,1026,835,1154,758,1761,1007,1589,482,548,585,1121,471,1792,52540,14526,76,0,0,0,0,10,0
2021-02-04T23:59:59+01:00,2,2,1151,1130,3287,4501,2791,5218,2754,7347,3149,6131,1392,1590,1649,3276,1440,5151,137,84,623,656,545,737,520,1156,668,994,302,367,480,974,426,1628,51898,10297,53,0,0,0,0,10,0
2021-02-03T23:59:59+01:00,2,2,1129,1124,3259,4455,2762,5178,2731,7296,3119,6075,1382,1579,1623,3235,1432,5099,117,68,494,509,414,595,417,913,512,747,249,287,375,759,329,1266,51425,8051,48,0,0,0,0,9,0
2021-02-02T23:59:59+01:00,2,2,1107,1110,3223,4424,2731,5125,2706,7222,3084,6012,1358,1551,1587,3179,1406,5002,108,59,412,412,343,517,367,823,459,665,229,264,329,686,301,1131,50775,7105,47,0,0,0,0,9,0
2021-02-01T23:59:59+01:00,2,2,1091,1099,3205,4371,2702,5064,2675,7095,3054,5917,1337,1522,1560,3141,1389,4937,80,44,311,308,252,392,275,617,328,500,191,215,258,546,233,884,50108,5434,47,0,0,0,0,8,0
2021-01-31T23:59:59+01:00,2,2,1085,1088,3190,4341,2678,5020,2659,7040,3041,5872,1325,1505,1537,3075,1362,4851,70,42,285,284,227,345,253,573,298,460,170,196,213,446,191,715,49618,4768,47,0,0,0,0,8,0
2021-01-30T23:59:59+01:00,2,2,1084,1088,3187,4337,2677,5020,2658,7039,3041,5871,1325,1504,1536,3075,1362,4851,70,38,278,270,214,330,248,562,294,454,169,193,212,446,191,715,49607,4684,44,0,0,0,0,8,0
2021-01-29T23:59:59+01:00,2,2,1083,1087,3186,4333,2677,5018,2657,7037,3038,5869,1325,1504,1536,3074,1362,4851,64,34,260,256,191,310,232,545,283,446,163,189,208,440,190,713,49589,4524,44,0,0,0,0,8,0
2021-01-28T23:59:59+01:00,2,2,1062,1068,3117,4231,2623,4909,2599,6881,2971,5738,1310,1482,1520,3006,1339,4727,54,18,164,153,127,187,163,360,208,282,130,146,162,277,113,424,48540,2968,41,0,0,0,0,6,0
2021-01-27T23:59:59+01:00,2,2,1016,1030,3035,4089,2542,4730,2505,6599,2887,5537,1277,1437,1479,2912,1302,4575,25,6,100,70,59,92,84,211,118,148,99,114,118,207,86,305,46919,1842,31,0,0,0,0,6,0
2021-01-26T23:59:59+01:00,1,2,939,1002,2918,3956,2463,4545,2423,6418,2817,5381,1251,1387,1389,2759,1077,4169,25,6,95,69,58,91,82,211,116,147,97,113,118,207,86,305,44872,1826,19,0,0,0,0,6,0
2021-01-25T23:59:59+01:00,1,2,921,985,2838,3828,2419,4398,2363,6222,2758,5231,1232,1365,1375,2732,1064,4133,25,6,94,69,56,89,82,211,116,145,97,112,118,207,86,305,43849,1818,13,0,0,0,0,5,0
2021-01-24T23:59:59+01:00,1,2,911,981,2818,3812,2409,4366,2337,6183,2725,5170,1219,1358,1366,2708,1050,4098,25,6,94,69,56,89,82,210,115,145,96,112,118,207,86,305,43500,1815,9,0,0,0,0,5,0
2021-01-23T23:59:59+01:00,1,2,911,981,2818,3811,2409,4366,2336,6182,2724,5170,1217,1357,1365,2708,1050,4098,25,6,94,69,56,89,82,210,115,145,96,112,118,207,86,303,43495,1813,8,0,0,0,0,3,0
2021-01-22T23:59:59+01:00,1,2,904,974,2787,3765,2374,4301,2304,6107,2703,5123,1215,1355,1364,2706,1049,4095,25,6,94,69,56,89,82,210,115,145,96,112,118,207,86,303,43120,1813,8,0,0,0,0,1,0
2021-01-21T23:59:59+01:00,1,2,889,907,2531,3353,2173,3886,2122,5496,2480,4637,1158,1308,1315,2581,1012,3931,21,6,83,63,52,73,69,170,95,134,86,97,99,154,73,235,39773,1510,8,0,0,0,0,1,0
2021-01-20T23:59:59+01:00,1,2,810,844,2219,2945,1966,3425,1890,4888,2224,4164,1044,1167,1145,2227,877,3405,21,6,83,63,52,72,68,170,94,134,86,97,99,154,71,235,35235,1505,8,0,0,0,0,0,0
2021-01-19T23:59:59+01:00,1,2,748,765,1925,2499,1726,2967,1656,4228,1982,3690,970,1070,1017,1939,771,3024,10,3,50,44,33,44,35,100,44,77,39,36,49,83,44,152,30973,843,7,0,0,0,0,0,0
2021-01-18T23:59:59+01:00,1,2,675,706,1696,2101,1488,2495,1410,3543,1729,3185,887,984,911,1724,715,2742,5,2,19,10,13,21,17,54,17,33,19,21,26,56,31,82,26990,426,4,0,0,0,0,0,0
2021-01-17T23:59:59+01:00,0,2,496,545,1380,1697,1209,1963,1155,2809,1448,2563,746,828,757,1431,592,2347,0,1,4,2,0,0,0,0,0,0,1,0,0,0,0,0,21965,8,3,0,0,0,0,0,0
2021-01-16T23:59:59+01:00,0,1,375,396,1199,1453,1089,1678,1015,2411,1292,2158,660,732,730,1414,590,2346,0,0,0,0,0,0,0,0,0,0,0,0,0,0,0,0,19537,0,2,0,0,0,0,0,0
2021-01-15T23:59:59+01:00,0,1,271,235,1016,1153,940,1332,847,1965,1114,1755,541,621,692,1379,577,2305,0,0,0,0,0,0,0,0,0,0,0,0,0,0,0,0,16743,0,1,0,0,0,0,0,0
2021-01-14T23:59:59+01:00,0,0,155,105,702,770,648,864,612,1307,751,1135,352,432,567,1191,517,2054,0,0,0,0,0,0,0,0,0,0,0,0,0,0,0,0,12162,0,0,0,0,0,0,0,0
2021-01-13T23:59:59+01:00,0,0,130,84,592,604,524,697,495,1050,594,869,296,356,478,1006,445,1749,0,0,0,0,0,0,0,0,0,0,0,0,0,0,0,0,9969,0,0,0,0,0,0,0,0
2021-01-12T23:59:59+01:00,0,0,120,68,510,517,447,596,430,920,523,764,261,307,390,809,371,1364,0,0,0,0,0,0,0,0,0,0,0,0,0,0,0,0,8397,0,0,0,0,0,0,0,0
2021-01-11T23:59:59+01:00,0,0,91,55,414,421,362,485,345,746,418,591,227,256,323,676,301,1151,0,0,0,0,0,0,0,0,0,0,0,0,0,0,0,0,6862,0,0,0,0,0,0,0,0
2021-01-10T23:59:59+01:00,0,0,76,47,350,348,296,403,292,649,348,523,199,225,259,537,240,895,0,0,0,0,0,0,0,0,0,0,0,0,0,0,0,0,5687,0,0,0,0,0,0,0,0
2021-01-09T23:59:59+01:00,0,0,76,45,335,327,272,381,284,633,340,516,198,224,258,535,240,895,0,0,0,0,0,0,0,0,0,0,0,0,0,0,0,0,5559,0,0,0,0,0,0,0,0
2021-01-08T23:59:59+01:00,0,0,71,37,301,294,227,340,255,590,313,477,180,204,233,475,219,792,0,0,0,0,0,0,0,0,0,0,0,0,0,0,0,0,5008,0,0,0,0,0,0,0,0
2021-01-07T23:59:59+01:00,0,0,57,25,210,196,159,241,196,424,243,340,150,165,178,310,145,506,0,0,0,0,0,0,0,0,0,0,0,0,0,0,0,0,3545,0,0,0,0,0,0,0,0
2021-01-06T23:59:59+01:00,0,0,45,15,162,117,112,160,145,297,178,241,118,133,136,243,102,361,0,0,0,0,0,0,0,0,0,0,0,0,0,0,0,0,2565,0,0,0,0,0,0,0,0
2021-01-05T23:59:59+01:00,0,0,28,7,97,70,59,93,87,214,117,149,108,124,127,224,101,335,0,0,0,0,0,0,0,0,0,0,0,0,0,0,0,0,1940,0,0,0,0,0,0,0,0
2021-01-04T23:59:59+01:00,0,0,26,7,97,69,56,90,87,214,117,147,108,122,127,224,101,335,0,0,0,0,0,0,0,0,0,0,0,0,0,0,0,0,1927,0,0,0,0,0,0,0,0
2021-01-03T23:59:59+01:00,0,0,26,7,97,69,56,90,87,213,116,147,107,122,127,224,101,335,0,0,0,0,0,0,0,0,0,0,0,0,0,0,0,0,1924,0,0,0,0,0,0,0,0
2021-01-02T23:59:59+01:00,0,0,26,7,97,69,56,90,87,213,115,147,107,122,127,224,101,334,0,0,0,0,0,0,0,0,0,0,0,0,0,0,0,0,1922,0,0,0,0,0,0,0,0
2021-01-01T23:59:59+01:00,0,0,26,7,97,69,56,90,87,213,114,146,107,122,127,224,101,334,0,0,0,0,0,0,0,0,0,0,0,0,0,0,0,0,1920,0,0,0,0,0,0,0,0
2020-12-31T23:59:59+01:00,0,0,26,7,97,69,56,90,87,213,113,146,107,122,127,224,101,334,0,0,0,0,0,0,0,0,0,0,0,0,0,0,0,0,1919,0,0,0,0,0,0,0,0
2020-12-30T23:59:59+01:00,0,0,26,7,97,69,55,90,86,213,113,146,107,122,127,224,100,334,0,0,0,0,0,0,0,0,0,0,0,0,0,0,0,0,1916,0,0,0,0,0,0,0,0
2020-12-29T23:59:59+01:00,0,0,14,2,65,52,33,60,50,138,64,88,53,53,72,135,62,226,0,0,0,0,0,0,0,0,0,0,0,0,0,0,0,0,1167,0,0,0,0,0,0,0,0
2020-12-28T23:59:59+01:00,0,0,5,2,36,24,20,30,21,67,25,41,23,22,27,51,34,82,0,0,0,0,0,0,0,0,0,0,0,0,0,0,0,0,510,0,0,0,0,0,0,0,0
2020-12-27T23:59:59+01:00,0,0,1,0,8,5,8,2,1,5,0,2,1,1,2,2,4,6,0,0,0,0,0,0,0,0,0,0,0,0,0,0,0,0,48,0,0,0,0,0,0,0,0
