Datum,<15_1_m,<15_1_w,15-24_1_m,15-24_1_w,25-34_1_m,25-34_1_w,35-44_1_m,35-44_1_w,45-54_1_m,45-54_1_w,55-64_1_m,55-64_1_w,65-74_1_m,65-74_1_w,75-84_1_m,75-84_1_w,>84_1_m,>84_1_w,<15_2_m,<15_2_w,15-24_2_m,15-24_2_w,25-34_2_m,25-34_2_w,35-44_2_m,35-44_2_w,45-54_2_m,45-54_2_w,55-64_2_m,55-64_2_w,65-74_2_m,65-74_2_w,75-84_2_m,75-84_2_w,>84_2_m,>84_2_w,bp_1,bp_2,mo_1,mo_2,az_1,az_2,ja,unb_1,unb_2
2021-12-05T23:59:59+01:00,24900,23279,81953,80424,123742,119539,110653,109359,104230,109121,100180,101870,59195,73345,45328,63244,11275,22995,12673,12007,72110,71492,113541,109118,102355,100578,97705,102211,95531,96857,56830,70479,44071,61125,10747,21731,961451,866657,141041,135160,159217,146258,102591,428,495
2021-12-04T23:59:59+01:00,24365,22799,81924,80391,123716,119490,110614,109327,104211,109107,100161,101852,59189,73331,45327,63239,11273,22993,12605,11954,71948,71345,113375,108976,102221,100466,97611,102142,95486,96814,56819,70463,44065,61118,10746,21730,960147,865440,141032,135111,159217,146257,102581,428,495
2021-12-03T23:59:59+01:00,23691,22168,81848,80290,123641,119391,110537,109255,104167,109052,100135,101802,59171,73303,45317,63228,11271,22987,12478,11856,71691,71128,113133,108735,102029,100284,97446,102014,95376,96745,56794,70450,44062,61103,10746,21729,958136,863419,141002,135061,159217,146257,102567,428,495
2021-12-02T23:59:59+01:00,22969,21464,81695,80142,123494,119216,110427,109099,104066,108908,100036,101688,59112,73240,45285,63171,11265,22962,12297,11712,71352,70822,112804,108400,101728,99982,97201,101807,95232,96594,56744,70382,44043,61066,10742,21721,955246,860409,140896,134923,159217,146256,102546,428,495
2021-12-01T23:59:59+01:00,22390,20944,81603,80026,123358,119045,110319,108965,103987,108803,99973,101581,59053,73149,45264,63117,11262,22944,12210,11610,71132,70622,112578,108174,101536,99801,97071,101651,95144,96484,56688,70310,44018,61026,10735,21708,952868,858402,140842,134825,159215,146256,102525,426,490
2021-11-30T23:59:59+01:00,21806,20458,81395,79853,123101,118762,110120,108731,103812,108636,99815,101409,58920,73029,45221,63034,11240,22913,12126,11538,70918,70451,112313,107924,101356,99610,96894,101509,95032,96385,56648,70273,43992,61002,10730,21698,949528,856409,140687,134752,159214,146256,102492,426,490
2021-11-29T23:59:59+01:00,21255,19941,81284,79749,122963,118593,110004,108575,103733,108538,99747,101320,58862,72958,45205,62983,11221,22882,12044,11465,70723,70298,112114,107734,101195,99456,96762,101399,94934,96284,56613,70227,43971,60964,10726,21684,947181,854710,140614,134667,159211,146253,102473,426,490
2021-11-28T23:59:59+01:00,20704,19456,81165,79631,122826,118414,109908,108448,103630,108429,99676,101235,58817,72899,45184,62949,11218,22868,12000,11401,70505,70122,111831,107521,101005,99303,96634,101266,94834,96191,56582,70171,43956,60933,10719,21674,944918,852888,140538,134581,159211,146235,102456,426,488
2021-11-27T23:59:59+01:00,20038,18849,81103,79585,122746,118347,109857,108390,103589,108384,99644,101207,58804,72884,45180,62944,11216,22868,11957,11358,70367,69995,111643,107390,100860,99190,96517,101193,94776,96144,56568,70155,43947,60926,10717,21673,943131,851677,140516,134535,159211,146234,102442,426,488
2021-11-26T23:59:59+01:00,19293,18108,80985,79445,122613,118185,109748,108264,103489,108283,99588,101133,58779,72841,45173,62926,11216,22859,11848,11284,70201,69866,111416,107222,100671,99031,96336,101070,94679,96073,56552,70122,43935,60906,10714,21672,940481,850001,140485,134462,159207,146227,102420,426,488
2021-11-25T23:59:59+01:00,18420,17310,80779,79209,122356,117868,109525,107969,103270,108074,99436,100939,58651,72725,45131,62856,11204,22837,11740,11186,70013,69678,111181,106984,100446,98839,96161,100898,94549,95951,56512,70081,43921,60879,10710,21653,936324,847925,140333,134381,159204,146226,102362,426,488
2021-11-24T23:59:59+01:00,17830,16754,80636,79060,122210,117674,109387,107801,103132,107934,99330,100835,58599,72619,45112,62777,11198,22815,11675,11134,69868,69569,111019,106812,100309,98712,96072,100775,94456,95859,56485,70036,43906,60851,10707,21638,933573,846508,140255,134324,159200,146223,102340,425,488
2021-11-23T23:59:59+01:00,17100,16153,80462,78913,122046,117469,109213,107631,103003,107795,99222,100705,58528,72533,45085,62721,11188,22788,11626,11080,69714,69457,110822,106671,100164,98574,95929,100651,94364,95778,56458,69991,43885,60816,10702,21625,930534,845049,140180,134245,159200,146222,102306,425,485
2021-11-22T23:59:59+01:00,16514,15639,80282,78754,121869,117273,109045,107454,102874,107655,99105,100600,58463,72450,45066,62671,11178,22768,11577,11030,69571,69357,110641,106521,100014,98460,95837,100561,94277,95714,56433,69948,43865,60786,10701,21613,927732,843732,140121,134197,159198,146219,102275,424,483
2021-11-21T23:59:59+01:00,16021,15175,80076,78553,121627,117034,108849,107278,102732,107521,99009,100492,58412,72369,45051,62634,11171,22752,11536,11004,69390,69234,110425,106376,99840,98305,95731,100465,94182,95646,56392,69904,43854,60767,10699,21606,924959,842299,140047,134128,159188,146218,102228,424,483
2021-11-20T23:59:59+01:00,15797,14970,79919,78432,121474,116878,108690,107158,102633,107430,98952,100419,58395,72345,45042,62620,11169,22747,11509,10975,69262,69139,110247,106271,99682,98213,95603,100379,94126,95608,56382,69886,43848,60759,10699,21606,923354,841239,140011,134071,159185,146215,102186,424,483
2021-11-19T23:59:59+01:00,15489,14647,79650,78171,121198,116595,108430,106942,102470,107241,98836,100296,58370,72296,45027,62603,11165,22741,11443,10920,69096,69005,110038,106086,99481,98044,95454,100268,94041,95552,56369,69857,43839,60747,10697,21605,920554,839702,139953,134000,159184,146215,102142,424,483
2021-11-18T23:59:59+01:00,15094,14270,79270,77841,120860,116193,108135,106600,102249,106995,98698,100133,58289,72223,45011,62550,11157,22717,11323,10812,68865,68784,109796,105853,99248,97826,95286,100114,93928,95443,56333,69808,43822,60715,10693,21593,916856,837538,139826,133917,159178,146213,102091,423,483
2021-11-17T23:59:59+01:00,14867,14029,78953,77565,120538,115804,107877,106305,102050,106777,98588,99975,58226,72140,44989,62509,11151,22692,11272,10765,68684,68617,109606,105666,99108,97697,95171,99987,93847,95364,56295,69759,43809,60692,10690,21584,913804,836037,139688,133846,159173,146212,102035,423,483
2021-11-16T23:59:59+01:00,14631,13815,78541,77223,120084,115428,107545,105972,101819,106541,98437,99825,58160,72059,44967,62462,11141,22679,11198,10689,68509,68443,109396,105472,98947,97560,95072,99875,93752,95295,56269,69718,43786,60668,10686,21572,910255,834484,139616,133776,159168,146211,101954,423,482
2021-11-15T23:59:59+01:00,14379,13591,78060,76802,119598,114939,107146,105624,101562,106306,98279,99671,58091,71993,44939,62418,11134,22663,11140,10657,68353,68299,109205,105308,98801,97425,94969,99775,93671,95228,56238,69671,43759,60640,10680,21552,906323,833132,139507,133687,159164,146206,101865,423,481
2021-11-14T23:59:59+01:00,14000,13221,77551,76393,119080,114465,106788,105261,101285,106048,98115,99519,58027,71909,44916,62392,11132,22648,11063,10600,68186,68163,109013,105132,98660,97294,94858,99671,93597,95152,56194,69631,43745,60618,10676,21546,902094,831720,139376,133602,159145,146201,101799,423,477
2021-11-13T23:59:59+01:00,13864,13091,77218,76076,118745,114209,106536,105027,101114,105904,98036,99432,58008,71886,44913,62383,11132,22646,11021,10564,68058,68040,108883,105016,98561,97196,94782,99609,93557,95118,56183,69617,43742,60612,10676,21543,899759,830872,139300,133544,159138,146198,101687,423,477
2021-11-12T23:59:59+01:00,13684,12908,76825,75714,118409,113920,106237,104779,100881,105719,97902,99317,57979,71856,44903,62367,11131,22646,10963,10514,67914,67888,108750,104900,98444,97083,94686,99518,93496,95059,56169,69598,43737,60602,10675,21543,896839,829742,139235,133498,159136,146192,101630,423,477
2021-11-11T23:59:59+01:00,13460,12694,76312,75277,117936,113465,105838,104395,100627,105470,97742,99164,57909,71760,44885,62309,11123,22629,10804,10385,67698,67706,108578,104685,98282,96908,94566,99386,93419,94977,56134,69560,43711,60573,10671,21517,892875,827945,139118,133420,159127,146183,101537,423,475
2021-11-10T23:59:59+01:00,13331,12582,75915,74969,117571,113124,105555,104124,100438,105264,97602,99043,57856,71694,44863,62267,11117,22614,10727,10320,67539,67554,108431,104535,98180,96764,94473,99282,93345,94910,56090,69518,43690,60542,10664,21503,890059,826629,138996,133367,159113,146175,101421,423,475
2021-11-09T23:59:59+01:00,13219,12467,75416,74624,117093,112791,105272,103855,100203,105060,97448,98913,57803,71645,44839,62234,11113,22602,10616,10227,67368,67416,108267,104376,98040,96655,94398,99192,93284,94845,56061,69485,43676,60521,10657,21493,886945,825329,138890,133305,159109,146158,101311,423,474
2021-11-08T23:59:59+01:00,13095,12370,74892,74281,116659,112410,104950,103563,99971,104864,97314,98791,57743,71576,44814,62200,11106,22588,10573,10172,67228,67298,108111,104243,97940,96545,94328,99100,93233,94773,56022,69438,43667,60495,10654,21487,883785,824263,138769,133225,159099,146153,101192,423,474
2021-11-07T23:59:59+01:00,12994,12263,74448,73983,116225,112027,104612,103266,99741,104674,97176,98666,57687,71518,44784,62171,11102,22578,10520,10130,67095,67167,107956,104083,97822,96411,94253,99001,93169,94705,55987,69391,43644,60472,10650,21479,880765,823099,138634,133144,159094,146139,101079,423,474
2021-11-06T23:59:59+01:00,12904,12192,74196,73734,115904,111813,104397,103063,99574,104541,97099,98599,57674,71495,44777,62157,11101,22578,10495,10106,67006,67081,107840,104008,97751,96350,94212,98950,93141,94685,55983,69382,43641,60465,10648,21478,878825,822525,138570,133115,159091,146139,100969,423,474
2021-11-05T23:59:59+01:00,12788,12083,73933,73491,115615,111548,104152,102840,99375,104376,96991,98505,57657,71466,44769,62143,11100,22575,10415,10037,66894,66970,107726,103893,97668,96257,94139,98871,93090,94645,55974,69366,43636,60460,10647,21476,876614,821616,138497,133075,159088,146135,100864,423,474
2021-11-04T23:59:59+01:00,12680,11977,73733,73243,115336,111294,103927,102619,99183,104208,96882,98403,57616,71424,44758,62118,11097,22567,10315,9946,66750,66831,107596,103723,97569,96125,94048,98776,93016,94572,55941,69332,43623,60424,10643,21467,874442,820315,138424,133006,159084,146131,100772,422,473
2021-11-03T23:59:59+01:00,12614,11917,73564,73090,115090,111091,103755,102476,99072,104072,96790,98326,57585,71393,44745,62098,11094,22557,10270,9906,66596,66716,107467,103590,97464,96015,93966,98715,92960,94516,55923,69302,43606,60394,10637,21451,872851,819256,138370,132950,159080,146129,100686,421,473
2021-11-02T23:59:59+01:00,12576,11879,73355,72946,114826,110880,103541,102336,98908,103966,96697,98240,57559,71358,44734,62084,11090,22543,10148,9813,66415,66581,107309,103447,97364,95895,93883,98637,92900,94451,55895,69270,43593,60360,10633,21434,871235,817990,138297,132880,159078,146121,100565,421,472
2021-11-01T23:59:59+01:00,12487,11803,73126,72777,114573,110690,103302,102174,98737,103843,96614,98181,57537,71321,44723,62066,11088,22535,10088,9750,66255,66432,107159,103312,97245,95797,93798,98549,92837,94393,55869,69234,43578,60340,10630,21423,869532,816867,138193,132801,159074,146116,100434,421,471
2021-10-31T23:59:59+01:00,12449,11780,72988,72686,114400,110606,103137,102075,98640,103780,96569,98146,57526,71311,44720,62061,11088,22534,10055,9727,66164,66383,107074,103254,97173,95756,93756,98523,92812,94376,55861,69229,43576,60338,10627,21419,868615,816439,138150,132768,159073,146112,100314,421,470
2021-10-30T23:59:59+02:00,12418,11761,72871,72605,114198,110517,103003,101984,98531,103680,96505,98118,57514,71295,44715,62055,11087,22531,10026,9720,66085,66327,106988,103198,97102,95706,93711,98476,92786,94365,55854,69224,43575,60334,10624,21416,867664,816027,138113,132716,159072,146109,100195,421,470
2021-10-29T23:59:59+02:00,12379,11721,72681,72475,113937,110339,102775,101833,98368,103584,96420,98064,57501,71284,44710,62045,11087,22527,9989,9685,65951,66213,106835,103095,96986,95618,93620,98398,92727,94320,55840,69211,43572,60329,10624,21416,866294,815214,138045,132661,159070,146107,99977,421,470
2021-10-28T23:59:59+02:00,12287,11663,72464,72288,113627,110083,102535,101659,98192,103436,96310,97982,57479,71252,44699,62030,11085,22522,9916,9625,65744,66003,106636,102882,96823,95448,93500,98274,92642,94272,55814,69160,43564,60310,10623,21409,864534,813806,137961,132583,159066,146098,99688,421,470
2021-10-27T23:59:59+02:00,12233,11603,72290,72124,113421,109879,102361,101513,98065,103318,96221,97920,57453,71209,44681,62005,11083,22517,9832,9559,65585,65840,106497,102753,96708,95350,93409,98180,92583,94216,55781,69122,43554,60287,10617,21396,863084,812693,137881,132494,159064,146089,99523,421,470
2021-10-26T23:59:59+02:00,12159,11517,72066,71909,113193,109677,102173,101379,97929,103211,96149,97854,57418,71183,44668,61989,11082,22509,9762,9473,65387,65639,106321,102597,96575,95211,93312,98096,92510,94151,55758,69085,43540,60254,10614,21384,861547,811362,137786,132419,159058,146088,99330,421,470
2021-10-25T23:59:59+02:00,12116,11494,71940,71810,113067,109567,102075,101295,97841,103140,96113,97818,57412,71174,44667,61980,11080,22506,9747,9458,65306,65573,106255,102547,96537,95176,93271,98069,92487,94138,55752,69078,43539,60252,10614,21380,860711,810994,137748,132395,159057,146085,99235,421,470
2021-10-24T23:59:59+02:00,12043,11431,71752,71639,112800,109390,101893,101129,97684,103007,96033,97741,57384,71133,44655,61972,11079,22503,9686,9402,65099,65381,106053,102385,96387,95050,93163,97967,92428,94080,55719,69041,43531,60227,10612,21376,859207,809752,137682,132306,159057,146081,98978,421,470
2021-10-23T23:59:59+02:00,12017,11406,71648,71555,112673,109290,101797,101047,97624,102958,95990,97716,57370,71119,44654,61971,11079,22502,9651,9361,65020,65292,105958,102324,96325,94996,93108,97914,92399,94052,55701,69030,43530,60224,10611,21376,858517,809202,137629,132251,159056,146079,98870,421,470
2021-10-22T23:59:59+02:00,11943,11364,71485,71418,112449,109135,101633,100928,97509,102856,95930,97665,57359,71101,44652,61963,11079,22500,9561,9275,64848,65110,105775,102180,96189,94878,93010,97828,92343,93998,55688,69019,43527,60211,10610,21374,857357,808064,137567,132174,159056,146072,98644,421,470
2021-10-21T23:59:59+02:00,11811,11236,71274,71258,112245,108936,101453,100753,97353,102730,95839,97602,57336,71067,44637,61940,11074,22486,9463,9157,64625,64885,105582,101962,96034,94681,92884,97713,92269,93923,55662,68982,43513,60182,10608,21364,855674,806437,137502,132063,159053,146062,98457,420,470
2021-10-20T23:59:59+02:00,11763,11186,71147,71127,112099,108797,101335,100656,97259,102648,95776,97548,57308,71030,44624,61922,11069,22469,9340,9061,64425,64701,105455,101799,95916,94541,92785,97605,92195,93868,55633,68924,43486,60149,10591,21335,854578,804940,137449,132002,159051,146056,98341,420,470
2021-10-19T23:59:59+02:00,11660,11095,71000,70992,111963,108664,101241,100571,97183,102588,95716,97495,57285,70992,44616,61904,11065,22453,9245,8968,64205,64496,105290,101636,95800,94419,92704,97509,92145,93811,55600,68881,43468,60108,10581,21320,853470,803523,137394,131916,159046,146049,98229,420,469
2021-10-18T23:59:59+02:00,11611,11055,70863,70900,111814,108555,101133,100485,97116,102536,95659,97445,57257,70962,44599,61881,11058,22441,9194,8918,64056,64342,105168,101472,95704,94303,92636,97426,92086,93753,55573,68849,43456,60082,10577,21316,852539,802422,137312,131841,159041,146045,98134,420,469
2021-10-17T23:59:59+02:00,11565,11014,70703,70768,111683,108438,101023,100409,97062,102478,95616,97391,57235,70939,44593,61866,11056,22436,9139,8868,63820,64084,105003,101328,95574,94164,92537,97340,92026,93688,55549,68816,43446,60065,10573,21311,851599,801048,137260,131745,159039,146036,98033,420,469
2021-10-16T23:59:59+02:00,11546,10993,70643,70719,111624,108393,100997,100381,97030,102449,95597,97381,57234,70936,44592,61864,11054,22436,9109,8835,63725,63996,104938,101272,95527,94101,92505,97309,92005,93670,55544,68810,43444,60062,10573,21310,851258,800551,137242,131694,159039,146035,97986,420,469
2021-10-15T23:59:59+02:00,11491,10953,70529,70632,111510,108303,100923,100306,96973,102395,95567,97349,57227,70934,44592,61858,11053,22436,9059,8759,63587,63808,104825,101155,95433,94001,92426,97225,91957,93631,55535,68788,43439,60051,10573,21308,850552,799559,137219,131621,159038,146033,97878,420,469
2021-10-14T23:59:59+02:00,11385,10855,70344,70449,111366,108154,100807,100212,96875,102311,95512,97291,57206,70899,44580,61834,11050,22429,8932,8622,63288,63520,104667,100942,95287,93802,92304,97092,91883,93552,55497,68737,43420,60024,10569,21301,849273,797672,137139,131499,159029,146026,97773,420,469
2021-10-13T23:59:59+02:00,11287,10788,70198,70336,111243,108044,100712,100116,96792,102225,95461,97233,57171,70854,44564,61805,11046,22413,8894,8585,63126,63370,104530,100804,95180,93655,92214,97005,91821,93480,55459,68694,43399,59994,10560,21291,848222,796521,137066,131424,159025,146017,97630,420,469
2021-10-12T23:59:59+02:00,11146,10679,70017,70197,111143,107927,100614,100023,96732,102165,95420,97187,57155,70820,44554,61790,11042,22406,8832,8538,62963,63209,104398,100676,95061,93534,92126,96934,91762,93422,55407,68659,43387,59971,10556,21278,847135,795358,137000,131362,159021,146011,97515,420,467
2021-10-11T23:59:59+02:00,11075,10617,69867,70078,111022,107819,100528,99942,96669,102089,95366,97147,57127,70790,44534,61770,11037,22394,8794,8505,62788,63039,104266,100552,94967,93438,92053,96846,91711,93373,55368,68616,43372,59944,10547,21270,846154,794287,136934,131275,159018,146001,97419,420,467
2021-10-10T23:59:59+02:00,11003,10566,69706,69964,110882,107682,100429,99852,96601,102011,95318,97109,57109,70770,44529,61758,11029,22391,8756,8471,62599,62888,104105,100392,94860,93304,91963,96742,91634,93331,55341,68591,43363,59931,10544,21261,845199,793140,136887,131214,159013,145991,97264,420,467
2021-10-09T23:59:59+02:00,10978,10547,69616,69903,110814,107637,100388,99810,96563,101979,95300,97092,57101,70763,44528,61757,11029,22391,8721,8430,62508,62810,104020,100315,94803,93247,91921,96697,91612,93309,55335,68580,43358,59923,10543,21260,844797,792594,136854,131156,159011,145987,97188,420,467
2021-10-08T23:59:59+02:00,10904,10492,69472,69805,110672,107532,100315,99717,96497,101925,95249,97046,57089,70747,44525,61754,11029,22390,8660,8343,62337,62624,103885,100163,94690,93128,91835,96602,91564,93269,55318,68567,43352,59914,10541,21259,843955,791486,136801,131070,159010,145982,97047,420,466
2021-10-07T23:59:59+02:00,10825,10412,69266,69623,110486,107353,100178,99573,96409,101801,95173,96977,57067,70710,44512,61733,11025,22377,8530,8219,62049,62371,103687,99945,94541,92911,91728,96466,91489,93196,55284,68518,43337,59882,10534,21249,842531,789665,136730,130946,159007,145974,96885,420,466
2021-10-06T23:59:59+02:00,10755,10352,69089,69473,110350,107207,100083,99463,96323,101734,95127,96925,57032,70667,44501,61713,11022,22363,8487,8169,61861,62197,103554,99795,94428,92792,91652,96366,91412,93118,55253,68478,43322,59853,10529,21233,841433,788463,136664,130881,159005,145961,96728,420,466
2021-10-05T23:59:59+02:00,10650,10264,68913,69334,110197,107059,99966,99332,96259,101652,95082,96873,57014,70639,44492,61677,11017,22350,8453,8126,61661,62022,103402,99609,94313,92642,91554,96280,91350,93044,55225,68431,43309,59836,10526,21220,840242,787188,136595,130813,159004,145956,96580,420,466
2021-10-04T23:59:59+02:00,10612,10234,68735,69160,110030,106904,99861,99217,96165,101564,95028,96815,56977,70591,44477,61648,11016,22328,8419,8093,61501,61840,103257,99469,94180,92519,91461,96184,91286,92993,55188,68388,43285,59805,10520,21200,839137,786072,136523,130754,159002,145944,96352,418,466
2021-10-03T23:59:59+02:00,10548,10179,68521,68976,109855,106746,99732,99106,96077,101463,94964,96761,56946,70556,44469,61623,11016,22324,8359,8058,61296,61681,103067,99291,94043,92359,91363,96071,91212,92936,55152,68344,43268,59779,10518,21192,837945,784800,136448,130666,158998,145934,96123,418,466
2021-10-02T23:59:59+02:00,10522,10153,68418,68877,109765,106676,99666,99044,96024,101414,94939,96739,56935,70538,44469,61622,11015,22322,8319,8023,61179,61566,102994,99217,93976,92293,91317,96022,91186,92915,55145,68326,43267,59775,10517,21192,837389,784208,136384,130620,158996,145914,96021,418,466
2021-10-01T23:59:59+02:00,10437,10050,68260,68702,109573,106529,99536,98929,95941,101343,94879,96697,56917,70520,44466,61610,11013,22320,8206,7913,60981,61332,102824,99062,93843,92150,91212,95913,91123,92857,55127,68296,43263,59764,10516,21189,836265,782910,136327,130532,158992,145874,95790,418,465
2021-09-30T23:59:59+02:00,10357,9977,68023,68472,109353,106288,99354,98727,95802,101197,94786,96590,56880,70474,44447,61579,11009,22305,8098,7792,60727,61066,102614,98853,93656,91938,91070,95762,91031,92762,55100,68247,43248,59731,10506,21174,834591,781215,136236,130413,158986,145825,95457,417,465
2021-09-29T23:59:59+02:00,10275,9919,67819,68281,109153,106086,99196,98562,95676,101084,94702,96518,56837,70417,44431,61544,11004,22286,8040,7733,60542,60895,102425,98671,93520,91769,90955,95653,90960,92681,55065,68199,43229,59685,10503,21159,833149,779956,136170,130335,158982,145790,95139,417,464
2021-09-28T23:59:59+02:00,10190,9841,67626,68073,108946,105917,99047,98406,95565,100971,94617,96439,56798,70377,44419,61506,10997,22259,7990,7686,60346,60709,102230,98515,93386,91632,90831,95524,90880,92610,55033,68161,43212,59657,10494,21145,831742,778759,136109,130249,158980,145756,94813,417,464
2021-09-27T23:59:59+02:00,10061,9709,67377,67824,108732,105744,98909,98255,95474,100859,94539,96367,56769,70329,44405,61475,10992,22247,7952,7630,60129,60519,102038,98376,93243,91491,90726,95409,90808,92533,54996,68105,43191,59629,10485,21134,830324,777656,136023,130169,158978,145713,94392,417,464
2021-09-26T23:59:59+02:00,9940,9615,67131,67587,108503,105551,98741,98108,95350,100731,94454,96285,56729,70295,44389,61452,10987,22234,7898,7584,59884,60320,101833,98194,93095,91325,90615,95290,90735,92456,54965,68077,43177,59601,10480,21119,828862,776497,135939,130074,158972,145654,93959,417,464
2021-09-25T23:59:59+02:00,9901,9574,67013,67464,108399,105461,98667,98046,95291,100678,94423,96256,56725,70287,44387,61449,10986,22234,7857,7545,59768,60202,101730,98101,93014,91252,90572,95224,90698,92433,54953,68066,43173,59597,10480,21119,828307,775938,135877,130021,158972,145626,93735,417,464
2021-09-24T23:59:59+02:00,9840,9513,66843,67277,108226,105286,98516,97894,95166,100572,94353,96201,56709,70270,44379,61436,10986,22232,7759,7433,59538,59972,101546,97906,92884,91103,90460,95115,90613,92367,54931,68044,43171,59592,10479,21116,827265,774738,135802,129954,158972,145564,93309,417,464
2021-09-23T23:59:59+02:00,9748,9387,66516,66940,107959,105023,98319,97663,95005,100408,94250,96089,56664,70210,44355,61407,10980,22204,7643,7312,59239,59691,101304,97671,92694,90890,90322,94960,90515,92257,54882,67993,43148,59564,10478,21093,825443,773166,135677,129844,158966,145495,92689,417,462
2021-09-22T23:59:59+02:00,9678,9307,66178,66612,107746,104809,98118,97458,94850,100273,94121,95991,56616,70140,44321,61363,10969,22182,7587,7270,59057,59509,101127,97503,92513,90754,90207,94838,90406,92180,54849,67947,43120,59532,10472,21077,823668,772122,135563,129765,158961,145412,92187,417,462
2021-09-21T23:59:59+02:00,9591,9219,65945,66364,107535,104627,97941,97299,94735,100164,94041,95919,56566,70088,44303,61321,10962,22167,7549,7232,58862,59325,100931,97342,92372,90621,90117,94749,90315,92105,54809,67889,43100,59493,10463,21059,822198,771056,135481,129670,158958,145348,91797,417,462
2021-09-20T23:59:59+02:00,9529,9162,65658,66053,107332,104443,97780,97130,94627,100063,93975,95842,56525,70045,44283,61278,10957,22156,7492,7177,58668,59169,100743,97196,92215,90467,89975,94648,90234,92034,54762,67850,43073,59457,10457,21042,820764,770040,135400,129588,158952,145201,91368,417,462
2021-09-19T23:59:59+02:00,9477,9117,65372,65877,107102,104250,97628,96961,94487,99962,93871,95764,56495,69992,44273,61254,10955,22145,7453,7135,58423,58972,100499,97020,92029,90296,89790,94476,90114,91949,54724,67788,43055,59423,10456,21029,819422,768820,135316,129470,158948,144937,90942,417,462
2021-09-18T23:59:59+02:00,9444,9072,65278,65771,106981,104152,97517,96875,94421,99892,93836,95736,56487,69983,44269,61249,10953,22144,7413,7094,58301,58849,100392,96919,91905,90215,89719,94413,90076,91919,54714,67783,43048,59420,10454,21025,818846,768180,135226,129405,158946,144925,90688,417,461
2021-09-17T23:59:59+02:00,9365,8986,65083,65611,106800,103993,97347,96723,94293,99794,93763,95660,56470,69956,44258,61242,10947,22138,7322,6995,58094,58613,100202,96754,91748,90094,89601,94307,89998,91857,54699,67755,43039,59414,10454,21022,817741,767035,135137,129308,158941,144908,90256,417,461
2021-09-16T23:59:59+02:00,9274,8878,64792,65306,106513,103735,97109,96484,94103,99616,93662,95567,56418,69901,44245,61213,10940,22124,7230,6884,57842,58335,99929,96525,91550,89879,89424,94144,89897,91769,54653,67704,43017,59392,10449,21011,815908,765515,135042,129171,158931,144845,89644,417,459
2021-09-15T23:59:59+02:00,9204,8823,64438,65010,106314,103523,96900,96291,93967,99453,93561,95480,56381,69843,44210,61183,10935,22098,7180,6835,57664,58174,99739,96364,91381,89721,89319,94033,89792,91702,54620,67657,42992,59360,10445,20991,814154,764454,134987,129054,158926,144811,89191,417,459
2021-09-14T23:59:59+02:00,9162,8774,64150,64800,106075,103305,96703,96111,93835,99310,93446,95394,56333,69783,44184,61146,10930,22082,7138,6798,57460,57989,99562,96179,91211,89557,89185,93919,89712,91630,54584,67616,42970,59333,10440,20976,812612,763404,134915,128964,158919,144712,88721,417,458
2021-09-13T23:59:59+02:00,9125,8740,63846,64535,105842,103077,96533,95941,93690,99173,93357,95296,56281,69729,44167,61112,10923,22070,7106,6761,57250,57803,99358,95990,91058,89401,89052,93812,89624,91556,54545,67568,42949,59304,10437,20959,811086,762294,134824,128850,158909,144670,88262,417,457
2021-09-12T23:59:59+02:00,9072,8692,63529,64288,105592,102831,96321,95712,93526,99045,93260,95214,56230,69678,44150,61082,10919,22059,7068,6731,57049,57641,99111,95781,90889,89231,88918,93693,89527,91480,54501,67509,42929,59275,10433,20942,809538,761257,134725,128721,158905,144597,87676,417,457
2021-09-11T23:59:59+02:00,9025,8659,63408,64156,105449,102713,96218,95602,93440,98966,93221,95182,56215,69663,44145,61070,10919,22058,7015,6705,56899,57549,98962,95677,90790,89133,88819,93627,89490,91455,54491,67489,42925,59265,10433,20941,808853,760662,134671,128643,158903,144578,87326,417,456
2021-09-10T23:59:59+02:00,8931,8548,63164,63888,105251,102499,96046,95413,93295,98839,93125,95109,56179,69633,44131,61051,10919,22056,6935,6627,56651,57337,98765,95489,90608,88949,88685,93495,89402,91384,54469,67468,42912,59246,10433,20937,807457,759490,134607,128525,158900,144563,86758,416,456
2021-09-09T23:59:59+02:00,8833,8449,62841,63609,104973,102178,95810,95122,93116,98611,92986,94989,56138,69567,44110,61022,10909,22035,6831,6528,56394,57113,98509,95238,90375,88717,88524,93340,89257,91296,54426,67415,42891,59217,10427,20931,805458,758061,134502,128340,158896,144488,86087,416,453
2021-09-08T23:59:59+02:00,8772,8398,62612,63370,104744,101939,95615,94897,92944,98437,92869,94857,56103,69500,44076,60983,10896,22011,6800,6498,56230,56951,98314,95029,90210,88518,88364,93192,89136,91190,54387,67353,42856,59177,10415,20897,803942,757024,134393,128190,158884,144401,85449,416,453
2021-09-07T23:59:59+02:00,8722,8345,62368,63152,104517,101697,95428,94706,92801,98296,92768,94778,56070,69451,44047,60928,10887,21989,6754,6462,56034,56783,98093,94834,90023,88355,88234,93083,89039,91099,54345,67306,42832,59146,10410,20878,802443,755938,134287,128062,158878,144271,84987,416,452
2021-09-06T23:59:59+02:00,8680,8302,62154,62970,104307,101522,95287,94545,92679,98163,92680,94702,56012,69392,44025,60898,10880,21956,6711,6425,55860,56612,97890,94667,89853,88199,88105,92954,88941,91017,54290,67252,42812,59102,10400,20853,801171,754812,134194,127927,158867,144185,84567,416,452
2021-09-05T23:59:59+02:00,8618,8252,61933,62758,104134,101334,95127,94376,92552,98047,92602,94635,55983,69351,44015,60877,10875,21949,6658,6369,55653,56408,97692,94468,89663,88034,87961,92826,88857,90930,54241,67202,42795,59079,10395,20837,799952,753637,134113,127754,158863,144090,84136,415,451
2021-09-04T23:59:59+02:00,8567,8221,61811,62646,104045,101236,95025,94289,92495,97979,92567,94609,55973,69340,44008,60867,10875,21948,6630,6325,55526,56292,97569,94339,89546,87934,87895,92745,88808,90897,54226,67191,42789,59068,10395,20836,799346,752979,134065,127633,158859,144071,83877,415,451
2021-09-03T23:59:59+02:00,8489,8146,61612,62461,103866,101078,94873,94140,92389,97865,92495,94558,55945,69312,44000,60852,10872,21939,6563,6259,55315,56104,97366,94122,89355,87738,87748,92573,88717,90818,54194,67157,42778,59049,10391,20832,798207,751720,134010,127406,158853,144035,83468,415,450
2021-09-02T23:59:59+02:00,8368,8054,61343,62210,103603,100831,94670,93912,92195,97693,92374,94455,55897,69255,43977,60817,10867,21917,6463,6177,55042,55842,97062,93838,89105,87461,87523,92361,88572,90702,54149,67074,42748,58998,10381,20795,796501,750037,133898,127051,158841,143913,82843,415,449
2021-09-01T23:59:59+02:00,8303,7970,61128,61994,103398,100657,94522,93755,92074,97561,92266,94379,55851,69203,43959,60793,10859,21899,6408,6114,54784,55619,96832,93614,88906,87245,87347,92196,88430,90591,54084,66983,42710,58956,10373,20775,795212,748580,133820,126791,158826,143793,82358,415,445
2021-08-31T23:59:59+02:00,8221,7893,60915,61738,103189,100468,94341,93592,91950,97442,92139,94296,55804,69148,43933,60754,10848,21883,6346,6045,54531,55353,96557,93361,88686,87006,87189,92034,88266,90485,54037,66909,42684,58900,10365,20756,793806,747068,133740,126483,158815,143678,81838,415,443
2021-08-30T23:59:59+02:00,8125,7817,60706,61550,103005,100319,94215,93455,91831,97339,92067,94216,55770,69116,43917,60720,10843,21867,6274,5980,54276,55157,96308,93124,88470,86777,87008,91888,88139,90359,53979,66830,42642,58837,10349,20727,792670,745620,133682,126170,158808,143532,81362,415,440
2021-08-29T23:59:59+02:00,8049,7739,60429,61307,102765,100122,94029,93278,91692,97221,91977,94123,55725,69066,43893,60690,10841,21858,6166,5870,53923,54846,95986,92830,88178,86516,86773,91692,87985,90231,53910,66753,42612,58797,10343,20710,791296,743693,133592,125834,158791,143386,80769,415,439
2021-08-28T23:59:59+02:00,7992,7673,60289,61194,102657,100011,93927,93194,91607,97146,91931,94093,55711,69053,43885,60686,10840,21856,6126,5803,53743,54696,95824,92694,88045,86404,86662,91603,87917,90188,53893,66733,42603,58790,10342,20709,790672,742871,133553,125728,158787,143360,80377,415,439
2021-08-27T23:59:59+02:00,7927,7587,60105,60998,102488,99841,93786,93066,91494,97040,91843,94034,55688,69022,43876,60669,10839,21853,6047,5732,53498,54448,95526,92415,87822,86196,86485,91445,87809,90088,53850,66695,42588,58764,10337,20706,789673,741277,133490,125527,158750,143323,79887,415,437
2021-08-26T23:59:59+02:00,7840,7487,59863,60750,102257,99622,93566,92840,91315,96858,91736,93936,55637,68957,43843,60641,10833,21841,5973,5664,53152,54159,95158,92062,87483,85879,86246,91178,87650,89954,53784,66606,42541,58720,10330,20694,788173,739323,133392,125116,158727,143188,79174,415,432
2021-08-25T23:59:59+02:00,7767,7397,59630,60550,102079,99483,93414,92657,91192,96736,91624,93855,55596,68904,43811,60597,10828,21818,5901,5603,52840,53905,94845,91805,87254,85632,86044,90991,87518,89826,53717,66522,42493,58653,10324,20664,786947,737573,133310,124804,158716,143117,78612,412,431
2021-08-24T23:59:59+02:00,7717,7344,59407,60332,101890,99307,93247,92493,91079,96608,91537,93781,55558,68851,43785,60554,10822,21793,5856,5536,52514,53644,94488,91521,86952,85377,85834,90798,87366,89665,53632,66425,42446,58587,10316,20642,785797,735747,133219,124499,158709,142896,78027,412,430
2021-08-23T23:59:59+02:00,7661,7290,59196,60121,101719,99146,93115,92332,90983,96523,91460,93694,55520,68806,43756,60529,10818,21774,5793,5474,52189,53369,94143,91237,86707,85099,85636,90625,87231,89537,53552,66333,42412,58535,10309,20624,784626,733825,133146,124211,158699,142720,77620,411,429
2021-08-22T23:59:59+02:00,7589,7235,59001,59937,101512,98983,92956,92195,90887,96407,91379,93626,55483,68758,43742,60505,10812,21760,5712,5391,51816,53016,93737,90830,86393,84794,85397,90397,87058,89411,53471,66227,42380,58474,10301,20603,783588,731484,133042,123898,158686,142503,77099,411,424
2021-08-21T23:59:59+02:00,7534,7197,58863,59814,101377,98879,92849,92090,90788,96346,91321,93590,55463,68736,43734,60488,10810,21757,5519,5204,51480,52715,93567,90680,86221,84636,85252,90270,86972,89348,53439,66202,42370,58458,10300,20597,782902,729948,132969,123669,158685,142461,76728,411,424
2021-08-20T23:59:59+02:00,7482,7145,58708,59637,101206,98722,92699,91952,90669,96220,91242,93528,55440,68709,43723,60471,10808,21752,5395,5103,51144,52362,93304,90405,85956,84402,85037,90065,86838,89236,53407,66161,42347,58434,10293,20590,781930,727968,132919,123458,158679,142395,76234,410,424
2021-08-19T23:59:59+02:00,7415,7084,58455,59403,100920,98491,92489,91759,90508,96054,91114,93424,55396,68648,43698,60440,10801,21738,5278,4978,50701,51920,92866,89993,85547,83987,84723,89749,86624,89050,53333,66052,42308,58372,10283,20572,780544,725232,132786,123010,158671,142187,75486,409,421
2021-08-18T23:59:59+02:00,7351,7029,58264,59240,100728,98308,92341,91593,90365,95927,91012,93327,55329,68583,43669,60395,10791,21718,5183,4877,50341,51544,92484,89660,85223,83654,84442,89498,86432,88878,53216,65935,42237,58279,10268,20542,779359,722805,132696,122616,158664,141949,74902,408,421
2021-08-17T23:59:59+02:00,7289,6978,58074,59077,100532,98131,92174,91442,90241,95795,90914,93236,55289,68535,43645,60367,10789,21703,5062,4744,49843,51114,92033,89241,84817,83292,84113,89201,86222,88675,53113,65809,42179,58202,10262,20518,778230,719764,132592,122204,158651,141661,74390,407,421
2021-08-16T23:59:59+02:00,7229,6912,57889,58896,100328,97955,92023,91282,90099,95674,90799,93137,55235,68472,43615,60316,10782,21689,4851,4561,49270,50526,91561,88783,84347,82890,83779,88901,85992,88468,53004,65691,42120,58123,10253,20480,777039,716183,132501,121762,158644,141435,73800,407,420
2021-08-15T23:59:59+02:00,7163,6864,57666,58704,100139,97770,91862,91138,89976,95566,90711,93075,55198,68430,43595,60287,10778,21682,4452,4160,48141,49378,90915,88088,83787,82344,83380,88509,85704,88260,52898,65567,42075,58064,10244,20461,775940,710333,132389,121132,158635,141252,73292,407,418
2021-08-14T23:59:59+02:00,7130,6831,57545,58614,99997,97667,91753,91061,89887,95498,90659,93031,55182,68413,43590,60280,10777,21681,4423,4137,47984,49232,90681,87913,83568,82134,83254,88409,85633,88216,52870,65536,42066,58053,10243,20459,775405,709501,132328,120806,158630,141201,72885,407,418
2021-08-13T23:59:59+02:00,7083,6786,57390,58478,99839,97538,91622,90919,89777,95384,90578,92967,55152,68362,43576,60255,10775,21674,4363,4076,47673,48907,90196,87504,83162,81752,82989,88176,85460,88073,52826,65468,42044,58029,10240,20447,774558,707242,132269,120249,158623,141121,72358,405,415
2021-08-12T23:59:59+02:00,7048,6736,57181,58312,99621,97357,91443,90751,89630,95237,90483,92886,55115,68309,43549,60221,10767,21657,4312,4013,47252,48508,89542,86931,82575,81201,82611,87843,85229,87890,52751,65365,41990,57970,10230,20429,773469,704233,132165,119412,158611,140872,71711,405,414
2021-08-11T23:59:59+02:00,7013,6681,56990,58138,99408,97177,91279,90610,89497,95120,90372,92785,55064,68249,43517,60182,10757,21642,4239,3964,46830,48041,88910,86272,81986,80692,82270,87534,84958,87645,52663,65222,41917,57845,10211,20380,772326,701020,132067,118456,158588,140534,71156,402,413
2021-08-10T23:59:59+02:00,6952,6632,56801,57971,99183,97022,91122,90457,89369,95002,90287,92706,55021,68202,43501,60142,10753,21629,4174,3899,46383,47557,88261,85636,81378,80147,81855,87150,84707,87425,52543,65111,41858,57761,10198,20349,771249,697626,131969,117515,158569,140217,70621,402,413
2021-08-09T23:59:59+02:00,6901,6573,56630,57811,98988,96864,90966,90318,89224,94900,90174,92642,54980,68151,43476,60107,10746,21614,4105,3820,45813,46982,87422,84952,80688,79557,81439,86795,84409,87195,52430,64978,41802,57660,10184,20306,770201,693731,131895,116460,158558,139869,70068,401,409
2021-08-08T23:59:59+02:00,6830,6504,56404,57622,98776,96670,90784,90152,89088,94778,90078,92567,54925,68102,43450,60072,10739,21591,4049,3759,45207,46361,86348,84008,79783,78739,80888,86317,84075,86894,52294,64824,41737,57569,10171,20278,768966,688556,131781,115276,158536,139554,69507,399,408
2021-08-07T23:59:59+02:00,6786,6453,56259,57500,98633,96554,90651,90051,88995,94720,90016,92524,54905,68075,43447,60061,10736,21586,3587,3384,44366,45465,86002,83664,79302,78301,80524,85965,83893,86747,52230,64740,41716,57533,10166,20269,768290,684797,131719,114130,158531,139450,69070,399,407
2021-08-06T23:59:59+02:00,6730,6403,56066,57347,98398,96368,90496,89921,88868,94605,89918,92452,54864,68045,43438,60034,10733,21582,3204,2986,43442,44568,85527,83192,78715,77743,80133,85577,83702,86599,52179,64675,41690,57502,10158,20256,767309,680803,131620,112851,158523,139311,68477,396,406
2021-08-05T23:59:59+02:00,6661,6331,55742,57093,98091,96093,90227,89695,88652,94406,89746,92314,54799,67953,43407,59982,10724,21564,2687,2538,42186,43390,84780,82501,77930,76937,79532,85008,83341,86295,52047,64514,41630,57399,10143,20223,765609,675169,131491,111210,158509,138764,67533,395,405
2021-08-04T23:59:59+02:00,6582,6281,55490,56901,97812,95876,90032,89528,88507,94264,89625,92212,54746,67902,43369,59935,10720,21554,2614,2479,41691,42887,83531,81447,76571,75796,79043,84550,83023,86047,51906,64376,41571,57311,10127,20197,764296,669948,131384,109701,158495,138290,66823,395,405
2021-08-03T23:59:59+02:00,6516,6215,55232,56704,97577,95682,89854,89363,88364,94116,89479,92088,54667,67820,43331,59877,10712,21546,2560,2437,41245,42448,82288,80307,75145,74607,78435,83983,82472,85555,51690,64172,41471,57155,10114,20161,762902,664102,131279,108000,158471,137585,66154,394,404
2021-08-02T23:59:59+02:00,6454,6152,54990,56500,97315,95457,89628,89187,88193,93973,89337,91974,54584,67745,43298,59824,10709,21526,2509,2372,40755,41939,80955,79188,73588,73396,77802,83421,81928,85069,51519,63964,41396,57034,10097,20127,761457,657971,131129,106237,158448,136974,65476,393,401
2021-08-01T23:59:59+02:00,6386,6067,54719,56232,97044,95190,89390,89010,87988,93826,89172,91862,54515,67659,43261,59772,10702,21519,2429,2319,40234,41435,79662,78107,72169,72291,76901,82667,81338,84602,51329,63726,41309,56929,10086,20103,759840,651767,130933,104330,158422,136359,64785,389,395
2021-07-31T23:59:59+02:00,6350,6029,54596,56138,96922,95095,89285,88944,87897,93755,89127,91825,54503,67648,43255,59768,10702,21518,1904,1870,39270,40403,79209,77662,71628,71738,76518,82339,81223,84506,51310,63690,41293,56918,10086,20100,759353,647061,130763,103457,158419,136266,64488,389,395
2021-07-30T23:59:59+02:00,6296,5993,54418,55988,96762,94916,89128,88794,87766,93640,89043,91755,54466,67618,43242,59750,10700,21516,1435,1420,38249,39336,78498,77006,70871,71000,76001,81809,80820,84181,51233,63601,41259,56858,10080,20087,758444,640820,130448,102320,158413,136057,64153,388,394
2021-07-29T23:59:59+02:00,6244,5934,54178,55798,96501,94690,88915,88581,87590,93463,88903,91626,54405,67550,43219,59708,10691,21495,948,953,36997,38087,77438,76131,69819,70049,75188,81041,80281,83746,51097,63436,41191,56762,10063,20060,757178,633009,129961,100764,158394,135496,63626,387,392
2021-07-28T23:59:59+02:00,6207,5882,53969,55621,96291,94482,88760,88398,87475,93322,88791,91528,54344,67474,43185,59659,10682,21463,907,903,36374,37469,76266,75150,68534,68943,74423,80320,79786,83284,50949,63226,41122,56657,10046,20019,755975,626611,129512,99342,158378,134700,63336,387,389
2021-07-27T23:59:59+02:00,6157,5840,53734,55393,96026,94266,88575,88209,87316,93165,88667,91430,54288,67395,43143,59596,10668,21415,846,847,35708,36694,74796,73890,67081,67722,73554,79470,79241,82761,50774,63014,41041,56535,10020,19977,754529,619243,129080,97888,158355,133466,62987,387,387
2021-07-26T23:59:59+02:00,6100,5787,53513,55182,95780,94070,88372,88037,87149,93029,88538,91327,54226,67316,43114,59539,10661,21393,790,788,34932,35844,73266,72550,65708,66481,72511,78472,78645,82223,50598,62795,40962,56385,9999,19932,753163,611102,128655,96358,158334,132385,62651,385,385
2021-07-25T23:59:59+02:00,6061,5743,53302,54975,95522,93835,88194,87842,86987,92895,88429,91228,54172,67248,43087,59495,10651,21358,678,679,34226,35074,71916,71341,64595,65464,71510,77555,78166,81769,50475,62604,40897,56296,9993,19897,751727,604097,128379,94798,158310,131577,62279,384,384
2021-07-24T23:59:59+02:00,5972,5685,53023,54675,95211,93523,87946,87631,86811,92737,88328,91147,54143,67214,43075,59472,10651,21352,629,628,33708,34570,71041,70639,63929,64903,70631,76852,77962,81617,50419,62561,40875,56270,9993,19895,749839,599634,128323,93861,158309,131448,61795,384,384
2021-07-23T23:59:59+02:00,5919,5629,52750,54400,94805,93234,87642,87411,86629,92556,88186,91053,54107,67166,43067,59454,10648,21346,576,583,33166,33901,69973,69773,63139,64226,69725,75999,77559,81286,50342,62461,40843,56231,9986,19880,747763,593937,128249,92703,158303,131270,61357,384,382
2021-07-22T23:59:59+02:00,5848,5567,52333,53996,94321,92785,87254,87072,86319,92254,87975,90866,54022,67072,43038,59393,10640,21320,501,520,32450,33161,68653,68774,62089,63345,68106,74643,76904,80769,50189,62249,40751,56116,9965,19840,744694,587434,128017,89948,158276,130503,60759,383,381
2021-07-21T23:59:59+02:00,5795,5513,51957,53604,93882,92365,86945,86770,86065,92008,87802,90676,53940,66985,42979,59325,10629,21292,451,462,31825,32498,67315,67729,60998,62449,66065,72953,75996,80021,49900,61940,40590,55928,9941,19782,741865,581115,127779,85622,158246,129411,60314,382,381
2021-07-20T23:59:59+02:00,5736,5450,51568,53204,93417,91895,86575,86444,85796,91751,87576,90479,53847,66851,42930,59267,10622,21267,404,418,31151,31829,65840,66531,59865,61487,64884,71890,75378,79463,49692,61704,40483,55768,9917,19719,738877,574017,127558,83931,158191,128373,59721,382,381
2021-07-19T23:59:59+02:00,5659,5376,51093,52740,92942,91412,86207,86110,85545,91535,87370,90297,53752,66728,42894,59189,10605,21232,361,365,30598,31236,64672,65469,58949,60626,63728,70856,74775,78942,49517,61508,40392,55621,9889,19675,735586,568214,127330,82117,158156,127182,59286,382,380
2021-07-18T23:59:59+02:00,5590,5305,50264,51925,91862,90357,85474,85491,85064,91102,87078,90005,53645,66580,42830,59093,10595,21201,324,320,30049,30647,63479,64390,58024,59714,62549,69829,74224,78442,49366,61343,40333,55537,9877,19646,729102,562355,126999,80087,158139,126376,58896,379,379
2021-07-17T23:59:59+02:00,5417,5118,49911,51591,91717,90222,85280,85332,84905,90964,86970,89923,53625,66553,42819,59081,10594,21198,272,265,29656,30255,62832,63786,57466,59291,61795,69092,73919,78200,49254,61224,40294,55479,9867,19635,727921,559309,126823,79119,158135,125760,58015,379,379
2021-07-16T23:59:59+02:00,5317,5027,49585,51293,91448,89991,85032,85130,84708,90780,86832,89816,53583,66520,42801,59068,10591,21193,237,230,29145,29740,61885,62863,56619,58602,60742,68048,73421,77780,49092,61035,40247,55410,9862,19626,726525,554301,126652,77798,158128,125021,57085,378,379
2021-07-15T23:59:59+02:00,5182,4893,49101,50875,91043,89607,84674,84746,84404,90500,86609,89646,53501,66429,42747,58999,10581,21165,187,197,28408,29098,60559,61793,55485,57614,59322,66732,72682,77194,48859,60771,40156,55278,9846,19571,724023,548428,126232,75587,158093,123342,56018,377,377
2021-07-14T23:59:59+02:00,5075,4780,48741,50495,90742,89310,84380,84429,84155,90260,86408,89489,53410,66320,42689,58910,10564,21134,170,175,27866,28520,59461,60792,54514,56766,58444,65878,72073,76607,48589,60493,40050,55103,9823,19528,721839,542974,125872,74664,158049,121643,55196,376,375
2021-07-13T23:59:59+02:00,4964,4663,48330,50110,90344,88957,84072,84118,83885,89997,86200,89321,53298,66214,42634,58846,10558,21113,153,165,27192,27834,58091,59600,53316,55774,57452,64964,71345,75964,48311,60168,39921,54924,9791,19476,719449,536593,125499,73540,157994,119589,54346,376,373
2021-07-12T23:59:59+02:00,4794,4493,47769,49590,89952,88614,83675,83793,83634,89730,86010,89159,53215,66117,42587,58783,10546,21098,144,157,26549,27168,56594,58247,52030,54708,56226,63823,70596,75337,47934,59736,39746,54699,9750,19411,716701,529268,125131,72517,157931,117237,53461,375,372
2021-07-11T23:59:59+02:00,4399,4119,46817,48662,89516,88179,83260,83405,83321,89441,85814,89009,53124,66021,42561,58728,10535,21081,131,149,25942,26597,55209,56991,50731,53659,55181,62790,69999,74784,47584,59350,39622,54523,9726,19369,712712,522613,124657,71509,157893,115445,52399,371,371
2021-07-10T23:59:59+02:00,4386,4106,46482,48310,89062,87695,82927,83093,83213,89341,85749,88953,53103,65997,42552,58715,10534,21077,128,141,25452,26056,54112,56036,49866,53073,54578,62223,69783,74596,47216,58930,39522,54418,9721,19358,712033,518272,124189,71424,157715,114115,51027,370,371
2021-07-09T23:59:59+02:00,4366,4094,46055,47865,88438,87130,82546,82747,82961,89148,85633,88860,53067,65968,42545,58702,10530,21068,122,126,24739,25277,52783,54798,48921,52186,53790,61369,69356,74188,46856,58520,39434,54327,9714,19346,710590,512053,123604,71018,157551,112761,49650,367,370
2021-07-08T23:59:59+02:00,4337,4067,45497,47355,87573,86415,82002,82228,82706,88899,85439,88706,52996,65899,42513,58655,10519,21052,114,109,23736,24318,50834,53216,47544,51031,52652,60236,68659,73546,46333,57961,39297,54164,9686,19278,708424,504259,122706,69738,157263,110220,48128,363,369
2021-07-07T23:59:59+02:00,4314,4040,44912,46758,86726,85646,81438,81743,82422,88603,85228,88540,52915,65798,42471,58591,10511,21032,102,94,22836,23396,48878,51524,46025,49893,51407,59050,67955,73009,45597,57218,39100,53926,9652,19219,705868,496035,121705,68626,157009,107106,46747,363,367
2021-07-06T23:59:59+02:00,4281,4019,44362,46231,85858,84902,80821,81146,82048,88270,85050,88361,52824,65717,42435,58529,10501,21006,93,84,21988,22514,46865,49733,44629,48641,50123,57705,67207,72287,44762,56442,38913,53687,9634,19164,703173,486998,120688,67541,156710,104133,45432,362,367
2021-07-05T23:59:59+02:00,4259,3983,43194,45230,84336,83796,80095,80523,81587,87847,84770,88094,52706,65577,42384,58451,10487,20978,82,72,20791,21437,44897,48127,43613,47678,49092,56743,66509,71667,43998,55579,38741,53463,9609,19124,699797,480972,119634,66672,156346,101045,42166,358,367
2021-07-04T23:59:59+02:00,4231,3960,41828,43999,82695,82486,79371,79917,81112,87419,84495,87890,52613,65450,42341,58398,10474,20949,79,65,19436,20221,43100,46611,42911,46936,48274,55888,65929,71098,43252,54722,38577,53271,9589,19076,696639,476283,118483,65735,155925,98423,38228,357,366
2021-07-03T23:59:59+02:00,3763,3545,40237,42428,81821,81828,78884,79430,80667,86944,84278,87716,52544,65349,42322,58344,10471,20943,75,64,18625,19524,42179,45915,42494,46560,47865,55490,65764,70931,42662,53992,38514,53170,9582,19066,692835,474333,117176,65634,155841,96830,35309,357,366
2021-07-02T23:59:59+02:00,3207,2974,38676,40919,81081,81102,78208,78717,80147,86437,84036,87511,52493,65263,42294,58297,10458,20930,67,56,17846,18784,41020,44955,41753,45851,47025,54704,65240,70478,41711,52785,38384,52981,9566,19048,687753,469207,115773,65164,155690,94331,33187,351,365
2021-07-01T23:59:59+02:00,2558,2428,36952,39241,80099,80224,77365,77882,79445,85801,83720,87228,52368,65106,42231,58195,10440,20900,56,43,16953,17831,39474,43712,40540,44782,45715,53570,64489,69892,40816,51642,38232,52770,9549,19016,681369,462713,114048,63510,155470,91546,30950,350,363
2021-06-30T23:59:59+02:00,2516,2398,35931,38210,78256,78720,75664,76396,78801,85249,83436,86936,52237,64944,42171,58098,10428,20873,47,33,15908,16840,37797,42483,39341,43675,44559,52502,63730,69259,40267,50954,38113,52570,9527,18981,675473,456535,112313,62169,155261,89650,27871,350,361
2021-06-29T23:59:59+02:00,2479,2366,35086,37293,76651,77225,74049,74989,78001,84531,82888,86443,52053,64722,42096,57967,10411,20836,34,24,15067,15920,36487,41329,38427,42846,43334,51443,63008,68672,39556,50017,37977,52351,9505,18937,669070,451301,110439,60336,154993,87700,25238,350,359
2021-06-28T23:59:59+02:00,2438,2335,34253,36465,75036,75807,72364,73597,76976,83743,82282,85943,51878,64495,42019,57861,10398,20804,25,19,14311,15152,35430,40299,37597,42115,42202,50442,62350,68120,38679,48928,37809,52126,9485,18892,662559,446404,108480,58815,154397,85491,22912,350,359
2021-06-27T23:59:59+02:00,2423,2320,33509,35708,73469,74438,70956,72389,75581,82621,81602,85386,51678,64278,41954,57743,10388,20775,20,19,13666,14507,34465,39536,36939,41512,41261,49585,61807,67672,37807,47890,37657,51946,9470,18861,656335,442459,106547,58037,153441,83219,20549,349,356
2021-06-26T23:59:59+02:00,1785,1713,32462,34589,73101,74111,70491,71927,75287,82310,81511,85308,51658,64251,41939,57733,10387,20772,20,18,13471,14294,33795,38990,36293,41090,40737,49250,60813,66662,36811,46755,37488,51734,9456,18828,651508,436453,105608,57982,153437,81279,20437,348,354
2021-06-25T23:59:59+02:00,1164,1117,31330,33394,72596,73581,69878,71232,74862,81861,81132,84980,51596,64164,41906,57690,10382,20758,17,16,13129,13893,32934,38193,35417,40267,39779,48405,59597,65425,36294,46052,37296,51433,9433,18787,645129,427974,104417,57534,153432,80206,20300,348,353
2021-06-24T23:59:59+02:00,551,557,29980,32060,71802,72820,69004,70349,74185,81225,80682,84612,51487,64034,41853,57620,10371,20725,14,13,12452,13172,31753,36884,34193,38999,38641,47281,57959,64048,35812,45533,37139,51243,9414,18728,637242,418552,102929,55975,153320,78319,20082,347,350
2021-06-23T23:59:59+02:00,524,525,29466,31489,70694,71836,67732,69204,73433,80538,80230,84204,51374,63856,41795,57524,10355,20694,12,12,11954,12628,30754,35639,33254,37777,37614,46397,56006,62329,35260,44964,36968,51014,9392,18663,630982,408729,101346,54915,153217,77063,19584,347,346
2021-06-22T23:59:59+02:00,500,508,28939,30876,69519,70807,66524,68175,72753,79833,79819,83832,51267,63728,41748,57440,10346,20668,10,11,11594,12203,29836,34710,32298,36884,36652,45488,54027,60490,34874,44488,36831,50771,9363,18606,624617,400139,99879,53348,153084,75948,19358,347,343
2021-06-21T23:59:59+02:00,468,474,28262,30176,68195,69623,65337,67044,71998,79050,79419,83437,51158,63615,41689,57351,10332,20627,9,11,11296,11880,29207,34113,31741,36316,36040,44892,52184,58832,34162,43680,36535,50349,9334,18530,617740,392518,98376,52151,152963,75264,18835,344,343
2021-06-20T23:59:59+02:00,383,394,27624,29502,66963,68486,64317,66114,71190,78310,79067,83098,51081,63485,41640,57284,10327,20595,5,10,11003,11607,28651,33614,31282,35823,35528,44363,50338,57031,33616,42997,36338,50017,9304,18471,611337,385061,96915,51403,152863,74791,18404,343,339
2021-06-19T23:59:59+02:00,351,360,27227,29122,66229,67910,63787,65604,70388,77654,78916,82972,51061,63459,41625,57268,10326,20595,5,9,10866,11402,28395,33289,31022,35495,35303,44098,48886,55636,33350,42647,36253,49877,9296,18443,607349,379617,95972,51393,152861,74592,18331,343,339
2021-06-18T23:59:59+02:00,325,327,26757,28643,65212,67174,63043,64989,69463,76814,78525,82640,50998,63385,41598,57232,10323,20587,5,9,10645,11155,27995,32860,30686,35082,34912,43696,47145,53953,32994,42130,36116,49666,9276,18408,601902,372721,94729,51103,152855,74364,18208,343,337
2021-06-17T23:59:59+02:00,295,296,26105,28016,63933,66173,62039,64176,67873,75406,78000,82232,50895,63233,41535,57151,10310,20560,5,9,10216,10788,27196,32156,29939,34399,34068,42985,45626,52449,32542,41496,35953,49408,9245,18358,595755,365220,92071,49957,152696,73962,17365,343,334
2021-06-16T23:59:59+02:00,260,259,25563,27406,62622,65042,60926,63207,65607,73477,77153,81577,50682,63024,41443,57039,10291,20528,5,7,9885,10516,26539,31481,29236,33776,33335,42346,45029,51881,32265,41128,35807,49208,9223,18319,589434,361483,87558,49244,152286,72436,16489,341,334
2021-06-15T23:59:59+02:00,221,228,24901,26675,61206,63796,59844,62221,64450,72388,76641,81153,50557,62873,41393,56944,10284,20498,5,7,9613,10230,25936,30745,28600,33021,32654,41621,43474,50247,31812,40565,35636,48973,9193,18254,582198,354737,85922,48344,151832,71188,15983,340,334
2021-06-14T23:59:59+02:00,198,196,24414,26065,60098,62748,58970,61374,63372,71382,76164,80760,50468,62746,41344,56873,10269,20473,4,7,9315,9929,25186,29856,27840,32183,31864,40804,42183,48901,31440,40062,35498,48751,9163,18201,576294,348561,84206,47326,151627,69518,15449,340,333
2021-06-13T23:59:59+02:00,193,181,24000,25593,59154,61834,58201,60589,62262,70412,75696,80338,50377,62630,41293,56815,10257,20443,4,7,9026,9621,24475,29013,27127,31342,31104,39948,40620,47311,30972,39444,35296,48446,9133,18111,571264,341476,82351,46543,151403,67738,14913,339,330
2021-06-12T23:59:59+02:00,180,163,23733,25298,58590,61321,57841,60308,61619,69774,75497,80225,50352,62598,41281,56801,10254,20438,4,7,8906,9499,23999,28432,26603,30765,30570,39387,39522,46339,30804,39266,35201,48280,9129,18100,568277,337216,81397,46540,151396,65861,14866,339,330
2021-06-11T23:59:59+02:00,161,148,23354,24845,57833,60499,57163,59673,60708,68840,75149,79921,50276,62520,41255,56764,10252,20432,4,6,8758,9302,23474,27749,26068,30104,29979,38742,38441,45319,30536,38908,35058,48058,9116,18074,563188,332316,80106,46278,151384,63995,14779,338,328
2021-06-10T23:59:59+02:00,146,131,22805,24248,56689,59558,56234,58855,59442,67665,74607,79521,50204,62411,41231,56715,10237,20403,4,6,8488,9044,22597,26804,25102,29160,28849,37798,37047,44151,30175,38424,34777,47625,9049,17998,557580,325371,77894,45568,151144,61686,14148,338,325
2021-06-09T23:59:59+02:00,127,115,22168,23639,55426,58446,55149,57942,58488,66755,74145,79129,50116,62308,41179,56653,10223,20372,4,5,8187,8781,21663,25939,24171,28279,27815,36842,35326,42356,29780,37917,34591,47355,9008,17907,551741,317911,76430,44834,150793,59778,13081,337,322
2021-06-08T23:59:59+02:00,106,97,21478,22907,54116,57313,54033,56959,57524,65895,73597,78696,50026,62179,41124,56562,10205,20342,3,4,7920,8528,20770,25050,23120,27412,26771,35878,33961,41046,29420,37411,34270,46894,8957,17823,545019,311583,75492,44062,150352,57311,11961,336,321
2021-06-07T23:59:59+02:00,90,82,20817,22262,52671,56053,52772,55980,56366,64910,73043,78288,49939,62070,41078,56498,10192,20315,2,3,7661,8298,19931,24234,22099,26603,25736,35007,33026,40259,29136,37013,34021,46466,8906,17731,537694,306947,74589,43238,149945,54762,10864,335,321
2021-06-06T23:59:59+02:00,83,77,20302,21722,51521,54942,51659,54995,55401,63957,72529,77881,49847,61991,41042,56435,10184,20299,2,3,7443,8101,19151,23342,21199,25733,24665,34021,32108,39438,28845,36668,33767,46076,8855,17657,531326,302381,73559,42494,149609,51841,10040,334,318
2021-06-05T23:59:59+02:00,77,69,20024,21402,50732,54182,51006,54495,54928,63482,72397,77768,49836,61977,41037,56432,10181,20299,2,3,7211,7689,18510,22279,20474,24622,23786,32764,31069,38120,28510,36200,33642,45901,8848,17638,526937,296088,73553,42457,149545,48451,9956,334,316
2021-06-04T23:59:59+02:00,67,63,19560,20807,49662,53154,50180,53623,54268,62692,72052,77443,49807,61938,41017,56417,10179,20294,2,2,6983,7366,17881,21425,19775,23619,22841,31479,29842,36777,28220,35829,33528,45725,8836,17617,520398,289571,73222,42388,149530,45733,9741,333,314
2021-06-03T23:59:59+02:00,57,52,18867,20098,48137,51847,48959,52483,53284,61654,71547,76983,49738,61835,40980,56370,10166,20269,2,2,6689,6963,17144,20372,18967,22465,21823,30042,28670,35286,27674,35045,33324,45398,8799,17541,512561,282786,72208,41633,149257,42507,8970,331,310
2021-06-02T23:59:59+02:00,52,48,18482,19573,47109,50849,48073,51715,52524,60889,71291,76767,49697,61798,40962,56338,10158,20254,1,2,6496,6726,16502,19675,18038,21696,20966,29090,27573,33875,27208,34432,33162,45146,8770,17471,506227,276463,72186,41619,149237,39839,8606,324,302
2021-06-01T23:59:59+02:00,42,43,17790,18823,45245,49103,46414,50250,51007,59420,70612,76169,49603,61684,40903,56265,10146,20206,1,1,6213,6405,15347,18771,16524,20726,19746,27824,26348,32467,26645,33727,32911,44794,8724,17369,497081,269924,70818,41043,148693,36466,6815,319,295
2021-05-31T23:59:59+02:00,41,39,17299,18324,43935,47960,45193,49134,49764,58292,69928,75656,49519,61577,40856,56198,10134,20168,1,1,5932,6067,14305,17933,15115,19802,18569,26704,25112,31120,26122,33007,32715,44495,8690,17268,490815,263608,69646,40498,148225,33548,5014,318,290
2021-05-30T23:59:59+02:00,36,38,16966,17927,42965,47013,44283,48230,48750,57291,69377,75112,49412,61421,40783,56083,10118,20125,1,1,5739,5819,13755,17219,14481,19099,17659,25727,24005,29943,25347,32050,32415,44075,8645,17179,484857,257600,68615,39697,147816,31255,4327,316,280
2021-05-29T23:59:59+02:00,36,37,16829,17800,42600,46693,43935,47964,48505,57099,69318,75059,49405,61415,40776,56079,10118,20124,1,1,5573,5571,13246,16416,13840,18249,16812,24557,22883,28640,25185,31811,32349,43980,8642,17172,482862,251985,68491,39696,147811,28660,4314,315,273
2021-05-28T23:59:59+02:00,35,35,16525,17487,41888,46064,43418,47397,47992,56566,69040,74763,49338,61331,40750,56030,10115,20119,1,1,5328,5184,12704,15492,13156,17384,15942,23316,21774,27196,24929,31441,32254,43847,8632,17156,478533,245880,67986,39594,147788,25723,4273,314,267
2021-05-27T23:59:59+02:00,32,32,15992,16928,40730,45074,42408,46499,47005,55670,68455,74320,49214,61168,40696,55956,10104,20080,1,1,5082,4834,12055,14667,12367,16448,14868,22116,20507,25683,24421,30701,32082,43586,8597,17073,472612,238485,66473,38785,147067,23657,3902,310,260
2021-05-26T23:59:59+02:00,30,31,15575,16483,39628,44142,41369,45626,45976,54789,67847,73803,49059,60984,40612,55790,10081,20032,1,1,4888,4629,11500,13904,11647,15598,13854,20983,19103,24080,23831,29910,31864,43240,8543,16971,467426,231189,64449,37915,146077,21587,3597,309,259
2021-05-25T23:59:59+02:00,30,30,15167,16062,38621,43243,40400,44776,45022,53864,67223,73272,48874,60741,40533,55655,10055,19979,1,1,4665,4422,10958,13253,10875,14825,12778,19741,17668,22574,23238,29127,31626,42914,8486,16876,462055,223783,62871,36972,144966,19671,3347,309,255
2021-05-24T23:59:59+02:00,30,28,14819,15725,37783,42500,39533,44097,44160,53072,66688,72788,48748,60559,40468,55531,10035,19934,1,1,4515,4293,10515,12783,10238,14244,11887,18906,16372,21307,22557,28290,31408,42582,8427,16786,457403,216843,61628,36029,144223,19052,2936,309,252
2021-05-23T23:59:59+02:00,27,28,14650,15540,37319,42123,39079,43693,43704,52663,66416,72558,48662,60465,40429,55484,10028,19910,1,1,4326,4150,10046,12306,9613,13631,10936,18078,15169,20241,22082,27710,31154,42289,8376,16700,454182,209803,61244,35945,144199,17972,2844,309,245
2021-05-22T23:59:59+02:00,25,26,14453,15320,36626,41556,38397,43234,43125,52248,65395,71540,48454,60206,40357,55370,10018,19890,1,1,4214,3853,9829,11889,9460,13308,10693,17630,14898,19841,21989,27593,31120,42247,8369,16691,447695,208569,61240,35942,144185,16059,2811,309,245
2021-05-21T23:59:59+02:00,25,25,14064,14904,35549,40639,37332,42307,42050,51337,64036,70244,48220,59866,40276,55220,10001,19857,1,1,4098,3751,9618,11618,9243,13037,10354,17298,14480,19468,21765,27305,31057,42155,8360,16683,438030,206579,60881,35634,143945,15049,2790,306,240
2021-05-20T23:59:59+02:00,22,25,13247,14158,34106,39188,35908,40907,40636,50127,62737,69092,47926,59523,40129,55039,9980,19807,1,1,3937,3572,9088,11006,8591,12320,9650,16452,13723,18500,20943,26184,30862,41856,8321,16596,427753,202187,59178,34781,142925,11998,2398,303,239
2021-05-19T23:59:59+02:00,22,24,12706,13577,32930,37780,34811,39532,39503,49162,60727,67320,47445,58965,39942,54775,9937,19701,1,1,3829,3429,8809,10628,8293,11949,9208,15942,13083,17832,20074,25055,30635,41550,8264,16481,416888,197920,57663,33966,141812,10750,2195,301,232
2021-05-18T23:59:59+02:00,20,24,12274,13113,31895,36766,33727,38624,38462,48226,58660,65454,47090,58516,39787,54532,9905,19642,1,1,3621,3261,8306,10031,7824,11409,8657,15269,12397,17063,19132,23818,30398,41208,8226,16376,408188,193803,55709,33120,140624,7945,1898,298,232
2021-05-17T23:59:59+02:00,19,23,12017,12822,31374,36206,33231,38064,37865,47588,56760,63743,46380,57690,39508,54133,9866,19569,1,1,3533,3148,8036,9752,7522,11109,8255,14854,11818,16450,18207,22682,30162,40887,8189,16301,400567,189394,54577,32376,139814,7311,1604,296,222
2021-05-16T23:59:59+02:00,19,23,11796,12568,30842,35699,32772,37571,37343,47011,54862,61906,45825,56991,39314,53817,9838,19513,1,1,3435,3045,7745,9454,7203,10765,7782,14387,11228,15863,17277,21529,29953,40596,8151,16232,393574,185092,53606,31524,139141,6717,1095,294,219
2021-05-15T23:59:59+02:00,19,23,11635,12358,30561,35364,32531,37250,37110,46745,53290,60425,45571,56686,39237,53678,9832,19485,1,1,3411,3025,7717,9420,7187,10743,7762,14372,11207,15837,17163,21311,29742,40286,8142,16221,387734,184072,53602,31520,139094,6661,1077,293,218
2021-05-14T23:59:59+02:00,19,23,11381,12059,30081,34846,32143,36785,36584,46264,51405,58580,45208,56183,39096,53471,9815,19445,1,1,3380,2998,7642,9342,7121,10665,7689,14307,11020,15633,16422,20234,29455,39794,8125,16181,379846,181073,53269,31178,138956,6517,1025,292,217
2021-05-13T23:59:59+02:00,17,22,11086,11710,29429,34187,31530,36174,35895,45582,49924,57058,44775,55558,38925,53224,9788,19398,1,1,3298,2945,7509,9230,7025,10566,7581,14194,10679,15287,15364,18985,29071,39154,8082,16106,372643,177234,52250,30609,138200,6125,898,291,212
2021-05-12T23:59:59+02:00,16,20,10950,11557,29131,33857,31256,35876,35568,45260,49638,56743,44680,55444,38874,53147,9781,19360,1,0,3283,2919,7473,9191,6988,10525,7548,14150,10502,15126,14979,18544,28762,38666,8060,16059,369896,175121,52159,30595,138042,6077,773,288,210
2021-05-11T23:59:59+02:00,15,17,10584,11220,28270,33036,30433,35117,34700,44472,47899,54965,44219,54844,38700,52860,9743,19257,1,0,3188,2818,7226,8913,6754,10221,7328,13780,10019,14571,13982,17389,28343,38045,8022,15965,362932,171386,50452,29694,136137,4732,544,286,209
2021-05-10T23:59:59+02:00,14,17,10271,10926,27524,32331,29652,34420,33927,43700,46593,53687,43832,54334,38514,52559,9694,19143,1,0,3144,2768,7094,8790,6654,10101,7181,13600,9749,14265,13274,16517,27914,37429,7997,15884,356655,168530,49331,29307,134442,3890,430,280,205
2021-05-09T23:59:59+02:00,13,17,10025,10670,26832,31639,28989,33725,33200,43002,45052,52203,43333,53706,38315,52255,9657,19057,1,0,3095,2720,6965,8651,6549,9962,7064,13385,9436,13949,12471,15615,27547,36886,7977,15828,349522,165648,48263,28754,133288,3153,343,274,203
2021-05-08T23:59:59+02:00,13,17,9932,10597,26447,31333,28536,33406,32728,42691,44000,51377,43179,53541,38276,52195,9654,19051,1,0,3088,2715,6955,8644,6543,9953,7055,13372,9426,13936,12434,15552,26866,35934,7940,15752,344940,163768,48224,28726,133198,3132,337,274,203
2021-05-07T23:59:59+02:00,13,17,9781,10448,25970,30943,28074,33022,32220,42333,42952,50547,42908,53195,38166,52038,9642,19025,1,0,3017,2682,6889,8595,6480,9892,7002,13317,9251,13711,11799,14740,25915,34538,7892,15670,339755,159611,47912,28354,133039,2906,317,271,203
2021-05-06T23:59:59+02:00,11,16,9366,10151,25048,30168,27007,32214,30987,41499,41326,49332,42519,52642,37971,51796,9604,18951,1,0,2940,2632,6755,8451,6359,9763,6847,13126,8976,13400,11141,13869,24946,33151,7857,15608,331844,155779,46835,27388,131364,2155,300,265,200
2021-05-05T23:59:59+02:00,11,15,8979,9947,24163,29562,26154,31557,29896,40707,39345,47514,42069,52092,37761,51511,9548,18838,1,0,2892,2596,6633,8317,6257,9646,6742,12980,8726,13136,10425,13031,23928,31824,7828,15536,323964,151838,45979,26496,129244,1751,218,264,195
2021-05-04T23:59:59+02:00,11,14,8731,9705,23377,28914,25177,30816,28821,39865,37811,46038,41594,51501,37482,51164,9497,18715,1,0,2848,2572,6557,8247,6167,9570,6657,12891,8484,12908,9679,12158,22979,30577,7794,15473,317247,148023,45006,25690,126603,1542,116,261,191
2021-05-03T23:59:59+02:00,11,14,8516,9491,22681,28334,24350,30210,27912,39163,36842,45283,41243,51028,37267,50871,9445,18613,1,0,2799,2534,6482,8163,6085,9497,6567,12805,8256,12688,8917,11250,22059,29357,7763,15422,312358,144227,44233,24864,124350,1292,78,255,184
2021-05-02T23:59:59+02:00,11,14,8346,9327,22039,27755,23613,29617,27091,38537,36022,44642,40984,50697,37155,50684,9410,18556,1,0,2760,2509,6438,8122,6046,9460,6526,12763,8073,12514,8314,10506,21346,28486,7742,15403,307511,141017,43466,24589,123207,1156,68,248,179
2021-05-01T23:59:59+02:00,10,14,8189,9140,21661,27303,23133,29048,26447,37818,35192,43750,40716,50320,37056,50531,9404,18539,1,0,2754,2502,6411,8111,6028,9449,6509,12750,8057,12497,8276,10441,21308,28428,7738,15399,301391,140719,43464,24581,123101,1114,67,248,178
2021-04-30T23:59:59+02:00,10,13,8036,8955,21268,26875,22684,28477,25691,37032,34172,42778,40482,49995,36958,50377,9392,18515,1,0,2726,2488,6385,8091,6006,9428,6478,12728,8021,12463,8234,10372,21258,28345,7735,15389,295032,140394,43457,24504,122915,1015,60,246,175
2021-04-29T23:59:59+02:00,9,13,7747,8710,20667,26293,22013,27792,24758,36065,32893,41433,39436,48593,36641,49906,9334,18387,1,0,2688,2450,6293,7981,5918,9325,6382,12586,7815,12186,7605,9639,20849,27827,7711,15316,286241,138311,42670,23269,121479,761,60,240,171
2021-04-28T23:59:59+02:00,8,12,7460,8490,20147,25829,21372,27195,23875,35213,31487,39980,38270,46999,36297,49413,9272,18246,1,0,2613,2400,6174,7858,5807,9190,6277,12428,7585,11905,6900,8784,20429,27244,7670,15245,277540,135795,41893,21963,119839,530,59,234,163
2021-04-27T23:59:59+02:00,7,12,7267,8306,19721,25396,20747,26656,23017,34429,30262,38642,37174,45546,35916,48843,9202,18120,1,0,2586,2376,6070,7756,5753,9093,6209,12302,7368,11707,6293,8045,20028,26744,7650,15222,269667,133696,41024,21014,118283,280,59,230,154
2021-04-26T23:59:59+02:00,6,12,7082,8138,19302,24967,20196,26131,22201,33667,29042,37400,36114,44122,35607,48356,9151,17993,1,0,2571,2365,6024,7713,5707,9052,6169,12255,7180,11543,5679,7306,19652,26300,7627,15194,261934,131719,40200,20166,117078,248,54,221,151
2021-04-25T23:59:59+02:00,6,11,6973,8002,18965,24697,19814,25789,21583,33041,28043,36433,34972,42689,35287,47925,9109,17912,1,0,2556,2356,6005,7685,5686,9033,6148,12228,7139,11516,5549,7121,19315,25835,7611,15150,254685,131077,39482,19418,116812,236,53,219,150
2021-04-24T23:59:59+02:00,6,11,6805,7821,18524,24273,19259,25250,20796,32239,26953,35379,34720,42372,35194,47760,9099,17900,1,0,2552,2349,5993,7673,5673,9020,6142,12224,7128,11509,5474,7006,19220,25693,7608,15142,248704,130611,39477,19375,115908,219,53,219,149
2021-04-23T23:59:59+02:00,6,11,6571,7618,18068,23788,18686,24631,19956,31416,25783,34174,33936,41196,35050,47527,9085,17877,1,0,2546,2329,5965,7652,5633,8979,6094,12179,7080,11457,5311,6727,18680,25061,7508,14970,241048,128748,39143,19028,114919,197,51,218,148
2021-04-22T23:59:59+02:00,5,11,6353,7406,17459,23197,17888,23847,18902,30387,24450,32732,32893,39839,34804,47169,9045,17798,1,0,2528,2311,5918,7598,5582,8893,6015,12099,7002,11385,5023,6301,17963,24185,7387,14774,231967,126554,38211,18054,113742,162,51,214,144
2021-04-21T23:59:59+02:00,5,10,6148,7221,16930,22723,17224,23241,17913,29483,22891,31130,31883,38599,34507,46726,8997,17709,1,0,2504,2294,5873,7536,5520,8817,5946,11996,6906,11304,4861,6026,17263,23332,7271,14590,223035,124444,37437,17276,112606,128,51,211,141
2021-04-20T23:59:59+02:00,4,10,5957,7025,16365,22250,16472,22588,16909,28478,21411,29655,30726,37100,34189,46280,8943,17609,1,0,2491,2279,5822,7495,5474,8771,5897,11928,6827,11240,4743,5868,16659,22555,7144,14409,213965,122744,36547,16554,111201,119,50,208,136
2021-04-19T23:59:59+02:00,4,10,5770,6859,15835,21827,15794,22035,15907,27601,20013,28247,29335,35449,33870,45795,8883,17491,1,0,2480,2262,5798,7461,5437,8738,5858,11883,6746,11161,4614,5708,16012,21836,7036,14247,205213,121090,35764,15887,109494,116,50,204,135
2021-04-18T23:59:59+02:00,3,10,5579,6714,15403,21501,15173,21473,14930,26805,18676,27110,27942,33797,33534,45370,8821,17402,1,0,2430,2216,5667,7334,5320,8624,5751,11729,6639,11043,4494,5522,15422,21169,6920,14066,196643,119433,34930,14620,108419,112,50,201,132
2021-04-17T23:59:59+02:00,3,9,5541,6677,15246,21423,14998,21387,14693,26626,18422,26887,27436,33250,33409,45222,8812,17387,1,0,2403,2177,5567,7180,5215,8467,5651,11543,6553,10912,4441,5459,15176,20874,6910,14052,195416,117680,34923,14616,106838,103,50,201,132
2021-04-16T23:59:59+02:00,3,9,5475,6622,15062,21267,14782,21222,14404,26377,18003,26468,26388,32020,33273,45014,8791,17364,1,0,2359,2126,5450,6989,5072,8284,5502,11301,6351,10688,4238,5223,14526,20079,6813,13907,192029,114421,34634,14214,105631,95,50,200,129
2021-04-15T23:59:59+02:00,3,8,5399,6541,14845,21054,14513,20937,13963,26023,17358,25830,25015,30399,33013,44688,8757,17282,1,0,2286,2042,5253,6753,4873,7966,5295,10979,6137,10401,4036,4971,13691,18998,6699,13740,187419,110589,33819,13270,104143,86,50,197,126
2021-04-14T23:59:59+02:00,3,8,5317,6469,14636,20851,14257,20710,13577,25688,16690,25203,23425,28604,32698,44288,8702,17188,1,0,2092,1919,5033,6491,4688,7716,5068,10729,5902,10112,3901,4764,12958,18077,6570,13525,182784,107473,32946,11816,102342,81,50,192,126
2021-04-13T23:59:59+02:00,3,8,5259,6416,14427,20718,14007,20519,13225,25384,16112,24692,21698,26736,32378,43871,8671,17080,1,0,2003,1864,4864,6301,4502,7491,4868,10474,5691,9871,3753,4593,12437,17461,6444,13362,178470,105038,32064,10699,100432,69,49,189,125
2021-04-12T23:59:59+02:00,3,7,5195,6345,14208,20522,13701,20255,12835,24966,15524,24139,20088,24789,32089,43507,8629,17005,1,0,1875,1770,4682,6143,4351,7314,4703,10279,5554,9712,3631,4435,12003,16947,6332,13201,174072,103337,31003,9358,98497,67,49,186,122
2021-04-11T23:59:59+02:00,3,7,5123,6265,13988,20324,13403,20042,12416,24611,14953,23624,18577,23002,31828,43163,8584,16923,1,0,1836,1730,4561,6030,4239,7189,4580,10147,5417,9582,3514,4312,11509,16337,6199,12990,169755,101566,30040,8377,96812,65,47,182,118
2021-04-10T23:59:59+02:00,3,7,5118,6256,13967,20306,13391,20029,12398,24592,14927,23601,17883,22077,31537,42743,8566,16895,1,0,1831,1716,4545,6019,4223,7174,4566,10133,5363,9514,3409,4196,10953,15504,6068,12792,168664,99407,30012,8377,95395,63,43,182,117
2021-04-09T23:59:59+02:00,3,7,5104,6236,13926,20255,13339,19969,12344,24531,14658,23345,16363,20182,31130,42095,8532,16853,1,0,1804,1695,4520,6003,4196,7146,4522,10094,5325,9466,3322,4075,10083,14517,5919,12593,165999,96938,29671,8126,92981,61,41,180,115
2021-04-08T23:59:59+02:00,3,7,5057,6205,13823,20179,13256,19888,12238,24425,14315,22980,14584,17958,30510,41091,8469,16732,1,0,1778,1681,4489,5950,4145,7059,4457,10011,5250,9389,3214,3970,9606,13909,5713,12346,162135,95071,28635,7690,90741,60,34,175,113
2021-04-07T23:59:59+02:00,3,7,5019,6172,13712,20091,13158,19792,12128,24313,13921,22610,13044,16096,29858,40107,8415,16631,1,0,1758,1666,4436,5880,4057,6984,4366,9927,5162,9288,3122,3876,8842,12807,5473,11939,157605,92475,27752,6915,89519,52,32,169,110
2021-04-06T23:59:59+02:00,3,7,4987,6148,13610,20023,13074,19735,12049,24248,13544,22257,11405,14085,29198,39139,8384,16560,1,0,1693,1611,4305,5750,3946,6859,4246,9774,5056,9157,3006,3755,8133,11873,5198,11573,153587,90078,26870,5668,87808,50,30,161,110
2021-04-05T23:59:59+02:00,3,6,4948,6118,13536,19955,13001,19662,11992,24169,13266,22003,9788,12133,28470,38086,8349,16497,1,0,1622,1543,4152,5596,3777,6702,4094,9622,4900,9026,2873,3637,7315,10903,4928,11181,150365,87688,25852,4002,85583,47,26,156,109
2021-04-04T23:59:59+02:00,3,6,4929,6100,13525,19929,12991,19643,11985,24148,13163,21927,8760,10870,28021,37445,8324,16440,1,0,1619,1540,4144,5588,3776,6696,4088,9619,4898,9016,2867,3628,7075,10431,4845,11055,148615,86716,25847,4001,83570,41,24,153,104
2021-04-03T23:59:59+02:00,3,6,4926,6090,13507,19908,12977,19630,11975,24137,13148,21907,7851,9802,27140,36203,8274,16328,1,0,1615,1536,4142,5583,3775,6693,4079,9607,4884,9002,2860,3614,6932,10163,4806,10973,146131,86097,25839,4001,81667,40,23,152,104
2021-04-02T23:59:59+02:00,3,6,4920,6070,13472,19881,12937,19585,11928,24087,13073,21841,7340,9052,25550,34103,8129,16058,1,0,1604,1519,4115,5558,3750,6652,4044,9547,4763,8717,2731,3457,6556,9764,4657,10766,141672,84263,25496,3774,80695,40,21,151,103
2021-04-01T23:59:59+02:00,2,6,4870,6008,13373,19738,12818,19435,11782,23930,12472,21395,6776,8337,24038,32132,8002,15817,1,0,1540,1471,4002,5436,3684,6579,3976,9480,4682,8612,2634,3314,6039,9082,4479,10486,137460,81981,24354,3362,78949,36,20,148,98
2021-03-31T23:59:59+02:00,2,6,4816,5949,13249,19580,12683,19277,11591,23751,12209,21134,6451,7962,22557,30173,7847,15587,1,0,1527,1460,3978,5412,3652,6550,3938,9433,4640,8554,2567,3237,5550,8432,4300,10246,133504,80182,23257,3144,77898,36,17,148,98
2021-03-30T23:59:59+02:00,2,6,4750,5881,13112,19430,12568,19096,11461,23586,12040,20996,6261,7747,21166,28441,7701,15382,1,0,1510,1423,3937,5377,3587,6478,3847,9318,4507,8385,2426,3030,5125,7873,4156,9987,130130,77936,22328,2900,77011,24,12,145,95
2021-03-29T23:59:59+02:00,2,6,4710,5837,12991,19334,12499,19012,11379,23476,11887,20861,6100,7547,19736,26757,7574,15179,1,0,1451,1382,3882,5329,3512,6406,3726,9174,4352,8193,2302,2890,4557,7198,3999,9710,126517,75256,21458,2682,76758,23,11,143,92
2021-03-28T23:59:59+02:00,2,6,4663,5768,12868,19192,12411,18918,11276,23374,11773,20755,5948,7339,18553,25250,7455,14982,1,0,1418,1339,3785,5221,3318,6179,3637,9056,4299,8136,2246,2823,3799,6178,3813,9439,123498,72189,20661,2384,76223,16,11,140,87
2021-03-27T23:59:59+01:00,2,6,4630,5718,12758,19027,12295,18755,11158,23170,11666,20608,5879,7251,18262,24903,7444,14964,1,0,1410,1336,3780,5216,3314,6172,3355,8706,4100,7838,2240,2820,3786,6143,3776,9373,121660,70874,20619,2384,76067,12,11,139,85
2021-03-26T23:59:59+01:00,2,5,4591,5662,12643,18834,12158,18553,11007,22940,11503,20394,5713,7034,17651,24107,7345,14814,1,0,1408,1334,3775,5209,3290,6154,3335,8686,3883,7388,2060,2412,3521,5855,3623,9132,118548,68584,20279,2377,75983,10,10,136,85
2021-03-25T23:59:59+01:00,2,5,4515,5569,12445,18592,11956,18228,10796,22611,11260,20066,5497,6746,16618,22800,7218,14623,1,0,1399,1322,3756,5182,3256,6127,3282,8648,3833,7344,1986,2299,3084,5171,3461,8822,114571,66597,19201,2276,75631,7,10,134,83
2021-03-24T23:59:59+01:00,2,5,4431,5453,12221,18137,11738,17811,10571,22214,11026,19693,5225,6397,15574,21582,7076,14395,1,0,1376,1308,3731,5137,3220,6063,3228,8576,3781,7270,1931,2240,2775,4836,3307,8547,111449,65197,18106,2034,73853,7,10,133,79
2021-03-23T23:59:59+01:00,2,5,4374,5381,12052,17798,11537,17456,10378,21846,10796,19400,5081,6195,14929,20762,6937,14220,1,0,1358,1300,3714,5118,3198,6046,3202,8524,3739,7227,1891,2180,2543,4558,3094,8219,109055,63827,17371,1992,72580,5,10,133,78
2021-03-22T23:59:59+01:00,2,5,4322,5301,11851,17464,11349,17132,10153,21519,10582,19096,4929,5983,14310,20046,6805,14037,1,0,1345,1290,3683,5085,3166,6009,3176,8467,3702,7182,1846,2125,2347,4302,2896,7881,107180,62561,16649,1851,70915,4,10,132,77
2021-03-21T23:59:59+01:00,2,5,4250,5175,11570,17048,11064,16730,9883,21063,10324,18738,4815,5808,13613,19255,6661,13828,1,0,1336,1289,3666,5069,3144,5975,3153,8440,3683,7158,1825,2093,2178,4139,2725,7609,105285,61552,15351,1846,69058,4,7,131,74
2021-03-20T23:59:59+01:00,2,5,4221,5105,11427,16716,10940,16418,9742,20769,10147,18456,4686,5646,12984,18308,6520,13612,1,0,1335,1288,3665,5067,3140,5974,3150,8435,3677,7152,1820,2087,2146,4076,2699,7566,103083,61347,15346,1846,67138,4,7,130,74
2021-03-19T23:59:59+01:00,2,4,4175,5023,11257,16350,10754,16067,9566,20390,9926,18096,4527,5450,11956,17100,6358,13401,1,0,1327,1281,3648,5038,3110,5896,3105,8340,3571,6975,1693,1975,2070,4010,2589,7356,100371,60058,14935,1842,64962,4,7,127,74
2021-03-18T23:59:59+01:00,2,4,4087,4917,11006,15923,10490,15620,9284,19923,9703,17752,4381,5284,11327,16229,6127,13134,1,0,1323,1270,3630,5004,3090,5852,3083,8284,3544,6926,1672,1942,2034,3940,2462,7145,98562,59371,13927,1749,62573,4,7,124,71
2021-03-17T23:59:59+01:00,2,4,3908,4799,10706,15511,10232,15261,9040,19560,9448,17401,4258,5116,10511,14985,5863,12709,1,0,1322,1267,3616,4985,3082,5832,3073,8250,3525,6903,1668,1917,2010,3909,2351,6959,95893,58860,12378,1733,60915,4,5,123,68
2021-03-16T23:59:59+01:00,2,4,3763,4673,10371,15047,9963,14890,8764,19112,9149,17034,4117,4948,9690,13860,5582,12352,1,0,1308,1264,3612,4978,3072,5827,3067,8236,3516,6887,1639,1890,1970,3856,2230,6777,93560,58400,11184,1655,58452,4,4,121,67
2021-03-15T23:59:59+01:00,2,4,3616,4552,10059,14591,9671,14434,8463,18638,8859,16624,3968,4778,8972,12791,5355,12026,1,0,1298,1256,3590,4967,3060,5803,3044,8197,3496,6844,1622,1874,1951,3824,2113,6589,91579,57806,9822,1652,55883,4,3,116,64
2021-03-14T23:59:59+01:00,2,4,3544,4457,9803,14162,9421,14037,8142,18145,8577,16232,3805,4590,8162,11552,5043,11560,1,0,1284,1249,3569,4949,3039,5761,3022,8118,3467,6776,1594,1819,1890,3696,1945,6191,89244,57274,8798,1028,53082,4,1,113,63
2021-03-13T23:59:59+01:00,2,4,3461,4202,9490,13493,9170,13454,7910,17556,8367,15791,3693,4481,7967,11256,4992,11468,1,0,1284,1249,3569,4949,3037,5760,3021,8117,3464,6773,1591,1817,1888,3692,1944,6190,88568,57253,8797,1028,49278,4,1,113,60
2021-03-12T23:59:59+01:00,2,4,3395,4050,9241,12965,8933,12926,7674,16921,8007,15036,3529,4310,7575,10845,4851,11277,1,0,1280,1245,3564,4935,3034,5756,3014,8109,3460,6766,1564,1788,1866,3674,1844,6010,86761,56821,8546,1025,46122,4,1,111,59
2021-03-11T23:59:59+01:00,2,4,3234,3779,8858,12206,8627,12253,7341,16133,7660,14385,3366,4105,7012,10122,4654,10969,1,0,1262,1234,3530,4891,2989,5677,2979,7986,3408,6667,1515,1731,1783,3468,1640,5478,84286,56058,8091,127,42227,3,1,105,50
2021-03-10T23:59:59+01:00,2,4,3165,3671,8367,11700,7948,11775,7021,15638,7358,13789,3204,3942,6443,9424,4476,10691,1,0,1251,1220,3500,4834,2956,5599,2943,7848,3353,6544,1471,1685,1721,3368,1518,5190,82424,54849,7536,104,38555,0,1,102,48
2021-03-09T23:59:59+01:00,2,3,3056,3491,7693,11256,7071,11300,6601,15027,6993,13185,2966,3638,5930,8783,4318,10408,1,0,1246,1217,3477,4788,2929,5534,2926,7796,3334,6498,1457,1660,1686,3325,1407,4984,80103,54150,6167,69,35349,0,1,101,45
2021-03-08T23:59:59+01:00,2,3,2883,3251,7062,10715,6265,10819,6202,14506,6594,12617,2751,3426,5323,8043,4168,10136,1,0,1240,1210,3455,4724,2904,5458,2887,7701,3302,6423,1450,1651,1683,3315,1402,4981,77272,53674,5015,67,32380,0,1,98,45
2021-03-07T23:59:59+01:00,2,3,2770,3116,6731,10217,5858,10275,5905,14058,6347,12226,2650,3330,4560,6979,3951,9853,1,0,1236,1207,3451,4719,2899,5445,2883,7684,3294,6409,1444,1637,1660,3274,1385,4937,74007,53456,4180,64,30553,0,1,90,44
2021-03-06T23:59:59+01:00,2,3,2724,2971,6548,9767,5662,9858,5431,13197,5970,11488,2628,3301,4554,6968,3948,9850,1,0,1236,1206,3447,4713,2897,5444,2882,7683,3293,6406,1443,1634,1660,3272,1384,4937,72776,53430,4180,64,27824,0,1,89,43
2021-03-05T23:59:59+01:00,2,3,2622,2710,6335,9190,5447,9464,5253,12630,5588,10504,2399,2833,4173,6585,3809,9628,1,0,1222,1202,3431,4698,2891,5431,2872,7665,3281,6387,1429,1625,1659,3268,1380,4933,70430,53270,3944,64,24711,0,1,89,40
2021-03-04T23:59:59+01:00,2,3,2540,2498,6123,8760,5290,9125,5070,12205,5409,10125,2303,2663,3613,5759,3637,9281,1,0,1210,1186,3386,4600,2859,5364,2840,7568,3250,6310,1408,1615,1645,3254,1370,4922,68356,52690,3494,61,22467,0,1,88,36
2021-03-03T23:59:59+01:00,2,3,2481,2439,5953,8351,5120,8760,4854,11754,5221,9677,2220,2556,3204,5318,3475,8981,1,0,1189,1176,3351,4552,2821,5298,2798,7469,3202,6234,1388,1588,1625,3223,1364,4904,66912,52092,3249,57,20120,0,1,87,33
2021-03-02T23:59:59+01:00,2,3,2423,2344,5794,8017,4962,8506,4688,11352,5055,9357,2148,2465,2897,4956,3256,8656,1,0,1184,1165,3332,4530,2806,5271,2780,7420,3194,6206,1383,1578,1607,3203,1361,4899,65527,51831,2986,56,18282,0,0,86,33
2021-03-01T23:59:59+01:00,2,3,2396,2313,5685,7797,4863,8361,4602,11199,4953,9182,2090,2387,2597,4630,3065,8336,1,0,1178,1162,3317,4512,2794,5242,2763,7374,3178,6178,1377,1575,1600,3194,1358,4893,64250,51607,2761,56,17367,0,0,83,33
2021-02-28T23:59:59+01:00,2,3,2343,2267,5503,7535,4689,8138,4463,11012,4842,9051,2047,2320,2298,4326,2862,8020,1,0,1168,1156,3303,4502,2787,5235,2758,7360,3170,6164,1372,1572,1592,3174,1357,4860,63118,51444,2456,56,16064,0,0,83,31
2021-02-27T23:59:59+01:00,2,3,2253,1955,5330,7113,4589,7832,4380,10665,4768,8802,2018,2259,2267,4279,2840,7969,1,0,1164,1152,3302,4500,2781,5233,2754,7357,3165,6160,1371,1572,1590,3170,1356,4859,62874,51405,2456,53,13911,0,0,83,29
2021-02-26T23:59:59+01:00,2,3,2183,1873,5184,6881,4443,7573,4228,10399,4559,8516,1889,2150,2206,4238,2731,7786,1,0,1142,1139,3286,4466,2768,5193,2743,7305,3144,6106,1365,1561,1586,3162,1355,4857,61537,51099,2450,52,12776,0,0,81,28
2021-02-25T23:59:59+01:00,2,3,2048,1768,4858,6474,4016,7120,3944,9882,4326,8134,1830,2091,2175,4179,2614,7591,1,0,1123,1121,3246,4420,2738,5142,2697,7197,3103,6013,1353,1545,1569,3121,1341,4798,61055,50453,2342,49,9578,0,0,80,26
2021-02-24T23:59:59+01:00,2,3,2013,1702,4741,6260,3913,6907,3821,9638,4204,7975,1807,2057,2144,4136,2500,7390,1,0,1110,1115,3217,4356,2703,5078,2671,7112,3075,5943,1338,1527,1545,3071,1329,4729,60503,49858,2097,37,8533,0,0,80,25
2021-02-23T23:59:59+01:00,2,3,1782,1559,4367,5774,3630,6521,3599,9255,4048,7691,1774,2023,2098,4087,2386,7204,1,0,1091,1103,3181,4328,2675,5020,2646,7036,3039,5883,1318,1507,1518,3036,1319,4674,60028,49327,2050,23,5646,0,0,79,25
2021-02-22T23:59:59+01:00,2,3,1772,1540,4315,5715,3593,6460,3532,9159,3987,7596,1740,1996,2073,4036,2265,7005,1,0,1085,1089,3159,4284,2656,4981,2621,6977,3009,5829,1305,1490,1506,3025,1311,4665,59479,48956,1907,14,5325,0,0,78,23
2021-02-21T23:59:59+01:00,2,3,1759,1534,4283,5681,3549,6422,3492,9106,3943,7545,1728,1986,2068,4026,2141,6840,1,0,1077,1078,3137,4243,2626,4929,2606,6909,2980,5742,1292,1474,1482,2964,1282,4583,59124,48370,1901,12,5009,0,0,74,23
2021-02-20T23:59:59+01:00,2,3,1753,1533,4276,5678,3546,6419,3491,9104,3940,7544,1723,1982,2065,4022,2140,6840,1,0,1077,1078,3134,4241,2626,4929,2605,6908,2980,5742,1292,1473,1481,2964,1282,4583,59105,48361,1901,12,4985,0,0,70,23
2021-02-19T23:59:59+01:00,2,3,1722,1520,4262,5657,3534,6405,3480,9094,3931,7527,1696,1953,2044,4004,2039,6657,1,0,1076,1076,3132,4239,2625,4928,2605,6905,2977,5740,1292,1472,1481,2962,1282,4583,58680,48342,1895,12,4887,0,0,68,22
2021-02-18T23:59:59+01:00,2,3,1667,1487,4166,5543,3462,6301,3392,8929,3843,7384,1671,1915,2011,3931,1907,6457,1,0,1026,1034,2993,4020,2498,4659,2494,6567,2869,5475,1258,1427,1449,2875,1253,4428,58020,46296,1804,10,4185,0,0,62,20
2021-02-17T23:59:59+01:00,2,2,1644,1457,4072,5395,3377,6148,3274,8694,3714,7181,1614,1841,1933,3824,1781,6140,0,0,968,985,2843,3797,2382,4349,2369,6158,2740,5163,1207,1364,1401,2763,1203,4250,56767,43914,1792,9,3474,0,0,60,19
2021-02-16T23:59:59+01:00,2,2,1566,1388,3910,5206,3242,5967,3166,8461,3591,7018,1590,1814,1899,3795,1662,5931,0,0,880,955,2710,3643,2285,4139,2244,5837,2611,4912,1149,1269,1253,2458,936,3616,56075,40876,1776,6,2304,0,0,55,15
2021-02-15T23:59:59+01:00,2,2,1547,1368,3861,5122,3182,5882,3108,8347,3525,6912,1576,1798,1884,3772,1653,5908,0,0,844,932,2629,3513,2211,3960,2164,5559,2523,4701,1103,1203,1160,2277,865,3386,55603,39015,1772,4,2021,0,0,53,11
2021-02-14T23:59:59+01:00,2,2,1479,1338,3779,5048,3138,5777,3053,8194,3481,6803,1555,1766,1830,3641,1594,5650,0,0,835,926,2576,3443,2170,3893,2110,5439,2457,4595,1074,1164,1070,2100,790,3137,55361,37768,1141,3,1575,0,0,53,8
2021-02-13T23:59:59+01:00,2,2,1475,1337,3770,5042,3131,5776,3049,8192,3478,6801,1554,1762,1830,3639,1592,5650,0,0,835,926,2576,3443,2170,3892,2108,5437,2456,4595,1071,1163,1070,2100,790,3137,55338,37762,1140,1,1551,0,0,53,6
2021-02-12T23:59:59+01:00,2,1,1435,1318,3733,5008,3108,5756,3027,8159,3459,6757,1538,1751,1820,3622,1584,5629,0,0,827,919,2542,3390,2136,3846,2078,5384,2439,4564,1070,1161,1069,2098,789,3135,55113,37441,1137,1,1406,0,0,51,5
2021-02-11T23:59:59+01:00,2,1,1382,1269,3616,4839,3017,5582,2929,7851,3360,6543,1478,1690,1751,3438,1492,5284,0,0,788,853,2289,2946,1908,3373,1847,4636,2166,4033,980,1089,972,1900,730,2852,54472,33359,148,0,857,0,0,47,3
2021-02-10T23:59:59+01:00,2,1,1356,1246,3553,4734,2952,5477,2886,7701,3307,6410,1459,1672,1723,3400,1478,5245,0,0,705,793,1997,2537,1697,2930,1611,4027,1907,3574,868,941,802,1520,586,2327,53821,28820,146,0,591,0,0,44,2
2021-02-09T23:59:59+01:00,2,1,1344,1227,3497,4663,2923,5408,2865,7609,3270,6341,1451,1656,1695,3377,1468,5232,0,0,655,711,1734,2191,1505,2544,1426,3528,1736,3215,835,907,777,1441,564,2211,53510,25980,141,0,334,0,0,44,0
2021-02-08T23:59:59+01:00,2,1,1330,1223,3468,4633,2903,5370,2843,7558,3250,6312,1439,1649,1685,3351,1466,5213,0,0,640,674,1584,1957,1364,2286,1294,3219,1579,2952,795,886,728,1333,531,2037,53206,23859,116,0,331,0,0,43,0
2021-02-07T23:59:59+01:00,2,1,1197,1180,3365,4579,2849,5327,2816,7520,3224,6274,1429,1631,1676,3328,1459,5181,0,0,495,527,1313,1602,1123,1836,1082,2629,1351,2428,691,757,646,1172,484,1808,52911,19944,88,0,0,0,0,39,0
2021-02-06T23:59:59+01:00,2,1,1193,1178,3363,4577,2845,5325,2809,7517,3220,6271,1428,1629,1675,3324,1458,5180,0,0,372,375,1114,1353,985,1532,941,2220,1185,2011,603,658,618,1154,481,1805,52868,17407,88,0,0,0,0,39,0
2021-02-05T23:59:59+01:00,2,0,1181,1167,3347,4554,2837,5297,2799,7474,3202,6225,1422,1621,1672,3318,1457,5180,0,0,272,217,930,1038,839,1163,765,1772,1009,1601,486,552,591,1134,478,1801,52630,14648,88,0,0,0,0,37,0
2021-02-04T23:59:59+01:00,2,0,1165,1148,3301,4502,2797,5222,2757,7344,3154,6141,1407,1605,1658,3284,1447,5152,0,0,143,89,629,668,549,741,526,1164,668,1003,306,371,484,986,433,1638,51986,10398,63,0,0,0,0,37,0
2021-02-03T23:59:59+01:00,2,0,1143,1142,3275,4459,2768,5181,2734,7296,3124,6086,1397,1594,1632,3243,1440,5099,0,0,122,72,499,519,417,597,422,917,512,756,253,291,379,770,334,1276,51521,8136,58,0,0,0,0,36,0
2021-02-02T23:59:59+01:00,2,0,1121,1128,3239,4428,2736,5128,2709,7222,3089,6022,1372,1565,1596,3189,1414,5003,0,0,113,63,415,419,347,518,370,826,459,673,233,268,333,695,306,1140,50871,7178,57,0,0,0,0,35,0
2021-02-01T23:59:59+01:00,2,0,1105,1116,3219,4376,2709,5067,2678,7096,3058,5926,1352,1534,1569,3151,1397,4938,0,0,84,48,314,314,255,391,277,618,328,506,194,219,262,555,238,893,50204,5496,57,0,0,0,0,32,0
2021-01-31T23:59:59+01:00,2,0,1097,1106,3203,4345,2684,5023,2662,7041,3045,5882,1340,1517,1546,3085,1369,4852,0,0,73,46,288,290,230,346,255,574,298,465,173,200,216,454,195,724,49710,4827,57,0,0,0,0,32,0
2021-01-30T23:59:59+01:00,2,0,1096,1106,3200,4340,2682,5022,2661,7040,3045,5881,1340,1516,1545,3085,1369,4852,0,0,72,41,278,276,217,331,250,563,294,459,172,197,215,454,195,724,49696,4738,54,0,0,0,0,32,0
2021-01-29T23:59:59+01:00,2,0,1094,1104,3198,4337,2682,5020,2661,7038,3042,5879,1340,1516,1545,3084,1369,4852,0,0,65,37,261,261,194,311,234,546,283,448,166,193,211,448,194,722,49677,4574,54,0,0,0,0,32,0
2021-01-28T23:59:59+01:00,2,0,1073,1085,3131,4235,2629,4911,2603,6882,2975,5748,1324,1493,1529,3016,1345,4726,0,0,55,20,164,155,130,188,164,361,208,284,133,150,165,284,117,432,48628,3010,50,0,0,0,0,29,0
2021-01-27T23:59:59+01:00,2,0,1027,1047,3049,4094,2548,4734,2508,6603,2891,5547,1291,1447,1487,2922,1308,4574,0,0,26,7,101,71,59,93,85,211,119,150,102,118,122,214,90,313,47014,1881,40,0,0,0,0,25,0
2021-01-26T23:59:59+01:00,1,0,949,1019,2932,3960,2468,4550,2426,6423,2822,5391,1263,1396,1397,2768,1084,4166,0,0,25,7,96,70,58,92,83,211,117,149,100,117,121,214,90,313,44966,1863,28,0,0,0,0,21,0
2021-01-25T23:59:59+01:00,1,0,931,1002,2848,3831,2424,4403,2366,6228,2763,5241,1242,1372,1383,2740,1071,4130,0,0,25,7,94,69,56,90,83,211,117,147,100,116,121,214,90,313,43940,1853,19,0,0,0,0,17,0
2021-01-24T23:59:59+01:00,1,0,921,998,2827,3814,2413,4371,2340,6189,2729,5180,1228,1364,1373,2715,1057,4096,0,0,25,7,94,69,56,89,83,210,116,147,99,116,121,214,90,313,43589,1849,15,0,0,0,0,12,0
2021-01-23T23:59:59+01:00,1,0,921,998,2827,3813,2413,4370,2338,6187,2728,5180,1225,1363,1372,2715,1057,4096,0,0,25,6,94,69,56,89,83,210,116,147,99,116,121,214,90,311,43582,1846,13,0,0,0,0,9,0
2021-01-22T23:59:59+01:00,1,0,914,990,2795,3767,2379,4305,2306,6112,2708,5133,1223,1360,1371,2712,1056,4093,0,0,25,6,94,68,56,89,83,210,116,147,99,116,121,214,90,311,43206,1845,13,0,0,0,0,6,0
2021-01-21T23:59:59+01:00,1,0,898,922,2541,3357,2177,3888,2124,5501,2483,4648,1165,1314,1322,2593,1020,3935,0,0,21,6,83,62,52,72,70,170,96,134,89,100,101,154,74,235,39872,1519,13,0,0,0,0,4,0
2021-01-20T23:59:59+01:00,1,0,818,857,2232,2950,1971,3429,1894,4893,2228,4175,1051,1172,1151,2238,886,3410,0,0,21,6,83,62,52,71,69,170,95,134,89,100,101,154,72,235,35341,1514,13,0,0,0,0,2,0
2021-01-19T23:59:59+01:00,1,0,754,776,1939,2507,1732,2972,1660,4231,1985,3701,975,1074,1023,1948,778,3028,0,0,10,3,50,46,33,44,35,100,44,77,41,37,50,83,44,152,31073,849,11,0,0,0,0,0,0
2021-01-18T23:59:59+01:00,1,0,680,716,1710,2114,1493,2500,1414,3548,1733,3197,888,987,917,1732,722,2745,0,0,5,2,19,11,13,21,17,54,17,33,21,22,26,56,31,82,27091,430,6,0,0,0,0,0,0
2021-01-17T23:59:59+01:00,0,0,502,555,1390,1710,1215,1967,1160,2816,1452,2574,747,831,762,1441,599,2351,0,0,0,1,4,2,0,0,0,0,0,0,1,0,0,0,0,0,22068,8,4,0,0,0,0,0,0
2021-01-16T23:59:59+01:00,0,0,382,404,1209,1465,1094,1680,1021,2418,1294,2167,660,734,734,1424,597,2350,0,0,0,0,0,0,0,0,0,0,0,0,0,0,0,0,0,0,19630,0,3,0,0,0,0,0,0
2021-01-15T23:59:59+01:00,0,0,279,243,1025,1167,944,1334,852,1972,1117,1765,541,623,695,1389,584,2309,0,0,0,0,0,0,0,0,0,0,0,0,0,0,0,0,0,0,16837,0,2,0,0,0,0,0,0
2021-01-14T23:59:59+01:00,0,0,162,108,711,781,652,864,617,1314,753,1145,354,434,570,1203,524,2059,0,0,0,0,0,0,0,0,0,0,0,0,0,0,0,0,0,0,12251,0,0,0,0,0,0,0,0
2021-01-13T23:59:59+01:00,0,0,135,89,601,616,528,698,500,1056,596,879,298,358,481,1016,451,1755,0,0,0,0,0,0,0,0,0,0,0,0,0,0,0,0,0,0,10057,0,0,0,0,0,0,0,0
2021-01-12T23:59:59+01:00,0,0,125,73,515,525,452,597,432,924,525,773,263,309,393,819,377,1370,0,0,0,0,0,0,0,0,0,0,0,0,0,0,0,0,0,0,8472,0,0,0,0,0,0,0,0
2021-01-11T23:59:59+01:00,0,0,95,60,419,432,367,485,346,747,420,598,229,258,326,685,307,1158,0,0,0,0,0,0,0,0,0,0,0,0,0,0,0,0,0,0,6932,0,0,0,0,0,0,0,0
2021-01-10T23:59:59+01:00,0,0,79,52,354,358,300,402,293,650,350,528,200,227,261,545,245,902,0,0,0,0,0,0,0,0,0,0,0,0,0,0,0,0,0,0,5746,0,0,0,0,0,0,0,0
2021-01-09T23:59:59+01:00,0,0,78,49,340,337,276,381,285,634,342,521,199,226,260,543,245,902,0,0,0,0,0,0,0,0,0,0,0,0,0,0,0,0,0,0,5618,0,0,0,0,0,0,0,0
2021-01-08T23:59:59+01:00,0,0,72,41,303,303,231,340,255,590,315,480,181,206,235,482,224,798,0,0,0,0,0,0,0,0,0,0,0,0,0,0,0,0,0,0,5056,0,0,0,0,0,0,0,0
2021-01-07T23:59:59+01:00,0,0,58,27,210,199,162,242,196,425,244,343,151,167,180,317,150,512,0,0,0,0,0,0,0,0,0,0,0,0,0,0,0,0,0,0,3583,0,0,0,0,0,0,0,0
2021-01-06T23:59:59+01:00,0,0,46,16,163,119,113,161,145,297,179,244,119,135,139,250,107,367,0,0,0,0,0,0,0,0,0,0,0,0,0,0,0,0,0,0,2600,0,0,0,0,0,0,0,0
2021-01-05T23:59:59+01:00,0,0,28,9,98,72,59,94,88,214,118,152,109,125,130,231,106,341,0,0,0,0,0,0,0,0,0,0,0,0,0,0,0,0,0,0,1974,0,0,0,0,0,0,0,0
2021-01-04T23:59:59+01:00,0,0,26,9,97,70,56,91,88,214,118,150,109,123,129,231,106,341,0,0,0,0,0,0,0,0,0,0,0,0,0,0,0,0,0,0,1958,0,0,0,0,0,0,0,0
2021-01-03T23:59:59+01:00,0,0,26,9,97,69,56,90,88,213,117,150,108,123,129,231,106,341,0,0,0,0,0,0,0,0,0,0,0,0,0,0,0,0,0,0,1953,0,0,0,0,0,0,0,0
2021-01-02T23:59:59+01:00,0,0,26,8,97,69,56,90,87,213,116,150,108,123,129,231,106,340,0,0,0,0,0,0,0,0,0,0,0,0,0,0,0,0,0,0,1949,0,0,0,0,0,0,0,0
2021-01-01T23:59:59+01:00,0,0,26,7,97,69,56,90,87,213,115,149,108,123,129,231,106,340,0,0,0,0,0,0,0,0,0,0,0,0,0,0,0,0,0,0,1946,0,0,0,0,0,0,0,0
2020-12-31T23:59:59+01:00,0,0,26,7,97,69,56,90,87,213,114,149,108,123,129,231,106,340,0,0,0,0,0,0,0,0,0,0,0,0,0,0,0,0,0,0,1945,0,0,0,0,0,0,0,0
2020-12-30T23:59:59+01:00,0,0,26,7,97,69,55,90,86,213,114,149,108,123,129,231,105,340,0,0,0,0,0,0,0,0,0,0,0,0,0,0,0,0,0,0,1942,0,0,0,0,0,0,0,0
2020-12-29T23:59:59+01:00,0,0,14,2,65,54,33,61,50,138,64,91,53,54,74,142,65,232,0,0,0,0,0,0,0,0,0,0,0,0,0,0,0,0,0,0,1192,0,0,0,0,0,0,0,0
2020-12-28T23:59:59+01:00,0,0,5,2,36,26,20,31,21,67,25,41,23,22,27,51,34,82,0,0,0,0,0,0,0,0,0,0,0,0,0,0,0,0,0,0,513,0,0,0,0,0,0,0,0
2020-12-27T23:59:59+01:00,0,0,1,0,8,6,8,2,1,5,0,2,1,1,2,2,4,6,0,0,0,0,0,0,0,0,0,0,0,0,0,0,0,0,0,0,49,0,0,0,0,0,0,0,0
