Datum,<15_1_m,<15_1_w,15-24_1_m,15-24_1_w,25-34_1_m,25-34_1_w,35-44_1_m,35-44_1_w,45-54_1_m,45-54_1_w,55-64_1_m,55-64_1_w,65-74_1_m,65-74_1_w,75-84_1_m,75-84_1_w,>84_1_m,>84_1_w,<15_2_m,<15_2_w,15-24_2_m,15-24_2_w,25-34_2_m,25-34_2_w,35-44_2_m,35-44_2_w,45-54_2_m,45-54_2_w,55-64_2_m,55-64_2_w,65-74_2_m,65-74_2_w,75-84_2_m,75-84_2_w,>84_2_m,>84_2_w,bp_1,bp_2,mo_1,mo_2,az_1,az_2,ja,unb_1,unb_2
2021-12-09T23:59:59+01:00,26194,24500,82527,80946,124395,120382,111241,109987,104695,109630,100576,102297,59499,73719,45437,63412,11312,23080,13458,12763,73277,72529,114838,110374,103323,101557,98447,102985,96113,97431,57130,70824,44179,61287,10771,21800,969816,877671,141466,135661,159285,146329,102873,493,552
2021-12-08T23:59:59+01:00,25919,24274,82408,80851,124307,120256,111131,109873,104619,109545,100515,102227,59468,73650,45417,63372,11303,23066,13227,12548,72966,72290,114533,110081,103087,101296,98270,102787,95972,97289,57084,70746,44157,61257,10763,21783,968275,874919,141391,135477,159285,146328,102860,493,552
2021-12-07T23:59:59+01:00,25552,23920,82319,80778,124242,120166,111077,109816,104583,109514,100485,102197,59449,73633,45410,63358,11298,23057,13098,12412,72803,72125,114341,109901,102968,101193,98182,102705,95905,97233,57061,70721,44154,61245,10762,21779,966967,873433,141365,135432,159285,146328,102843,493,552
2021-12-06T23:59:59+01:00,25195,23558,82221,80674,124118,119994,110969,109690,104491,109410,100422,102120,59403,73549,45389,63326,11289,23030,12875,12198,72485,71824,114047,109589,102749,100934,97993,102515,95768,97097,57009,70645,44133,61192,10754,21750,965059,870507,141283,135344,159285,146328,102826,493,552
2021-12-05T23:59:59+01:00,24937,23306,82067,80540,123947,119762,110814,109515,104367,109268,100299,102004,59329,73447,45355,63276,11277,23004,12705,12036,72214,71609,113723,109327,102503,100726,97833,102345,95645,96983,56953,70584,44102,61162,10749,21736,962882,867996,141143,135252,159285,146327,102808,493,552
2021-12-04T23:59:59+01:00,24391,22824,82036,80503,123911,119709,110769,109479,104347,109253,100280,101984,59323,73432,45354,63270,11275,23001,12632,11981,72045,71458,113548,109178,102367,100607,97736,102275,95599,96938,56941,70567,44096,61155,10748,21735,961528,866729,141134,135201,159285,146326,102798,493,552
2021-12-03T23:59:59+01:00,23712,22191,81960,80401,123833,119612,110689,109405,104302,109197,100255,101931,59305,73404,45344,63259,11273,22995,12504,11880,71786,71237,113300,108935,102172,100420,97567,102146,95489,96870,56916,70554,44093,61140,10748,21734,959500,864679,141104,135151,159285,146326,102783,493,552
2021-12-02T23:59:59+01:00,22985,21481,81803,80251,123682,119433,110579,109248,104199,109053,100156,101815,59243,73340,45312,63201,11267,22970,12316,11727,71443,70927,112965,108593,101862,100117,97320,101939,95342,96716,56865,70486,44072,61101,10744,21725,956577,861609,140995,135010,159285,146326,102763,493,552
2021-12-01T23:59:59+01:00,22403,20958,81708,80135,123543,119261,110472,109112,104119,108948,100090,101706,59184,73246,45291,63146,11262,22951,12227,11623,71217,70721,112737,108362,101664,99933,97189,101779,95255,96604,56807,70412,44047,61061,10737,21712,954170,859555,140941,134911,159283,146326,102743,492,552
2021-11-30T23:59:59+01:00,21814,20470,81499,79962,123284,118976,110270,108874,103942,108781,99932,101534,59050,73126,45249,63063,11240,22920,12143,11551,71002,70551,112470,108110,101485,99740,97008,101636,95142,96503,56767,70374,44020,61036,10732,21702,950808,857544,140786,134839,159282,146326,102711,492,552
2021-11-29T23:59:59+01:00,21260,19953,81387,79857,123146,118809,110155,108718,103863,108684,99864,101445,58992,73054,45233,63012,11221,22889,12060,11478,70803,70396,112265,107917,101322,99585,96872,101526,95043,96402,56731,70328,43999,60998,10728,21688,948459,855820,140713,134754,159279,146323,102692,492,552
2021-11-28T23:59:59+01:00,20708,19464,81268,79739,123010,118629,110059,108590,103760,108575,99793,101360,58947,72995,45212,62979,11218,22876,12016,11414,70583,70221,111980,107702,101130,99431,96744,101392,94942,96307,56700,70272,43984,60967,10721,21678,946192,853986,140638,134668,159279,146306,102674,492,550
2021-11-27T23:59:59+01:00,20042,18859,81206,79693,122930,118563,110008,108533,103719,108530,99761,101332,58934,72980,45208,62974,11216,22876,11973,11368,70444,70093,111790,107571,100985,99317,96626,101319,94884,96260,56686,70256,43975,60960,10719,21677,944410,852768,140616,134621,159279,146305,102659,492,550
2021-11-26T23:59:59+01:00,19297,18118,81089,79554,122797,118401,109899,108407,103619,108429,99705,101258,58909,72937,45201,62956,11216,22867,11862,11294,70271,69963,111559,107402,100795,99157,96445,101194,94786,96189,56670,70223,43963,60940,10716,21676,941762,851072,140585,134547,159275,146299,102637,492,550
2021-11-25T23:59:59+01:00,18424,17320,80885,79318,122541,118084,109675,108111,103401,108219,99553,101064,58781,72821,45159,62886,11204,22845,11754,11196,70080,69773,111323,107161,100570,98963,96270,101022,94655,96067,56630,70181,43949,60913,10712,21657,937608,848986,140433,134465,159272,146298,102577,492,550
2021-11-24T23:59:59+01:00,17834,16764,80741,79168,122395,117890,109536,107941,103262,108078,99447,100960,58727,72714,45140,62806,11198,22823,11688,11144,69935,69664,111160,106988,100432,98836,96181,100899,94561,95976,56602,70136,43934,60883,10709,21642,934848,847562,140353,134408,159268,146295,102555,491,550
2021-11-23T23:59:59+01:00,17104,16163,80567,79020,122231,117685,109361,107771,103133,107939,99339,100829,58656,72628,45113,62749,11188,22796,11639,11089,69780,69552,110963,106847,100287,98697,96038,100775,94468,95895,56575,70091,43913,60848,10704,21629,931807,846099,140276,134329,159268,146293,102521,491,548
2021-11-22T23:59:59+01:00,16518,15649,80386,78861,122054,117488,109192,107593,103004,107799,99222,100724,58591,72545,45094,62699,11178,22775,11590,11039,69637,69452,110781,106696,100137,98583,95946,100683,94380,95829,56550,70048,43893,60817,10703,21618,929000,844775,140217,134281,159266,146290,102490,490,546
2021-11-21T23:59:59+01:00,16024,15185,80180,78660,121812,117249,108996,107416,102861,107665,99126,100615,58540,72465,45079,62661,11171,22759,11549,11013,69454,69328,110564,106551,99962,98428,95839,100587,94286,95760,56509,70004,43882,60798,10701,21611,926223,843337,140143,134211,159256,146289,102443,490,546
2021-11-20T23:59:59+01:00,15801,14980,80023,78539,121659,117093,108837,107296,102762,107574,99069,100542,58523,72441,45070,62647,11169,22754,11521,10984,69326,69233,110386,106446,99804,98336,95711,100501,94230,95722,56499,69986,43876,60790,10701,21611,924619,842276,140107,134154,159253,146286,102401,490,546
2021-11-19T23:59:59+01:00,15493,14656,79754,78278,121383,116810,108577,107081,102599,107385,98953,100419,58498,72392,45055,62630,11165,22748,11454,10929,69159,69099,110176,106259,99603,98167,95562,100388,94145,95666,56486,69957,43867,60779,10699,21610,921819,840733,140049,134083,159252,146286,102357,490,546
2021-11-18T23:59:59+01:00,15097,14279,79373,77947,121046,116408,108282,106739,102378,107138,98815,100256,58417,72320,45039,62577,11157,22724,11333,10821,68929,68877,109931,106025,99370,97947,95393,100234,94032,95556,56448,69907,43850,60747,10695,21598,918120,838557,139921,134000,159246,146284,102306,489,546
2021-11-17T23:59:59+01:00,14872,14035,79055,77670,120724,116017,108023,106444,102179,106920,98705,100098,58354,72237,45016,62535,11151,22699,11282,10774,68748,68709,109740,105839,99230,97818,95278,100107,93950,95477,56410,69856,43837,60724,10692,21589,915060,837052,139783,133929,159241,146283,102250,489,546
2021-11-16T23:59:59+01:00,14638,13823,78640,77327,120266,115637,107691,106110,101946,106683,98552,99948,58288,72156,44994,62488,11141,22685,11208,10698,68571,68534,109529,105645,99069,97681,95179,99993,93855,95406,56384,69816,43814,60700,10688,21577,911498,835494,139709,133859,159236,146281,102168,489,545
2021-11-15T23:59:59+01:00,14389,13600,78158,76907,119778,115147,107291,105763,101688,106447,98394,99795,58219,72090,44965,62444,11134,22669,11150,10666,68415,68389,109336,105481,98921,97545,95076,99891,93774,95338,56353,69769,43788,60672,10683,21557,907565,834135,139600,133770,159232,146276,102079,489,544
2021-11-14T23:59:59+01:00,14015,13234,77647,76498,119257,114671,106932,105400,101409,106189,98226,99642,58154,72005,44942,62418,11132,22654,11073,10609,68246,68252,109143,105304,98778,97415,94965,99787,93700,95261,56309,69729,43774,60650,10679,21551,903330,832717,139469,133684,159212,146271,102012,489,541
2021-11-13T23:59:59+01:00,13879,13103,77314,76181,118920,114414,106677,105165,101238,106045,98147,99555,58135,71982,44939,62409,11132,22652,11031,10573,68118,68130,109010,105185,98679,97317,94889,99725,93660,95227,56298,69715,43771,60644,10679,21548,900987,831863,139393,133626,159205,146269,101900,489,541
2021-11-12T23:59:59+01:00,13699,12919,76920,75819,118580,114123,106375,104913,101002,105859,98013,99438,58106,71952,44929,62393,11131,22652,10973,10523,67974,67978,108876,105069,98562,97201,94792,99633,93598,95167,56283,69696,43766,60634,10678,21548,898048,830727,139328,133580,159203,146263,101841,489,540
2021-11-11T23:59:59+01:00,13475,12705,76406,75381,118106,113665,105972,104527,100748,105607,97851,99284,58036,71855,44911,62335,11123,22635,10813,10393,67757,67795,108704,104853,98399,97026,94669,99500,93520,95085,56248,69658,43741,60605,10674,21522,894068,828923,139210,133501,159194,146254,101746,489,538
2021-11-10T23:59:59+01:00,13346,12592,76009,75073,117741,113322,105690,104257,100558,105400,97711,99163,57982,71788,44889,62294,11117,22620,10736,10328,67597,67640,108557,104703,98295,96881,94575,99395,93446,95018,56204,69616,43721,60574,10667,21508,891245,827599,139091,133448,159180,146246,101630,489,538
2021-11-09T23:59:59+01:00,13234,12477,75510,74727,117258,112987,105406,103987,100319,105193,97557,99032,57929,71739,44865,62260,11113,22608,10624,10235,67425,67500,108392,104544,98155,96772,94500,99305,93385,94953,56175,69583,43708,60553,10660,21498,888115,826296,138983,133386,159176,146229,101519,489,537
2021-11-08T23:59:59+01:00,13110,12379,74981,74378,116820,112602,105084,103693,100087,104995,97422,98910,57868,71670,44840,62226,11106,22593,10581,10180,67285,67382,108236,104411,98055,96660,94430,99213,93333,94881,56136,69535,43699,60527,10657,21492,884938,825226,138852,133306,159166,146224,101400,489,537
2021-11-07T23:59:59+01:00,13009,12271,74536,74078,116386,112219,104746,103396,99855,104805,97283,98785,57812,71612,44810,62196,11101,22583,10528,10138,67152,67250,108081,104251,97937,96526,94355,99115,93267,94813,56101,69488,43677,60505,10654,21484,881910,824064,138716,133225,159162,146210,101286,489,537
2021-11-06T23:59:59+01:00,12918,12200,74283,73829,116063,112004,104531,103192,99688,104672,97205,98718,57799,71589,44803,62182,11100,22583,10503,10113,67063,67164,107965,104176,97866,96465,94314,99063,93238,94793,56097,69479,43674,60498,10652,21483,879965,823488,138651,133196,159159,146210,101175,489,537
2021-11-05T23:59:59+01:00,12800,12092,74015,73581,115768,111736,104285,102962,99486,104502,97095,98622,57781,71560,44795,62168,11099,22580,10423,10044,66951,67053,107851,104061,97783,96372,94240,98984,93187,94753,56088,69463,43669,60493,10651,21481,877713,822578,138578,133156,159156,146206,101070,489,537
2021-11-04T23:59:59+01:00,12688,11986,73812,73330,115483,111477,104060,102741,99293,104333,96986,98519,57740,71518,44784,62143,11096,22572,10322,9953,66807,66914,107720,103891,97683,96240,94149,98889,93113,94680,56055,69429,43656,60457,10647,21472,875518,821275,138505,133087,159152,146202,100977,488,536
2021-11-03T23:59:59+01:00,12621,11925,73642,73177,115236,111274,103884,102596,99181,104197,96894,98443,57709,71487,44771,62123,11093,22562,10277,9914,66652,66798,107591,103756,97578,96130,94066,98827,93057,94623,56036,69399,43639,60427,10640,21456,873918,820210,138450,133030,159148,146200,100891,487,535
2021-11-02T23:59:59+01:00,12583,11883,73432,73033,114972,111063,103670,102457,99016,104091,96801,98357,57683,71452,44760,62109,11089,22548,10155,9821,66471,66663,107433,103613,97478,96010,93983,98749,92997,94558,56008,69367,43626,60393,10636,21439,872296,818944,138378,132960,159146,146192,100770,487,534
2021-11-01T23:59:59+01:00,12494,11807,73203,72863,114718,110871,103429,102295,98845,103966,96718,98298,57660,71415,44749,62090,11087,22540,10095,9757,66309,66514,107283,103478,97359,95911,93897,98661,92934,94500,55982,69332,43611,60373,10633,21428,870583,817817,138274,132881,159142,146187,100639,487,533
2021-10-31T23:59:59+01:00,12456,11784,73061,72770,114538,110778,103256,102194,98746,103897,96673,98259,57648,71405,44746,62084,11087,22539,10062,9734,66218,66465,107197,103420,97287,95869,93854,98635,92909,94482,55974,69327,43609,60371,10630,21424,869621,817387,138231,132848,159140,146181,100519,487,532
2021-10-30T23:59:59+02:00,12423,11765,72943,72689,114336,110689,103122,102103,98637,103797,96609,98230,57636,71389,44741,62079,11086,22536,10033,9727,66139,66409,107111,103364,97216,95819,93809,98588,92883,94471,55967,69322,43608,60367,10627,21421,868667,816975,138194,132796,159139,146178,100400,487,532
2021-10-29T23:59:59+02:00,12384,11725,72750,72559,114075,110511,102894,101952,98474,103699,96523,98176,57623,71378,44737,62069,11086,22532,9996,9692,66004,66295,106957,103261,97099,95731,93718,98510,92824,94426,55953,69309,43605,60362,10627,21421,867294,816160,138125,132741,159137,146176,100181,487,532
2021-10-28T23:59:59+02:00,12292,11667,72532,72370,113761,110255,102653,101778,98295,103551,96413,98093,57600,71346,44726,62055,11084,22527,9922,9632,65796,66084,106759,103047,96933,95560,93598,98386,92739,94377,55927,69258,43597,60343,10626,21414,865523,814748,138041,132661,159133,146167,99891,487,531
2021-10-27T23:59:59+02:00,12238,11606,72358,72206,113554,110050,102479,101632,98167,103433,96324,98031,57573,71300,44708,62028,11082,22522,9838,9566,65636,65921,106620,102917,96819,95460,93506,98292,92680,94321,55893,69219,43587,60320,10620,21401,864064,813631,137961,132571,159131,146158,99725,487,531
2021-10-26T23:59:59+02:00,12164,11520,72133,71989,113324,109847,102290,101498,98030,103326,96252,97965,57538,71274,44695,62012,11081,22514,9768,9480,65439,65718,106444,102761,96685,95320,93409,98208,92607,94256,55870,69182,43573,60287,10617,21389,862519,812298,137866,132496,159125,146156,99532,487,531
2021-10-25T23:59:59+02:00,12121,11497,72007,71890,113198,109737,102192,101414,97941,103255,96216,97929,57531,71263,44694,62003,11079,22511,9753,9465,65357,65652,106378,102711,96647,95285,93368,98181,92584,94243,55864,69175,43572,60285,10617,21385,861679,811929,137828,132472,159124,146153,99437,487,531
2021-10-24T23:59:59+02:00,12048,11434,71819,71717,112930,109560,102006,101247,97783,103122,96135,97850,57502,71222,44683,61995,11078,22508,9692,9409,65149,65460,106176,102549,96497,95158,93259,98079,92524,94184,55831,69137,43564,60260,10615,21381,860166,810685,137762,132383,159124,146149,99178,486,529
2021-10-23T23:59:59+02:00,12021,11409,71715,71633,112800,109460,101910,101164,97723,103073,96092,97825,57488,71208,44682,61994,11078,22507,9657,9368,65070,65371,106080,102488,96436,95103,93204,98026,92495,94156,55813,69126,43563,60257,10614,21381,859472,810135,137709,132328,159123,146147,99069,486,529
2021-10-22T23:59:59+02:00,11946,11367,71551,71495,112576,109303,101746,101044,97607,102971,96032,97774,57477,71190,44680,61986,11078,22505,9567,9282,64898,65188,105897,102342,96300,94984,93106,97940,92439,94102,55800,69115,43560,60244,10613,21379,858307,808995,137647,132251,159123,146140,98841,486,529
2021-10-21T23:59:59+02:00,11814,11239,71340,71335,112372,109103,101566,100868,97448,102844,95941,97711,57454,71156,44665,61963,11073,22491,9469,9164,64675,64962,105702,102124,96144,94785,92978,97825,92365,94027,55774,69078,43546,60214,10611,21369,856620,807362,137582,132140,159120,146130,98652,485,528
2021-10-20T23:59:59+02:00,11766,11189,71213,71202,112226,108964,101448,100771,97353,102762,95876,97656,57426,71119,44652,61945,11068,22474,9346,9068,64475,64777,105575,101961,96026,94644,92879,97717,92291,93972,55743,69020,43519,60181,10594,21340,855520,805861,137528,132079,159117,146124,98536,485,528
2021-10-19T23:59:59+02:00,11662,11098,71066,71065,112089,108831,101352,100685,97277,102702,95816,97603,57403,71081,44644,61927,11064,22458,9251,8975,64255,64572,105410,101798,95910,94521,92798,97621,92241,93915,55710,68977,43501,60140,10584,21325,854406,804444,137473,131993,159112,146117,98423,485,527
2021-10-18T23:59:59+02:00,11613,11058,70929,70973,111940,108724,101244,100598,97211,102650,95759,97553,57375,71050,44627,61904,11057,22446,9200,8924,64106,64418,105288,101634,95814,94405,92730,97538,92182,93857,55683,68945,43488,60114,10580,21321,853476,803341,137391,131918,159107,146113,98328,485,527
2021-10-17T23:59:59+02:00,11567,11017,70768,70841,111809,108607,101134,100522,97157,102592,95715,97499,57353,71027,44621,61889,11055,22441,9145,8874,63869,64160,105122,101490,95684,94266,92631,97452,92121,93792,55659,68912,43478,60097,10576,21316,852535,801964,137338,131822,159105,146104,98227,485,527
2021-10-16T23:59:59+02:00,11548,10996,70708,70792,111750,108562,101108,100494,97125,102563,95696,97489,57352,71024,44620,61887,11053,22441,9114,8841,63774,64072,105057,101434,95637,94203,92599,97421,92100,93774,55654,68905,43476,60094,10576,21315,852194,801465,137320,131771,159105,146103,98180,485,527
2021-10-15T23:59:59+02:00,11493,10956,70594,70705,111635,108471,101034,100417,97068,102509,95666,97456,57345,71022,44620,61881,11052,22441,9064,8765,63636,63884,104943,101317,95543,94103,92520,97337,92052,93735,55645,68883,43471,60083,10576,21313,851483,800472,137297,131698,159104,146101,98072,485,527
2021-10-14T23:59:59+02:00,11387,10858,70408,70522,111490,108321,100918,100323,96970,102425,95611,97398,57324,70987,44608,61857,11049,22434,8937,8628,63337,63597,104785,101104,95396,93903,92397,97202,91977,93655,55607,68832,43452,60056,10572,21306,850201,798579,137217,131576,159095,146094,97967,485,527
2021-10-13T23:59:59+02:00,11288,10791,70262,70409,111367,108211,100821,100227,96886,102336,95560,97339,57288,70942,44592,61828,11045,22418,8899,8591,63175,63447,104648,100966,95288,93756,92306,97114,91915,93583,55569,68789,43431,60026,10563,21296,849146,797428,137143,131501,159091,146085,97821,484,527
2021-10-12T23:59:59+02:00,11147,10682,70080,70270,111267,108094,100723,100134,96826,102276,95520,97293,57272,70908,44582,61813,11041,22411,8837,8544,63011,63286,104516,100838,95168,93635,92217,97043,91857,93525,55516,68754,43419,60003,10559,21283,848058,796262,137077,131438,159087,146079,97707,484,525
2021-10-11T23:59:59+02:00,11076,10620,69930,70151,111145,107985,100636,100053,96762,102200,95466,97252,57244,70878,44562,61793,11036,22399,8799,8511,62836,63116,104384,100714,95074,93539,92143,96955,91805,93476,55477,68710,43404,59976,10550,21275,847072,795188,137011,131351,159084,146069,97611,484,525
2021-10-10T23:59:59+02:00,11004,10569,69769,70037,111005,107848,100537,99963,96694,102122,95416,97213,57226,70858,44557,61781,11028,22396,8761,8477,62647,62966,104222,100554,94967,93405,92053,96851,91728,93434,55450,68685,43395,59963,10547,21266,846113,794040,136964,131290,159079,146059,97457,484,525
2021-10-09T23:59:59+02:00,10979,10550,69679,69976,110937,107803,100496,99921,96656,102089,95398,97196,57218,70851,44556,61780,11028,22396,8726,8436,62556,62888,104137,100477,94910,93347,92011,96806,91706,93412,55444,68674,43390,59955,10546,21265,845710,793493,136931,131232,159077,146055,97381,484,525
2021-10-08T23:59:59+02:00,10905,10495,69535,69878,110793,107698,100423,99827,96590,102035,95346,97150,57206,70835,44553,61777,11028,22395,8665,8349,62385,62702,104002,100325,94797,93227,91924,96711,91658,93372,55427,68661,43384,59946,10544,21264,844865,792384,136878,131146,159076,146050,97239,484,524
2021-10-07T23:59:59+02:00,10826,10415,69327,69696,110607,107519,100286,99683,96501,101911,95270,97081,57183,70798,44540,61756,11024,22382,8535,8225,62097,62449,103804,100107,94648,93010,91817,96575,91583,93299,55392,68611,43369,59914,10537,21254,843437,790561,136807,131022,159073,146042,97077,484,524
2021-10-06T23:59:59+02:00,10756,10355,69149,69546,110471,107373,100191,99573,96415,101844,95224,97029,57148,70755,44529,61736,11021,22368,8492,8175,61910,62275,103671,99957,94534,92891,91741,96475,91506,93220,55361,68571,43354,59885,10532,21238,842338,789358,136741,130957,159071,146029,96920,484,524
2021-10-05T23:59:59+02:00,10651,10267,68971,69405,110317,107224,100074,99442,96351,101761,95179,96978,57130,70727,44520,61700,11016,22355,8458,8132,61711,62100,103519,99771,94419,92741,91643,96389,91444,93146,55333,68523,43340,59869,10529,21225,841141,788083,136672,130889,159070,146024,96772,484,524
2021-10-04T23:59:59+02:00,10613,10237,68792,69231,110150,107069,99969,99327,96257,101672,95124,96919,57093,70679,44505,61671,11015,22333,8424,8099,61551,61918,103374,99630,94286,92618,91549,96293,91379,93095,55296,68480,43316,59838,10523,21205,840032,786964,136600,130830,159068,146012,96544,482,524
2021-10-03T23:59:59+02:00,10549,10181,68577,69047,109975,106910,99840,99214,96169,101571,95060,96865,57062,70644,44497,61646,11015,22329,8364,8064,61346,61759,103184,99452,94148,92458,91451,96178,91304,93037,55260,68436,43299,59812,10521,21197,838835,785688,136525,130741,159064,146002,96315,482,524
2021-10-02T23:59:59+02:00,10523,10155,68474,68948,109885,106840,99774,99152,96116,101520,95035,96843,57051,70626,44497,61645,11014,22327,8324,8029,61229,61644,103111,99378,94081,92392,91405,96129,91278,93016,55253,68418,43298,59808,10520,21197,838277,785096,136461,130695,159062,145982,96213,482,524
2021-10-01T23:59:59+02:00,10437,10052,68316,68773,109693,106692,99644,99036,96033,101449,94975,96801,57032,70607,44494,61633,11012,22325,8211,7919,61031,61409,102941,99222,93948,92249,91300,96019,91215,92957,55235,68388,43294,59797,10519,21194,837148,783795,136404,130607,159058,145942,95982,482,522
2021-09-30T23:59:59+02:00,10357,9979,68079,68543,109470,106448,99461,98833,95893,101302,94882,96694,56994,70561,44475,61602,11008,22310,8103,7797,60777,61143,102729,99012,93761,92037,91158,95868,91123,92862,55208,68339,43279,59764,10509,21179,835467,782098,136311,130488,159052,145893,95647,481,522
2021-09-29T23:59:59+02:00,10275,9921,67874,68352,109269,106246,99303,98668,95766,101189,94797,96622,56950,70504,44459,61567,11003,22291,8045,7738,60590,60972,102538,98830,93625,91868,91043,95759,91052,92781,55172,68291,43260,59718,10506,21164,834022,780836,136245,130410,159048,145858,95327,481,521
2021-09-28T23:59:59+02:00,10190,9843,67680,68144,109062,106076,99154,98512,95655,101076,94712,96543,56911,70464,44447,61529,10996,22264,7995,7691,60394,60786,102343,98673,93491,91731,90919,95629,90972,92709,55139,68253,43243,59690,10497,21150,832614,779636,136184,130324,159046,145824,95000,481,521
2021-09-27T23:59:59+02:00,10061,9710,67431,67895,108848,105903,99015,98361,95564,100964,94634,96471,56882,70416,44432,61498,10991,22252,7957,7635,60177,60596,102151,98532,93348,91590,90814,95514,90900,92632,55102,68197,43222,59662,10488,21139,831193,778532,136098,130243,159044,145781,94579,481,521
2021-09-26T23:59:59+02:00,9940,9616,67185,67658,108619,105709,98847,98214,95439,100835,94548,96389,56842,70381,44416,61475,10986,22239,7903,7589,59932,60397,101946,98349,93199,91424,90703,95394,90826,92554,55071,68169,43208,59634,10483,21123,829728,777369,136013,130147,159038,145722,94145,481,521
2021-09-25T23:59:59+02:00,9901,9575,67067,67535,108514,105619,98773,98151,95380,100782,94517,96360,56838,70373,44414,61472,10985,22239,7862,7550,59816,60279,101842,98256,93118,91351,90660,95327,90789,92531,55059,68158,43204,59630,10483,21123,829172,776809,135951,130094,159038,145694,93920,481,521
2021-09-24T23:59:59+02:00,9840,9514,66897,67348,108341,105444,98622,97999,95255,100676,94447,96305,56822,70356,44406,61459,10985,22237,7764,7438,59586,60048,101658,98061,92988,91202,90548,95218,90704,92465,55037,68136,43202,59625,10482,21120,828130,775609,135876,130026,159038,145632,93494,481,521
2021-09-23T23:59:59+02:00,9748,9388,66567,67011,108074,105181,98425,97768,95094,100512,94344,96193,56777,70296,44382,61430,10979,22209,7648,7317,59286,59766,101416,97826,92798,90989,90410,95063,90606,92355,54988,68085,43179,59596,10481,21097,826306,774035,135751,129916,159032,145563,92873,481,519
2021-09-22T23:59:59+02:00,9678,9309,66228,66683,107861,104967,98224,97563,94939,100377,94215,96095,56729,70226,44348,61386,10968,22187,7592,7275,59104,59584,101239,97657,92616,90852,90295,94941,90494,92278,54954,68037,43151,59564,10475,21081,824531,772984,135637,129837,159027,145480,92371,481,517
2021-09-21T23:59:59+02:00,9591,9221,65993,66435,107650,104785,98047,97404,94823,100268,94135,96023,56678,70174,44330,61344,10961,22172,7554,7237,58909,59400,101043,97496,92475,90719,90204,94852,90403,92203,54913,67979,43131,59525,10466,21063,823058,771917,135555,129742,159024,145416,91980,481,517
2021-09-20T23:59:59+02:00,9529,9164,65706,66124,107447,104601,97886,97235,94715,100167,94069,95946,56637,70131,44310,61301,10956,22161,7497,7182,58715,59244,100855,97350,92318,90565,90062,94751,90321,92132,54866,67940,43104,59489,10460,21046,821624,770900,135474,129660,159018,145269,91551,481,517
2021-09-19T23:59:59+02:00,9477,9119,65420,65948,107216,104408,97734,97066,94575,100066,93965,95868,56607,70078,44300,61277,10954,22150,7458,7140,58470,59047,100610,97174,92132,90394,89877,94578,90199,92047,54828,67878,43086,59455,10459,21033,820282,769677,135390,129542,159014,145005,91124,481,517
2021-09-18T23:59:59+02:00,9444,9074,65326,65842,107095,104310,97623,96979,94509,99996,93929,95839,56599,70069,44296,61272,10952,22149,7418,7099,58348,58924,100503,97073,92007,90312,89806,94515,90161,92017,54818,67873,43079,59452,10457,21029,819704,769036,135300,129477,159012,144993,90869,481,516
2021-09-17T23:59:59+02:00,9365,8988,65131,65682,106914,104151,97454,96826,94381,99898,93856,95763,56582,70042,44285,61265,10946,22143,7326,6999,58141,58688,100312,96908,91849,90191,89688,94409,90082,91955,54803,67845,43070,59446,10457,21026,818599,767886,135211,129380,159007,144976,90437,481,516
2021-09-16T23:59:59+02:00,9274,8880,64840,65377,106626,103893,97215,96587,94191,99720,93755,95670,56530,69987,44272,61236,10939,22129,7234,6888,57889,58410,100038,96679,91651,89976,89511,94246,89980,91867,54757,67794,43048,59424,10452,21015,816765,766365,135116,129243,158997,144913,89824,481,514
2021-09-15T23:59:59+02:00,9204,8825,64486,65081,106427,103681,97006,96394,94055,99556,93654,95581,56493,69929,44237,61206,10934,22103,7184,6839,57708,58249,99848,96517,91482,89817,89405,94135,89875,91800,54724,67747,43023,59391,10448,20995,815008,765297,135061,129126,158992,144879,89371,481,514
2021-09-14T23:59:59+02:00,9162,8776,64197,64871,106188,103462,96808,96213,93923,99413,93539,95495,56445,69869,44211,61169,10929,22087,7142,6802,57503,58064,99671,96331,91312,89652,89271,94021,89795,91727,54688,67706,43001,59364,10443,20980,813464,764245,134989,129036,158985,144780,88899,481,513
2021-09-13T23:59:59+02:00,9125,8742,63893,64605,105955,103234,96638,96043,93777,99275,93448,95397,56393,69815,44194,61135,10922,22075,7110,6765,57293,57878,99467,96142,91159,89496,89138,93914,89706,91653,54649,67658,42980,59334,10440,20963,811934,763134,134898,128922,158975,144738,88439,481,512
2021-09-12T23:59:59+02:00,9072,8694,63575,64358,105705,102988,96426,95814,93613,99147,93351,95315,56342,69764,44177,61105,10918,22064,7072,6735,57092,57716,99220,95933,90990,89326,89004,93795,89609,91577,54605,67599,42960,59305,10436,20946,810386,762097,134798,128793,158971,144665,87853,481,512
2021-09-11T23:59:59+02:00,9025,8661,63454,64224,105562,102870,96322,95704,93527,99068,93312,95283,56327,69749,44172,61093,10918,22063,7019,6709,56942,57621,99071,95829,90891,89228,88905,93729,89572,91552,54595,67579,42956,59295,10436,20945,809700,761502,134744,128715,158969,144646,87500,481,511
2021-09-10T23:59:59+02:00,8931,8550,63210,63956,105364,102656,96147,95513,93380,98941,93216,95210,56291,69719,44158,61074,10918,22061,6939,6631,56694,57409,98874,95641,90707,89042,88770,93597,89484,91481,54573,67558,42943,59276,10436,20941,808302,760330,134680,128597,158966,144631,86927,480,511
2021-09-09T23:59:59+02:00,8833,8450,62887,63676,105083,102335,95911,95222,93201,98712,93077,95090,56250,69653,44137,61045,10908,22040,6835,6532,56436,57184,98616,95390,90474,88809,88609,93442,89339,91392,54530,67505,42922,59247,10430,20935,806299,758897,134575,128412,158962,144556,86254,480,508
2021-09-08T23:59:59+02:00,8772,8399,62658,63436,104854,102096,95715,94997,93029,98538,92960,94958,56215,69586,44103,61006,10895,22016,6804,6502,56272,57022,98420,95180,90307,88609,88447,93294,89218,91286,54491,67443,42887,59207,10418,20901,804782,757854,134465,128262,158950,144469,85616,480,507
2021-09-07T23:59:59+02:00,8722,8346,62414,63218,104627,101853,95526,94806,92886,98397,92859,94878,56181,69537,44074,60951,10886,21994,6758,6466,56076,56854,98199,94985,90118,88446,88317,93184,89121,91195,54449,67396,42863,59176,10413,20882,803280,756767,134359,128134,158944,144339,85152,480,506
2021-09-06T23:59:59+02:00,8680,8303,62200,63036,104417,101675,95384,94645,92764,98263,92771,94802,56123,69478,44052,60921,10879,21961,6715,6429,55902,56683,97996,94817,89947,88290,88188,93055,89023,91113,54394,67342,42843,59132,10403,20857,802005,755641,134266,127999,158933,144253,84730,480,506
2021-09-05T23:59:59+02:00,8618,8253,61979,62824,104244,101487,95224,94475,92636,98147,92693,94734,56094,69437,44042,60900,10874,21953,6662,6373,55695,56479,97798,94616,89756,88123,88044,92927,88938,91026,54345,67292,42826,59109,10398,20841,800783,754462,134185,127825,158929,144158,84298,479,505
2021-09-04T23:59:59+02:00,8567,8222,61856,62712,104154,101389,95122,94388,92579,98078,92658,94708,56084,69426,44035,60890,10874,21952,6634,6329,55568,56363,97673,94487,89639,88023,87978,92846,88889,90993,54330,67281,42820,59098,10398,20840,800176,753804,134137,127704,158925,144139,84037,479,505
2021-09-03T23:59:59+02:00,8489,8147,61657,62526,103974,101231,94970,94239,92473,97964,92586,94657,56055,69397,44027,60875,10871,21943,6567,6263,55357,56174,97469,94269,89447,87827,87831,92674,88798,90913,54297,67247,42809,59079,10394,20836,799035,752542,134081,127475,158919,144103,83627,479,504
2021-09-02T23:59:59+02:00,8367,8055,61388,62274,103711,100984,94765,94010,92279,97792,92465,94554,56007,69340,44004,60840,10866,21921,6467,6181,55084,55911,97165,93985,89195,87550,87606,92462,88653,90797,54252,67164,42779,59028,10384,20799,797325,750857,133969,127120,158907,143981,83001,479,503
2021-09-01T23:59:59+02:00,8302,7971,61173,62058,103505,100808,94617,93852,92158,97660,92356,94478,55960,69287,43986,60816,10858,21903,6412,6118,54825,55688,96934,93760,88996,87333,87429,92296,88511,90686,54187,67073,42742,58986,10376,20779,796032,749397,133891,126860,158892,143861,82514,478,499
2021-08-31T23:59:59+02:00,8220,7894,60960,61802,103295,100619,94436,93689,92034,97540,92229,94395,55912,69232,43960,60777,10847,21887,6350,6049,54572,55422,96659,93505,88776,87094,87271,92134,88347,90579,54138,67000,42716,58930,10368,20760,794624,747882,133811,126552,158881,143746,81993,478,497
2021-08-30T23:59:59+02:00,8124,7818,60751,61614,103111,100469,94310,93552,91915,97437,92157,94315,55878,69200,43944,60743,10842,21871,6278,5984,54317,55225,96409,93268,88559,86865,87090,91988,88219,90452,54080,66921,42674,58867,10352,20731,793488,746429,133752,126239,158874,143600,81517,478,494
2021-08-29T23:59:59+02:00,8048,7740,60474,61370,102871,100272,94123,93375,91776,97319,92067,94222,55832,69150,43920,60713,10840,21862,6170,5874,53964,54912,96087,92974,88267,86603,86855,91792,88065,90324,54011,66844,42644,58826,10346,20714,792113,744499,133661,125903,158857,143454,80923,478,493
2021-08-28T23:59:59+02:00,7991,7674,60334,61257,102763,100161,94022,93291,91691,97244,92021,94192,55818,69137,43912,60709,10839,21860,6130,5807,53784,54762,95925,92838,88135,86491,86744,91703,87997,90281,53994,66824,42635,58819,10345,20713,791489,743677,133622,125797,158853,143428,80532,478,493
2021-08-27T23:59:59+02:00,7926,7588,60150,61060,102594,99990,93880,93161,91577,97138,91933,94133,55795,69106,43903,60692,10838,21857,6051,5736,53539,54513,95627,92558,87910,86282,86566,91543,87889,90181,53950,66786,42620,58793,10340,20710,790490,742079,133558,125596,158816,143391,80037,478,491
2021-08-26T23:59:59+02:00,7838,7487,59908,60812,102363,99771,93660,92935,91399,96954,91825,94035,55743,69040,43870,60664,10832,21845,5977,5668,53193,54224,95258,92205,87571,85965,86328,91275,87730,90047,53884,66697,42573,58749,10333,20698,788984,740125,133460,125184,158793,143256,79324,478,486
2021-08-25T23:59:59+02:00,7765,7397,59673,60612,102184,99631,93508,92751,91275,96832,91711,93954,55702,68987,43838,60620,10827,21822,5905,5607,52881,53970,94944,91949,87342,85718,86126,91088,87597,89919,53816,66613,42526,58682,10327,20668,787752,738376,133378,124872,158782,143185,78760,475,485
2021-08-24T23:59:59+02:00,7715,7344,59450,60394,101995,99455,93341,92587,91162,96703,91623,93879,55664,68934,43812,60577,10821,21797,5860,5540,52555,53708,94587,91665,87040,85463,85916,90894,87444,89757,53731,66515,42479,58615,10319,20646,786602,736548,133287,124567,158775,142963,78172,475,484
2021-08-23T23:59:59+02:00,7659,7290,59239,60183,101824,99294,93209,92426,91066,96618,91546,93792,55626,68889,43783,60552,10817,21778,5797,5478,52229,53434,94242,91381,86794,85185,85719,90719,87309,89629,53651,66423,42445,58562,10312,20628,785431,734621,133214,124279,158765,142788,77765,474,484
2021-08-22T23:59:59+02:00,7587,7235,59044,59999,101617,99131,93050,92289,90970,96501,91464,93724,55588,68841,43769,60527,10811,21764,5715,5395,51855,53080,93836,90974,86480,84880,85480,90490,87136,89501,53569,66316,42413,58501,10304,20607,784389,732273,133110,123965,158752,142571,77244,474,479
2021-08-21T23:59:59+02:00,7532,7197,58906,59875,101482,99027,92944,92183,90871,96439,91406,93688,55567,68819,43761,60510,10809,21761,5522,5208,51519,52778,93666,90824,86309,84722,85335,90362,87050,89438,53537,66291,42403,58485,10303,20601,783702,730737,133037,123736,158750,142529,76872,474,479
2021-08-20T23:59:59+02:00,7480,7145,58751,59698,101310,98870,92794,92045,90752,96313,91327,93626,55543,68791,43750,60493,10807,21756,5398,5107,51183,52425,93401,90549,86044,84487,85119,90157,86916,89326,53505,66250,42380,58461,10296,20594,782727,728753,132987,123525,158744,142463,76378,473,479
2021-08-19T23:59:59+02:00,7413,7084,58498,59464,101024,98639,92583,91852,90591,96147,91199,93522,55499,68730,43725,60462,10800,21742,5281,4982,50740,51983,92963,90136,85635,84071,84805,89841,86702,89139,53431,66141,42341,58399,10286,20576,781340,726015,132854,123077,158736,142254,75630,472,476
2021-08-18T23:59:59+02:00,7349,7029,58306,59301,100830,98456,92433,91686,90448,96020,91097,93425,55432,68665,43696,60417,10790,21722,5185,4881,50379,51606,92579,89803,85311,83738,84524,89590,86510,88967,53315,66025,42270,58306,10271,20546,780153,723588,132764,122683,158729,142016,75043,471,476
2021-08-17T23:59:59+02:00,7287,6978,58115,59138,100633,98278,92266,91535,90323,95887,90999,93334,55392,68617,43672,60389,10788,21707,5064,4748,49880,51176,92128,89384,84905,83376,84195,89293,86300,88764,53212,65899,42212,58229,10265,20522,779020,720547,132660,122271,158716,141728,74530,470,476
2021-08-16T23:59:59+02:00,7227,6912,57930,58956,100428,98102,92114,91375,90181,95766,90882,93233,55337,68554,43642,60337,10781,21693,4853,4565,49307,50587,91655,88925,84434,82974,83861,88993,86070,88556,53102,65782,42153,58150,10256,20484,777823,716964,132569,121829,158709,141502,73937,470,475
2021-08-15T23:59:59+02:00,7161,6864,57706,58764,100239,97917,91952,91231,90058,95658,90794,93171,55300,68512,43622,60307,10777,21686,4454,4164,48178,49438,91009,88230,83874,82428,83462,88601,85782,88348,52996,65658,42108,58091,10247,20465,776720,711113,132457,121199,158701,141319,73429,470,473
2021-08-14T23:59:59+02:00,7128,6831,57585,58674,100097,97814,91843,91154,89969,95590,90742,93127,55284,68495,43617,60300,10776,21685,4425,4141,48021,49292,90775,88054,83655,82218,83336,88501,85711,88304,52968,65627,42099,58080,10246,20463,776185,710281,132396,120873,158696,141268,73022,470,472
2021-08-13T23:59:59+02:00,7081,6786,57430,58538,99939,97685,91712,91012,89859,95476,90661,93063,55253,68444,43603,60275,10774,21678,4365,4080,47709,48968,90290,87644,83249,81836,83071,88266,85538,88160,52924,65559,42077,58056,10243,20451,775338,708019,132337,120316,158689,141187,72495,467,469
2021-08-12T23:59:59+02:00,7046,6736,57220,58372,99719,97504,91531,90844,89712,95329,90565,92982,55215,68391,43576,60241,10766,21661,4314,4017,47287,48569,89633,87070,82659,81285,82693,87930,85306,87976,52849,65455,42023,57997,10233,20433,774247,705002,132233,119478,158677,140938,71843,467,468
2021-08-11T23:59:59+02:00,7011,6681,57029,58198,99506,97323,91365,90702,89578,95211,90454,92881,55164,68331,43544,60202,10756,21646,4241,3968,46865,48103,89001,86409,82070,80775,82351,87621,85034,87731,52761,65312,41950,57872,10214,20384,773099,701785,132135,118521,158654,140601,71287,464,468
2021-08-10T23:59:59+02:00,6950,6632,56840,58031,99281,97168,91208,90549,89450,95092,90368,92800,55121,68284,43528,60162,10752,21633,4176,3903,46418,47618,88352,85772,81461,80230,81934,87235,84782,87511,52641,65199,41891,57788,10201,20353,772019,698383,132037,117580,158635,140283,70751,464,468
2021-08-09T23:59:59+02:00,6899,6573,56668,57871,99086,97010,91050,90410,89304,94990,90253,92734,55080,68233,43503,60127,10745,21618,4107,3824,45847,47042,87513,85087,80771,79639,81518,86880,84484,87281,52528,65065,41835,57687,10187,20310,770964,694486,131963,116523,158624,139935,70197,463,464
2021-08-08T23:59:59+02:00,6828,6504,56442,57682,98874,96814,90868,90243,89168,94868,90157,92659,55025,68184,43477,60091,10738,21595,4051,3763,45241,46421,86439,84140,79865,78820,80967,86402,84149,86980,52391,64910,41770,57596,10174,20282,769726,689304,131849,115339,158602,139620,69635,461,463
2021-08-07T23:59:59+02:00,6784,6453,56297,57560,98730,96698,90735,90142,89075,94810,90095,92616,55005,68157,43474,60080,10735,21590,3589,3388,44400,45525,86093,83795,79384,78381,80603,86050,83966,86833,52327,64826,41749,57560,10169,20273,769049,685545,131787,114192,158597,139515,69198,461,461
2021-08-06T23:59:59+02:00,6728,6403,56104,57407,98494,96512,90580,90012,88947,94694,89997,92544,54963,68127,43465,60053,10732,21586,3206,2990,43476,44628,85617,83322,78796,77823,80212,85662,83774,86685,52276,64761,41723,57529,10161,20260,768065,681547,131688,112913,158589,139376,68605,457,460
2021-08-05T23:59:59+02:00,6659,6331,55780,57153,98187,96236,90311,89786,88731,94495,89825,92406,54898,68035,43433,60001,10723,21568,2689,2542,42220,43450,84870,82629,78011,77016,79610,85093,83412,86381,52143,64599,41663,57426,10146,20227,766364,675909,131559,111272,158575,138829,67660,456,457
2021-08-04T23:59:59+02:00,6580,6281,55529,56960,97908,96018,90115,89619,88586,94353,89704,92304,54845,67984,43396,59954,10719,21558,2616,2482,41726,42945,83618,81573,76652,75872,79121,84635,83094,86132,52001,64460,41605,57338,10130,20201,765050,670676,131452,109763,158561,138355,66950,456,457
2021-08-03T23:59:59+02:00,6514,6215,55271,56762,97673,95825,89937,89454,88443,94204,89558,92180,54766,67902,43358,59896,10711,21550,2562,2439,41280,42506,82374,80431,75225,74682,78513,84067,82543,85640,51785,64254,41504,57182,10117,20165,763657,664822,131347,108062,158537,137650,66279,455,456
2021-08-02T23:59:59+02:00,6452,6152,55028,56558,97411,95600,89711,89277,88273,94059,89416,92066,54683,67827,43325,59843,10708,21530,2511,2374,40790,41997,81040,79311,73666,73469,77880,83502,81999,85154,51614,64046,41429,57061,10100,20131,762210,658685,131197,106299,158514,137038,65599,455,453
2021-08-01T23:59:59+02:00,6384,6067,54757,56289,97140,95333,89473,89099,88068,93912,89250,91954,54614,67741,43288,59791,10701,21523,2431,2320,40268,41493,79745,78229,72248,72363,76979,82748,81408,84686,51424,63808,41342,56956,10089,20107,760590,652475,131001,104391,158488,136423,64908,451,447
2021-07-31T23:59:59+02:00,6348,6029,54634,56195,97018,95238,89368,89032,87977,93841,89205,91917,54602,67730,43282,59787,10701,21522,1906,1871,39303,40461,79289,77784,71706,71810,76596,82419,81293,84590,51405,63772,41326,56945,10089,20104,760102,647764,130831,103517,158485,136330,64611,451,447
2021-07-30T23:59:59+02:00,6294,5993,54456,56045,96857,95059,89211,88881,87845,93726,89120,91847,54565,67700,43269,59769,10699,21520,1437,1421,38282,39394,78578,77127,70949,71071,76078,81889,80889,84265,51328,63683,41292,56885,10083,20091,759191,641520,130515,102380,158479,136121,64275,450,446
2021-07-29T23:59:59+02:00,6242,5934,54215,55855,96595,94833,88998,88667,87669,93548,88979,91718,54504,67632,43246,59727,10690,21499,950,954,37029,38145,77517,76252,69897,70117,75264,81120,80349,83830,51192,63518,41224,56789,10066,20064,757922,633704,130027,100824,158459,135557,63748,449,444
2021-07-28T23:59:59+02:00,6205,5882,54006,55678,96385,94625,88843,88484,87554,93407,88867,91620,54443,67556,43212,59678,10681,21468,908,904,36406,37528,76346,75271,68612,69009,74499,80397,79854,83366,51043,63308,41155,56684,10049,20022,756718,627300,129579,99401,158443,134760,63459,449,441
2021-07-27T23:59:59+02:00,6155,5840,53771,55450,96120,94408,88658,88295,87395,93249,88742,91522,54387,67477,43170,59615,10667,21420,846,848,35740,36753,74876,74010,67159,67787,73629,79544,79308,82843,50867,63096,41073,56562,10023,19980,755271,619925,129147,97946,158420,133526,63108,449,439
2021-07-26T23:59:59+02:00,6098,5787,53550,55239,95874,94212,88455,88123,87228,93113,88613,91418,54323,67398,43141,59558,10660,21398,790,789,34964,35902,73347,72670,65786,66545,72586,78545,78711,82304,50690,62877,40994,56412,10002,19935,753903,611779,128722,96417,158399,132445,62771,447,437
2021-07-25T23:59:59+02:00,6060,5743,53339,55032,95616,93977,88277,87928,87066,92978,88504,91319,54269,67330,43114,59513,10650,21363,678,680,34259,35132,71996,71461,64673,65529,71585,77628,78232,81850,50565,62684,40929,56323,9996,19900,752466,604774,128446,94857,158375,131635,62399,446,435
2021-07-24T23:59:59+02:00,5971,5685,53060,54732,95305,93665,88029,87716,86890,92820,88403,91238,54240,67296,43102,59490,10650,21357,629,629,33741,34628,71121,70758,64006,64968,70706,76925,78027,81698,50509,62641,40907,56297,9996,19898,750577,600308,128390,93920,158374,131506,61915,446,435
2021-07-23T23:59:59+02:00,5918,5629,52787,54457,94899,93375,87725,87495,86708,92639,88261,91143,54204,67248,43094,59472,10647,21351,576,584,33199,33959,70053,69891,63216,64291,69798,76072,77624,81366,50432,62541,40875,56258,9989,19883,748498,594607,128316,92762,158368,131328,61477,446,433
2021-07-22T23:59:59+02:00,5847,5567,52370,54053,94414,92925,87337,87155,86398,92335,88048,90954,54119,67154,43065,59411,10639,21325,501,521,32483,33218,68731,68888,62165,63410,68179,74714,76966,80846,50278,62328,40782,56142,9968,19843,745426,588090,128084,90008,158341,130560,60873,445,432
2021-07-21T23:59:59+02:00,5794,5513,51994,53661,93975,92504,87028,86852,86144,92089,87874,90763,54037,67066,43006,59343,10628,21297,451,463,31858,32555,67391,67841,61071,62512,66136,73022,76058,80097,49989,62020,40621,55954,9944,19785,742593,581758,127846,85683,158311,129468,60427,444,432
2021-07-20T23:59:59+02:00,5735,5450,51605,53260,93511,92033,86658,86526,85875,91831,87648,90566,53944,66931,42957,59284,10621,21272,404,419,31184,31886,65914,66642,59938,61549,64955,71960,75439,79539,49780,61783,40514,55794,9920,19722,739599,574655,127625,83991,158257,128429,59835,444,432
2021-07-19T23:59:59+02:00,5658,5376,51130,52796,93035,91550,86290,86192,85623,91614,87442,90384,53849,66808,42921,59206,10604,21237,361,366,30631,31292,64745,65580,59022,60687,63796,70924,74836,79018,49602,61587,40423,55647,9892,19678,736307,568844,127397,82176,158222,127238,59398,444,431
2021-07-18T23:59:59+02:00,5589,5305,50302,51981,91954,90492,85557,85573,85142,91180,87150,90092,53741,66660,42857,59110,10594,21206,324,321,30082,30702,63552,64499,58097,59774,62617,69897,74285,78517,49450,61422,40364,55563,9880,19649,729818,562980,127066,80147,158205,126430,59008,441,430
2021-07-17T23:59:59+02:00,5416,5118,49950,51647,91808,90357,85362,85414,84983,91041,87042,90009,53721,66633,42846,59098,10593,21203,272,266,29689,30310,62904,63895,57538,59350,61863,69159,73980,78274,49338,61304,40325,55505,9870,19638,728638,559933,126890,79179,158201,125815,58123,441,430
2021-07-16T23:59:59+02:00,5316,5027,49624,51349,91539,90126,85112,85212,84786,90857,86904,89902,53679,66600,42828,59085,10590,21198,237,231,29177,29795,61956,62971,56692,58661,60809,68116,73481,77853,49176,61115,40278,55436,9865,19629,727240,554924,126719,77857,158194,125076,57193,440,428
2021-07-15T23:59:59+02:00,5181,4893,49140,50931,91134,89740,84754,84828,84481,90577,86681,89732,53596,66508,42774,59016,10580,21170,187,198,28440,29152,60630,61901,55558,57673,59389,66800,72742,77265,48942,60851,40186,55304,9849,19574,724735,549048,126299,75645,158159,123396,56126,437,426
2021-07-14T23:59:59+02:00,5075,4780,48781,50551,90831,89443,84459,84510,84232,90337,86480,89575,53504,66398,42716,58927,10563,21139,170,176,27897,28573,59532,60899,54584,56825,58511,65945,72131,76677,48672,60573,40080,55129,9826,19531,722548,543588,125939,74721,158115,121696,55303,436,423
2021-07-13T23:59:59+02:00,4963,4663,48370,50166,90432,89088,84150,84199,83962,90074,86272,89407,53392,66290,42660,58863,10557,21118,153,166,27223,27886,58162,59704,53386,55834,57519,65031,71404,76033,48393,60245,39950,54950,9794,19479,720152,537200,125566,73595,158058,119642,54454,436,421
2021-07-12T23:59:59+02:00,4793,4493,47809,49646,90040,88745,83753,83873,83710,89806,86081,89245,53309,66193,42613,58800,10545,21103,144,158,26580,27220,56664,58350,52099,54766,56292,63889,70654,75404,48015,59812,39774,54725,9753,19414,717401,529866,125197,72570,157995,117288,53569,435,420
2021-07-11T23:59:59+02:00,4398,4119,46857,48717,89603,88310,83337,83484,83397,89517,85885,89094,53218,66096,42587,58745,10534,21086,131,150,25973,26648,55278,57094,50801,53717,55245,62854,70056,74850,47664,59425,39650,54549,9729,19372,713407,523206,124723,71562,157957,115494,52506,431,418
2021-07-10T23:59:59+02:00,4385,4106,46522,48365,89149,87826,83003,83172,83289,89417,85819,89037,53197,66072,42578,58732,10533,21082,128,142,25483,26106,54181,56138,49936,53130,54642,62287,69839,74659,47296,59005,39550,54444,9724,19361,712727,518861,124255,71476,157779,114164,51132,430,418
2021-07-09T23:59:59+02:00,4364,4094,46093,47920,88525,87262,82621,82826,83037,89224,85703,88944,53161,66043,42571,58719,10529,21073,122,127,24769,25325,52852,54896,48990,52241,53853,61433,69410,74251,46936,58595,39461,54352,9717,19349,711281,512629,123670,71069,157615,112809,49755,427,417
2021-07-08T23:59:59+02:00,4335,4066,45534,47410,87658,86547,82077,82305,82782,88975,85508,88790,53090,65974,42539,58672,10518,21057,114,110,23765,24365,50896,53312,47612,51086,52715,60299,68712,73610,46411,58037,39324,54189,9689,19281,709110,504822,122772,69789,157327,110269,48231,423,416
2021-07-07T23:59:59+02:00,4312,4039,44949,46812,86812,85776,81513,81820,82498,88678,85297,88624,53008,65873,42497,58608,10510,21037,102,95,22865,23443,48939,51620,46093,49948,51470,59113,68008,73073,45673,57293,39127,53951,9655,19222,706550,496594,121771,68677,157073,107154,46850,423,415
2021-07-06T23:59:59+02:00,4279,4018,44399,46284,85944,85031,80895,81222,82123,88344,85118,88446,52916,65792,42460,58546,10500,21011,93,85,22017,22560,46923,49829,44695,48696,50185,57768,67259,72350,44838,56516,38940,53712,9637,19167,703847,487549,120754,67592,156775,104180,45534,422,415
2021-07-05T23:59:59+02:00,4257,3982,43229,45278,84421,83921,80168,80595,81662,87920,84836,88178,52798,65651,42409,58468,10486,20983,82,73,20819,21476,44953,48221,43679,47732,49154,56804,66561,71728,44073,55650,38768,53488,9612,19127,700459,481514,119698,66722,156412,101091,42259,418,414
2021-07-04T23:59:59+02:00,4229,3959,41862,44045,82778,82609,79444,79989,81187,87490,84561,87974,52705,65523,42365,58415,10473,20954,79,66,19462,20255,43156,46697,42977,46989,48335,55949,65979,71159,43327,54794,38604,53296,9592,19079,697296,476815,118547,65783,155991,98469,38315,417,413
2021-07-03T23:59:59+02:00,3761,3544,40269,42473,81904,81950,78956,79502,80743,87015,84343,87800,52636,65423,42346,58361,10470,20948,75,65,18649,19556,42235,46000,42559,46612,47927,55549,65814,70992,42737,54062,38541,53195,9585,19069,693490,474860,117240,65682,155908,96874,35393,417,413
2021-07-02T23:59:59+02:00,3207,2973,38707,40964,81164,81220,78280,78788,80221,86508,84101,87595,52585,65336,42318,58314,10457,20935,67,57,17870,18814,41076,45038,41818,45902,47087,54760,65289,70539,41786,52855,38411,53005,9569,19051,688403,469728,115837,65212,155758,94375,33268,411,411
2021-07-01T23:59:59+02:00,2558,2427,36983,39284,80181,80341,77437,77953,79518,85871,83785,87310,52459,65179,42254,58211,10439,20905,56,44,16976,17858,39529,43792,40603,44834,45774,53624,64538,69952,40891,51713,38259,52794,9552,19019,682011,463224,114112,63557,155538,91590,31028,410,409
2021-06-30T23:59:59+02:00,2516,2397,35959,38252,78338,78835,75736,76466,78874,85319,83501,87017,52328,65017,42194,58114,10427,20878,47,33,15927,16865,37852,42562,39404,43726,44618,52554,63778,69315,40339,51025,38140,52594,9530,18983,676112,457033,112377,62216,155329,89693,27944,410,406
2021-06-29T23:59:59+02:00,2479,2365,35114,37332,76732,77336,74121,75057,78073,84601,82952,86522,52143,64794,42119,57983,10410,20841,34,24,15086,15941,36542,41407,38490,42897,43393,51492,63056,68726,39625,50084,38004,52375,9508,18939,669697,451788,110503,60383,155061,87742,25307,410,403
2021-06-28T23:59:59+02:00,2437,2334,34280,36502,75115,75917,72436,73664,77049,83812,82346,86022,51966,64567,42042,57877,10397,20809,25,19,14329,15172,35485,40376,37660,42165,42262,50491,62397,68174,38746,48993,37836,52150,9488,18894,663180,446887,108544,58862,154464,85532,22979,409,402
2021-06-27T23:59:59+02:00,2422,2319,33536,35745,73549,74546,71028,72453,75654,82690,81666,85465,51766,64350,41977,57759,10387,20780,20,19,13684,14527,34516,39609,37002,41562,41321,49634,61853,67726,37872,47954,37684,51970,9473,18863,656953,442935,106611,58084,153509,83257,20614,408,399
2021-06-26T23:59:59+02:00,1784,1712,32489,34626,73181,74219,70563,71991,75360,82379,81575,85387,51746,64323,41962,57749,10386,20777,20,18,13489,14314,33843,39061,36355,41140,40797,49299,60859,66715,36876,46819,37515,51758,9459,18830,652126,436922,105672,58029,153505,81317,20502,407,397
2021-06-25T23:59:59+02:00,1163,1116,31357,33430,72676,73688,69951,71296,74934,81926,81196,85058,51684,64236,41929,57706,10381,20763,17,16,13147,13913,32980,38260,35477,40316,39837,48450,59644,65474,36358,46116,37323,51457,9436,18789,645742,428433,104481,57576,153500,80243,20363,407,395
2021-06-24T23:59:59+02:00,550,556,30006,32096,71882,72927,69076,70413,74257,81290,80746,84690,51574,64106,41876,57636,10370,20730,14,13,12469,13192,31797,36950,34251,39047,38698,47325,58004,64097,35875,45596,37166,51267,9417,18730,637853,419000,102993,56017,153388,78355,20144,406,392
2021-06-23T23:59:59+02:00,523,524,29492,31525,70773,71941,67803,69268,73505,80602,80294,84282,51460,63927,41818,57540,10354,20699,12,12,11971,12647,30796,35704,33309,37823,37670,46439,56050,62376,35323,45027,36995,51038,9395,18665,631587,409166,101410,54955,153285,77098,19645,406,388
2021-06-22T23:59:59+02:00,499,508,28965,30912,69598,70909,66594,68239,72825,79896,79882,83908,51353,63798,41771,57456,10345,20673,10,11,11610,12221,29876,34775,32354,36929,36707,45529,54070,60538,34934,44550,36858,50795,9366,18608,625218,400570,99942,53387,153152,75983,19417,405,384
2021-06-21T23:59:59+02:00,467,474,28288,30211,68273,69723,65407,67106,72068,79112,79481,83513,51244,63685,41712,57367,10331,20632,9,11,11312,11898,29247,34178,31795,36361,36095,44932,52228,58879,34222,43742,36562,50372,9337,18532,618332,392946,98438,52190,153031,75298,18894,402,384
2021-06-20T23:59:59+02:00,382,394,27650,29536,67040,68585,64386,66175,71259,78371,79127,83174,51166,63555,41663,57300,10326,20600,5,10,11020,11625,28689,33678,31336,35867,35582,44402,50380,57076,33673,43057,36365,50040,9307,18473,611920,385480,96977,51441,152931,74823,18462,401,379
2021-06-19T23:59:59+02:00,350,360,27253,29155,66305,68009,63856,65665,70457,77715,78975,83048,51146,63529,41648,57285,10325,20600,5,9,10884,11419,28433,33353,31072,35538,35356,44137,48927,55680,33407,42707,36280,49900,9299,18445,607929,380029,96035,51431,152929,74623,18389,401,379
2021-06-18T23:59:59+02:00,324,327,26783,28676,65288,67272,63111,65049,69530,76875,78582,82716,51082,63455,41621,57249,10322,20592,5,9,10663,11172,28033,32922,30735,35125,34964,43734,47186,53996,33050,42189,36143,49688,9279,18410,602477,373130,94792,51138,152923,74393,18265,399,377
2021-06-17T23:59:59+02:00,294,296,26131,28049,64008,66271,62106,64236,67939,75467,78055,82307,50979,63303,41558,57168,10309,20565,5,9,10234,10805,27234,32217,29987,34442,34115,43022,45665,52490,32597,41553,35980,49430,9248,18360,596326,365618,92134,49991,152764,73990,17420,399,374
2021-06-16T23:59:59+02:00,259,259,25589,27440,62696,65139,60992,63266,65672,73538,77208,81651,50766,63095,41466,57056,10290,20533,5,7,9903,10532,26576,31540,29284,33818,33379,42383,45068,51922,32317,41182,35834,49230,9226,18321,590000,361872,87622,49275,152355,72463,16543,397,374
2021-06-15T23:59:59+02:00,220,228,24927,26709,61279,63891,59910,62281,64515,72448,76696,81227,50641,62944,41416,56961,10283,20503,5,7,9630,10246,25970,30801,28647,33062,32697,41657,43513,50288,31863,40618,35663,48995,9196,18256,582763,355117,85985,48374,151901,71213,16036,396,374
2021-06-14T23:59:59+02:00,197,196,24440,26099,60170,62841,59036,61434,63437,71441,76219,80833,50551,62817,41366,56890,10268,20478,4,7,9332,9944,25218,29911,27887,32224,31907,40840,42222,48942,31490,40115,35525,48771,9165,18203,576854,348936,84269,47355,151696,69543,15500,396,373
2021-06-13T23:59:59+02:00,192,181,24025,25625,59224,61927,58267,60648,62327,70471,75751,80410,50459,62700,41315,56832,10256,20448,4,7,9043,9635,24506,29068,27171,31384,31147,39983,40659,47353,31021,39496,35323,48466,9135,18113,571818,341846,82414,46573,151471,67762,14963,394,370
2021-06-12T23:59:59+02:00,179,163,23758,25330,58660,61414,57906,60366,61683,69833,75552,80297,50434,62668,41303,56818,10253,20443,4,7,8923,9514,24030,28487,26646,30806,30613,39422,39561,46379,30853,39318,35228,48300,9131,18102,568829,337584,81459,46570,151464,65884,14916,394,370
2021-06-11T23:59:59+02:00,160,148,23378,24877,57902,60590,57228,59731,60772,68899,75203,79992,50358,62590,41277,56781,10251,20437,4,6,8775,9316,23505,27803,26110,30144,30018,38776,38480,45359,30585,38960,35085,48077,9118,18076,563738,332676,80167,46308,151452,64018,14827,392,368
2021-06-10T23:59:59+02:00,145,131,22828,24278,56757,59647,56298,58912,59506,67723,74661,79591,50286,62481,41253,56732,10236,20408,4,6,8505,9058,22628,26859,25143,29197,28888,37832,37085,44191,30224,38476,34804,47644,9051,18000,558124,325726,77953,45598,151211,61710,14196,391,365
2021-06-09T23:59:59+02:00,126,115,22189,23669,55492,58533,55212,57999,58550,66811,74199,79199,50198,62378,41201,56670,10222,20377,4,5,8203,8795,21694,25992,24211,28315,27853,36876,35364,42396,29828,37968,34616,47374,9010,17909,552277,318259,76488,44864,150860,59802,13127,390,361
2021-06-08T23:59:59+02:00,105,97,21499,22936,54182,57400,54096,57016,57586,65951,73651,78766,50108,62247,41146,56579,10204,20347,3,4,7936,8540,20801,25103,23160,27448,26807,35912,34000,41081,29468,37462,34295,46913,8959,17825,545553,311924,75550,44092,150419,57334,12007,388,360
2021-06-07T23:59:59+02:00,89,82,20838,22289,52736,56140,52835,56037,56428,64965,73097,78356,50021,62138,41100,56515,10191,20320,2,3,7676,8310,19962,24288,22138,26638,25769,35041,33064,40293,29181,37062,34046,46485,8908,17733,538223,307277,74647,43268,150012,54785,10910,386,359
2021-06-06T23:59:59+02:00,82,77,20323,21749,51585,55026,51721,55052,55463,64012,72582,77949,49928,62059,41064,56452,10183,20304,2,3,7458,8112,19181,23396,21237,25768,24698,34054,32145,39470,28889,36718,33792,46095,8857,17659,531852,302704,73614,42525,149676,51865,10085,385,355
2021-06-05T23:59:59+02:00,76,69,20045,21430,50795,54261,51066,54552,54989,63536,72450,77836,49917,62045,41059,56449,10180,20304,2,3,7226,7699,18538,22332,20511,24657,23818,32797,31104,38152,28554,36249,33667,45920,8850,17640,527457,296405,73608,42488,149612,48475,9998,385,353
2021-06-04T23:59:59+02:00,66,63,19579,20835,49722,53228,50239,53679,54327,62744,72104,77509,49887,62006,41039,56434,10178,20299,2,2,6997,7376,17909,21474,19806,23651,22869,31508,29875,36808,28263,35878,33553,45744,8838,17619,520904,289873,73277,42417,149597,45754,9777,384,351
2021-06-03T23:59:59+02:00,57,52,18886,20124,48196,51919,49015,52538,53338,61703,71599,77047,49817,61902,41001,56386,10165,20274,2,2,6703,6972,17171,20418,18995,22494,21846,30068,28701,35317,27715,35093,33348,45417,8801,17543,513052,283070,72263,41662,149324,42527,8999,382,348
2021-06-02T23:59:59+02:00,52,48,18501,19599,47167,50917,48126,51769,52577,60936,71343,76830,49775,61865,40983,56354,10157,20259,1,2,6510,6735,16528,19719,18063,21723,20987,29114,27602,33906,27248,34477,33184,45165,8772,17473,506709,276738,72240,41648,149305,39856,8630,375,337
2021-06-01T23:59:59+02:00,42,43,17808,18848,45302,49171,46467,50304,51060,59467,70663,76231,49679,61750,40924,56281,10145,20211,1,1,6226,6413,15372,18815,16547,20752,19766,27847,26376,32497,26687,33773,32933,44813,8726,17371,497559,270195,70872,41072,148759,36481,6837,370,331
2021-05-31T23:59:59+02:00,41,39,17317,18347,43992,48027,45244,49187,49817,58337,69979,75718,49595,61643,40877,56214,10133,20173,1,1,5945,6073,14329,17976,15137,19827,18589,26725,25139,31150,26164,33054,32737,44512,8692,17270,491289,263873,69698,40527,148291,33561,5034,369,326
2021-05-30T23:59:59+02:00,36,38,16984,17950,43021,47079,44334,48282,48803,57336,69428,75173,49487,61485,40804,56099,10117,20130,1,1,5752,5825,13779,17260,14503,19124,17679,25747,24031,29973,25388,32096,32437,44091,8647,17181,485325,257860,68667,39726,147882,31268,4346,367,315
2021-05-29T23:59:59+02:00,36,37,16847,17823,42656,46759,43986,48015,48557,57144,69369,75119,49480,61479,40797,56095,10117,20129,1,1,5586,5577,13270,16456,13862,18274,16833,24576,22909,28670,25225,31857,32371,43996,8644,17174,483327,252243,68543,39725,147877,28673,4333,366,308
2021-05-28T23:59:59+02:00,35,35,16543,17510,41944,46127,43468,47447,48044,56610,69091,74822,49413,61396,40771,56046,10114,20124,1,1,5341,5189,12727,15530,13178,17406,15959,23334,21800,27225,24968,31484,32276,43863,8634,17158,478991,246124,68038,39622,147854,25735,4292,366,301
2021-05-27T23:59:59+02:00,32,32,16010,16951,40785,45137,42458,46549,47058,55714,68506,74376,49289,61231,40717,55972,10103,20085,1,1,5094,4839,12077,14703,12388,16467,14884,22134,20533,25710,24459,30739,32103,43602,8599,17075,473066,238716,66524,38811,147132,23669,3920,364,292
2021-05-26T23:59:59+02:00,30,31,15592,16505,39679,44203,41419,45675,46026,54832,67897,73858,49133,61046,40633,55806,10080,20037,1,1,4900,4634,11522,13940,11666,15617,13871,21000,19128,24107,23868,29947,31885,43256,8545,16973,467868,231418,64497,37940,146141,21598,3615,362,290
2021-05-25T23:59:59+02:00,30,30,15184,16084,38671,43303,40450,44824,45071,53905,67273,73326,48947,60802,40553,55671,10054,19984,1,1,4677,4427,10978,13288,10893,14844,12795,19757,17692,22599,23275,29162,31645,42929,8488,16878,462490,224001,62919,36997,145029,19681,3364,361,286
2021-05-24T23:59:59+02:00,30,28,14836,15746,37832,42559,39582,44145,44208,53113,66738,72842,48818,60618,40487,55547,10034,19939,1,1,4525,4298,10536,12818,10256,14263,11904,18921,16395,21330,22594,28323,31427,42596,8429,16788,457827,217053,61676,36053,144286,19062,2953,361,284
2021-05-23T23:59:59+02:00,27,28,14666,15561,37368,42181,39126,43741,43752,52703,66465,72611,48731,60524,40448,55500,10027,19915,1,1,4336,4155,10066,12339,9631,13649,10952,18092,15190,20262,22119,27743,31173,42303,8378,16702,454600,210007,61290,35969,144262,17980,2861,361,275
2021-05-22T23:59:59+02:00,25,26,14469,15340,36674,41613,38443,43280,43172,52287,65444,71592,48523,60265,40376,55386,10017,19895,1,1,4224,3858,9848,11922,9478,13326,10709,17644,14919,19862,22026,27626,31139,42261,8371,16693,448104,208772,61286,35966,144248,16067,2828,361,275
2021-05-21T23:59:59+02:00,25,25,14079,14923,35594,40692,37376,42350,42092,51374,64084,70294,48288,59925,40295,55236,10000,19862,1,1,4107,3756,9636,11648,9260,13055,10369,17309,14500,19488,21800,27338,31075,42168,8362,16685,438424,206774,60923,35657,144008,15056,2801,358,270
2021-05-20T23:59:59+02:00,22,25,13262,14177,34150,39241,35951,40950,40678,50163,62785,69142,47993,59581,40148,55055,9979,19812,1,1,3946,3576,9104,11035,8608,12338,9664,16462,13741,18518,20978,26215,30880,41869,8323,16598,428142,202373,59220,34802,142987,12005,2409,356,268
2021-05-19T23:59:59+02:00,22,24,12721,13594,32974,37831,34848,39574,39544,49196,60773,67370,47510,59021,39961,54791,9936,19706,1,1,3838,3433,8824,10656,8308,11964,9222,15952,13101,17850,20107,25086,30653,41563,8266,16483,417262,198098,57701,33986,141874,10758,2205,354,261
2021-05-18T23:59:59+02:00,20,24,12289,13127,31939,36817,33764,38665,38502,48260,58707,65502,47153,58572,39805,54548,9904,19647,1,1,3630,3264,8321,10059,7838,11424,8671,15279,12415,17080,19161,23847,30416,41221,8228,16378,408554,193977,55747,33140,140686,7949,1907,351,261
2021-05-17T23:59:59+02:00,19,23,12032,12836,31417,36257,33268,38103,37904,47621,56807,63789,46440,57745,39525,54149,9865,19574,1,1,3542,3150,8051,9780,7536,11123,8269,14863,11834,16467,18235,22710,30178,40900,8191,16303,400923,189565,54615,32395,139876,7314,1611,349,249
2021-05-16T23:59:59+02:00,19,23,11811,12582,30884,35750,32808,37609,37382,47043,54909,61950,45882,57044,39331,53833,9837,19518,1,1,3444,3047,7760,9482,7217,10779,7795,14396,11244,15880,17304,21554,29968,40609,8153,16234,393923,185260,53643,31543,139201,6720,1102,346,243
2021-05-15T23:59:59+02:00,19,23,11650,12372,30602,35415,32567,37287,37149,46777,53337,60469,45628,56739,39254,53694,9831,19490,1,1,3420,3027,7732,9446,7201,10757,7773,14381,11223,15854,17190,21336,29757,40299,8144,16223,388082,184236,53638,31539,139154,6664,1084,345,242
2021-05-14T23:59:59+02:00,19,23,11396,12072,30120,34893,32175,36821,36618,46294,51450,58624,45265,56236,39113,53487,9814,19450,1,1,3389,3000,7657,9366,7134,10677,7698,14315,11036,15650,16447,20258,29470,39807,8127,16183,380180,181233,53301,31195,139016,6518,1029,344,241
2021-05-13T23:59:59+02:00,17,22,11101,11722,29468,34232,31561,36209,35925,45607,49968,57100,44829,55609,38940,53240,9787,19403,1,1,3307,2947,7522,9252,7036,10579,7590,14202,10695,15304,15386,19009,29086,39167,8084,16108,372956,177386,52280,30626,138260,6126,902,342,236
2021-05-12T23:59:59+02:00,16,20,10965,11569,29165,33902,31287,35909,35596,45285,49681,56784,44734,55492,38888,53163,9780,19365,1,0,3292,2921,7485,9213,6998,10537,7556,14157,10518,15143,15000,18567,28777,38678,8062,16061,370196,175268,52188,30609,138102,6078,777,338,234
2021-05-11T23:59:59+02:00,15,17,10598,11232,28304,33081,30464,35148,34728,44496,47941,55007,44273,54892,38714,52876,9742,19262,1,0,3195,2820,7236,8931,6761,10232,7336,13788,10034,14588,14003,17412,28358,38056,8024,15967,363228,171522,50481,29706,136197,4733,548,336,233
2021-05-10T23:59:59+02:00,14,17,10285,10937,27558,32376,29682,34450,33954,43723,46634,53728,43886,54382,38528,52574,9693,19148,1,0,3151,2770,7104,8807,6661,10111,7188,13608,9764,14282,13294,16540,27929,37440,7999,15886,356944,168662,49360,29319,134501,3891,434,330,229
2021-05-09T23:59:59+02:00,13,17,10039,10681,26865,31681,29018,33754,33225,43025,45093,52244,43386,53753,38329,52270,9656,19062,1,0,3102,2722,6975,8667,6555,9972,7071,13393,9450,13966,12491,15638,27562,36897,7979,15830,349804,165778,48292,28766,133346,3154,346,323,227
2021-05-08T23:59:59+02:00,13,17,9946,10608,26480,31375,28563,33433,32753,42713,44040,51418,43232,53588,38290,52211,9653,19056,1,0,3095,2717,6965,8660,6549,9962,7062,13379,9440,13953,12454,15575,26881,35944,7942,15754,345218,163895,48253,28738,133255,3133,340,323,227
2021-05-07T23:59:59+02:00,13,17,9794,10459,26002,30984,28100,33049,32244,42352,42991,50589,42961,53241,38180,52054,9641,19030,1,0,3024,2684,6898,8611,6486,9899,7008,13324,9265,13728,11819,14763,25929,34548,7894,15672,340027,159734,47939,28365,133095,2907,320,320,227
2021-05-06T23:59:59+02:00,11,16,9378,10161,25078,30208,27032,32241,31011,41517,41364,49372,42571,52684,37985,51812,9603,18956,1,0,2947,2634,6764,8466,6365,9770,6853,13133,8990,13415,11161,13892,24961,33160,7859,15610,332109,155900,46862,27399,131416,2155,303,310,224
2021-05-05T23:59:59+02:00,11,15,8991,9957,24192,29603,26179,31584,29920,40725,39382,47554,42120,52133,37774,51527,9547,18843,1,0,2899,2598,6642,8332,6263,9653,6747,12987,8739,13150,10444,13054,23943,31833,7830,15538,324226,151956,46006,26507,129296,1751,221,308,218
2021-05-04T23:59:59+02:00,11,14,8742,9715,23405,28954,25200,30842,28845,39882,37848,46073,41645,51541,37495,51180,9496,18720,1,0,2855,2574,6566,8262,6173,9577,6663,12897,8494,12921,9697,12181,22994,30586,7796,15475,317497,148136,45033,25701,126654,1543,119,305,213
2021-05-03T23:59:59+02:00,11,14,8527,9501,22709,28373,24371,30236,27935,39178,36878,45318,41291,51066,37280,50886,9444,18618,1,0,2806,2536,6491,8178,6091,9504,6573,12811,8264,12699,8933,11272,22071,29365,7765,15424,312598,144331,44259,24875,124399,1293,81,299,204
2021-05-02T23:59:59+02:00,11,14,8356,9337,22064,27793,23634,29642,27112,38550,36058,44677,41032,50735,37168,50699,9409,18561,1,0,2767,2511,6446,8137,6052,9467,6531,12769,8081,12525,8330,10527,21358,28494,7744,15405,307747,141121,43492,24600,123255,1157,70,288,197
2021-05-01T23:59:59+02:00,10,14,8199,9150,21685,27341,23154,29073,26469,37831,35228,43785,40764,50358,37069,50546,9403,18544,1,0,2761,2503,6419,8126,6034,9456,6514,12756,8065,12508,8292,10462,21319,28436,7740,15401,301627,140821,43490,24592,123149,1115,69,288,196
2021-04-30T23:59:59+02:00,10,13,8046,8965,21291,26912,22704,28501,25712,37045,34208,42812,40530,50033,36971,50392,9391,18520,1,0,2733,2489,6392,8104,6012,9435,6483,12734,8029,12472,8249,10393,21269,28353,7737,15391,295263,140494,43483,24513,122963,1016,61,286,192
2021-04-29T23:59:59+02:00,9,13,7757,8720,20690,26328,22033,27815,24778,36078,32927,41465,39481,48631,36654,49921,9333,18392,1,0,2695,2451,6300,7994,5922,9332,6387,12592,7823,12196,7620,9660,20860,27835,7713,15318,286465,138410,42694,23278,121525,762,61,280,188
2021-04-28T23:59:59+02:00,8,12,7469,8499,20169,25863,21392,27216,23895,35226,31520,40011,38312,47037,36310,49428,9271,18251,1,0,2619,2401,6180,7868,5811,9197,6281,12434,7592,11914,6914,8800,20437,27252,7672,15247,277754,135881,41917,21971,119885,531,60,273,177
2021-04-27T23:59:59+02:00,7,12,7276,8315,19742,25430,20767,26677,23036,34443,30294,38671,37216,45583,35929,48858,9201,18125,1,0,2592,2377,6075,7765,5757,9099,6213,12308,7375,11715,6306,8060,20036,26752,7652,15224,269875,133779,41048,21022,118330,281,60,269,165
2021-04-26T23:59:59+02:00,6,12,7090,8146,19322,25001,20216,26152,22221,33681,29071,37428,36155,44158,35620,48371,9150,17997,1,0,2577,2366,6029,7722,5711,9057,6173,12261,7187,11550,5692,7321,19660,26308,7629,15196,262135,131801,40224,20174,117123,249,55,260,161
2021-04-25T23:59:59+02:00,6,11,6981,8010,18985,24731,19834,25810,21603,33055,28072,36460,35012,42722,35300,47939,9108,17916,1,0,2562,2357,6010,7694,5690,9038,6152,12233,7146,11523,5561,7136,19323,25843,7613,15152,254880,131158,39506,19426,116857,237,54,258,159
2021-04-24T23:59:59+02:00,6,11,6813,7829,18544,24304,19279,25271,20813,32252,26982,35406,34760,42405,35207,47774,9098,17904,1,0,2558,2350,5998,7682,5677,9025,6146,12229,7135,11516,5485,7021,19228,25701,7610,15144,248893,130691,39501,19383,115953,220,54,257,158
2021-04-23T23:59:59+02:00,6,11,6579,7626,18088,23818,18705,24650,19973,31429,25812,34200,33974,41228,35063,47541,9084,17881,1,0,2552,2330,5970,7661,5637,8983,6098,12184,7087,11463,5322,6742,18687,25069,7510,14972,241230,128826,39166,19036,114964,198,52,256,156
2021-04-22T23:59:59+02:00,5,11,6361,7414,17477,23225,17904,23863,18918,30399,24479,32757,32928,39870,34817,47183,9044,17802,1,0,2534,2312,5923,7607,5586,8896,6020,12104,7009,11391,5033,6315,17970,24193,7389,14776,232138,126631,38232,18062,113786,162,52,249,152
2021-04-21T23:59:59+02:00,5,10,6156,7228,16947,22750,17240,23257,17928,29493,22918,31154,31917,38628,34520,46740,8996,17713,1,0,2510,2295,5878,7545,5524,8820,5951,12001,6913,11310,4871,6040,17270,23340,7273,14592,223198,124521,37455,17284,112649,128,52,246,149
2021-04-20T23:59:59+02:00,4,10,5963,7032,16379,22274,16484,22602,16924,28487,21437,29679,30760,37129,34202,46295,8942,17613,1,0,2497,2280,5827,7503,5478,8774,5902,11933,6834,11246,4753,5881,16666,22562,7146,14411,214113,122818,36565,16562,111244,119,51,243,144
2021-04-19T23:59:59+02:00,4,10,5776,6866,15849,21850,15805,22047,15922,27610,20037,28269,29369,35477,33883,45809,8882,17495,1,0,2486,2263,5803,7469,5441,8741,5863,11888,6753,11166,4624,5721,16019,21843,7038,14249,205355,121164,35781,15895,109535,115,51,238,143
2021-04-18T23:59:59+02:00,3,10,5585,6721,15417,21524,15185,21485,14945,26814,18700,27132,27975,33825,33547,45384,8820,17406,1,0,2436,2217,5672,7342,5323,8626,5755,11734,6646,11046,4504,5535,15428,21176,6922,14068,196786,119502,34947,14626,108459,111,51,235,141
2021-04-17T23:59:59+02:00,3,9,5547,6684,15260,21446,15010,21398,14708,26635,18446,26909,27469,33278,33422,45236,8811,17391,1,0,2409,2178,5572,7187,5218,8469,5655,11548,6560,10915,4451,5471,15182,20880,6912,14054,195558,117746,34940,14622,106878,102,51,235,141
2021-04-16T23:59:59+02:00,3,9,5481,6629,15075,21289,14793,21233,14418,26385,18027,26490,26420,32047,33286,45028,8790,17368,1,0,2364,2127,5455,6996,5074,8286,5506,11306,6358,10691,4248,5234,14532,20084,6815,13908,192165,114482,34650,14220,105670,94,51,235,138
2021-04-15T23:59:59+02:00,3,8,5405,6548,14858,21075,14523,20947,13977,26031,17380,25852,25047,30425,33026,44702,8756,17286,1,0,2291,2043,5258,6760,4875,7968,5298,10984,6144,10404,4045,4982,13697,19003,6701,13741,187550,110648,33834,13276,104182,85,51,232,135
2021-04-14T23:59:59+02:00,3,8,5323,6476,14649,20872,14267,20719,13590,25696,16710,25225,23455,28627,32711,44303,8701,17192,1,0,2095,1920,5038,6497,4690,7717,5071,10733,5908,10115,3910,4775,12964,18082,6572,13526,182913,107527,32960,11821,102380,80,51,223,135
2021-04-13T23:59:59+02:00,3,8,5265,6423,14440,20739,14016,20528,13238,25391,16131,24714,21726,26758,32391,43885,8670,17084,1,0,2006,1865,4869,6307,4504,7492,4871,10478,5697,9873,3761,4604,12443,17466,6446,13363,178594,105090,32077,10704,100469,68,50,220,134
2021-04-12T23:59:59+02:00,3,7,5201,6352,14221,20543,13710,20264,12847,24973,15542,24159,20116,24811,32102,43521,8628,17009,1,0,1878,1771,4687,6149,4353,7315,4706,10283,5560,9714,3638,4446,12009,16952,6334,13202,174195,103388,31016,9363,98533,66,50,215,131
2021-04-11T23:59:59+02:00,3,7,5129,6272,14001,20345,13411,20051,12428,24617,14970,23643,18606,23023,31841,43177,8583,16927,1,0,1839,1731,4566,6036,4241,7190,4583,10151,5423,9584,3521,4323,11515,16342,6201,12991,169874,101617,30053,8382,96848,64,48,211,127
2021-04-10T23:59:59+02:00,3,7,5124,6262,13980,20327,13399,20038,12409,24598,14943,23620,17911,22096,31550,42757,8565,16899,1,0,1834,1717,4550,6025,4225,7175,4569,10137,5369,9517,3416,4207,10959,15509,6070,12793,168780,99459,30025,8382,95428,62,44,211,126
2021-04-09T23:59:59+02:00,3,7,5110,6242,13938,20276,13347,19978,12354,24537,14674,23363,16389,20200,31142,42108,8531,16857,1,0,1807,1696,4525,6009,4197,7147,4525,10098,5331,9469,3329,4086,10088,14522,5921,12594,166108,96989,29683,8131,93013,60,42,210,123
2021-04-08T23:59:59+02:00,3,7,5063,6211,13835,20200,13264,19895,12247,24431,14331,22997,14609,17975,30522,41102,8468,16736,1,0,1781,1682,4494,5956,4146,7060,4460,10015,5256,9392,3221,3981,9611,13914,5715,12347,162240,95122,28645,7695,90773,59,35,203,121
2021-04-07T23:59:59+02:00,3,7,5023,6177,13722,20109,13166,19799,12137,24319,13937,22625,13067,16109,29868,40118,8414,16635,1,0,1760,1667,4441,5886,4057,6985,4369,9931,5168,9291,3129,3887,8846,12812,5475,11940,157694,92524,27762,6920,89551,51,32,196,118
2021-04-06T23:59:59+02:00,3,7,4991,6153,13619,20041,13082,19740,12058,24254,13560,22270,11426,14097,29209,39149,8383,16564,1,0,1695,1612,4310,5756,3946,6860,4249,9778,5062,9160,3013,3766,8137,11878,5200,11574,153672,90127,26881,5673,87838,49,30,185,118
2021-04-05T23:59:59+02:00,3,6,4952,6123,13545,19972,13009,19666,12001,24175,13282,22016,9808,12144,28479,38095,8348,16501,1,0,1624,1544,4157,5602,3777,6703,4097,9626,4906,9029,2880,3647,7319,10908,4930,11182,150445,87735,25862,4007,85612,47,26,180,117
2021-04-04T23:59:59+02:00,3,6,4933,6105,13533,19946,12999,19646,11994,24153,13179,21940,8780,10882,28029,37454,8323,16444,1,0,1621,1541,4149,5594,3776,6697,4091,9623,4904,9019,2873,3638,7079,10436,4847,11056,148694,86763,25857,4006,83598,41,24,176,111
2021-04-03T23:59:59+02:00,3,6,4930,6095,13515,19925,12985,19633,11984,24141,13164,21920,7871,9814,27147,36211,8273,16332,1,0,1617,1537,4147,5589,3775,6694,4082,9611,4890,9005,2866,3624,6936,10168,4808,10974,146208,86144,25848,4006,81695,40,23,175,111
2021-04-02T23:59:59+02:00,3,6,4924,6075,13480,19896,12945,19588,11937,24091,13089,21852,7360,9064,25557,34111,8128,16062,1,0,1606,1520,4119,5564,3750,6653,4047,9551,4769,8720,2737,3467,6560,9768,4659,10767,141747,84308,25503,3779,80723,40,21,174,110
2021-04-01T23:59:59+02:00,2,6,4874,6013,13381,19753,12826,19438,11791,23934,12488,21406,6796,8349,24045,32140,8001,15821,1,0,1542,1472,4006,5442,3684,6580,3979,9484,4688,8615,2640,3323,6043,9086,4481,10486,137535,82024,24361,3367,78977,36,20,171,105
2021-03-31T23:59:59+02:00,2,6,4820,5954,13257,19595,12691,19280,11600,23755,12225,21146,6470,7972,22564,30181,7846,15591,1,0,1528,1461,3982,5418,3652,6550,3940,9437,4646,8556,2572,3245,5554,8436,4302,10246,133579,80220,23262,3148,77926,36,17,171,105
2021-03-30T23:59:59+02:00,2,6,4754,5886,13120,19444,12576,19098,11470,23590,12056,21008,6280,7756,21173,28448,7700,15386,1,0,1511,1424,3941,5383,3587,6478,3849,9322,4513,8387,2431,3037,5129,7877,4157,9987,130201,77973,22333,2904,77039,24,12,168,101
2021-03-29T23:59:59+02:00,2,6,4714,5842,12999,19348,12507,19014,11388,23480,11903,20872,6118,7556,19743,26764,7573,15183,1,0,1452,1383,3886,5334,3512,6406,3728,9178,4358,8195,2307,2896,4561,7202,4000,9710,126587,75292,21463,2685,76786,23,11,165,98
2021-03-28T23:59:59+02:00,2,6,4667,5773,12876,19206,12418,18919,11284,23377,11789,20766,5966,7348,18560,25256,7454,14986,1,0,1419,1340,3789,5226,3318,6179,3639,9060,4305,8138,2250,2828,3802,6181,3814,9439,123564,72223,20666,2387,76250,16,11,162,91
2021-03-27T23:59:59+01:00,2,6,4634,5723,12766,19041,12302,18756,11166,23173,11682,20618,5897,7260,18268,24909,7443,14968,1,0,1411,1337,3784,5221,3314,6172,3357,8710,4106,7840,2244,2825,3788,6146,3777,9373,121725,70908,20624,2386,76093,12,11,161,89
2021-03-26T23:59:59+01:00,2,5,4595,5667,12651,18847,12164,18554,11015,22943,11519,20404,5730,7043,17657,24113,7344,14817,1,0,1409,1335,3779,5214,3290,6154,3336,8689,3888,7390,2064,2417,3523,5858,3624,9132,118610,68616,20284,2379,76008,10,10,158,88
2021-03-25T23:59:59+01:00,2,5,4519,5574,12453,18604,11961,18229,10801,22614,11276,20076,5513,6755,16624,22806,7217,14626,1,0,1400,1323,3760,5187,3256,6127,3283,8651,3838,7346,1990,2304,3086,5174,3462,8822,114629,66629,19206,2278,75654,7,10,156,86
2021-03-24T23:59:59+01:00,2,5,4433,5457,12229,18148,11742,17812,10576,22217,11041,19703,5241,6407,15579,21588,7075,14398,1,0,1377,1308,3735,5142,3220,6063,3229,8579,3786,7272,1935,2244,2777,4839,3308,8547,111502,65227,18112,2036,73874,7,10,155,82
2021-03-23T23:59:59+01:00,2,5,4376,5385,12060,17808,11541,17457,10383,21848,10811,19410,5097,6205,14934,20768,6936,14223,1,0,1359,1300,3718,5123,3198,6046,3202,8527,3743,7229,1895,2184,2545,4561,3095,8218,109107,63854,17377,1994,72600,5,10,155,81
2021-03-22T23:59:59+01:00,2,5,4324,5305,11859,17474,11353,17133,10158,21521,10596,19105,4944,5993,14315,20051,6804,14040,1,0,1346,1290,3687,5090,3166,6009,3176,8470,3706,7184,1850,2129,2349,4305,2897,7880,107230,62588,16655,1853,70933,4,10,154,80
2021-03-21T23:59:59+01:00,2,5,4252,5179,11578,17058,11068,16731,9888,21065,10338,18747,4830,5818,13618,19260,6660,13831,1,0,1337,1289,3670,5074,3144,5975,3153,8443,3687,7160,1828,2096,2180,4142,2726,7608,105335,61577,15357,1848,69076,4,7,153,77
2021-03-20T23:59:59+01:00,2,5,4223,5109,11435,16726,10944,16419,9747,20771,10161,18464,4701,5656,12989,18313,6519,13615,1,0,1336,1288,3669,5072,3140,5974,3150,8438,3681,7154,1823,2090,2148,4079,2700,7565,103133,61372,15352,1848,67155,4,7,152,77
2021-03-19T23:59:59+01:00,2,4,4177,5027,11265,16360,10758,16066,9570,20392,9939,18104,4541,5460,11960,17105,6357,13404,1,0,1328,1281,3652,5043,3110,5896,3105,8343,3575,6977,1696,1978,2072,4013,2590,7355,100418,60083,14941,1844,64976,4,7,149,77
2021-03-18T23:59:59+01:00,2,4,4089,4921,11014,15933,10494,15619,9288,19925,9716,17760,4395,5294,11331,16234,6126,13137,1,0,1324,1270,3634,5009,3090,5852,3083,8287,3548,6928,1674,1944,2036,3943,2463,7144,98609,59394,13933,1751,62587,4,7,146,74
2021-03-17T23:59:59+01:00,2,4,3910,4803,10714,15521,10236,15259,9044,19562,9461,17409,4272,5126,10515,14990,5862,12712,1,0,1323,1267,3620,4990,3082,5832,3073,8253,3529,6905,1671,1919,2012,3912,2352,6958,95940,58883,12383,1735,60929,4,5,145,72
2021-03-16T23:59:59+01:00,2,4,3765,4677,10379,15056,9967,14888,8768,19114,9162,17042,4130,4957,9694,13865,5581,12355,1,0,1309,1264,3616,4983,3072,5827,3067,8239,3520,6889,1642,1892,1972,3859,2231,6776,93606,58423,11189,1657,58464,4,4,143,71
2021-03-15T23:59:59+01:00,2,4,3618,4556,10067,14600,9675,14432,8467,18640,8872,16632,3981,4786,8976,12796,5355,12029,1,0,1299,1256,3594,4972,3060,5803,3044,8200,3500,6846,1625,1876,1953,3826,2114,6588,91625,57829,9827,1654,55895,4,3,138,67
2021-03-14T23:59:59+01:00,2,4,3546,4461,9811,14171,9425,14035,8146,18147,8590,16240,3816,4598,8166,11557,5043,11563,1,0,1285,1249,3573,4954,3039,5761,3022,8121,3471,6777,1597,1822,1892,3698,1946,6190,89288,57296,8803,1030,53095,4,1,134,67
2021-03-13T23:59:59+01:00,2,4,3463,4206,9498,13501,9173,13452,7914,17558,8380,15799,3704,4489,7971,11261,4992,11471,1,0,1285,1249,3573,4954,3037,5760,3021,8120,3468,6774,1594,1820,1890,3694,1945,6189,88612,57275,8802,1030,49290,4,1,133,64
2021-03-12T23:59:59+01:00,2,4,3397,4054,9248,12973,8936,12924,7678,16924,8020,15044,3539,4318,7579,10849,4851,11280,1,0,1281,1245,3568,4939,3034,5756,3014,8112,3464,6767,1567,1791,1868,3676,1845,6009,86802,56842,8551,1027,46135,4,1,131,63
2021-03-11T23:59:59+01:00,2,4,3235,3782,8865,12214,8630,12251,7345,16136,7672,14393,3376,4112,7016,10126,4654,10971,1,0,1263,1234,3534,4895,2989,5677,2979,7989,3412,6668,1519,1734,1785,3470,1641,5477,84324,56079,8096,129,42238,3,1,125,55
2021-03-10T23:59:59+01:00,2,4,3165,3674,8374,11708,7950,11772,7024,15640,7370,13796,3213,3948,6447,9428,4476,10693,1,0,1252,1220,3504,4838,2956,5599,2943,7851,3357,6545,1475,1688,1723,3370,1519,5189,82456,54870,7541,106,38564,0,1,122,53
2021-03-09T23:59:59+01:00,2,3,3056,3493,7700,11264,7072,11299,6604,15029,7005,13192,2975,3644,5934,8786,4318,10410,1,0,1247,1217,3481,4792,2929,5534,2926,7799,3338,6498,1461,1662,1688,3327,1408,4983,80134,54171,6173,71,35357,0,1,121,48
2021-03-08T23:59:59+01:00,2,3,2883,3253,7069,10723,6266,10818,6205,14508,6606,12624,2760,3432,5327,8046,4168,10138,1,0,1241,1210,3459,4728,2904,5458,2887,7704,3306,6423,1454,1653,1685,3317,1403,4980,77303,53695,5021,69,32388,0,1,118,48
2021-03-07T23:59:59+01:00,2,3,2770,3118,6738,10225,5858,10274,5908,14059,6358,12231,2658,3335,4564,6982,3951,9855,1,0,1237,1207,3455,4723,2899,5445,2883,7687,3298,6409,1448,1639,1662,3276,1386,4936,74036,53477,4186,66,30559,0,1,107,47
2021-03-06T23:59:59+01:00,2,3,2724,2973,6555,9775,5662,9857,5433,13199,5981,11493,2636,3306,4558,6971,3948,9852,1,0,1237,1206,3451,4718,2897,5444,2882,7685,3297,6406,1447,1636,1662,3274,1385,4936,72805,53450,4186,66,27830,0,1,106,47
2021-03-05T23:59:59+01:00,2,3,2622,2712,6341,9198,5447,9463,5254,12632,5599,10509,2407,2838,4177,6587,3809,9630,1,0,1223,1202,3435,4703,2891,5431,2872,7667,3285,6387,1431,1627,1661,3270,1381,4932,70458,53290,3950,66,24716,0,1,105,42
2021-03-04T23:59:59+01:00,2,3,2540,2500,6129,8768,5290,9124,5071,12207,5420,10130,2311,2668,3617,5761,3637,9283,1,0,1211,1186,3390,4605,2859,5364,2840,7570,3254,6310,1409,1617,1647,3256,1371,4921,68384,52710,3500,63,22472,0,1,104,37
2021-03-03T23:59:59+01:00,2,3,2481,2440,5959,8359,5120,8759,4855,11756,5231,9681,2228,2560,3208,5320,3475,8983,1,0,1190,1176,3355,4557,2822,5298,2798,7471,3206,6234,1389,1590,1627,3225,1365,4903,66938,52112,3254,59,20124,0,1,103,35
2021-03-02T23:59:59+01:00,2,3,2423,2345,5800,8025,4962,8505,4688,11354,5064,9361,2156,2469,2901,4958,3256,8658,1,0,1185,1165,3336,4535,2807,5271,2780,7422,3197,6206,1384,1580,1609,3205,1362,4898,65551,51850,2991,58,18286,0,0,102,35
2021-03-01T23:59:59+01:00,2,3,2396,2313,5691,7805,4863,8360,4602,11201,4961,9186,2098,2391,2601,4632,3065,8338,1,0,1179,1162,3321,4517,2795,5242,2763,7376,3181,6178,1378,1577,1602,3196,1359,4892,64273,51626,2766,58,17370,0,0,99,35
2021-02-28T23:59:59+01:00,2,3,2343,2267,5509,7543,4689,8137,4463,11014,4849,9055,2055,2324,2302,4328,2862,8022,1,0,1169,1156,3307,4507,2788,5235,2758,7362,3173,6164,1373,1574,1594,3176,1358,4860,63141,51464,2461,58,16066,0,0,99,33
2021-02-27T23:59:59+01:00,2,3,2253,1955,5336,7120,4589,7832,4380,10667,4775,8806,2026,2263,2270,4281,2840,7971,1,0,1165,1152,3306,4505,2782,5233,2754,7359,3168,6160,1372,1574,1592,3172,1357,4859,62897,51425,2459,55,13914,0,0,99,31
2021-02-26T23:59:59+01:00,2,3,2183,1873,5190,6888,4443,7573,4228,10401,4566,8520,1897,2154,2209,4240,2731,7788,1,0,1143,1139,3290,4471,2769,5193,2743,7307,3147,6106,1366,1563,1588,3164,1356,4857,61560,51119,2453,54,12779,0,0,97,30
2021-02-25T23:59:59+01:00,2,3,2048,1768,4864,6481,4016,7120,3944,9884,4333,8138,1838,2095,2178,4181,2614,7593,1,0,1124,1121,3250,4425,2739,5142,2697,7199,3106,6013,1354,1547,1572,3123,1342,4798,61078,50473,2345,51,9581,0,0,96,29
2021-02-24T23:59:59+01:00,2,3,2013,1702,4747,6267,3913,6907,3821,9640,4211,7979,1815,2061,2147,4138,2500,7392,1,0,1111,1115,3221,4361,2704,5078,2671,7114,3078,5943,1339,1529,1548,3073,1330,4729,60526,49878,2100,39,8536,0,0,96,28
2021-02-23T23:59:59+01:00,2,3,1782,1559,4373,5781,3630,6521,3599,9257,4055,7695,1781,2026,2101,4089,2386,7206,1,0,1092,1103,3185,4333,2676,5020,2646,7038,3042,5883,1319,1509,1520,3037,1320,4674,60051,49346,2053,24,5648,0,0,94,28
2021-02-22T23:59:59+01:00,2,3,1772,1540,4321,5722,3593,6460,3532,9161,3995,7600,1746,1999,2076,4039,2265,7007,1,0,1086,1089,3163,4289,2657,4981,2621,6979,3011,5829,1306,1492,1508,3025,1312,4665,59504,48973,1910,15,5326,0,0,93,26
2021-02-21T23:59:59+01:00,2,3,1759,1534,4289,5688,3549,6422,3492,9108,3951,7549,1733,1988,2071,4029,2141,6840,1,0,1078,1078,3141,4247,2627,4929,2606,6911,2982,5742,1293,1476,1484,2964,1283,4583,59145,48386,1904,13,5010,0,0,89,26
2021-02-20T23:59:59+01:00,2,3,1753,1533,4282,5685,3546,6419,3491,9106,3948,7548,1728,1983,2068,4025,2140,6840,1,0,1078,1078,3138,4245,2627,4929,2605,6910,2982,5742,1293,1475,1483,2964,1283,4583,59126,48377,1904,13,4986,0,0,84,26
2021-02-19T23:59:59+01:00,2,3,1722,1520,4268,5663,3534,6405,3480,9096,3939,7530,1701,1954,2047,4007,2039,6657,1,0,1077,1076,3136,4243,2626,4928,2605,6907,2979,5740,1293,1474,1483,2962,1283,4583,58700,48358,1898,13,4887,0,0,82,25
2021-02-18T23:59:59+01:00,2,3,1667,1487,4172,5549,3462,6301,3392,8931,3850,7387,1676,1916,2014,3934,1907,6457,1,0,1027,1034,2997,4024,2499,4659,2494,6569,2871,5475,1259,1429,1451,2875,1254,4428,58040,46312,1807,11,4185,0,0,75,23
2021-02-17T23:59:59+01:00,2,2,1644,1457,4078,5401,3377,6148,3274,8697,3721,7184,1618,1842,1936,3827,1781,6140,0,0,969,985,2847,3801,2383,4349,2369,6161,2742,5163,1207,1366,1403,2763,1204,4250,56787,43930,1795,9,3474,0,0,73,23
2021-02-16T23:59:59+01:00,2,2,1566,1388,3916,5212,3242,5967,3166,8464,3598,7020,1594,1814,1902,3798,1662,5931,0,0,881,955,2714,3647,2286,4139,2244,5840,2613,4912,1149,1270,1256,2458,937,3616,56095,40892,1779,6,2304,0,0,66,19
2021-02-15T23:59:59+01:00,2,2,1547,1368,3867,5128,3182,5882,3108,8350,3532,6914,1580,1798,1887,3774,1653,5908,0,0,845,932,2633,3517,2212,3960,2164,5561,2525,4701,1103,1204,1162,2277,866,3386,55623,39029,1775,4,2021,0,0,63,15
2021-02-14T23:59:59+01:00,2,2,1479,1338,3785,5054,3138,5777,3053,8197,3488,6805,1559,1766,1833,3643,1594,5650,0,0,836,926,2580,3447,2171,3893,2110,5441,2459,4595,1074,1165,1072,2100,791,3137,55381,37782,1144,3,1575,0,0,63,12
2021-02-13T23:59:59+01:00,2,2,1475,1337,3776,5048,3131,5776,3049,8195,3485,6803,1558,1762,1833,3641,1592,5650,0,0,836,926,2580,3447,2171,3892,2108,5439,2458,4594,1071,1163,1070,2100,791,3137,55358,37775,1143,1,1551,0,0,63,7
2021-02-12T23:59:59+01:00,2,1,1435,1318,3739,5014,3108,5756,3027,8162,3466,6759,1540,1751,1823,3624,1584,5629,0,0,828,919,2546,3394,2137,3846,2078,5386,2440,4563,1070,1161,1069,2098,790,3135,55133,37454,1140,1,1406,0,0,59,5
2021-02-11T23:59:59+01:00,2,1,1382,1269,3622,4845,3017,5582,2929,7853,3367,6545,1480,1690,1754,3440,1492,5284,0,0,789,853,2292,2948,1909,3373,1847,4638,2167,4032,980,1089,972,1900,731,2852,54491,33369,151,0,857,0,0,55,3
2021-02-10T23:59:59+01:00,2,1,1356,1246,3559,4740,2952,5477,2886,7703,3314,6411,1460,1672,1726,3402,1478,5245,0,0,706,793,2000,2539,1698,2930,1611,4029,1908,3573,868,941,802,1520,587,2327,53840,28830,149,0,591,0,0,50,2
2021-02-09T23:59:59+01:00,2,1,1344,1227,3503,4669,2923,5408,2865,7611,3277,6342,1452,1656,1698,3379,1468,5232,0,0,656,711,1737,2193,1506,2544,1426,3530,1737,3215,835,907,777,1441,565,2211,53529,25991,144,0,334,0,0,50,0
2021-02-08T23:59:59+01:00,2,1,1330,1223,3474,4639,2903,5370,2843,7560,3257,6313,1440,1649,1688,3353,1466,5213,0,0,641,674,1587,1959,1365,2286,1294,3221,1580,2952,795,886,728,1333,531,2037,53225,23869,119,0,331,0,0,49,0
2021-02-07T23:59:59+01:00,2,1,1197,1180,3371,4584,2849,5327,2816,7522,3230,6275,1430,1631,1679,3330,1459,5181,0,0,496,527,1316,1604,1123,1836,1082,2631,1352,2428,691,757,646,1172,484,1808,52929,19953,90,0,0,0,0,45,0
2021-02-06T23:59:59+01:00,2,1,1193,1178,3369,4582,2845,5325,2809,7519,3226,6272,1429,1629,1678,3326,1458,5180,0,0,373,375,1117,1355,985,1532,941,2221,1187,2011,603,658,618,1154,481,1805,52886,17416,90,0,0,0,0,45,0
2021-02-05T23:59:59+01:00,2,0,1181,1167,3353,4559,2837,5297,2799,7476,3208,6226,1423,1621,1675,3320,1457,5180,0,0,273,217,933,1039,839,1163,765,1773,1011,1601,486,552,591,1134,478,1801,52648,14656,90,0,0,0,0,43,0
2021-02-04T23:59:59+01:00,2,0,1165,1148,3307,4507,2797,5222,2757,7346,3160,6142,1408,1605,1661,3286,1447,5152,0,0,143,89,632,669,549,741,526,1165,670,1003,306,371,484,986,433,1638,52004,10405,65,0,0,0,0,43,0
2021-02-03T23:59:59+01:00,2,0,1143,1142,3281,4464,2768,5181,2734,7298,3130,6087,1398,1594,1635,3245,1440,5099,0,0,122,72,501,520,417,597,422,918,514,756,253,291,379,770,334,1276,51539,8142,60,0,0,0,0,42,0
2021-02-02T23:59:59+01:00,2,0,1121,1128,3245,4433,2736,5128,2709,7224,3095,6023,1373,1565,1599,3190,1414,5003,0,0,113,63,417,420,347,518,370,827,460,673,233,268,333,695,306,1140,50888,7183,59,0,0,0,0,41,0
2021-02-01T23:59:59+01:00,2,0,1105,1116,3225,4381,2709,5067,2678,7098,3063,5927,1353,1534,1572,3152,1397,4938,0,0,84,48,316,315,255,391,277,619,329,506,194,219,262,555,238,893,50221,5501,59,0,0,0,0,37,0
2021-01-31T23:59:59+01:00,2,0,1097,1106,3209,4350,2684,5023,2662,7043,3050,5883,1341,1517,1549,3086,1369,4852,0,0,73,46,289,291,230,346,255,575,299,465,173,200,216,454,195,724,49727,4831,59,0,0,0,0,37,0
2021-01-30T23:59:59+01:00,2,0,1096,1106,3206,4344,2682,5022,2661,7042,3050,5882,1341,1516,1548,3086,1369,4852,0,0,72,41,279,277,217,331,250,564,295,459,172,197,215,454,195,724,49712,4742,56,0,0,0,0,37,0
2021-01-29T23:59:59+01:00,2,0,1094,1104,3204,4341,2682,5020,2661,7040,3047,5880,1341,1516,1548,3084,1369,4852,0,0,65,37,262,261,194,311,234,547,284,448,166,193,211,448,194,722,49692,4577,56,0,0,0,0,37,0
2021-01-28T23:59:59+01:00,2,0,1073,1085,3137,4239,2629,4911,2603,6884,2980,5749,1325,1493,1532,3016,1345,4726,0,0,55,20,165,155,130,188,164,362,209,284,133,150,165,284,117,432,48643,3013,52,0,0,0,0,34,0
2021-01-27T23:59:59+01:00,2,0,1027,1047,3055,4098,2548,4733,2508,6605,2896,5548,1292,1447,1490,2921,1308,4574,0,0,26,7,102,71,59,93,85,212,120,150,102,118,122,214,90,313,47028,1884,42,0,0,0,0,29,0
2021-01-26T23:59:59+01:00,1,0,949,1019,2938,3964,2468,4549,2426,6425,2827,5392,1264,1396,1400,2767,1084,4166,0,0,25,7,97,70,58,92,83,212,118,149,100,117,121,214,90,313,44981,1866,29,0,0,0,0,25,0
2021-01-25T23:59:59+01:00,1,0,931,1002,2854,3835,2424,4402,2366,6230,2768,5242,1243,1372,1386,2738,1071,4130,0,0,25,7,95,69,56,90,83,212,118,147,100,116,121,214,90,313,43954,1856,20,0,0,0,0,21,0
2021-01-24T23:59:59+01:00,1,0,921,998,2833,3818,2413,4370,2340,6191,2734,5181,1229,1364,1376,2713,1057,4096,0,0,25,7,95,69,56,89,83,211,117,147,99,116,121,214,90,313,43603,1852,16,0,0,0,0,16,0
2021-01-23T23:59:59+01:00,1,0,921,998,2833,3817,2413,4369,2338,6189,2733,5180,1226,1362,1373,2713,1057,4096,0,0,25,6,94,69,56,89,83,211,117,147,99,116,121,214,90,311,43595,1848,14,0,0,0,0,10,0
2021-01-22T23:59:59+01:00,1,0,914,990,2801,3771,2379,4304,2306,6114,2712,5133,1224,1359,1372,2710,1056,4093,0,0,25,6,94,68,56,89,83,211,117,147,99,116,121,214,90,311,43219,1847,14,0,0,0,0,6,0
2021-01-21T23:59:59+01:00,1,0,898,922,2546,3360,2177,3887,2124,5503,2487,4648,1166,1314,1323,2591,1020,3935,0,0,21,6,83,62,52,72,70,171,97,134,89,100,101,154,74,235,39884,1521,14,0,0,0,0,4,0
2021-01-20T23:59:59+01:00,1,0,818,857,2237,2953,1971,3429,1894,4895,2232,4175,1052,1172,1152,2237,886,3410,0,0,21,6,83,62,52,71,69,171,96,134,89,100,101,154,72,235,35355,1516,14,0,0,0,0,2,0
2021-01-19T23:59:59+01:00,1,0,754,776,1944,2510,1732,2972,1660,4233,1989,3701,975,1074,1024,1947,778,3028,0,0,10,3,50,46,33,44,35,100,44,77,41,37,50,83,44,152,31087,849,11,0,0,0,0,0,0
2021-01-18T23:59:59+01:00,1,0,680,716,1715,2117,1493,2500,1414,3550,1736,3197,888,987,917,1731,721,2745,0,0,5,2,19,11,13,21,17,54,17,33,21,22,26,56,31,82,27102,430,6,0,0,0,0,0,0
2021-01-17T23:59:59+01:00,0,0,502,555,1395,1713,1215,1967,1160,2818,1455,2574,747,831,762,1440,598,2351,0,0,0,1,4,2,0,0,0,0,0,0,1,0,0,0,0,0,22079,8,4,0,0,0,0,0,0
2021-01-16T23:59:59+01:00,0,0,382,404,1214,1468,1094,1680,1021,2420,1297,2167,660,734,734,1423,596,2350,0,0,0,0,0,0,0,0,0,0,0,0,0,0,0,0,0,0,19641,0,3,0,0,0,0,0,0
2021-01-15T23:59:59+01:00,0,0,279,243,1030,1169,944,1334,852,1974,1119,1765,541,623,695,1388,583,2309,0,0,0,0,0,0,0,0,0,0,0,0,0,0,0,0,0,0,16846,0,2,0,0,0,0,0,0
2021-01-14T23:59:59+01:00,0,0,162,108,716,783,652,864,617,1316,755,1145,354,434,570,1203,524,2059,0,0,0,0,0,0,0,0,0,0,0,0,0,0,0,0,0,0,12262,0,0,0,0,0,0,0,0
2021-01-13T23:59:59+01:00,0,0,135,89,605,618,528,698,500,1058,598,879,298,358,481,1016,451,1755,0,0,0,0,0,0,0,0,0,0,0,0,0,0,0,0,0,0,10067,0,0,0,0,0,0,0,0
2021-01-12T23:59:59+01:00,0,0,125,73,519,527,452,597,432,926,526,773,263,309,393,819,377,1370,0,0,0,0,0,0,0,0,0,0,0,0,0,0,0,0,0,0,8481,0,0,0,0,0,0,0,0
2021-01-11T23:59:59+01:00,0,0,95,60,423,434,367,485,346,749,421,598,229,258,326,685,307,1158,0,0,0,0,0,0,0,0,0,0,0,0,0,0,0,0,0,0,6941,0,0,0,0,0,0,0,0
2021-01-10T23:59:59+01:00,0,0,79,52,357,360,300,402,293,652,351,528,200,227,261,545,245,902,0,0,0,0,0,0,0,0,0,0,0,0,0,0,0,0,0,0,5754,0,0,0,0,0,0,0,0
2021-01-09T23:59:59+01:00,0,0,78,49,343,339,276,381,285,636,343,521,199,226,260,543,245,902,0,0,0,0,0,0,0,0,0,0,0,0,0,0,0,0,0,0,5626,0,0,0,0,0,0,0,0
2021-01-08T23:59:59+01:00,0,0,72,41,306,305,231,340,255,592,316,480,181,206,235,482,224,798,0,0,0,0,0,0,0,0,0,0,0,0,0,0,0,0,0,0,5064,0,0,0,0,0,0,0,0
2021-01-07T23:59:59+01:00,0,0,58,27,213,201,162,242,196,426,245,343,151,167,180,317,150,512,0,0,0,0,0,0,0,0,0,0,0,0,0,0,0,0,0,0,3590,0,0,0,0,0,0,0,0
2021-01-06T23:59:59+01:00,0,0,46,16,166,121,113,161,145,298,180,244,119,135,139,250,107,367,0,0,0,0,0,0,0,0,0,0,0,0,0,0,0,0,0,0,2607,0,0,0,0,0,0,0,0
2021-01-05T23:59:59+01:00,0,0,28,9,101,73,59,94,88,215,119,152,109,125,130,231,106,341,0,0,0,0,0,0,0,0,0,0,0,0,0,0,0,0,0,0,1980,0,0,0,0,0,0,0,0
2021-01-04T23:59:59+01:00,0,0,26,9,100,71,56,91,88,215,119,150,109,123,129,231,106,341,0,0,0,0,0,0,0,0,0,0,0,0,0,0,0,0,0,0,1964,0,0,0,0,0,0,0,0
2021-01-03T23:59:59+01:00,0,0,26,9,100,69,56,90,88,214,118,150,108,123,129,231,106,341,0,0,0,0,0,0,0,0,0,0,0,0,0,0,0,0,0,0,1958,0,0,0,0,0,0,0,0
2021-01-02T23:59:59+01:00,0,0,26,8,100,69,56,90,87,214,117,150,108,123,129,231,106,340,0,0,0,0,0,0,0,0,0,0,0,0,0,0,0,0,0,0,1954,0,0,0,0,0,0,0,0
2021-01-01T23:59:59+01:00,0,0,26,7,99,69,56,90,87,214,116,149,108,123,129,231,106,340,0,0,0,0,0,0,0,0,0,0,0,0,0,0,0,0,0,0,1950,0,0,0,0,0,0,0,0
2020-12-31T23:59:59+01:00,0,0,26,7,99,69,56,90,87,214,115,149,108,123,129,231,106,340,0,0,0,0,0,0,0,0,0,0,0,0,0,0,0,0,0,0,1949,0,0,0,0,0,0,0,0
2020-12-30T23:59:59+01:00,0,0,26,7,99,69,55,90,86,214,115,149,108,123,129,231,105,340,0,0,0,0,0,0,0,0,0,0,0,0,0,0,0,0,0,0,1946,0,0,0,0,0,0,0,0
2020-12-29T23:59:59+01:00,0,0,14,2,67,54,33,61,50,138,64,91,53,54,74,142,65,232,0,0,0,0,0,0,0,0,0,0,0,0,0,0,0,0,0,0,1194,0,0,0,0,0,0,0,0
2020-12-28T23:59:59+01:00,0,0,5,2,37,26,20,31,21,67,25,41,23,22,27,51,34,82,0,0,0,0,0,0,0,0,0,0,0,0,0,0,0,0,0,0,514,0,0,0,0,0,0,0,0
2020-12-27T23:59:59+01:00,0,0,1,0,9,6,8,2,1,5,0,2,1,1,2,2,4,6,0,0,0,0,0,0,0,0,0,0,0,0,0,0,0,0,0,0,50,0,0,0,0,0,0,0,0
