Datum,<15_m,<15_w,15-24_1_m,15-24_1_w,25-34_1_m,25-34_1_w,35-44_1_m,35-44_1_w,45-54_1_m,45-54_1_w,55-64_1_m,55-64_1_w,65-74_1_m,65-74_1_w,75-84_1_m,75-84_1_w,>84_1_m,>84_1_w,<24_2_m,<24_2_w,25-34_2_m,25-34_2_w,35-44_2_m,35-44_2_w,45-54_2_m,45-54_2_w,55-64_2_m,55-64_2_w,65-74_2_m,65-74_2_w,75-84_2_m,75-84_2_w,>84_2_m,>84_2_w,bp_1,bp_2,mo_1,mo_2,az_1,az_2,ja,unb_1,unb_2
2021-08-18T23:59:59+02:00,7247,6958,56371,56834,99363,97306,91548,91099,89546,95140,90267,92683,54625,67944,43283,60019,10463,21075,48537,49298,91083,88506,84284,82949,83516,88560,85535,88034,52443,65196,41822,57752,10022,20020,768686,711940,131922,121591,158256,141052,72817,90,82
2021-08-17T23:59:59+02:00,7186,6906,56192,56682,99175,97133,91391,90958,89428,95012,90172,92594,54589,67898,43265,60000,10462,21065,48059,48895,90642,88088,83888,82599,83191,88275,85334,87837,52341,65076,41772,57682,10016,20002,767617,708999,131821,121188,158242,140766,72338,90,82
2021-08-16T23:59:59+02:00,7129,6840,56017,56517,98988,96964,91247,90808,89294,94898,90062,92500,54537,67838,43237,59952,10454,21052,47511,48338,90187,87663,83433,82208,82870,87988,85111,87643,52240,64963,41716,57604,10008,19966,766493,705585,131735,120749,158235,140541,71781,90,82
2021-08-15T23:59:59+02:00,7066,6792,55806,56337,98813,96794,91093,90674,89171,94796,89973,92442,54502,67797,43218,59923,10450,21046,46408,47250,89552,86991,82894,81685,82483,87603,84827,87440,52133,64840,41675,57547,9999,19946,765464,699917,131628,120123,158226,140365,71285,90,82
2021-08-14T23:59:59+02:00,7057,6783,55781,56315,98765,96766,91055,90648,89141,94765,89944,92428,54494,67791,43216,59918,10449,21046,46359,47180,89455,86920,82801,81601,82421,87554,84794,87424,52119,64822,41669,57538,9998,19945,765300,699515,131613,119998,158225,140340,71134,90,82
2021-08-13T23:59:59+02:00,7014,6739,55639,56194,98616,96644,90932,90517,89041,94654,89868,92368,54465,67742,43202,59896,10447,21040,46067,46878,89003,86537,82412,81234,82164,87322,84633,87287,52077,64756,41648,57514,9995,19934,764516,697367,131556,119457,158217,140267,70639,90,82
2021-08-12T23:59:59+02:00,6979,6689,55436,56037,98417,96469,90762,90359,88898,94517,89778,92292,54428,67690,43177,59862,10439,21022,45666,46499,88386,85980,81848,80704,81793,87009,84406,87119,52005,64657,41598,57455,9985,19918,763493,694504,131450,118646,158206,140024,70012,90,82
2021-08-11T23:59:59+02:00,6944,6637,55259,55881,98226,96300,90625,90235,88779,94415,89679,92192,54379,67637,43146,59824,10430,21007,45263,46060,87796,85338,81292,80208,81474,86717,84151,86883,51923,64526,41526,57335,9969,19875,762422,691431,131355,117708,158185,139695,69543,90,82
2021-08-10T23:59:59+02:00,6885,6592,55080,55728,98027,96165,90469,90093,88659,94307,89599,92120,54339,67594,43130,59790,10426,20996,44843,45608,87163,84740,80698,79683,81075,86344,83914,86675,51806,64422,41470,57251,9956,19846,761425,688191,131262,116775,158166,139385,69056,90,82
2021-08-09T23:59:59+02:00,6836,6539,54917,55568,97846,96025,90332,89963,88534,94217,89497,92061,54304,67550,43106,59759,10419,20982,44299,45068,86346,84074,80022,79107,80668,86003,83623,86455,51700,64293,41415,57153,9942,19806,760501,684454,131191,115722,158157,139046,68516,90,82
2021-08-08T23:59:59+02:00,6771,6474,54699,55387,97654,95847,90163,89804,88404,94107,89405,91988,54251,67505,43081,59727,10412,20961,43709,44472,85303,83162,79139,78305,80138,85536,83301,86160,51571,64143,41356,57066,9930,19781,759359,679469,131082,114546,158137,138740,67972,90,82
2021-08-07T23:59:59+02:00,6727,6428,54564,55266,97524,95739,90044,89705,88315,94050,89345,91949,54234,67480,43077,59717,10409,20957,42888,43607,84979,82834,78679,77872,79789,85189,83120,86020,51509,64061,41335,57031,9925,19772,758728,675836,131018,113403,158133,138635,67561,90,81
2021-08-06T23:59:59+02:00,6673,6378,54378,55124,97303,95562,89896,89577,88191,93939,89252,91881,54195,67453,43068,59691,10406,20953,41975,42732,84527,82383,78090,77317,79402,84811,82931,85873,51459,63997,41309,56999,9917,19760,757799,671928,130930,112127,158126,138501,66975,90,81
2021-08-05T23:59:59+02:00,6610,6313,54074,54897,97030,95315,89660,89375,87996,93762,89088,91755,54135,67367,43039,59640,10397,20934,40763,41589,83814,81724,77327,76532,78814,84255,82579,85571,51333,63841,41248,56901,9902,19728,756287,666448,130807,110511,158115,137966,66088,90,81
2021-08-04T23:59:59+02:00,6530,6262,53844,54718,96803,95112,89491,89212,87859,93624,88973,91662,54082,67316,43003,59595,10394,20924,40305,41113,82627,80687,76006,75391,78326,83810,82263,85326,51196,63704,41192,56818,9886,19703,755044,661326,130706,109014,158102,137513,65462,90,81
2021-08-03T23:59:59+02:00,6466,6200,53589,54530,96580,94924,89322,89053,87720,93480,88830,91542,54005,67235,42968,59537,10386,20916,39871,40707,81385,79556,74590,74203,77726,83247,81723,84838,50987,63502,41092,56663,9873,19668,753701,655562,130605,107318,158079,136809,64808,90,81
2021-08-02T23:59:59+02:00,6406,6137,53352,54335,96330,94715,89113,88885,87561,93336,88690,91427,53923,67166,42937,59488,10383,20896,39411,40243,80086,78459,73048,72998,77108,82680,81185,84360,50818,63302,41018,56544,9856,19635,752316,649579,130460,105559,158058,136211,64156,90,81
2021-08-01T23:59:59+02:00,6342,6052,53089,54075,96077,94451,88885,88719,87359,93193,88528,91318,53865,67084,42901,59437,10376,20889,38900,39755,78801,77385,71649,71902,76226,81931,80604,83901,50636,63067,40936,56441,9846,19611,750754,643463,130269,103664,158038,135605,63489,90,81
2021-07-31T23:59:59+02:00,6307,6014,52974,53984,95962,94359,88784,88651,87270,93122,88484,91282,53854,67075,42895,59433,10376,20888,37956,38751,78358,76947,71118,71352,75846,81604,80488,83805,50617,63034,40918,56430,9846,19608,750283,638839,130105,102792,158036,135510,63200,90,81
2021-07-30T23:59:59+02:00,6254,5980,52808,53847,95809,94188,88635,88508,87144,93009,88403,91213,53817,67045,42883,59415,10374,20886,36965,37710,77669,76310,70375,70623,75334,81082,80090,83484,50543,62946,40886,56370,9840,19597,749423,632721,129793,101661,158033,135303,62879,90,81
2021-07-29T23:59:59+02:00,6203,5922,52579,53668,95562,93967,88423,88302,86980,92837,88265,91092,53762,66982,42861,59382,10367,20868,35726,36501,76625,75438,69327,69673,74534,80337,79552,83062,50410,62784,40820,56276,9823,19570,748218,625025,129328,100114,158019,134747,62367,90,81
2021-07-28T23:59:59+02:00,6167,5870,52386,53507,95360,93768,88282,88128,86864,92698,88157,91002,53706,66912,42829,59334,10358,20840,35123,35925,75475,74474,68056,68569,73777,79628,79062,82612,50274,62584,40752,56174,9807,19532,747097,618765,128892,98708,158001,133967,62088,90,81
2021-07-27T23:59:59+02:00,6119,5831,52154,53287,95103,93563,88106,87946,86708,92549,88039,90905,53655,66843,42785,59273,10344,20792,34475,35202,74033,73244,66613,67360,72919,78780,78521,82104,50104,62376,40672,56054,9784,19489,745721,611584,128473,97260,157979,132736,61739,90,80
2021-07-26T23:59:59+02:00,6062,5781,51943,53086,94868,93373,87916,87781,86552,92415,87909,90808,53595,66763,42756,59219,10337,20771,33722,34406,72531,71918,65257,66128,71880,77802,77933,81578,49935,62164,40594,55908,9762,19444,744408,603607,128053,95737,157963,131673,61421,90,80
2021-07-25T23:59:59+02:00,6024,5739,51749,52896,94617,93148,87752,87600,86403,92287,87801,90712,53545,66700,42728,59175,10327,20735,33018,33668,71194,70720,64152,65120,70879,76898,77468,81133,49819,61981,40530,55821,9756,19410,743065,596709,127779,94174,157945,130882,61059,90,80
2021-07-24T23:59:59+02:00,5937,5684,51479,52611,94314,92840,87509,87389,86227,92133,87702,90633,53515,66666,42717,59152,10327,20729,32534,33197,70343,70035,63483,64569,70005,76201,77264,80982,49765,61939,40509,55796,9756,19408,741226,592359,127724,93245,157942,130759,60582,90,80
2021-07-23T23:59:59+02:00,5885,5629,51215,52344,93929,92566,87221,87176,86047,91953,87568,90538,53482,66619,42709,59134,10324,20723,32032,32583,69293,69194,62705,63908,69100,75358,76864,80658,49690,61841,40477,55758,9749,19394,739217,586834,127656,92086,157936,130582,60163,90,80
2021-07-22T23:59:59+02:00,5816,5565,50806,51951,93477,92134,86841,86852,85743,91657,87352,90360,53397,66526,42680,59076,10315,20698,31348,31880,68000,68211,61665,63032,67484,74010,76221,80153,49539,61638,40387,55648,9728,19356,736245,580491,127424,89336,157910,129820,59577,90,80
2021-07-21T23:59:59+02:00,5765,5514,50450,51580,93051,91729,86541,86557,85491,91417,87183,90179,53315,66445,42622,59010,10304,20670,30755,31257,66671,67174,60588,62139,65450,72327,75317,79410,49250,61330,40228,55460,9704,19301,733507,574254,127192,85040,157885,128738,59149,90,80
2021-07-20T23:59:59+02:00,5707,5451,50066,51195,92596,91272,86178,86238,85229,91170,86967,89987,53225,66312,42578,58952,10298,20645,30106,30632,65224,66003,59452,61186,64267,71270,74708,78858,49045,61097,40122,55303,9682,19240,730603,567261,126974,83381,157836,127718,58563,90,80
2021-07-19T23:59:59+02:00,5628,5377,49607,50748,92128,90805,85816,85911,84979,90958,86763,89812,53132,66194,42542,58875,10281,20609,29575,30072,64071,64952,58538,60324,63117,70238,74114,78344,48871,60902,40032,55159,9654,19195,727376,561527,126751,81584,157803,126534,58145,90,80
2021-07-18T23:59:59+02:00,5560,5310,48787,49943,91080,89780,85097,85306,84511,90537,86473,89522,53026,66046,42479,58779,10271,20578,29029,29494,62904,63887,57615,59414,61944,69214,73568,77847,48725,60741,39974,55076,9642,19167,721014,555723,126424,79567,157788,125733,57769,90,80
2021-07-17T23:59:59+02:00,5386,5124,48438,49615,90937,89647,84902,85148,84357,90402,86364,89439,53004,66019,42468,58767,10270,20575,28652,29126,62266,63294,57070,58991,61187,68479,73263,77606,48615,60624,39934,55018,9632,19156,719843,552742,126248,78600,157781,125115,56900,90,80
2021-07-16T23:59:59+02:00,5289,5033,48119,49335,90675,89430,84658,84946,84154,90218,86226,89330,52963,65988,42449,58753,10267,20570,28165,28638,61338,62389,56226,58307,60133,67446,72761,77189,48456,60437,39889,54950,9627,19147,718478,547829,126079,77280,157770,124378,55986,90,80
2021-07-15T23:59:59+02:00,5154,4903,47646,48930,90290,89064,84303,84567,83856,89944,86008,89164,52884,65898,42396,58685,10257,20543,27441,28030,60034,61342,55113,57326,58734,66144,72038,76608,48234,60179,39803,54824,9611,19092,716058,542090,125661,75096,157737,122723,54946,90,80
2021-07-14T23:59:59+02:00,5048,4790,47305,48557,89996,88776,84020,84256,83607,89705,85805,89009,52796,65790,42338,58597,10240,20513,26927,27490,58956,60356,54154,56491,57862,65301,71427,76027,47969,59901,39700,54651,9589,19048,713922,536745,125304,74182,157690,121040,54142,90,80
2021-07-13T23:59:59+02:00,4935,4673,46906,48184,89608,88420,83718,83956,83344,89451,85602,88844,52689,65686,42284,58534,10234,20494,26284,26841,57591,59177,52963,55506,56875,64392,70704,75392,47694,59580,39572,54475,9560,18998,711602,530453,124935,73083,157643,119010,53292,90,79
2021-07-12T23:59:59+02:00,4767,4505,46369,47679,89212,88087,83329,83643,83099,89198,85415,88686,52609,65593,42236,58469,10222,20479,25668,26201,56090,57835,51671,54449,55651,63256,69963,74775,47324,59153,39397,54254,9519,18933,708944,523210,124566,72058,157580,116673,52417,90,78
2021-07-11T23:59:59+02:00,4372,4139,45431,46763,88791,87660,82916,83261,82794,88913,85224,88542,52524,65503,42211,58413,10211,20462,25074,25640,54719,56579,50376,53410,54606,62226,69374,74226,46979,58771,39274,54078,9495,18891,705039,516613,124095,71052,157542,114888,51364,90,78
2021-07-10T23:59:59+02:00,4360,4124,45102,46428,88341,87184,82587,82951,82691,88816,85156,88484,52504,65480,42202,58399,10210,20458,24591,25115,53646,55648,49519,52829,54012,61658,69158,74040,46608,58354,39174,53975,9490,18881,704378,512333,123631,70969,157367,113573,50011,90,78
2021-07-09T23:59:59+02:00,4341,4111,44682,45997,87732,86636,82211,82613,82441,88632,85043,88391,52470,65451,42195,58386,10206,20449,23897,24349,52331,54415,48585,51949,53235,60808,68738,73641,46248,57948,39088,53885,9482,18869,702991,506190,123053,70565,157201,112229,48652,90,77
2021-07-08T23:59:59+02:00,4316,4085,44137,45518,86876,85935,81691,82106,82188,88394,84848,88238,52405,65384,42164,58340,10197,20433,22928,23432,50401,52860,47211,50802,52103,59687,68058,73009,45734,57397,38953,53722,9454,18800,700914,498517,122166,69301,156910,109701,47175,90,77
2021-07-07T23:59:59+02:00,4293,4057,43570,44949,86052,85174,81150,81631,81904,88102,84646,88077,52327,65285,42124,58278,10190,20413,22068,22546,48464,51189,45707,49668,50871,58512,67372,72476,45005,56660,38764,53485,9423,18742,698445,490421,121173,68190,156659,106605,45856,89,75
2021-07-06T23:59:59+02:00,4260,4037,43029,44434,85207,84448,80543,81043,81536,87774,84473,87903,52238,65203,42087,58215,10181,20388,21241,21696,46487,49404,44323,48416,49599,57176,66628,71756,44180,55890,38579,53246,9405,18686,695837,481484,120151,67112,156357,103652,44566,88,75
2021-07-05T23:59:59+02:00,4237,4001,41890,43468,83715,83368,79814,80434,81085,87357,84202,87643,52121,65066,42038,58137,10167,20360,20072,20656,44546,47817,43298,47455,48574,56219,65931,71140,43423,55029,38407,53023,9382,18647,692579,475535,119094,66245,155993,100569,41349,88,75
2021-07-04T23:59:59+02:00,4210,3980,40547,42280,82086,82056,79097,79827,80616,86932,83933,87448,52031,64941,41992,58086,10154,20331,18729,19453,42762,46307,42601,46717,47768,55362,65353,70573,42682,54186,38243,52832,9363,18599,689526,470908,117943,65318,155572,97955,37418,88,75
2021-07-03T23:59:59+02:00,3747,3563,38989,40754,81229,81405,78613,79336,80175,86456,83717,87278,51962,64840,41974,58034,10151,20325,17922,18766,41849,45620,42183,46337,47363,54963,65188,70408,42095,53460,38181,52733,9356,18589,685832,468981,116633,65220,155487,96367,34508,88,75
2021-07-02T23:59:59+02:00,3188,2992,37442,39277,80514,80680,77944,78637,79656,85952,83475,87078,51911,64754,41945,57986,10139,20312,17168,18055,40711,44668,41450,45647,46530,54181,64668,69961,41148,52255,38051,52545,9340,18570,680828,463950,115230,64760,155331,93880,32405,88,74
2021-07-01T23:59:59+02:00,2546,2448,35734,37632,79547,79825,77115,77809,78952,85315,83160,86800,51790,64597,41883,57882,10120,20284,16305,17166,39181,43439,40238,44584,45226,53058,63933,69388,40261,51122,37901,52338,9323,18538,674553,457619,113524,63113,155104,91122,30170,88,74
2021-06-30T23:59:59+02:00,2504,2417,34733,36632,77721,78326,75410,76310,78293,84768,82876,86507,51660,64436,41823,57788,10108,20257,15285,16206,37502,42214,39041,43473,44068,52006,63181,68763,39717,50442,37786,52143,9301,18503,668712,451522,111791,61775,154887,89247,27091,88,73
2021-06-29T23:59:59+02:00,2471,2384,33904,35751,76125,76841,73793,74893,77503,84051,82333,86018,51479,64217,41747,57657,10091,20221,14456,15310,36190,41075,38122,42653,42843,50957,62470,68181,39012,49511,37650,51926,9279,18460,662394,446375,109919,59938,154616,87303,24462,88,72
2021-06-28T23:59:59+02:00,2431,2351,33101,34956,74507,75433,72113,73493,76480,83264,81728,85520,51300,63990,41670,57550,10078,20187,13715,14567,35137,40060,37296,41924,41720,49965,61822,67638,38140,48425,37483,51706,9259,18413,655950,441565,107954,58426,154022,85111,22138,88,71
2021-06-27T23:59:59+02:00,2417,2336,32369,34217,72939,74064,70710,72289,75084,82144,81051,84968,51100,63773,41605,57435,10068,20158,13084,13940,34178,39309,36641,41322,40790,49117,61285,67194,37282,47398,37331,51529,9244,18382,649768,437689,106017,57663,153070,82855,19784,88,71
2021-06-26T23:59:59+02:00,1785,1729,31339,33122,72587,73747,70245,71824,74790,81833,80956,84885,51078,63745,41591,57425,10067,20155,12894,13734,33519,38768,36000,40902,40271,48781,60290,66193,36294,46264,37164,51315,9230,18349,645001,431732,105080,57611,153065,80916,19673,84,71
2021-06-25T23:59:59+02:00,1167,1131,30229,31962,72102,73220,69630,71127,74367,81389,80580,84562,51017,63658,41557,57382,10062,20142,12572,13348,32667,37971,35132,40080,39334,47945,59079,64961,35779,45567,36972,51015,9207,18305,638711,423328,103892,57165,153056,79859,19541,84,71
2021-06-24T23:59:59+02:00,567,572,28898,30654,71331,72477,68757,70243,73695,80763,80135,84198,50911,63529,41505,57312,10051,20108,11916,12657,31506,36671,33919,38814,38210,46836,57445,63585,35306,45048,36816,50828,9188,18245,630951,414029,102400,55615,152942,77971,19329,84,70
2021-06-23T23:59:59+02:00,540,538,28397,30114,70228,71497,67480,69107,72948,80076,79686,83796,50800,63355,41444,57216,10034,20077,11429,12133,30509,35423,32990,37590,37198,45958,55509,61874,34756,44483,36649,50601,9167,18180,624747,404296,100825,54552,152840,76715,18837,84,70
2021-06-22T23:59:59+02:00,517,522,27886,29535,69056,70471,66279,68075,72270,79373,79271,83430,50694,63228,41396,57132,10025,20052,11085,11736,29588,34489,32026,36705,36238,45070,53543,60041,34369,44007,36512,50360,9138,18123,618437,395787,99367,52979,152706,75595,18618,84,69
2021-06-21T23:59:59+02:00,485,488,27223,28877,67739,69304,65096,66945,71510,78594,78875,83036,50587,63119,41337,57045,10012,20010,10795,11427,28964,33906,31476,36138,35638,44482,51699,58384,33662,43208,36217,49938,9109,18047,611645,388236,97872,51781,152585,74924,18097,83,69
2021-06-20T23:59:59+02:00,400,407,26587,28220,66521,68173,64075,66003,70706,77854,78519,82700,50509,62994,41288,56976,10007,19977,10507,11167,28418,33406,31020,35646,35130,43959,49863,56600,33120,42526,36020,49605,9079,17987,605271,380837,96405,51030,152487,74461,17670,83,67
2021-06-19T23:59:59+02:00,368,373,26209,27859,65792,67604,63552,65509,69909,77201,78365,82573,50488,62969,41272,56961,10006,19977,10378,10974,28172,33088,30766,35327,34908,43699,48420,55209,32861,42179,35937,49468,9071,17959,601339,375451,95463,51018,152485,74275,17617,83,67
2021-06-18T23:59:59+02:00,341,339,25750,27400,64780,66869,62814,64896,68990,76364,77974,82237,50427,62893,41245,56925,10002,19969,10164,10739,27771,32668,30440,34916,34523,43309,46696,53550,32510,41666,35800,49257,9052,17926,595932,368632,94221,50732,152477,74065,17503,82,67
2021-06-17T23:59:59+02:00,312,308,25121,26800,63527,65869,61821,64083,67398,74961,77451,81837,50327,62741,41182,56842,9989,19941,9750,10387,26980,31983,29699,34238,33687,42609,45193,52060,32066,41039,35637,49003,9020,17876,589868,361225,91572,49593,152319,73685,16670,81,66
2021-06-16T23:59:59+02:00,278,270,24602,26225,62230,64744,60713,63101,65125,73040,76605,81181,50116,62530,41091,56730,9970,19910,9432,10136,26330,31315,28991,33615,32958,41978,44601,51496,31796,40680,35491,48804,8999,17835,583643,357536,87064,48888,151880,72182,15795,79,66
2021-06-15T23:59:59+02:00,239,239,23966,25542,60830,63542,59631,62116,63970,71955,76102,80757,49992,62381,41041,56633,9963,19880,9172,9868,25729,30581,28352,32859,32282,41256,43044,49875,31351,40128,35320,48571,8969,17771,576549,350844,85435,47996,151411,70927,15305,79,66
2021-06-14T23:59:59+02:00,217,207,23502,24958,59727,62486,58754,61266,62898,70950,75627,80364,49905,62259,40991,56561,9947,19854,8886,9569,24977,29692,27588,32024,31491,40440,41761,48538,30983,39630,35183,48347,8939,17720,570693,344716,83717,46972,151208,69247,14776,79,66
2021-06-13T23:59:59+02:00,212,192,23086,24494,58797,61581,57979,60482,61792,69981,75157,79933,49816,62143,40942,56502,9935,19824,8611,9273,24269,28850,26872,31184,30730,39589,40217,46963,30521,39024,34982,48044,8909,17631,565684,337689,81853,46194,150977,67475,14255,79,65
2021-06-12T23:59:59+02:00,199,175,22860,24230,58249,61081,57622,60203,61150,69338,74958,79819,49792,62112,40930,56488,9932,19820,8497,9157,23791,28264,26355,30615,30215,39030,39142,45990,30354,38845,34886,47879,8905,17620,562795,333493,80897,46191,150969,65587,14218,79,65
2021-06-11T23:59:59+02:00,181,159,22509,23819,57511,60270,56945,59575,60245,68408,74606,79511,49718,62039,40905,56452,9929,19814,8366,8969,23282,27592,25826,29959,29635,38397,38071,44982,30086,38491,34744,47656,8892,17594,557799,328667,79608,45932,150956,63733,14154,79,64
2021-06-10T23:59:59+02:00,166,142,21981,23262,56383,59344,56015,58756,58989,67235,74071,79104,49647,61932,40881,56401,9916,19786,8106,8722,22417,26648,24864,29023,28517,37471,36682,43820,29734,38014,34466,47223,8825,17519,552261,321787,77403,45226,150713,61429,13555,79,62
2021-06-09T23:59:59+02:00,145,128,21362,22715,55131,58251,54954,57847,58039,66330,73606,78712,49560,61832,40831,56339,9902,19756,7820,8459,21500,25782,23928,28130,27487,36523,34966,42038,29351,37514,34281,46953,8784,17429,546543,314367,75954,44500,150360,59522,12504,79,60
2021-06-08T23:59:59+02:00,123,110,20693,22035,53825,57122,53836,56874,57084,65471,73060,78277,49473,61708,40776,56247,9882,19725,7552,8226,20587,24887,22869,27267,26456,35567,33617,40736,28994,37006,33961,46501,8731,17346,539898,308069,75035,43735,149917,57054,11392,79,59
2021-06-07T23:59:59+02:00,106,92,20051,21439,52390,55870,52572,55898,55925,64487,72509,77876,49388,61601,40730,56183,9869,19697,7306,8007,19745,24065,21844,26453,25424,34696,32683,39956,28710,36618,33716,46074,8680,17255,532650,303457,74140,42918,149505,54493,10309,79,59
2021-06-06T23:59:59+02:00,99,86,19544,20905,51243,54782,51472,54921,54963,63534,72002,77473,49303,61526,40693,56120,9862,19681,7098,7809,18957,23174,20944,25581,24353,33713,31771,39141,28426,36280,33460,45684,8631,17180,526332,298897,73119,42180,149169,51558,9512,77,59
2021-06-05T23:59:59+02:00,93,78,19279,20614,50473,54031,50819,54417,54488,63044,71867,77357,49288,61510,40690,56116,9859,19681,6872,7398,18318,22104,20224,24465,23479,32474,30748,37826,28098,35818,33336,45511,8624,17160,522026,292601,73114,42142,149045,48215,9442,77,59
2021-06-04T23:59:59+02:00,83,71,18836,20034,49427,53030,50008,53549,53841,62260,71523,77028,49259,61474,40670,56102,9857,19674,6654,7089,17699,21254,19549,23481,22552,31207,29541,36496,27811,35457,33224,45336,8612,17141,515566,286204,72792,42073,149028,45507,9263,77,59
2021-06-03T23:59:59+02:00,72,60,18165,19362,47909,51735,48802,52429,52878,61247,71027,76568,49195,61370,40632,56057,9844,19650,6366,6699,16965,20211,18757,22335,21554,29795,28382,35018,27267,34679,33019,45011,8576,17066,507851,279480,71777,41327,148753,42293,8545,76,58
2021-06-02T23:59:59+02:00,67,56,17796,18861,46897,50757,47942,51686,52139,60499,70781,76356,49158,61334,40613,56029,9836,19636,6185,6460,16319,19531,17852,21585,20725,28857,27291,33618,26801,34075,32860,44761,8547,16996,501606,273222,71762,41312,148729,39606,8271,75,55
2021-06-01T23:59:59+02:00,56,50,17128,18142,45042,49020,46297,50228,50620,59057,70102,75756,49068,61222,40554,55956,9823,19587,5911,6151,15162,18631,16346,20627,19521,27619,26072,32227,26250,33384,32611,44415,8501,16892,492489,266760,70422,40747,148178,36214,6546,73,55
2021-05-31T23:59:59+02:00,54,46,16654,17661,43732,47882,45090,49130,49383,57947,69425,75247,48990,61119,40510,55886,9811,19551,5634,5832,14123,17802,14948,19711,18353,26513,24854,30888,25734,32669,32417,44119,8467,16794,486248,260484,69259,40203,147717,33297,4822,72,54
2021-05-30T23:59:59+02:00,47,45,16331,17269,42756,46948,44185,48225,48391,56950,68865,74703,48883,60964,40439,55773,9796,19508,5446,5591,13577,17104,14327,19017,17468,25548,23755,29715,24965,31720,32124,43702,8422,16705,480269,254528,68224,39404,147309,31002,4204,72,50
2021-05-29T23:59:59+02:00,47,45,16201,17153,42398,46632,43842,47960,48150,56760,68806,74645,48877,60957,40433,55770,9796,19508,5283,5351,13068,16293,13682,18169,16626,24383,22646,28416,24809,31489,32061,43609,8419,16698,478306,248943,68103,39404,147299,28408,4200,72,49
2021-05-28T23:59:59+02:00,46,43,15901,16848,41702,46004,43332,47401,47644,56219,68531,74349,48812,60876,40405,55721,9793,19503,5044,4967,12532,15376,13005,17306,15762,23151,21551,26982,24562,31123,31967,43475,8409,16681,474024,242925,67603,39299,147269,25462,4162,72,47
2021-05-27T23:59:59+02:00,43,39,15384,16328,40555,45026,42315,46521,46658,55333,67944,73916,48690,60716,40351,55649,9782,19462,4821,4631,11891,14548,12221,16370,14694,21962,20294,25475,24058,30382,31795,43213,8376,16599,468203,235590,66091,38495,146549,23405,3797,72,45
2021-05-26T23:59:59+02:00,41,38,14976,15903,39457,44109,41280,45639,45634,54457,67338,73407,48538,60538,40271,55481,9761,19414,4628,4435,11334,13788,11498,15521,13691,20830,18900,23888,23473,29601,31579,42871,8324,16498,463082,228334,64065,37634,145564,21349,3499,72,45
2021-05-25T23:59:59+02:00,41,37,14586,15501,38453,43221,40313,44784,44683,53540,66729,72877,48358,60303,40192,55349,9735,19360,4421,4232,10793,13142,10738,14738,12626,19596,17466,22383,22890,28822,31345,42552,8266,16410,457782,220983,62484,36695,144457,19434,3267,72,43
2021-05-24T23:59:59+02:00,40,36,14244,15177,37624,42484,39440,44112,43820,52757,66199,72393,48233,60125,40128,55226,9715,19316,4278,4107,10347,12681,10098,14152,11745,18765,16180,21127,22221,27991,31128,42224,8207,16320,453160,214097,61255,35755,143725,18822,2857,72,42
2021-05-23T23:59:59+02:00,36,36,14076,15004,37154,42111,38990,43707,43368,52353,65930,72165,48158,60034,40090,55180,9707,19292,4088,3967,9884,12207,9475,13543,10805,17951,14987,20062,21755,27425,30876,41937,8158,16237,449971,207110,60878,35674,143698,17761,2772,72,42
2021-05-22T23:59:59+02:00,34,34,13880,14788,36468,41547,38311,43253,42797,51944,64911,71154,47953,59778,40020,55067,9697,19271,3976,3672,9668,11794,9322,13215,10564,17506,14718,19662,21662,27308,30842,41897,8151,16228,443536,205890,60875,35671,143683,15843,2741,72,42
2021-05-21T23:59:59+02:00,33,33,13501,14386,35396,40631,37249,42324,41733,51047,63557,69872,47723,59441,39939,54920,9680,19238,3870,3576,9461,11529,9112,12951,10234,17178,14307,19293,21442,27022,30782,41807,8142,16220,433937,203948,60522,35365,143448,14850,2725,71,40
2021-05-20T23:59:59+02:00,31,33,12707,13662,33957,39173,35828,40916,40331,49850,62274,68720,47433,59099,39796,54739,9659,19187,3722,3395,8935,10927,8465,12242,9536,16332,13552,18331,20627,25904,30588,41510,8103,16134,423739,199586,58821,34520,142418,11811,2348,69,40
2021-05-19T23:59:59+02:00,31,32,12170,13098,32778,37749,34725,39535,39206,48891,60274,66953,46957,58541,39613,54477,9618,19081,3619,3263,8662,10551,8169,11867,9094,15824,12915,17669,19763,24775,30362,41207,8047,16019,412902,195343,57303,33707,141309,10574,2146,69,38
2021-05-18T23:59:59+02:00,28,32,11748,12655,31734,36730,33632,38620,38166,47956,58217,65096,46602,58092,39459,54238,9586,19022,3421,3100,8168,9945,7698,11322,8553,15157,12234,16900,18822,23544,30125,40864,8010,15914,404250,191257,55343,32865,140113,7779,1840,67,38
2021-05-17T23:59:59+02:00,26,31,11497,12379,31217,36173,33136,38060,37576,47322,56316,63387,45902,57270,39183,53840,9549,18949,3339,2991,7906,9663,7405,11023,8152,14745,11665,16297,17906,22413,29892,40545,7975,15840,396671,186888,54219,32118,139304,7163,1553,66,37
2021-05-16T23:59:59+02:00,26,31,11275,12125,30695,35669,32674,37568,37054,46750,54422,61562,45357,56571,38989,53521,9522,18894,3238,2892,7618,9373,7084,10678,7676,14282,11085,15713,16975,21265,29683,40255,7937,15771,389714,182608,53251,31272,138640,6577,1035,65,35
2021-05-15T23:59:59+02:00,26,31,11121,11922,30417,35336,32436,37248,36824,46488,52852,60084,45107,56265,38912,53383,9516,18866,3217,2874,7593,9344,7069,10657,7657,14269,11068,15692,16865,21049,29474,39948,7929,15761,383910,181619,53247,31271,138594,6526,1018,65,34
2021-05-14T23:59:59+02:00,26,31,10873,11642,29949,34828,32056,36786,36311,46015,50982,58254,44745,55764,38772,53176,9500,18826,3190,2855,7523,9272,7013,10585,7598,14211,10885,15493,16134,19983,29188,39462,7912,15721,376118,178706,52920,30932,138465,6387,968,65,34
2021-05-13T23:59:59+02:00,23,30,10590,11317,29301,34188,31457,36182,35638,45349,49513,56737,44314,55136,38602,52933,9473,18780,3122,2809,7396,9171,6926,10491,7494,14102,10559,15147,15077,18749,28802,38819,7869,15647,369027,174910,51902,30370,137713,6012,857,64,33
2021-05-12T23:59:59+02:00,23,28,10461,11174,29019,33870,31190,35889,35326,45035,49228,56429,44215,55033,38549,52855,9466,18742,3110,2783,7362,9135,6896,10456,7466,14063,10392,14991,14705,18317,28499,38336,7847,15600,366359,172863,51821,30360,137554,5968,735,63,33
2021-05-11T23:59:59+02:00,22,25,10115,10851,28166,33044,30359,35135,34465,44252,47494,54661,43761,54439,38374,52564,9428,18640,3023,2686,7117,8855,6673,10156,7251,13693,9912,14443,13725,17168,28085,37719,7810,15505,359445,169193,50116,29468,135662,4619,509,63,33
2021-05-10T23:59:59+02:00,21,25,9809,10574,27421,32344,29582,34434,33696,43484,46189,53396,43378,53928,38185,52259,9378,18527,2981,2640,6990,8732,6578,10038,7112,13511,9647,14136,13031,16308,27658,37109,7784,15424,353195,166381,48999,29087,133976,3781,400,60,31
2021-05-09T23:59:59+02:00,20,25,9577,10329,26739,31660,28915,33733,32973,42787,44666,51925,42878,53309,37985,51955,9341,18442,2934,2594,6867,8589,6471,9896,7000,13299,9331,13825,12233,15407,27295,36574,7764,15368,346119,163532,47924,28531,132847,3041,313,56,31
2021-05-08T23:59:59+02:00,20,25,9484,10262,26354,31359,28469,33419,32518,42483,43634,51097,42726,53146,37944,51893,9339,18436,2931,2590,6859,8584,6465,9888,6992,13287,9321,13813,12195,15345,26618,35625,7727,15292,341602,161663,47882,28504,132761,3028,307,56,31
2021-05-07T23:59:59+02:00,19,25,9343,10114,25883,30979,28021,33045,32012,42134,42595,50271,42455,52806,37831,51733,9327,18409,2884,2564,6806,8543,6409,9833,6941,13235,9148,13592,11564,14533,25679,34245,7680,15210,336479,157578,47575,28135,132603,2834,289,56,31
2021-05-06T23:59:59+02:00,17,24,8945,9825,24966,30210,26960,32244,30783,41317,40978,49063,42075,52259,37636,51490,9289,18336,2820,2518,6676,8397,6294,9704,6793,13047,8878,13295,10916,13672,24717,32864,7647,15149,328632,153799,46500,27182,130952,2098,278,55,31
2021-05-05T23:59:59+02:00,17,23,8579,9625,24085,29611,26096,31580,29695,40527,39000,47250,41630,51706,37429,51209,9232,18224,2779,2487,6558,8268,6192,9590,6691,12906,8633,13037,10209,12844,23704,31540,7618,15078,320782,149917,45648,26295,128839,1698,194,55,31
2021-05-04T23:59:59+02:00,17,22,8336,9398,23290,28964,25122,30840,28624,39693,37489,45785,41162,51121,37151,50862,9185,18103,2740,2466,6485,8196,6110,9523,6617,12825,8396,12817,9479,11990,22759,30298,7584,15015,314132,146199,44683,25489,126205,1494,89,55,30
2021-05-03T23:59:59+02:00,17,21,8133,9184,22591,28384,24284,30235,27717,38998,36530,45035,40814,50649,36937,50573,9135,17999,2695,2435,6415,8119,6031,9458,6527,12741,8168,12604,8736,11091,21844,29082,7553,14965,309272,142464,43907,24669,123954,1253,49,54,30
2021-05-02T23:59:59+02:00,17,21,7970,9019,21953,27807,23545,29644,26899,38376,35716,44400,40555,50320,36825,50387,9101,17942,2657,2412,6373,8078,5994,9423,6487,12701,7986,12431,8136,10355,21135,28215,7532,14947,304446,139279,43138,24394,122818,1119,42,53,29
2021-05-01T23:59:59+02:00,16,21,7818,8836,21580,27350,23063,29069,26256,37666,34892,43505,40293,49945,36728,50234,9095,17925,2651,2406,6347,8068,5979,9414,6469,12687,7969,12416,8099,10291,21096,28158,7528,14943,298348,138988,43137,24387,122712,1076,42,53,29
2021-04-30T23:59:59+02:00,16,20,7670,8658,21193,26920,22618,28502,25508,36889,33884,42540,40064,49626,36631,50080,9083,17904,2633,2393,6322,8050,5957,9397,6442,12667,7937,12382,8059,10221,21046,28075,7525,14934,292058,138677,43130,24314,122530,985,36,52,29
2021-04-29T23:59:59+02:00,15,20,7401,8418,20600,26347,21947,27819,24576,35924,32609,41204,39020,48223,36313,49604,9026,17776,2601,2359,6230,7940,5872,9295,6348,12525,7733,12106,7436,9498,20640,27559,7503,14860,283317,136613,42346,23087,121096,743,36,47,27
2021-04-28T23:59:59+02:00,14,18,7126,8200,20079,25873,21310,27220,23690,35077,31214,39753,37860,46636,35971,49112,8963,17634,2532,2311,6121,7819,5763,9165,6246,12375,7514,11836,6748,8653,20224,26984,7462,14789,274639,134169,41574,21792,119458,519,36,43,27
2021-04-27T23:59:59+02:00,13,18,6943,8022,19646,25448,20690,26684,22836,34299,30002,38431,36772,45193,35589,48542,8893,17507,2507,2286,6018,7722,5710,9067,6180,12252,7299,11638,6147,7916,19818,26487,7442,14766,266828,132072,40710,20849,117911,272,36,43,27
2021-04-26T23:59:59+02:00,12,18,6761,7857,19228,25024,20147,26159,22031,33542,28787,37196,35712,43771,35283,48058,8843,17383,2495,2276,5975,7680,5665,9027,6144,12208,7113,11473,5533,7185,19446,26039,7418,14739,259143,130111,39884,20005,116710,241,33,42,27
2021-04-25T23:59:59+02:00,12,17,6656,7724,18890,24754,19768,25820,21418,32925,27803,36240,34582,42342,34968,47628,8801,17301,2483,2269,5957,7656,5646,9010,6124,12183,7076,11446,5406,7004,19111,25575,7402,14695,251956,129490,39170,19264,116449,231,32,42,27
2021-04-24T23:59:59+02:00,12,17,6492,7548,18447,24322,19209,25283,20635,32124,26722,35192,34331,42028,34874,47463,8791,17289,2479,2263,5944,7646,5638,8999,6119,12179,7066,11439,5333,6893,19013,25434,7399,14687,245996,129036,39165,19225,115544,213,32,42,26
2021-04-23T23:59:59+02:00,12,17,6269,7347,17999,23848,18639,24671,19810,31310,25565,33997,33555,40854,34730,47228,8777,17266,2473,2245,5917,7622,5601,8960,6074,12135,7020,11387,5167,6616,18475,24807,7299,14518,238426,127192,38837,18878,114558,191,32,41,24
2021-04-22T23:59:59+02:00,11,16,6054,7139,17394,23260,17846,23889,18760,30288,24246,32565,32514,39501,34485,46872,8739,17188,2459,2230,5873,7571,5552,8876,5999,12057,6944,11317,4883,6198,17763,23934,7180,14324,229390,125035,37920,17914,113387,157,32,38,23
2021-04-21T23:59:59+02:00,11,15,5855,6958,16863,22789,17185,23286,17778,29391,22692,30974,31510,38270,34188,46434,8691,17100,2435,2213,5831,7516,5494,8801,5933,11957,6849,11237,4723,5923,17065,23085,7064,14142,220516,122946,37151,17143,112255,125,32,36,23
2021-04-20T23:59:59+02:00,10,14,5672,6764,16307,22314,16444,22627,16782,28390,21224,29505,30364,36781,33873,45999,8640,17010,2422,2198,5782,7478,5454,8756,5885,11891,6770,11172,4604,5768,16464,22311,6938,13963,211532,121261,36269,16427,110852,117,31,36,21
2021-04-19T23:59:59+02:00,10,14,5485,6607,15775,21884,15767,22069,15792,27512,19832,28104,28990,35147,33556,45521,8582,16892,2411,2184,5757,7445,5417,8722,5846,11845,6689,11096,4478,5607,15815,21601,6830,13801,202839,119617,35490,15762,109145,114,31,34,21
2021-04-18T23:59:59+02:00,9,14,5298,6466,15341,21560,15149,21508,14821,26725,18494,26966,27603,33496,33225,45103,8524,16805,2360,2138,5626,7324,5303,8608,5739,11694,6584,10977,4362,5420,15222,20935,6717,13622,194306,117979,34660,14492,108076,110,31,34,20
2021-04-17T23:59:59+02:00,9,13,5262,6431,15187,21485,14973,21423,14586,26546,18240,26745,27096,32955,33099,44955,8515,16790,2333,2098,5526,7170,5196,8449,5639,11506,6494,10844,4310,5357,14981,20641,6707,13609,193088,116221,34655,14488,106502,101,31,34,20
2021-04-16T23:59:59+02:00,9,13,5199,6377,15011,21334,14762,21263,14304,26299,17825,26334,26053,31725,32966,44743,8494,16767,2287,2048,5409,6984,5059,8267,5487,11263,6297,10621,4105,5123,14335,19850,6609,13464,189746,112976,34367,14090,105300,92,31,34,20
2021-04-15T23:59:59+02:00,7,12,5130,6300,14798,21120,14494,20973,13875,25949,17190,25702,24691,30118,32710,44420,8458,16688,2217,1964,5213,6748,4857,7946,5280,10946,6081,10336,3907,4873,13505,18767,6494,13297,185192,109152,33558,13147,103820,82,31,34,20
2021-04-14T23:59:59+02:00,7,12,5050,6229,14594,20919,14240,20749,13485,25615,16524,25084,23115,28333,32398,44017,8405,16594,2028,1844,4995,6485,4668,7696,5053,10697,5847,10051,3771,4664,12778,17849,6367,13083,180591,106058,32684,11692,102030,76,31,34,20
2021-04-13T23:59:59+02:00,7,12,4998,6182,14394,20784,14006,20568,13143,25319,15954,24581,21412,26490,32082,43600,8373,16488,1943,1792,4828,6298,4483,7475,4852,10442,5643,9816,3635,4498,12261,17233,6244,12922,176371,103673,31809,10576,100149,66,31,33,20
2021-04-12T23:59:59+02:00,7,11,4934,6116,14178,20587,13701,20305,12757,24906,15376,24028,19819,24549,31792,43240,8332,16414,1813,1701,4647,6139,4333,7299,4690,10250,5506,9657,3516,4343,11830,16723,6133,12759,172014,101989,30756,9238,98218,64,31,33,18
2021-04-11T23:59:59+02:00,7,11,4865,6041,13954,20389,13405,20094,12343,24555,14815,23519,18312,22775,31531,42898,8289,16334,1776,1665,4527,6026,4222,7176,4568,10119,5372,9527,3402,4224,11339,16113,6002,12552,167731,100242,29797,8260,96547,62,30,32,17
2021-04-10T23:59:59+02:00,7,11,4860,6033,13935,20375,13396,20083,12326,24537,14791,23500,17624,21853,31240,42480,8271,16307,1772,1653,4515,6015,4207,7162,4555,10105,5319,9461,3299,4111,10782,15278,5873,12354,166662,98097,29770,8260,95137,60,28,32,17
2021-04-09T23:59:59+02:00,7,11,4847,6016,13898,20325,13352,20035,12279,24483,14531,23247,16106,19964,30835,41835,8237,16264,1748,1643,4493,6000,4181,7135,4514,10071,5281,9412,3214,3992,9915,14290,5724,12156,164044,95657,29429,8012,92742,59,26,31,16
2021-04-08T23:59:59+02:00,7,11,4804,5988,13797,20251,13271,19955,12179,24379,14196,22888,14339,17755,30218,40826,8179,16143,1727,1630,4461,5947,4129,7050,4450,9991,5209,9335,3106,3889,9437,13689,5519,11911,160219,93812,28401,7577,90519,58,18,29,16
2021-04-07T23:59:59+02:00,7,11,4774,5959,13692,20169,13177,19870,12076,24277,13815,22530,12832,15903,29574,39853,8124,16045,1708,1618,4408,5880,4045,6976,4361,9907,5119,9235,3019,3794,8692,12594,5284,11506,155810,91262,27525,6804,89307,48,17,29,16
2021-04-06T23:59:59+02:00,7,11,4745,5933,13593,20102,13095,19809,12000,24212,13439,22179,11199,13899,28912,38883,8092,15974,1648,1564,4278,5752,3937,6852,4242,9759,5016,9106,2904,3672,7987,11665,5012,11141,151797,88878,26643,5582,87600,46,15,29,15
2021-04-05T23:59:59+02:00,7,10,4707,5905,13516,20035,13028,19741,11945,24132,13167,21925,9589,11954,28185,37833,8057,15912,1577,1495,4123,5602,3769,6696,4088,9610,4861,8978,2772,3555,7179,10703,4741,10752,148604,86509,25626,3921,85375,43,14,29,15
2021-04-04T23:59:59+02:00,7,10,4693,5887,13505,20015,13020,19723,11937,24112,13070,21855,8566,10694,27738,37192,8032,15855,1575,1493,4115,5596,3767,6691,4083,9605,4859,8970,2767,3546,6943,10238,4657,10627,146877,85551,25622,3921,83372,37,11,29,13
2021-04-03T23:59:59+02:00,7,10,4690,5877,13488,19995,13010,19713,11927,24102,13056,21837,7662,9626,26856,35950,7983,15743,1571,1489,4113,5591,3765,6688,4075,9593,4845,8957,2760,3534,6805,9976,4618,10547,144402,84947,25614,3921,81478,37,10,28,13
2021-04-02T23:59:59+02:00,7,10,4685,5859,13451,19970,12971,19670,11883,24054,12982,21770,7149,8879,25272,33850,7837,15475,1562,1473,4087,5568,3739,6647,4039,9532,4723,8670,2632,3379,6430,9581,4469,10345,139952,83123,25276,3695,80510,37,9,27,13
2021-04-01T23:59:59+02:00,6,9,4637,5800,13357,19825,12855,19519,11734,23898,12384,21321,6586,8174,23767,31879,7711,15238,1496,1427,3978,5444,3672,6576,3971,9466,4645,8567,2538,3238,5918,8896,4299,10071,135761,80860,24139,3291,78767,32,8,25,12
2021-03-31T23:59:59+02:00,6,9,4586,5745,13232,19672,12723,19365,11546,23718,12122,21061,6267,7803,22290,29927,7561,15009,1483,1416,3954,5421,3640,6548,3931,9419,4607,8514,2475,3163,5436,8250,4125,9832,131834,79093,23052,3074,77726,32,5,25,11
2021-03-30T23:59:59+02:00,6,9,4522,5680,13094,19522,12610,19190,11415,23553,11952,20922,6077,7588,20904,28200,7417,14806,1466,1380,3913,5388,3576,6478,3843,9305,4476,8343,2340,2958,5016,7695,3982,9576,128480,76871,22127,2832,76835,20,2,23,11
2021-03-29T23:59:59+02:00,6,9,4482,5642,12975,19429,12543,19106,11333,23451,11803,20787,5920,7390,19488,26521,7289,14605,1407,1339,3858,5344,3502,6408,3725,9161,4326,8153,2218,2817,4453,7027,3828,9300,124906,74216,21262,2620,76586,19,2,23,10
2021-03-28T23:59:59+02:00,6,9,4435,5578,12854,19292,12458,19012,11232,23355,11697,20686,5769,7184,18310,25015,7170,14410,1374,1295,3760,5237,3309,6183,3638,9044,4276,8097,2164,2753,3694,6006,3643,9032,121912,71163,20473,2321,76063,11,2,22,9
2021-03-27T23:59:59+01:00,6,9,4403,5527,12747,19127,12343,18847,11118,23150,11590,20537,5704,7102,18024,24669,7159,14395,1368,1292,3755,5233,3306,6176,3352,8695,4078,7799,2158,2750,3680,5973,3609,8971,120076,69858,20434,2321,75923,6,2,22,9
2021-03-26T23:59:59+01:00,6,8,4367,5474,12636,18937,12210,18645,10965,22920,11429,20326,5541,6887,17421,23876,7060,14245,1367,1291,3750,5226,3283,6158,3333,8675,3866,7350,1981,2345,3416,5689,3458,8738,116980,67598,20096,2314,75854,5,1,22,9
2021-03-25T23:59:59+01:00,6,8,4299,5386,12438,18697,12005,18316,10751,22592,11188,19999,5329,6603,16392,22569,6932,14056,1358,1281,3729,5200,3249,6130,3282,8638,3820,7306,1909,2232,2982,5007,3300,8433,113000,65631,19024,2213,75519,3,1,22,9
2021-03-24T23:59:59+01:00,6,8,4219,5275,12225,18245,11786,17903,10529,22201,10954,19626,5060,6257,15352,21352,6793,13832,1335,1268,3705,5155,3213,6067,3227,8568,3766,7233,1856,2173,2675,4673,3148,8158,109894,64238,17931,1970,73775,3,1,22,9
2021-03-23T23:59:59+01:00,6,8,4163,5211,12058,17902,11587,17550,10337,21837,10734,19338,4928,6061,14712,20537,6653,13659,1320,1262,3690,5137,3192,6049,3202,8517,3729,7190,1821,2114,2446,4404,2940,7837,107546,62910,17205,1928,72507,3,1,22,9
2021-03-22T23:59:59+01:00,6,8,4115,5134,11862,17569,11399,17222,10112,21510,10519,19033,4777,5855,14094,19822,6520,13473,1307,1253,3663,5104,3160,6013,3173,8461,3693,7145,1777,2058,2247,4154,2745,7504,105693,61657,16487,1788,70828,3,1,21,9
2021-03-21T23:59:59+01:00,6,8,4041,5011,11580,17158,11118,16815,9842,21056,10263,18680,4663,5684,13398,19031,6379,13265,1299,1252,3646,5088,3139,5980,3150,8431,3673,7123,1759,2031,2082,3992,2573,7236,103813,60659,15188,1783,68975,3,1,21,9
2021-03-20T23:59:59+01:00,5,8,4011,4942,11437,16823,10993,16497,9699,20753,10087,18398,4536,5524,12768,18080,6242,13050,1298,1251,3646,5086,3136,5979,3147,8426,3668,7119,1755,2026,2051,3931,2550,7195,101618,60469,15183,1783,67030,3,1,21,9
2021-03-19T23:59:59+01:00,5,7,3967,4862,11270,16463,10811,16142,9526,20373,9873,18038,4377,5329,11744,16868,6081,12839,1289,1244,3628,5058,3106,5902,3102,8333,3566,6944,1630,1914,1977,3869,2438,6987,98922,59196,14774,1779,64858,3,1,20,9
2021-03-18T23:59:59+01:00,5,7,3880,4759,11024,16037,10542,15698,9247,19904,9650,17695,4233,5163,11120,16001,5853,12572,1285,1233,3611,5023,3086,5858,3080,8277,3539,6897,1611,1881,1938,3799,2315,6777,97122,58510,13767,1688,62480,3,1,20,9
2021-03-17T23:59:59+01:00,5,7,3709,4644,10729,15617,10277,15338,9005,19542,9399,17347,4114,4996,10306,14758,5591,12149,1284,1230,3597,5005,3080,5838,3070,8243,3521,6873,1610,1857,1914,3770,2205,6590,94476,58001,12225,1674,60811,3,1,20,9
2021-03-16T23:59:59+01:00,5,7,3567,4519,10389,15154,10003,14968,8730,19099,9103,16983,3971,4830,9489,13634,5310,11790,1270,1227,3593,4998,3069,5834,3064,8232,3514,6859,1586,1834,1875,3719,2085,6412,92142,57565,11036,1594,58353,3,1,19,9
2021-03-15T23:59:59+01:00,5,7,3419,4403,10074,14686,9711,14509,8433,18625,8815,16570,3825,4660,8781,12569,5086,11469,1260,1219,3573,4986,3057,5810,3044,8193,3494,6816,1571,1821,1858,3686,1970,6227,90178,56981,9672,1593,55780,3,0,17,9
2021-03-14T23:59:59+01:00,5,7,3349,4314,9808,14253,9456,14107,8115,18133,8535,16175,3662,4474,7980,11334,4778,11014,1246,1213,3552,4968,3036,5769,3022,8113,3466,6748,1545,1771,1797,3559,1805,5838,87869,56454,8654,983,52962,3,0,14,9
2021-03-13T23:59:59+01:00,5,7,3273,4061,9496,13584,9213,13527,7890,17559,8331,15743,3554,4372,7789,11041,4730,10926,1246,1213,3552,4968,3036,5769,3021,8113,3464,6746,1541,1770,1795,3555,1804,5837,87215,56437,8654,983,49218,2,0,14,9
2021-03-12T23:59:59+01:00,5,7,3212,3924,9250,13044,8975,12996,7657,16923,7974,14992,3391,4202,7406,10633,4592,10737,1242,1210,3547,4954,3033,5766,3014,8105,3460,6740,1514,1741,1774,3537,1704,5659,85441,56008,8408,982,46057,2,0,14,9
2021-03-11T23:59:59+01:00,5,7,3061,3656,8874,12284,8671,12320,7324,16140,7632,14348,3234,4000,6851,9914,4402,10425,1223,1200,3513,4910,2991,5689,2979,7981,3409,6642,1470,1688,1695,3337,1506,5145,82994,55264,7963,105,42178,1,0,13,9
2021-03-10T23:59:59+01:00,5,7,2996,3549,8375,11773,7994,11837,7003,15649,7332,13757,3074,3843,6291,9219,4231,10151,1212,1186,3483,4852,2960,5613,2943,7841,3355,6520,1432,1648,1637,3241,1390,4866,81176,54089,7412,82,38486,0,0,12,9
2021-03-09T23:59:59+01:00,5,6,2891,3373,7691,11322,7097,11350,6584,15037,6967,13150,2844,3542,5783,8588,4075,9875,1207,1182,3461,4805,2933,5548,2926,7789,3337,6474,1417,1624,1602,3198,1285,4668,78882,53402,6056,48,35230,0,0,12,7
2021-03-08T23:59:59+01:00,5,6,2718,3138,7049,10778,6283,10871,6183,14508,6573,12583,2633,3331,5180,7849,3929,9607,1200,1176,3440,4739,2908,5472,2887,7695,3305,6398,1410,1615,1599,3190,1280,4665,76058,52927,4918,46,32237,0,0,11,7
2021-03-07T23:59:59+01:00,5,6,2606,3006,6718,10277,5872,10330,5887,14058,6333,12194,2535,3240,4415,6786,3712,9324,1197,1173,3437,4734,2903,5460,2883,7678,3297,6385,1405,1602,1578,3150,1265,4624,72805,52721,4087,44,30402,0,0,10,7
2021-03-06T23:59:59+01:00,5,5,2561,2864,6534,9823,5673,9913,5411,13202,5959,11454,2514,3213,4409,6775,3711,9322,1197,1172,3434,4729,2901,5459,2882,7677,3296,6382,1403,1599,1578,3148,1264,4624,71577,52695,4087,44,27674,0,0,10,7
2021-03-05T23:59:59+01:00,5,5,2469,2609,6321,9239,5459,9515,5234,12635,5575,10476,2288,2749,4030,6393,3572,9107,1185,1169,3416,4713,2896,5446,2874,7659,3285,6363,1389,1592,1577,3144,1259,4620,69248,52538,3854,44,24569,0,0,10,6
2021-03-04T23:59:59+01:00,5,5,2393,2404,6106,8803,5296,9173,5053,12214,5400,10097,2196,2579,3477,5569,3406,8769,1173,1155,3373,4615,2863,5380,2842,7561,3252,6289,1369,1585,1563,3130,1251,4609,67199,51963,3414,44,22322,0,0,10,4
2021-03-03T23:59:59+01:00,4,5,2336,2353,5936,8388,5125,8812,4839,11762,5210,9651,2114,2471,3074,5131,3247,8475,1153,1147,3339,4567,2826,5315,2802,7462,3205,6215,1349,1560,1544,3099,1245,4592,65773,51376,3171,42,19979,0,0,10,3
2021-03-02T23:59:59+01:00,4,5,2282,2265,5774,8054,4967,8555,4676,11360,5049,9333,2048,2380,2769,4774,3030,8154,1148,1138,3321,4546,2811,5289,2785,7413,3197,6187,1344,1549,1526,3082,1242,4586,64421,51120,2910,42,18138,0,0,10,3
2021-03-01T23:59:59+01:00,4,5,2256,2238,5670,7838,4867,8410,4592,11208,4949,9159,1993,2303,2473,4452,2842,7838,1142,1135,3307,4528,2799,5260,2769,7367,3183,6159,1338,1546,1519,3073,1239,4582,63158,50902,2689,42,17240,0,0,10,3
2021-02-28T23:59:59+01:00,3,5,2204,2195,5492,7578,4691,8189,4456,11022,4842,9033,1956,2241,2178,4150,2639,7529,1133,1129,3292,4518,2792,5253,2763,7353,3176,6145,1333,1543,1512,3057,1238,4550,62048,50743,2387,42,15958,0,0,10,3
2021-02-27T23:59:59+01:00,3,5,2117,1886,5315,7153,4593,7877,4373,10673,4770,8783,1928,2180,2150,4105,2619,7475,1129,1125,3290,4517,2787,5251,2759,7350,3171,6142,1331,1543,1512,3056,1237,4550,61816,50709,2387,39,13792,0,0,10,3
2021-02-26T23:59:59+01:00,3,5,2060,1808,5168,6914,4446,7617,4222,10408,4561,8500,1799,2073,2089,4068,2512,7295,1108,1112,3273,4483,2775,5211,2746,7297,3149,6088,1325,1532,1508,3048,1236,4548,60489,50399,2381,38,12668,0,0,10,3
2021-02-25T23:59:59+01:00,3,5,1943,1709,4842,6512,4018,7156,3936,9894,4326,8119,1741,2015,2056,4007,2402,7101,1092,1097,3236,4440,2745,5159,2700,7190,3109,5995,1315,1516,1494,3008,1223,4489,60013,49770,2274,36,9488,0,0,10,3
2021-02-24T23:59:59+01:00,3,5,1914,1649,4725,6298,3913,6941,3814,9652,4202,7959,1719,1983,2024,3965,2290,6903,1079,1092,3209,4378,2709,5093,2675,7106,3080,5924,1299,1499,1469,2960,1211,4420,59468,49176,2028,25,8453,0,0,10,3
2021-02-23T23:59:59+01:00,3,5,1689,1502,4351,5808,3632,6547,3594,9273,4047,7674,1690,1952,1980,3918,2177,6720,1060,1081,3171,4350,2681,5036,2650,7030,3045,5865,1279,1479,1442,2925,1201,4370,59014,48652,1981,11,5557,0,0,10,3
2021-02-22T23:59:59+01:00,3,5,1680,1483,4300,5749,3596,6484,3530,9180,3986,7579,1658,1925,1954,3867,2060,6523,1056,1068,3150,4305,2661,4997,2625,6970,3016,5812,1267,1465,1433,2915,1193,4361,58473,48286,1839,6,5240,0,0,10,3
2021-02-21T23:59:59+01:00,3,5,1668,1479,4270,5716,3553,6446,3489,9126,3942,7529,1650,1918,1949,3858,1940,6360,1050,1057,3129,4267,2632,4947,2610,6901,2987,5725,1253,1449,1413,2855,1169,4284,58130,47720,1833,6,4928,0,0,10,3
2021-02-20T23:59:59+01:00,3,5,1667,1478,4265,5713,3551,6445,3489,9125,3941,7528,1645,1916,1947,3854,1939,6360,1050,1057,3127,4265,2632,4947,2609,6900,2987,5725,1253,1448,1412,2855,1169,4284,58115,47712,1833,6,4913,0,0,10,3
2021-02-19T23:59:59+01:00,3,5,1649,1471,4252,5693,3540,6431,3478,9115,3931,7513,1619,1887,1926,3836,1839,6180,1049,1056,3126,4264,2631,4946,2609,6898,2984,5723,1253,1447,1412,2854,1169,4284,57696,47697,1828,6,4836,0,0,8,3
2021-02-18T23:59:59+01:00,3,5,1605,1440,4156,5582,3469,6329,3390,8951,3846,7372,1597,1852,1892,3766,1709,5983,1003,1013,2987,4039,2505,4674,2498,6563,2877,5459,1222,1404,1380,2769,1143,4135,57051,45664,1738,6,4150,0,0,8,2
2021-02-17T23:59:59+01:00,3,4,1583,1411,4060,5432,3384,6179,3272,8716,3719,7171,1545,1784,1820,3665,1592,5678,946,963,2834,3817,2388,4362,2371,6152,2748,5147,1173,1344,1334,2662,1096,3973,55842,43302,1727,6,3441,0,0,8,2
2021-02-16T23:59:59+01:00,3,4,1509,1344,3900,5234,3247,5998,3164,8484,3597,7005,1521,1758,1785,3635,1479,5471,860,931,2703,3660,2289,4151,2245,5830,2617,4893,1117,1253,1189,2361,842,3361,55151,40297,1710,3,2271,0,0,6,2
2021-02-15T23:59:59+01:00,3,4,1494,1326,3854,5148,3188,5911,3107,8369,3530,6899,1510,1744,1770,3612,1471,5451,825,909,2622,3531,2213,3971,2161,5552,2529,4680,1074,1189,1103,2187,778,3146,54686,38468,1708,1,1991,0,0,6,1
2021-02-14T23:59:59+01:00,3,4,1428,1298,3769,5071,3145,5802,3051,8215,3486,6790,1490,1713,1718,3485,1416,5204,816,903,2573,3463,2174,3903,2107,5432,2463,4573,1047,1153,1018,2015,707,2911,54443,37256,1097,1,1542,0,0,6,1
2021-02-13T23:59:59+01:00,3,4,1426,1297,3761,5066,3138,5801,3048,8213,3483,6788,1489,1710,1718,3483,1414,5204,816,903,2573,3463,2174,3903,2105,5431,2462,4573,1045,1152,1018,2015,707,2911,54424,37251,1096,0,1520,0,0,6,0
2021-02-12T23:59:59+01:00,3,3,1393,1281,3723,5032,3116,5781,3026,8180,3464,6743,1473,1700,1708,3466,1405,5185,809,895,2540,3410,2140,3858,2075,5377,2444,4542,1044,1151,1017,2015,706,2909,54197,36932,1094,0,1385,0,0,6,0
2021-02-11T23:59:59+01:00,3,3,1346,1238,3610,4860,3025,5608,2928,7869,3364,6531,1413,1640,1641,3288,1321,4859,772,832,2285,2966,1914,3381,1844,4632,2173,4014,961,1082,931,1823,657,2640,53566,32907,128,0,849,0,0,4,0
2021-02-10T23:59:59+01:00,3,3,1325,1216,3551,4750,2959,5504,2886,7719,3310,6400,1396,1623,1614,3249,1308,4822,695,775,1993,2557,1704,2932,1605,4025,1916,3552,851,935,768,1451,529,2150,52919,28438,126,0,590,0,0,3,0
2021-02-09T23:59:59+01:00,3,2,1312,1198,3496,4681,2929,5435,2866,7623,3273,6332,1389,1609,1586,3227,1298,4809,647,697,1732,2201,1510,2543,1420,3526,1744,3188,820,901,745,1379,508,2037,52609,25598,121,0,335,0,0,3,0
2021-02-08T23:59:59+01:00,3,2,1298,1194,3467,4651,2909,5398,2845,7571,3254,6302,1379,1602,1577,3201,1296,4791,634,663,1581,1964,1369,2289,1286,3218,1584,2928,781,880,697,1273,476,1868,52310,23491,95,0,332,0,0,3,0
2021-02-07T23:59:59+01:00,3,2,1166,1151,3360,4595,2855,5356,2818,7532,3229,6265,1369,1586,1569,3179,1291,4759,487,517,1312,1608,1128,1839,1078,2628,1356,2407,675,754,615,1114,431,1652,52015,19601,67,0,0,0,0,3,0
2021-02-06T23:59:59+01:00,3,2,1162,1149,3358,4593,2851,5353,2811,7529,3225,6261,1367,1584,1568,3176,1290,4759,363,368,1112,1356,991,1535,934,2214,1190,1988,586,652,587,1097,428,1649,51971,17050,67,0,0,0,0,3,0
2021-02-05T23:59:59+01:00,3,1,1151,1138,3342,4572,2844,5326,2800,7484,3206,6215,1361,1576,1565,3169,1289,4759,261,206,927,1038,842,1163,758,1762,1012,1579,469,546,560,1077,425,1645,51731,14270,67,0,0,0,0,3,0
2021-02-04T23:59:59+01:00,3,1,1135,1121,3297,4524,2803,5250,2757,7353,3158,6131,1347,1561,1552,3138,1280,4732,133,81,622,664,551,740,516,1150,670,987,288,363,460,931,387,1494,51095,10037,45,0,0,0,0,3,0
2021-02-03T23:59:59+01:00,3,1,1113,1115,3272,4479,2774,5208,2735,7300,3128,6074,1337,1552,1528,3098,1275,4687,115,65,494,513,420,597,415,909,513,743,240,284,360,730,303,1163,50632,7864,44,0,0,0,0,3,0
2021-02-02T23:59:59+01:00,3,1,1092,1102,3233,4448,2744,5155,2709,7225,3094,6010,1314,1524,1494,3041,1249,4596,105,56,411,415,348,519,367,820,460,661,219,261,315,660,279,1044,49988,6940,43,0,0,0,0,3,0
2021-02-01T23:59:59+01:00,3,1,1076,1091,3212,4395,2713,5094,2678,7098,3064,5913,1294,1496,1470,3005,1233,4533,78,41,314,310,256,394,274,611,326,496,181,211,249,523,217,813,49323,5294,43,0,0,0,0,3,0
2021-01-31T23:59:59+01:00,3,1,1071,1081,3197,4366,2689,5050,2663,7042,3050,5869,1283,1479,1450,2941,1210,4455,68,40,288,286,231,347,253,570,296,457,162,193,209,427,176,657,48854,4660,43,0,0,0,0,3,0
2021-01-30T23:59:59+01:00,3,1,1070,1081,3194,4362,2688,5050,2662,7041,3050,5868,1283,1478,1449,2941,1210,4455,68,37,281,272,218,331,248,559,292,451,161,190,208,427,176,657,48843,4576,40,0,0,0,0,3,0
2021-01-29T23:59:59+01:00,3,1,1069,1080,3193,4358,2688,5048,2662,7039,3047,5866,1283,1478,1449,2940,1210,4455,64,33,263,258,195,311,232,542,281,443,155,188,204,421,175,655,48826,4420,40,0,0,0,0,3,0
2021-01-28T23:59:59+01:00,3,1,1049,1061,3126,4253,2634,4937,2604,6883,2980,5735,1269,1456,1435,2874,1188,4335,55,18,166,154,129,187,162,357,206,280,124,145,158,262,102,378,47784,2883,37,0,0,0,0,2,0
2021-01-27T23:59:59+01:00,3,1,1004,1023,3040,4109,2553,4757,2509,6600,2896,5534,1239,1414,1399,2785,1155,4195,26,7,100,71,58,92,83,209,116,147,94,113,114,193,77,270,46187,1770,27,0,0,0,0,2,0
2021-01-26T23:59:59+01:00,2,1,927,994,2924,3974,2474,4572,2427,6420,2825,5379,1213,1365,1308,2631,941,3796,26,7,95,70,57,91,81,209,114,146,92,112,114,193,77,270,44155,1754,16,0,0,0,0,2,0
2021-01-25T23:59:59+01:00,2,1,911,977,2845,3845,2428,4424,2366,6223,2766,5228,1195,1343,1294,2606,931,3763,26,7,94,70,55,91,81,209,114,144,92,112,114,193,77,270,43136,1749,11,0,0,0,0,1,0
2021-01-24T23:59:59+01:00,2,1,901,973,2825,3830,2418,4392,2340,6184,2733,5167,1182,1337,1285,2584,918,3729,26,7,94,70,55,91,81,209,113,144,91,112,114,193,77,270,42792,1747,8,0,0,0,0,1,0
2021-01-23T23:59:59+01:00,2,1,901,973,2825,3829,2418,4392,2339,6183,2732,5167,1180,1336,1285,2584,918,3729,26,7,94,70,55,91,81,209,113,144,91,112,114,193,77,269,42787,1746,7,0,0,0,0,0,0
2021-01-22T23:59:59+01:00,2,1,895,966,2793,3783,2384,4327,2308,6108,2711,5120,1179,1335,1284,2583,917,3726,26,7,94,70,55,91,81,209,113,144,91,112,114,193,77,269,42415,1746,7,0,0,0,0,0,0
2021-01-21T23:59:59+01:00,2,1,880,898,2535,3367,2183,3910,2128,5499,2487,4634,1128,1287,1240,2462,887,3574,22,7,83,64,51,74,68,169,93,133,81,97,97,143,65,208,39095,1455,7,0,0,0,0,0,0
2021-01-20T23:59:59+01:00,2,1,805,836,2223,2961,1976,3443,1896,4890,2231,4157,1016,1147,1082,2116,774,3111,22,7,83,64,51,73,68,169,93,133,81,97,97,143,64,208,34660,1453,7,0,0,0,0,0,0
2021-01-19T23:59:59+01:00,2,1,745,758,1932,2516,1733,2981,1660,4233,1988,3685,943,1052,962,1842,677,2762,11,3,50,45,32,45,35,100,44,77,36,37,47,75,39,133,30466,809,6,0,0,0,0,0,0
2021-01-18T23:59:59+01:00,2,1,675,702,1704,2118,1495,2505,1412,3547,1732,3179,862,967,863,1636,625,2492,5,2,19,11,13,20,17,54,17,33,19,22,25,53,28,75,26514,413,3,0,0,0,0,0,0
2021-01-17T23:59:59+01:00,1,1,495,542,1387,1715,1214,1971,1156,2812,1453,2556,723,815,715,1357,515,2123,0,1,3,2,0,0,0,0,0,0,0,0,0,0,0,0,21549,6,2,0,0,0,0,0,0
2021-01-16T23:59:59+01:00,1,0,372,395,1205,1468,1094,1684,1015,2412,1296,2149,636,717,687,1341,513,2122,0,0,0,0,0,0,0,0,0,0,0,0,0,0,0,0,19106,0,1,0,0,0,0,0,0
2021-01-15T23:59:59+01:00,1,0,266,232,1021,1166,945,1337,846,1964,1116,1748,519,607,649,1308,502,2082,0,0,0,0,0,0,0,0,0,0,0,0,0,0,0,0,16308,0,1,0,0,0,0,0,0
2021-01-14T23:59:59+01:00,0,0,151,102,705,778,652,866,610,1305,751,1130,333,420,540,1126,452,1858,0,0,0,0,0,0,0,0,0,0,0,0,0,0,0,0,11779,0,0,0,0,0,0,0,0
2021-01-13T23:59:59+01:00,0,0,127,81,594,608,528,698,493,1049,593,865,280,346,454,958,394,1590,0,0,0,0,0,0,0,0,0,0,0,0,0,0,0,0,9658,0,0,0,0,0,0,0,0
2021-01-12T23:59:59+01:00,0,0,116,65,511,520,449,596,430,920,522,762,246,297,370,766,328,1242,0,0,0,0,0,0,0,0,0,0,0,0,0,0,0,0,8140,0,0,0,0,0,0,0,0
2021-01-11T23:59:59+01:00,0,0,87,52,417,421,365,485,344,743,415,589,212,246,310,637,269,1045,0,0,0,0,0,0,0,0,0,0,0,0,0,0,0,0,6637,0,0,0,0,0,0,0,0
2021-01-10T23:59:59+01:00,0,0,73,45,352,348,299,404,288,646,345,522,186,218,250,505,212,814,0,0,0,0,0,0,0,0,0,0,0,0,0,0,0,0,5507,0,0,0,0,0,0,0,0
2021-01-09T23:59:59+01:00,0,0,73,43,337,328,275,382,280,630,337,515,185,217,249,503,212,814,0,0,0,0,0,0,0,0,0,0,0,0,0,0,0,0,5380,0,0,0,0,0,0,0,0
2021-01-08T23:59:59+01:00,0,0,69,37,303,296,229,341,253,588,310,476,167,199,224,445,192,716,0,0,0,0,0,0,0,0,0,0,0,0,0,0,0,0,4845,0,0,0,0,0,0,0,0
2021-01-07T23:59:59+01:00,0,0,58,25,213,198,160,242,194,421,239,340,138,160,170,288,121,445,0,0,0,0,0,0,0,0,0,0,0,0,0,0,0,0,3412,0,0,0,0,0,0,0,0
2021-01-06T23:59:59+01:00,0,0,47,16,163,120,113,161,144,294,176,240,108,128,129,222,82,312,0,0,0,0,0,0,0,0,0,0,0,0,0,0,0,0,2455,0,0,0,0,0,0,0,0
2021-01-05T23:59:59+01:00,0,0,29,8,97,72,58,94,86,212,115,149,98,118,120,204,81,291,0,0,0,0,0,0,0,0,0,0,0,0,0,0,0,0,1832,0,0,0,0,0,0,0,0
2021-01-04T23:59:59+01:00,0,0,27,8,97,71,55,92,86,212,115,147,98,117,120,204,81,291,0,0,0,0,0,0,0,0,0,0,0,0,0,0,0,0,1821,0,0,0,0,0,0,0,0
2021-01-03T23:59:59+01:00,0,0,27,8,97,71,55,92,86,212,114,147,97,117,120,204,81,291,0,0,0,0,0,0,0,0,0,0,0,0,0,0,0,0,1819,0,0,0,0,0,0,0,0
2021-01-02T23:59:59+01:00,0,0,27,8,97,71,55,92,86,212,113,147,97,117,120,204,81,290,0,0,0,0,0,0,0,0,0,0,0,0,0,0,0,0,1817,0,0,0,0,0,0,0,0
2021-01-01T23:59:59+01:00,0,0,27,8,97,71,55,92,86,212,113,146,97,117,120,204,81,290,0,0,0,0,0,0,0,0,0,0,0,0,0,0,0,0,1816,0,0,0,0,0,0,0,0
2020-12-31T23:59:59+01:00,0,0,27,8,97,71,55,92,86,212,112,146,97,117,120,204,81,290,0,0,0,0,0,0,0,0,0,0,0,0,0,0,0,0,1815,0,0,0,0,0,0,0,0
2020-12-30T23:59:59+01:00,0,0,27,8,97,71,54,92,86,212,112,146,97,117,120,204,80,290,0,0,0,0,0,0,0,0,0,0,0,0,0,0,0,0,1813,0,0,0,0,0,0,0,0
2020-12-29T23:59:59+01:00,0,0,15,2,65,53,32,61,50,138,64,89,47,51,67,119,51,195,0,0,0,0,0,0,0,0,0,0,0,0,0,0,0,0,1099,0,0,0,0,0,0,0,0
2020-12-28T23:59:59+01:00,0,0,5,2,36,26,19,30,21,67,25,41,20,22,26,47,28,74,0,0,0,0,0,0,0,0,0,0,0,0,0,0,0,0,489,0,0,0,0,0,0,0,0
2020-12-27T23:59:59+01:00,0,0,0,0,7,5,7,2,1,5,0,2,0,1,2,2,4,6,0,0,0,0,0,0,0,0,0,0,0,0,0,0,0,0,44,0,0,0,0,0,0,0,0
