Datum,<24_1_m,<24_1_w,25-34_1_m,25-34_1_w,35-44_1_m,35-44_1_w,45-54_1_m,45-54_1_w,55-64_1_m,55-64_1_w,65-74_1_m,65-74_1_w,75-84_1_m,75-84_1_w,>84_1_m,>84_1_w,<24_2_m,<24_2_w,25-34_2_m,25-34_2_w,35-44_2_m,35-44_2_w,45-54_2_m,45-54_2_w,55-64_2_m,55-64_2_w,65-74_2_m,65-74_2_w,75-84_2_m,75-84_2_w,>84_2_m,>84_2_w,bp_1,bp_2,mo_1,mo_2,az_1,az_2,ja
2021-06-15T23:59:59+02:00,28526,30871,60942,63060,57965,61328,65283,73462,73895,78946,47999,60509,38566,53763,8367,17395,10874,12193,26206,30391,27701,32744,32847,41949,42012,48711,30869,39714,33231,46159,7506,15417,571853,346590,84072,47470,150099,69611,14853
2021-06-14T23:59:59+02:00,27965,30177,59870,62071,57137,60523,64180,72488,73548,78649,47930,60399,38523,53711,8358,17383,10548,11830,25469,29554,26980,31966,32085,41155,40784,47407,30544,39275,33121,45969,7485,15387,566207,340557,82413,46508,149914,68116,14378
2021-06-13T23:59:59+02:00,27496,29641,58987,61218,56413,59796,63056,71488,73208,78341,47850,60305,38485,53655,8349,17356,10234,11480,24751,28713,26282,31168,31332,40305,39301,45861,30127,38748,32942,45685,7462,15307,561452,333680,80565,45749,149731,66373,13896
2021-06-12T23:59:59+02:00,27220,29317,58455,60740,56080,59521,62398,70846,73056,78253,47829,60277,38475,53637,8346,17354,10095,11320,24258,28111,25765,30618,30826,39739,38255,44915,29981,38590,32854,45529,7458,15300,558605,329500,79612,45748,149717,64496,13870
2021-06-11T23:59:59+02:00,26795,28798,57734,59969,55425,58932,61458,69866,72780,78029,47765,60199,38450,53610,8343,17349,9927,11083,23741,27451,25265,29975,30242,39093,37202,43944,29746,38272,32726,45322,7448,15278,553668,324771,78330,45493,149694,62641,13810
2021-06-10T23:59:59+02:00,26192,28168,56733,59050,54561,58161,60176,68681,72383,77722,47707,60109,38424,53561,8334,17323,9618,10761,22837,26500,24330,29071,29135,38161,35920,42841,29430,37852,32461,44908,7392,15215,548235,318032,76357,44797,149451,60361,13242
2021-06-09T23:59:59+02:00,25520,27536,55628,57995,53595,57294,59262,67793,72032,77436,47632,60014,38374,53503,8323,17297,9275,10460,21907,25609,23406,28191,28109,37217,34278,41100,29096,37412,32298,44655,7355,15134,542656,310703,75264,44106,149103,58482,12211
2021-06-08T23:59:59+02:00,24736,26738,54358,56922,52530,56353,58273,66899,71614,77115,47555,59903,38324,53417,8303,17268,8963,10170,20950,24732,22399,27322,27059,36264,33015,39839,28774,36968,32003,44214,7311,15068,536168,304551,74354,43352,148665,56027,11121
2021-06-07T23:59:59+02:00,23958,26014,52951,55715,51306,55394,57105,65913,71188,76800,47474,59811,38283,53357,8293,17244,8668,9898,20057,23890,21402,26517,26006,35373,32192,39126,28514,36608,31774,43809,7267,14993,529032,300012,73464,42554,148262,53480,10048
2021-06-06T23:59:59+02:00,23343,25397,51826,54642,50234,54435,56144,64957,70789,76503,47396,59744,38248,53298,8285,17229,8417,9632,19240,23002,20497,25652,24939,34426,31388,38399,28253,36299,31524,43430,7223,14925,522810,295525,72459,41820,147903,50603,9298
2021-06-05T23:59:59+02:00,23003,24986,51016,53842,49591,53874,55661,64416,70667,76366,47380,59719,38240,53292,8283,17229,8151,9209,18606,21982,19811,24622,24065,33256,30430,37195,27982,35905,31424,43274,7217,14912,518528,289241,72455,41783,147344,47779,9238
2021-06-04T23:59:59+02:00,22477,24344,50008,52885,48837,53027,54997,63650,70402,76123,47355,59688,38226,53278,8281,17223,7878,8833,17988,21132,19146,23624,23113,31981,29311,35956,27727,35572,31323,43129,7205,14895,512278,282975,72137,41713,147318,45057,9068
2021-06-03T23:59:59+02:00,21715,23565,48585,51624,47712,51946,54033,62628,70021,75782,47296,59594,38189,53234,8270,17202,7537,8344,17253,20100,18359,22485,22077,30532,28214,34560,27232,34833,31136,42840,7174,14828,504688,276310,71302,40971,147036,41853,8370
2021-06-02T23:59:59+02:00,21265,22981,47603,50699,46935,51247,53282,61907,69839,75623,47262,59562,38169,53205,8264,17190,7338,8054,16540,19432,17516,21740,21243,29497,27184,33275,26808,34274,30990,42611,7153,14768,498633,270195,71290,40955,147007,39170,8103
2021-06-01T23:59:59+02:00,20455,22120,45720,48959,45338,49844,51717,60396,69309,75182,47177,59458,38114,53136,8252,17148,6999,7683,15301,18535,16072,20771,20044,28254,26062,31947,26297,33643,30777,42295,7113,14675,489496,263877,69965,40395,146463,35795,6401
2021-05-31T23:59:59+02:00,19880,21532,44392,47814,44146,48771,50462,59250,68768,74804,47111,59360,38069,53066,8242,17121,6661,7305,14170,17718,14743,19871,18867,27092,24923,30688,25829,33003,30611,42018,7083,14587,483259,257690,68814,39856,146005,32913,4710
2021-05-30T23:59:59+02:00,19501,21080,43395,46860,43261,47885,49448,58242,68315,74347,47006,59211,38008,52959,8227,17084,6437,7009,13612,17019,14124,19182,17947,26085,23847,29545,25142,32125,30344,41638,7046,14510,477332,251815,67788,39061,145592,30619,4117
2021-05-29T23:59:59+02:00,19359,20940,43018,46528,42937,47645,49217,58045,68266,74303,47000,59202,38002,52957,8227,17084,6244,6691,13086,16226,13486,18311,17051,24881,22845,28362,24994,31915,30295,41562,7043,14503,475358,246285,67689,39061,145568,28034,4115
2021-05-28T23:59:59+02:00,19001,20585,42333,45907,42440,47106,48704,57488,68023,74052,46943,59118,37975,52913,8224,17079,5966,6222,12523,15341,12823,17432,16144,23629,21856,27047,24768,31582,30216,41449,7033,14487,471113,240355,67195,38955,145502,25127,4081
2021-05-27T23:59:59+02:00,18388,19982,41186,44939,41463,46243,47721,56611,67514,73676,46836,58977,37927,52845,8213,17040,5697,5826,11863,14500,12035,16504,15078,22404,20656,25603,24318,30920,30064,41214,7000,14413,465360,233111,65694,38155,144786,23108,3721
2021-05-26T23:59:59+02:00,17897,19496,40078,44013,40463,45379,46672,55721,66992,73224,46693,58809,37856,52694,8196,16994,5466,5597,11292,13708,11299,15640,14047,21234,19326,24082,23784,30190,29874,40910,6952,14319,460265,225904,63680,37306,143803,21081,3429
2021-05-25T23:59:59+02:00,17430,19017,39065,43132,39528,44549,45685,54780,66482,72763,46534,58592,37779,52567,8173,16948,5229,5350,10725,13049,10547,14835,12938,19981,17979,22639,23251,29462,29662,40626,6903,14244,454997,218623,62113,36379,142709,19213,3205
2021-05-24T23:59:59+02:00,17027,18650,38235,42406,38671,43861,44813,53991,66031,72348,46420,58421,37719,52448,8156,16912,5052,5189,10264,12572,9915,14266,12013,19105,16726,21425,22664,28675,29467,40337,6855,14167,450413,211829,60901,35448,141994,18614,2801
2021-05-23T23:59:59+02:00,16831,18447,37752,42033,38228,43475,44369,53593,65784,72146,46357,58332,37684,52407,8150,16890,4834,5020,9802,12089,9276,13660,11014,18264,15638,20420,22202,28133,29250,40084,6818,14091,447258,204941,60539,35370,141964,17567,2717
2021-05-22T23:59:59+02:00,16595,18183,37056,41498,37584,43027,43806,53192,64808,71171,46170,58090,37627,52308,8141,16871,4694,4672,9609,11708,9114,13341,10761,17796,15401,20052,22112,28029,29221,40051,6813,14085,440961,203743,60536,35369,141946,15663,2684
2021-05-21T23:59:59+02:00,16141,17710,35973,40584,36559,42136,42742,52280,63531,69951,45970,57782,37552,52177,8128,16840,4569,4554,9410,11445,8911,13095,10401,17449,15023,19696,21918,27767,29164,39968,6803,14079,431498,201832,60194,35067,141693,14682,2671
2021-05-20T23:59:59+02:00,15240,16897,34524,39092,35187,40833,41337,51055,62372,68883,45702,57476,37422,52009,8110,16796,4382,4325,8870,10852,8281,12377,9672,16583,14258,18705,21192,26763,28991,39699,6770,14006,421442,197516,58533,34236,140664,11678,2296
2021-05-19T23:59:59+02:00,14605,16240,33352,37590,34102,39575,40210,50085,60423,67154,45297,56975,37252,51769,8071,16701,4262,4165,8595,10488,7995,11990,9207,16073,13586,17995,20400,25722,28781,39422,6719,13904,410699,193317,57032,33433,139573,10457,2097
2021-05-18T23:59:59+02:00,14086,15718,32309,36578,33052,38670,39173,49133,58429,65369,44984,56562,37110,51546,8045,16649,4021,3947,8116,9897,7525,11442,8648,15382,12881,17190,19523,24595,28577,39118,6687,13803,402128,189274,55105,32595,138388,7691,1792
2021-05-17T23:59:59+02:00,13767,15393,31811,36036,32585,38123,38554,48486,56513,63643,44348,55798,36867,51192,8019,16590,3912,3800,7860,9625,7228,11146,8227,14960,12288,16536,18672,23536,28376,38832,6657,13734,394597,184946,54028,31851,137592,7084,1508
2021-05-16T23:59:59+02:00,13509,15097,31295,35539,32131,37633,38012,47910,54628,61782,43861,55166,36693,50908,7995,16547,3783,3676,7584,9333,6895,10812,7731,14472,11713,15910,17794,22474,28188,38577,6630,13675,387692,180722,53069,31016,136947,6511,998
2021-05-15T23:59:59+02:00,13326,14859,31038,35218,31882,37311,37785,47662,53043,60273,43647,54896,36623,50784,7992,16520,3761,3658,7563,9309,6880,10794,7715,14459,11699,15890,17647,22225,28014,38311,6624,13668,381909,179747,53068,31016,136900,6472,982
2021-05-14T23:59:59+02:00,13035,14528,30578,34732,31524,36855,37265,47179,51192,58438,43317,54442,36502,50600,7978,16487,3726,3634,7497,9243,6829,10730,7655,14392,11464,15626,16951,21172,27764,37894,6611,13637,374201,176883,52748,30679,136772,6332,931
2021-05-13T23:59:59+02:00,12700,14149,29940,34099,30941,36251,36560,46515,49752,56905,42938,53889,36344,50376,7959,16458,3644,3578,7382,9149,6745,10637,7551,14284,11067,15168,15930,19993,27435,37327,6574,13570,367164,173124,51754,30123,136029,5958,829
2021-05-12T23:59:59+02:00,12548,13978,29656,33794,30679,35967,36261,46197,49495,56620,42838,53785,36293,50298,7953,16421,3623,3549,7355,9114,6720,10601,7526,14251,10872,14992,15553,19522,27169,36923,6557,13526,364528,171121,51677,30113,135872,5913,706
2021-05-11T23:59:59+02:00,12122,13567,28828,32998,29848,35229,35392,45400,47797,54875,42447,53253,36133,50022,7923,16336,3514,3420,7111,8845,6518,10303,7307,13874,10322,14380,14612,18387,26815,36406,6533,13444,357698,167489,49980,29234,134010,4586,482
2021-05-10T23:59:59+02:00,11755,13246,28092,32282,29067,34534,34611,44635,46548,53624,42087,52789,35961,49734,7878,16239,3468,3363,6981,8716,6424,10190,7171,13678,10008,14022,13919,17541,26452,35870,6511,13379,351475,164703,48872,28861,132361,3755,374
2021-05-09T23:59:59+02:00,11471,12944,27407,31600,28417,33855,33860,43937,45059,52145,41646,52244,35779,49452,7848,16163,3410,3306,6856,8572,6325,10046,7064,13472,9597,13634,13188,16657,26136,35409,6495,13333,344481,161881,47800,28311,131259,3021,287
2021-05-08T23:59:59+02:00,11361,12859,27001,31293,27979,33542,33408,43635,44044,51319,41518,52103,35740,49395,7846,16158,3405,3303,6849,8569,6317,10039,7058,13460,9587,13619,13054,16473,25556,34584,6465,13270,339984,160031,47760,28285,131173,3008,284
2021-05-07T23:59:59+02:00,11186,12678,26526,30921,27538,33184,32907,43282,43022,50502,41281,51794,35641,49242,7836,16137,3350,3272,6800,8530,6269,9990,7002,13404,9362,13316,12362,15559,24747,33404,6426,13205,334939,155993,47453,27921,131019,2818,266
2021-05-06T23:59:59+02:00,10726,12326,25569,30150,26498,32398,31674,42447,41490,49331,40935,51280,35468,49019,7801,16074,3282,3212,6670,8388,6160,9859,6843,13220,9055,12950,11622,14568,23942,32256,6400,13149,327140,152254,46388,26978,129402,2088,256
2021-05-05T23:59:59+02:00,10297,12085,24688,29556,25629,31721,30561,41656,39589,47536,40536,50764,35269,48755,7753,15973,3234,3170,6556,8260,6063,9748,6741,13075,8772,12623,10805,13609,23100,31152,6375,13094,319317,148413,45537,26098,127341,1693,173
2021-05-04T23:59:59+02:00,10002,11808,23872,28908,24660,30986,29473,40796,38123,46090,40101,50215,35022,48434,7713,15872,3194,3143,6486,8184,5983,9681,6668,13003,8471,12327,9992,12658,22313,30094,6351,13043,312697,144737,44579,25297,124731,1489,68
2021-05-03T23:59:59+02:00,9756,11543,23129,28320,23842,30392,28536,40065,37245,45377,39766,49785,34828,48154,7672,15779,3144,3108,6414,8107,5909,9620,6575,12916,8189,12046,9155,11621,21561,29101,6330,13005,307856,141039,43805,24486,122499,1247,29
2021-05-02T23:59:59+02:00,9556,11321,22464,27758,23103,29806,27699,39430,36509,44786,39524,49464,34725,47981,7642,15728,3104,3085,6375,8064,5878,9588,6538,12877,7949,11797,8470,10832,21007,28378,6311,12990,303047,137892,43041,24212,121385,1116,23
2021-05-01T23:59:59+02:00,9369,11110,22076,27286,22619,29228,27033,38696,35719,43915,39293,49131,34641,47841,7638,15716,3097,3079,6350,8055,5865,9581,6519,12862,7935,11784,8429,10755,20975,28335,6307,12987,296974,137609,43040,24206,121274,1077,23
2021-04-30T23:59:59+02:00,9184,10892,21690,26855,22160,28670,26250,37908,34791,42998,39077,48829,34555,47710,7626,15697,3078,3063,6328,8040,5844,9565,6491,12839,7905,11751,8387,10674,20930,28265,6305,12982,290745,137306,43034,24137,121096,987,17
2021-04-29T23:59:59+02:00,8862,10610,21103,26272,21480,27972,25275,36925,33535,41627,38100,47516,34275,47277,7578,15585,3040,3022,6235,7931,5766,9461,6389,12690,7666,11434,7765,9968,20580,27797,6288,12920,282051,135262,42250,22927,119675,747,16
2021-04-28T23:59:59+02:00,8554,10361,20578,25788,20831,27378,24353,36012,32147,40127,37015,46040,33967,46824,7525,15465,2966,2968,6123,7809,5664,9338,6290,12530,7394,11112,7090,9125,20219,27292,6250,12856,273408,132849,41482,21635,118059,526,16
2021-04-27T23:59:59+02:00,8341,10150,20136,25367,20209,26838,23494,35219,30951,38751,36000,44707,33628,46304,7468,15356,2939,2937,6020,7708,5611,9246,6217,12402,7148,10866,6485,8398,19868,26856,6235,12839,265741,130773,40618,20703,116544,283,16
2021-04-26T23:59:59+02:00,8121,9949,19718,24952,19661,26303,22658,34438,29747,37478,35012,43391,33362,45862,7427,15242,2922,2925,5984,7668,5569,9207,6179,12361,6913,10627,5885,7687,19539,26468,6215,12816,258154,128835,39798,19863,115354,252,15
2021-04-25T23:59:59+02:00,7989,9792,19374,24687,19282,25959,22012,33798,28729,36448,33973,42073,33076,45474,7393,15171,2909,2915,5966,7646,5549,9189,6158,12336,6875,10592,5725,7471,19244,26050,6199,12774,251038,128216,39083,19125,115094,242,15
2021-04-24T23:59:59+02:00,7785,9575,18929,24254,18723,25423,21175,32947,27736,35475,33746,41777,32997,45337,7383,15160,2905,2909,5952,7638,5542,9180,6153,12332,6861,10573,5645,7350,19163,25934,6196,12766,245127,127773,39081,19088,114199,223,15
2021-04-23T23:59:59+02:00,7528,9346,18467,23776,18159,24804,20306,32089,26610,34272,33046,40698,32871,45135,7371,15139,2897,2890,5922,7615,5506,9136,6110,12294,6812,10515,5447,7045,18644,25315,6121,12633,237609,125941,38754,18744,113239,202,15
2021-04-22T23:59:59+02:00,7265,9104,17840,23154,17360,24016,19224,31035,25303,32813,32096,39458,32648,44814,7336,15070,2880,2871,5878,7561,5459,9054,6043,12216,6728,10433,5106,6581,17979,24481,6033,12478,228616,123811,37835,17785,112070,170,15
2021-04-21T23:59:59+02:00,7023,8898,17302,22650,16689,23415,18207,30088,23772,31224,31162,38281,32386,44432,7292,14993,2860,2850,5837,7508,5402,8980,5978,12117,6629,10354,4893,6237,17327,23683,5946,12328,219798,121746,37064,17023,110937,145,15
2021-04-20T23:59:59+02:00,6805,8667,16726,22166,15939,22726,17166,29050,22315,29718,30110,36891,32104,44065,7248,14912,2843,2835,5793,7470,5361,8933,5928,12052,6553,10287,4743,6022,16732,22953,5855,12183,210879,120086,36188,16306,109526,136,15
2021-04-19T23:59:59+02:00,6588,8481,16177,21730,15258,22156,16137,28111,20885,28297,28866,35362,31821,43645,7201,14814,2830,2818,5771,7437,5325,8903,5884,12003,6472,10208,4581,5810,16109,22264,5776,12064,202247,118461,35412,15647,107855,132,15
2021-04-18T23:59:59+02:00,6374,8314,15724,21385,14624,21588,15085,27280,19523,27086,27619,33842,31526,43270,7157,14733,2769,2765,5638,7312,5218,8792,5783,11855,6370,10096,4423,5587,15540,21610,5689,11926,193740,116846,34584,14383,106791,129,15
2021-04-17T23:59:59+02:00,6329,8278,15563,21308,14456,21502,14821,27087,19245,26816,27154,33341,31419,43148,7151,14721,2736,2713,5538,7158,5107,8632,5684,11659,6281,9985,4360,5500,15320,21343,5682,11917,192527,115105,34579,14379,105218,116,15
2021-04-16T23:59:59+02:00,6250,8215,15381,21139,14247,21354,14513,26813,18740,26282,26232,32244,31306,42955,7130,14703,2681,2649,5417,6977,4985,8452,5517,11416,6095,9772,4119,5233,14711,20577,5607,11814,189178,111917,34294,13984,104017,106,15
2021-04-15T23:59:59+02:00,6165,8120,15163,20921,13975,21069,14051,26432,17968,25502,25030,30801,31081,42660,7104,14635,2601,2545,5218,6723,4781,8150,5309,11098,5883,9498,3903,4947,13903,19516,5516,11689,184634,108128,33485,13044,102543,93,15
2021-04-14T23:59:59+02:00,6070,8037,14953,20714,13714,20832,13640,26078,17139,24717,23626,29179,30801,42302,7059,14550,2386,2407,5010,6463,4597,7900,5082,10844,5662,9229,3754,4704,13182,18625,5422,11518,180023,105090,32610,11594,100763,86,15
2021-04-13T23:59:59+02:00,6003,7971,14754,20573,13489,20649,13260,25759,16403,24016,22105,27532,30532,41920,7031,14451,2285,2338,4843,6269,4419,7695,4873,10590,5476,9012,3617,4525,12650,18019,5331,11386,175809,102755,31735,10482,98889,76,15
2021-04-12T23:59:59+02:00,5922,7881,14522,20371,13188,20394,12855,25320,15683,23288,20671,25772,30278,41609,6997,14383,2139,2225,4668,6115,4271,7511,4715,10405,5338,8858,3489,4363,12219,17500,5244,11259,171468,101081,30680,9148,96971,75,15
2021-04-11T23:59:59+02:00,5829,7792,14302,20174,12894,20176,12416,24948,14996,22624,19314,24167,30055,41310,6962,14310,2094,2187,4552,6001,4158,7388,4590,10282,5214,8741,3362,4219,11732,16891,5137,11092,167211,99345,29727,8208,95317,73,14
2021-04-10T23:59:59+02:00,5824,7784,14285,20162,12885,20165,12399,24934,14913,22532,18645,23253,29812,40954,6946,14287,2088,2175,4541,5991,4146,7377,4577,10266,5152,8663,3257,4106,11175,16055,5023,10912,166148,97213,29700,8208,93918,69,14
2021-04-09T23:59:59+02:00,5810,7767,14256,20114,12844,20116,12351,24883,14534,22090,17202,21458,29463,40415,6918,14253,2063,2164,4522,5973,4119,7352,4534,10233,5115,8612,3143,3968,10312,15062,4914,10752,163560,94794,29361,7963,91540,68,13
2021-04-08T23:59:59+02:00,5761,7737,14159,20037,12767,20039,12245,24773,14078,21527,15485,19348,28931,39517,6869,14146,2038,2148,4495,5918,4067,7270,4468,10154,5045,8541,3035,3848,9809,14448,4747,10545,159744,92960,28340,7539,89325,67,10
2021-04-07T23:59:59+02:00,5727,7703,14051,19957,12677,19959,12149,24662,13595,21048,14038,17534,28366,38683,6822,14059,2016,2135,4441,5848,3983,7195,4378,10064,4960,8454,2937,3743,9039,13302,4556,10222,155385,90444,27465,6764,88171,56,9
2021-04-06T23:59:59+02:00,5691,7672,13954,19885,12599,19902,12068,24595,13105,20558,12440,15527,27789,37869,6805,13993,1944,2071,4311,5729,3883,7069,4257,9919,4856,8330,2822,3616,8295,12320,4340,9932,151382,88075,26585,5557,86477,54,8
2021-04-05T23:59:59+02:00,5648,7638,13882,19819,12529,19836,12012,24514,12708,20175,10843,13575,27180,36962,6776,13941,1867,1991,4146,5574,3721,6913,4101,9777,4713,8206,2670,3481,7453,11301,4139,9633,148199,85731,25571,3896,84260,51,8
2021-04-04T23:59:59+02:00,5633,7619,13871,19799,12524,19818,12004,24495,12570,20057,9806,12275,26789,36400,6755,13896,1865,1986,4140,5572,3719,6908,4097,9770,4712,8200,2664,3468,7198,10808,4074,9544,146471,84779,25567,3896,82267,44,6
2021-04-03T23:59:59+02:00,5629,7608,13855,19782,12515,19809,11995,24484,12549,20007,8779,11063,26037,35326,6714,13801,1862,1983,4138,5567,3717,6904,4089,9758,4696,8189,2658,3457,7042,10530,4055,9486,144007,84186,25561,3896,80380,44,5
2021-04-02T23:59:59+02:00,5622,7590,13816,19757,12479,19766,11952,24436,12457,19923,8098,10085,24613,33420,6602,13593,1851,1967,4112,5545,3694,6861,4049,9679,4569,7909,2525,3318,6661,10105,3938,9331,139566,82390,25226,3675,79412,44,5
2021-04-01T23:59:59+02:00,5557,7505,13724,19622,12365,19621,11806,24276,11833,19446,7371,9168,23285,31672,6507,13403,1778,1896,4008,5444,3631,6793,3979,9609,4497,7805,2422,3167,6133,9372,3809,9125,135375,80154,24101,3272,77681,38,4
2021-03-31T23:59:59+02:00,5499,7441,13597,19467,12234,19473,11625,24075,11553,19193,6861,8530,22001,29961,6386,13218,1764,1884,3987,5421,3598,6765,3943,9559,4459,7753,2349,3080,5622,8681,3680,8958,131451,78405,23014,3056,76645,38,4
2021-03-30T23:59:59+02:00,5431,7366,13462,19310,12121,19304,11492,23913,11386,19056,6470,8104,20786,28417,6279,13053,1745,1846,3946,5387,3529,6696,3854,9438,4332,7582,2208,2863,5182,8119,3575,8745,128100,76203,22086,2818,75763,25,1
2021-03-29T23:59:59+02:00,5378,7317,13355,19221,12059,19219,11396,23810,11244,18912,6130,7658,19541,26957,6184,12902,1679,1801,3896,5346,3446,6622,3741,9289,4177,7387,2097,2729,4583,7408,3466,8526,124538,73561,21223,2608,75521,23,1
2021-03-28T23:59:59+02:00,5317,7241,13238,19078,11979,19138,11303,23708,11142,18810,5791,7273,18537,25616,6090,12745,1641,1747,3787,5240,3244,6382,3678,9196,4126,7336,2034,2663,3781,6319,3347,8347,121563,70541,20436,2312,75006,14,1
2021-03-27T23:59:59+01:00,5280,7178,13130,18915,11860,18971,11193,23497,11037,18681,5717,7168,18276,25296,6082,12736,1635,1744,3783,5235,3241,6376,3358,8794,3964,7094,2029,2659,3762,6283,3317,8290,119734,69244,20399,2312,74883,7,1
2021-03-26T23:59:59+01:00,5231,7112,13019,18732,11743,18778,11028,23264,10884,18484,5522,6908,17693,24526,6007,12628,1634,1742,3777,5229,3220,6359,3336,8773,3733,6595,1879,2320,3466,5956,3200,8104,116665,67010,20062,2306,74831,6,1
2021-03-25T23:59:59+01:00,5152,7009,12816,18476,11539,18456,10810,22931,10645,18167,5268,6580,16702,23249,5906,12482,1623,1731,3755,5199,3188,6334,3287,8737,3681,6553,1798,2178,3014,5251,3084,7863,112700,65065,18990,2205,74497,5,1
2021-03-24T23:59:59+01:00,5052,6867,12603,18034,11336,18067,10583,22538,10436,17837,4948,6171,15700,22090,5802,12301,1597,1717,3731,5151,3153,6269,3229,8667,3632,6482,1741,2121,2682,4870,2963,7639,109626,63676,17902,1962,72836,5,1
2021-03-23T23:59:59+01:00,4981,6768,12435,17702,11149,17721,10389,22176,10236,17575,4811,5936,15035,21305,5699,12158,1580,1710,3718,5133,3132,6252,3209,8618,3598,6438,1706,2066,2435,4577,2779,7354,107309,62378,17174,1921,71592,5,1
2021-03-22T23:59:59+01:00,4921,6665,12235,17365,10969,17400,10175,21842,10023,17306,4651,5705,14414,20594,5598,12009,1565,1700,3693,5097,3101,6214,3176,8569,3564,6391,1663,2012,2221,4296,2604,7062,105484,61140,16461,1782,69926,5,1
2021-03-21T23:59:59+01:00,4828,6508,11945,16952,10691,17001,9919,21395,9774,16982,4519,5518,13729,19803,5479,11832,1556,1699,3676,5080,3080,6181,3155,8538,3544,6367,1645,1991,2045,4110,2453,6825,103608,60162,15165,1777,68101,5,1
2021-03-20T23:59:59+01:00,4789,6416,11803,16602,10560,16705,9778,21076,9597,16715,4393,5361,13099,18851,5361,11638,1555,1698,3676,5078,3077,6180,3152,8533,3539,6363,1639,1985,2013,4046,2434,6788,101421,59973,15161,1777,66161,5,1
2021-03-19T23:59:59+01:00,4733,6309,11628,16242,10389,16346,9597,20687,9391,16381,4205,5142,12088,17645,5241,11468,1547,1691,3659,5045,3046,6106,3113,8438,3434,6187,1522,1891,1943,3987,2324,6585,98737,58739,14752,1773,64002,5,1
2021-03-18T23:59:59+01:00,4635,6170,11362,15806,10127,15914,9329,20217,9179,16061,4061,4974,11438,16768,5054,11236,1541,1675,3643,5012,3023,6062,3094,8381,3408,6147,1503,1859,1904,3912,2201,6382,96938,58058,13746,1683,61646,5,1
2021-03-17T23:59:59+01:00,4436,6033,11067,15375,9869,15567,9087,19839,8939,15741,3933,4790,10597,15476,4839,10896,1538,1672,3630,4992,3019,6044,3083,8344,3391,6125,1501,1839,1880,3880,2092,6198,94294,57553,12203,1669,59986,5,1
2021-03-16T23:59:59+01:00,4275,5879,10710,14906,9618,15199,8793,19399,8661,15396,3792,4631,9755,14308,4608,10607,1522,1669,3626,4986,3010,6037,3077,8336,3381,6110,1479,1816,1842,3830,1974,6022,91969,57122,11015,1589,57552,5,1
2021-03-15T23:59:59+01:00,4107,5728,10392,14432,9329,14734,8490,18924,8394,15008,3641,4454,9018,13209,4439,10356,1511,1661,3608,4972,2998,6014,3058,8298,3361,6067,1463,1804,1826,3797,1861,5837,90014,56543,9653,1588,54988,5,0
2021-03-14T23:59:59+01:00,4026,5612,10111,13977,9073,14338,8173,18436,8132,14639,3465,4249,8179,11927,4194,9986,1497,1654,3584,4953,2976,5965,3037,8220,3336,6004,1429,1752,1768,3663,1698,5462,87703,56019,8645,974,52169,5,0
2021-03-13T23:59:59+01:00,3938,5367,9835,13404,8880,13853,7965,17952,7962,14308,3379,4175,7981,11620,4164,9921,1497,1654,3584,4953,2975,5965,3037,8220,3335,6002,1425,1751,1765,3658,1697,5461,87053,56002,8645,974,49006,3,0
2021-03-12T23:59:59+01:00,3852,5189,9585,12873,8653,13305,7718,17283,7604,13614,3223,4023,7598,11195,4058,9776,1495,1650,3581,4940,2971,5961,3030,8214,3331,5996,1399,1718,1744,3640,1599,5287,85297,55579,8398,974,45854,3,0
2021-03-11T23:59:59+01:00,3675,4822,9219,12151,8355,12631,7366,16489,7289,13027,3067,3821,7015,10423,3914,9540,1471,1634,3553,4898,2926,5872,2994,8096,3281,5907,1358,1663,1664,3429,1405,4790,82865,54841,7951,98,41988,2,0
2021-03-10T23:59:59+01:00,3593,4667,8649,11645,7731,12154,7056,15945,6993,12502,2908,3678,6433,9675,3790,9338,1456,1617,3525,4837,2894,5790,2957,7946,3224,5806,1321,1620,1611,3329,1288,4518,81062,53663,7399,75,38296,1,0
2021-03-09T23:59:59+01:00,3457,4448,7898,11193,6885,11662,6656,15324,6643,11925,2690,3388,5905,9024,3672,9111,1450,1612,3501,4786,2868,5726,2941,7896,3207,5762,1305,1597,1579,3287,1181,4323,78782,52979,6044,41,35055,1,0
2021-03-08T23:59:59+01:00,3252,4160,7171,10661,6147,11180,6255,14768,6261,11401,2490,3191,5278,8249,3569,8901,1442,1600,3478,4718,2839,5657,2903,7804,3179,5692,1302,1588,1575,3279,1177,4321,75964,52514,4901,40,32069,0,0
2021-03-07T23:59:59+01:00,3119,3990,6823,10160,5727,10625,5976,14326,6040,11053,2400,3113,4448,7113,3426,8707,1439,1597,3475,4713,2834,5645,2899,7785,3170,5682,1298,1571,1555,3240,1162,4283,72729,52309,4071,39,30246,0,0
2021-03-06T23:59:59+01:00,3068,3803,6629,9721,5532,10191,5464,13401,5716,10424,2387,3097,4443,7102,3424,8706,1438,1595,3473,4710,2832,5644,2898,7784,3169,5679,1296,1568,1555,3238,1161,4283,71508,52284,4071,39,27529,0,0
2021-03-05T23:59:59+01:00,2961,3486,6408,9175,5330,9781,5288,12825,5316,9441,2187,2703,4047,6686,3315,8536,1425,1588,3456,4696,2827,5631,2890,7766,3158,5661,1282,1564,1555,3234,1156,4279,69189,52129,3840,39,24456,0,0
2021-03-04T23:59:59+01:00,2866,3232,6192,8758,5175,9437,5110,12393,5142,9102,2076,2502,3484,5836,3195,8270,1412,1566,3414,4600,2793,5566,2859,7664,3128,5598,1264,1557,1540,3221,1149,4268,67151,51560,3400,39,22219,0,0
2021-03-03T23:59:59+01:00,2803,3154,6012,8345,4995,9058,4903,11941,4961,8688,1993,2399,3062,5359,3068,8030,1389,1555,3378,4549,2756,5503,2816,7559,3086,5532,1250,1536,1522,3190,1143,4251,65731,50977,3159,38,19881,0,0
2021-03-02T23:59:59+01:00,2741,3043,5842,8010,4838,8790,4740,11536,4823,8393,1914,2311,2755,4989,2875,7744,1383,1543,3359,4532,2740,5475,2803,7511,3078,5503,1246,1528,1503,3171,1141,4247,64401,50725,2904,38,18039,0,0
2021-03-01T23:59:59+01:00,2706,2992,5736,7787,4748,8666,4654,11380,4725,8229,1863,2230,2447,4646,2708,7468,1374,1540,3346,4513,2731,5442,2784,7460,3067,5485,1240,1524,1496,3163,1139,4243,63156,50509,2683,38,17146,0,0
2021-02-28T23:59:59+01:00,2640,2932,5557,7530,4578,8443,4521,11197,4625,8112,1811,2171,2153,4324,2530,7194,1362,1533,3334,4503,2723,5435,2777,7443,3060,5475,1236,1521,1490,3147,1138,4212,62066,50351,2382,38,15870,0,0
2021-02-27T23:59:59+01:00,2524,2553,5399,7145,4477,8136,4445,10845,4556,7881,1784,2118,2127,4281,2511,7142,1359,1530,3332,4503,2718,5433,2773,7439,3056,5473,1235,1520,1489,3147,1138,4212,61834,50322,2382,35,13708,0,0
2021-02-26T23:59:59+01:00,2458,2446,5255,6911,4331,7883,4292,10578,4351,7605,1663,2030,2069,4245,2406,6966,1338,1516,3314,4467,2708,5393,2761,7386,3033,5424,1230,1510,1485,3140,1137,4210,60522,50017,2376,35,12591,0,0
2021-02-25T23:59:59+01:00,2327,2316,4892,6497,3919,7413,4014,10075,4136,7259,1614,1986,2037,4185,2295,6776,1319,1495,3282,4427,2669,5333,2724,7276,2996,5342,1220,1494,1471,3100,1125,4155,60046,49395,2269,33,9426,0,0
2021-02-24T23:59:59+01:00,2287,2244,4771,6272,3826,7195,3885,9837,4021,7117,1594,1961,2007,4140,2183,6581,1305,1484,3252,4362,2635,5266,2699,7198,2966,5275,1204,1476,1448,3051,1114,4090,59503,48802,2024,23,8394,0,0
2021-02-23T23:59:59+01:00,2026,2051,4409,5804,3554,6792,3665,9462,3875,6869,1577,1932,1962,4095,2071,6399,1285,1472,3208,4327,2610,5206,2675,7123,2929,5226,1187,1455,1424,3014,1104,4043,59052,48279,1978,9,5513,0,0
2021-02-22T23:59:59+01:00,2015,2028,4355,5744,3519,6727,3599,9365,3820,6782,1544,1909,1939,4042,1955,6205,1280,1454,3188,4286,2590,5166,2649,7061,2899,5179,1179,1444,1413,3004,1098,4034,58515,47920,1835,4,5198,0,0
2021-02-21T23:59:59+01:00,2003,2021,4322,5709,3476,6693,3559,9301,3780,6740,1534,1903,1934,4033,1838,6042,1272,1438,3166,4248,2562,5115,2635,6994,2869,5096,1166,1428,1390,2943,1077,3963,58170,47358,1831,4,4887,0,0
2021-02-20T23:59:59+01:00,2002,2019,4317,5707,3474,6693,3559,9300,3779,6739,1529,1902,1932,4029,1837,6042,1272,1438,3165,4246,2562,5115,2634,6993,2869,5096,1166,1427,1389,2943,1077,3963,58156,47351,1831,4,4873,0,0
2021-02-19T23:59:59+01:00,1982,2010,4307,5691,3465,6678,3548,9290,3768,6725,1504,1870,1910,4009,1738,5864,1270,1437,3165,4245,2561,5114,2634,6991,2867,5094,1166,1427,1389,2942,1077,3963,57736,47338,1826,4,4797,0,0
2021-02-18T23:59:59+01:00,1933,1966,4205,5583,3403,6574,3452,9112,3691,6603,1488,1836,1875,3935,1608,5671,1218,1375,3017,4017,2442,4826,2521,6658,2767,4877,1136,1379,1358,2857,1053,3824,57087,45321,1736,4,4112,0,0
2021-02-17T23:59:59+01:00,1906,1922,4103,5427,3319,6421,3335,8859,3568,6438,1433,1764,1806,3833,1493,5371,1149,1302,2861,3795,2329,4511,2390,6220,2651,4626,1087,1316,1306,2747,1015,3668,55859,42969,1725,4,3414,0,0
2021-02-16T23:59:59+01:00,1807,1831,3949,5234,3190,6231,3221,8642,3452,6280,1411,1741,1778,3799,1379,5169,1053,1259,2734,3631,2231,4290,2251,5906,2530,4395,1040,1215,1148,2438,775,3078,55149,39972,1708,2,2257,0,0
2021-02-15T23:59:59+01:00,1791,1805,3899,5147,3133,6143,3158,8528,3394,6182,1401,1728,1764,3777,1371,5149,1013,1223,2652,3496,2157,4110,2166,5625,2444,4201,997,1148,1063,2251,713,2885,54685,38143,1706,1,1979,0,0
2021-02-14T23:59:59+01:00,1717,1770,3818,5071,3092,6027,3102,8368,3351,6087,1381,1697,1711,3639,1315,4914,1000,1213,2607,3428,2117,4041,2107,5500,2384,4102,962,1111,984,2066,647,2664,54439,36932,1091,1,1530,0,0
2021-02-13T23:59:59+01:00,1714,1768,3810,5068,3086,6025,3099,8367,3348,6085,1380,1694,1711,3637,1313,4914,1000,1213,2607,3428,2117,4041,2106,5500,2382,4102,962,1111,984,2066,647,2664,54421,36930,1090,0,1508,0,0
2021-02-12T23:59:59+01:00,1677,1743,3773,5038,3066,6006,3075,8330,3331,6047,1364,1687,1702,3620,1305,4896,991,1201,2573,3376,2084,3992,2078,5451,2365,4072,961,1111,983,2066,646,2662,54197,36612,1089,0,1374,0,0
2021-02-11T23:59:59+01:00,1622,1679,3665,4873,2966,5825,2974,8023,3239,5855,1309,1627,1635,3435,1225,4584,942,1101,2300,2932,1876,3482,1835,4716,2113,3601,885,1040,894,1862,598,2408,53575,32585,122,0,839,0,0
2021-02-10T23:59:59+01:00,1599,1652,3603,4754,2899,5726,2927,7858,3192,5746,1295,1611,1611,3392,1212,4549,849,1015,2011,2517,1663,3024,1592,4096,1867,3190,788,884,727,1485,476,1941,52925,28125,120,0,581,0,0
2021-02-09T23:59:59+01:00,1580,1626,3550,4689,2870,5654,2904,7758,3155,5682,1293,1602,1582,3371,1204,4535,787,907,1742,2168,1470,2621,1421,3591,1702,2876,760,851,705,1406,457,1841,52611,25305,115,0,329,0,0
2021-02-08T23:59:59+01:00,1559,1622,3526,4659,2851,5612,2879,7706,3140,5656,1283,1594,1574,3343,1202,4521,767,857,1588,1923,1324,2370,1290,3275,1545,2647,731,827,655,1292,429,1682,52310,23202,90,0,327,0,0
2021-02-07T23:59:59+01:00,1409,1573,3435,4602,2800,5571,2851,7664,3117,5623,1275,1578,1565,3321,1199,4490,594,668,1324,1579,1096,1905,1078,2670,1325,2187,627,707,580,1128,388,1478,52010,19334,63,0,0,0,0
2021-02-06T23:59:59+01:00,1405,1570,3433,4601,2794,5568,2846,7660,3113,5620,1273,1575,1563,3319,1199,4490,445,476,1132,1354,964,1575,927,2245,1161,1800,549,624,561,1114,385,1475,51966,16787,63,0,0,0,0
2021-02-05T23:59:59+01:00,1394,1558,3418,4578,2785,5541,2836,7614,3092,5576,1269,1567,1560,3312,1198,4490,327,274,948,1046,811,1197,762,1791,973,1415,449,533,538,1098,383,1471,51725,14016,63,0,0,0,0
2021-02-04T23:59:59+01:00,1375,1535,3371,4526,2745,5458,2796,7485,3045,5499,1257,1554,1546,3278,1191,4466,167,118,643,681,522,756,515,1149,639,879,286,363,442,952,348,1332,51086,9792,41,0,0,0,0
2021-02-03T23:59:59+01:00,1352,1526,3331,4476,2712,5407,2774,7419,3012,5439,1247,1531,1511,3210,1175,4362,146,96,509,525,399,615,424,908,490,675,236,290,354,774,278,1085,50444,7804,40,0,0,0,0
2021-02-02T23:59:59+01:00,1330,1512,3287,4439,2680,5347,2748,7341,2980,5379,1225,1501,1477,3148,1150,4270,130,80,425,428,334,531,380,826,434,609,219,267,306,703,258,975,49775,6905,39,0,0,0,0
2021-02-01T23:59:59+01:00,1313,1496,3262,4387,2650,5274,2714,7208,2950,5291,1209,1479,1451,3110,1136,4210,102,57,317,322,245,403,283,615,310,456,181,217,240,559,200,756,49101,5263,39,0,0,0,0
2021-01-31T23:59:59+01:00,1306,1482,3246,4356,2627,5230,2700,7154,2936,5252,1197,1461,1428,3044,1117,4135,91,54,287,297,224,356,260,571,281,423,160,197,198,454,164,612,48632,4629,39,0,0,0,0
2021-01-30T23:59:59+01:00,1306,1482,3243,4352,2626,5230,2699,7152,2936,5252,1197,1460,1427,3044,1117,4135,91,51,277,283,214,340,255,562,277,415,159,196,197,454,164,612,48622,4547,36,0,0,0,0
2021-01-29T23:59:59+01:00,1304,1481,3243,4348,2626,5229,2698,7150,2934,5250,1197,1460,1427,3043,1117,4135,85,47,256,268,191,316,243,549,265,408,156,194,193,448,163,610,48606,4392,36,0,0,0,0
2021-01-28T23:59:59+01:00,1281,1451,3171,4238,2576,5110,2634,6995,2875,5138,1182,1434,1413,2976,1097,4022,71,25,157,163,128,193,166,363,197,255,126,145,147,278,95,354,47559,2863,34,0,0,0,0
2021-01-27T23:59:59+01:00,1225,1393,3082,4099,2499,4924,2541,6708,2796,4969,1148,1388,1376,2883,1069,3888,36,10,92,77,61,93,80,209,114,138,97,114,107,205,71,252,45964,1756,24,0,0,0,0
2021-01-26T23:59:59+01:00,1139,1354,2962,3953,2427,4745,2456,6520,2724,4839,1128,1331,1281,2731,861,3494,35,10,89,76,60,92,78,209,112,137,95,113,107,205,71,252,43932,1741,13,0,0,0,0
2021-01-25T23:59:59+01:00,1120,1324,2882,3821,2381,4593,2393,6324,2664,4706,1116,1312,1266,2699,851,3467,35,10,88,76,58,92,78,208,112,136,95,113,107,205,71,252,42911,1736,8,0,0,0,0
2021-01-24T23:59:59+01:00,1108,1319,2865,3804,2371,4563,2363,6273,2633,4660,1107,1304,1255,2677,840,3434,35,10,88,76,58,92,78,208,112,136,95,113,107,205,71,252,42570,1736,6,0,0,0,0
2021-01-23T23:59:59+01:00,1108,1319,2865,3804,2371,4563,2363,6273,2631,4660,1107,1304,1255,2677,840,3434,35,10,88,76,58,92,78,208,112,136,95,113,107,205,71,252,42568,1736,6,0,0,0,0
2021-01-22T23:59:59+01:00,1100,1309,2830,3758,2340,4492,2332,6204,2612,4617,1106,1303,1254,2676,839,3431,35,10,88,76,58,92,78,208,112,136,95,113,107,205,71,252,42197,1736,6,0,0,0,0
2021-01-21T23:59:59+01:00,1068,1205,2565,3347,2150,4058,2145,5595,2401,4173,1060,1260,1209,2545,811,3289,30,9,78,68,54,74,65,171,90,125,87,96,89,152,60,196,38875,1444,6,0,0,0,0
2021-01-20T23:59:59+01:00,972,1117,2258,2929,1938,3583,1908,4975,2155,3747,962,1109,1045,2194,706,2848,30,9,78,68,54,73,65,171,90,125,87,96,89,152,60,196,34440,1443,6,0,0,0,0
2021-01-19T23:59:59+01:00,893,998,1964,2496,1694,3091,1678,4311,1927,3336,894,1008,917,1912,616,2521,13,5,50,47,33,41,33,100,40,75,37,35,46,81,36,127,30251,799,5,0,0,0,0
2021-01-18T23:59:59+01:00,815,910,1721,2086,1458,2604,1419,3614,1694,2883,817,926,815,1686,570,2277,7,3,17,12,14,19,17,53,15,34,22,23,23,54,27,73,26292,413,3,0,0,0,0
2021-01-17T23:59:59+01:00,604,702,1407,1695,1183,2045,1162,2859,1422,2323,673,780,680,1396,468,1928,1,1,2,2,0,0,0,0,0,0,0,0,0,0,0,0,21324,6,3,0,0,0,0
2021-01-16T23:59:59+01:00,457,510,1232,1476,1067,1733,1014,2447,1268,1947,596,700,660,1383,466,1927,0,0,0,0,0,0,0,0,0,0,0,0,0,0,0,0,18881,0,2,0,0,0,0
2021-01-15T23:59:59+01:00,334,306,1051,1182,914,1384,852,1989,1079,1571,495,606,626,1352,456,1889,0,0,0,0,0,0,0,0,0,0,0,0,0,0,0,0,16084,0,2,0,0,0,0
2021-01-14T23:59:59+01:00,188,139,732,804,623,885,612,1307,722,1009,326,428,520,1164,409,1681,0,0,0,0,0,0,0,0,0,0,0,0,0,0,0,0,11549,0,0,0,0,0,0
2021-01-13T23:59:59+01:00,162,112,611,630,497,703,499,1035,568,783,272,350,436,994,354,1424,0,0,0,0,0,0,0,0,0,0,0,0,0,0,0,0,9430,0,0,0,0,0,0
2021-01-12T23:59:59+01:00,146,94,532,538,425,608,442,921,498,697,244,309,361,819,303,1159,0,0,0,0,0,0,0,0,0,0,0,0,0,0,0,0,8096,0,0,0,0,0,0
2021-01-11T23:59:59+01:00,116,74,428,439,347,497,353,734,395,539,212,256,300,687,249,970,0,0,0,0,0,0,0,0,0,0,0,0,0,0,0,0,6596,0,0,0,0,0,0
2021-01-10T23:59:59+01:00,100,61,354,364,286,412,299,640,328,478,184,225,238,545,198,754,0,0,0,0,0,0,0,0,0,0,0,0,0,0,0,0,5466,0,0,0,0,0,0
2021-01-09T23:59:59+01:00,100,59,336,345,263,388,292,626,320,471,183,224,237,543,198,754,0,0,0,0,0,0,0,0,0,0,0,0,0,0,0,0,5339,0,0,0,0,0,0
2021-01-08T23:59:59+01:00,94,52,297,308,222,346,265,594,292,442,167,204,216,477,179,670,0,0,0,0,0,0,0,0,0,0,0,0,0,0,0,0,4825,0,0,0,0,0,0
2021-01-07T23:59:59+01:00,76,33,204,207,160,248,202,428,227,311,138,160,161,309,112,418,0,0,0,0,0,0,0,0,0,0,0,0,0,0,0,0,3394,0,0,0,0,0,0
2021-01-06T23:59:59+01:00,64,21,151,124,114,162,149,304,169,217,106,129,122,237,76,292,0,0,0,0,0,0,0,0,0,0,0,0,0,0,0,0,2437,0,0,0,0,0,0
2021-01-05T23:59:59+01:00,40,11,90,77,61,96,84,212,113,140,101,119,114,219,75,270,0,0,0,0,0,0,0,0,0,0,0,0,0,0,0,0,1822,0,0,0,0,0,0
2021-01-04T23:59:59+01:00,38,11,90,77,58,94,84,211,113,139,101,118,114,219,75,270,0,0,0,0,0,0,0,0,0,0,0,0,0,0,0,0,1812,0,0,0,0,0,0
2021-01-03T23:59:59+01:00,38,11,90,77,58,94,84,211,113,139,101,118,114,219,75,270,0,0,0,0,0,0,0,0,0,0,0,0,0,0,0,0,1812,0,0,0,0,0,0
2021-01-02T23:59:59+01:00,38,11,90,77,58,94,84,211,112,139,101,118,114,219,75,270,0,0,0,0,0,0,0,0,0,0,0,0,0,0,0,0,1811,0,0,0,0,0,0
2021-01-01T23:59:59+01:00,38,11,90,77,58,94,84,211,112,138,101,118,114,219,75,270,0,0,0,0,0,0,0,0,0,0,0,0,0,0,0,0,1810,0,0,0,0,0,0
2020-12-31T23:59:59+01:00,38,11,90,77,58,94,84,211,111,138,101,118,114,219,75,270,0,0,0,0,0,0,0,0,0,0,0,0,0,0,0,0,1809,0,0,0,0,0,0
2020-12-30T23:59:59+01:00,38,11,90,77,57,94,84,211,111,138,101,118,114,219,75,270,0,0,0,0,0,0,0,0,0,0,0,0,0,0,0,0,1808,0,0,0,0,0,0
2020-12-29T23:59:59+01:00,19,5,63,57,35,60,49,137,62,88,46,50,67,131,47,182,0,0,0,0,0,0,0,0,0,0,0,0,0,0,0,0,1098,0,0,0,0,0,0
2020-12-28T23:59:59+01:00,7,4,36,26,20,29,20,68,22,41,23,22,24,49,27,72,0,0,0,0,0,0,0,0,0,0,0,0,0,0,0,0,490,0,0,0,0,0,0
2020-12-27T23:59:59+01:00,1,0,7,5,6,2,1,5,0,2,0,1,2,3,4,5,0,0,0,0,0,0,0,0,0,0,0,0,0,0,0,0,44,0,0,0,0,0,0
