Datum,<15_m,<15_w,15-24_1_m,15-24_1_w,25-34_1_m,25-34_1_w,35-44_1_m,35-44_1_w,45-54_1_m,45-54_1_w,55-64_1_m,55-64_1_w,65-74_1_m,65-74_1_w,75-84_1_m,75-84_1_w,>84_1_m,>84_1_w,<24_2_m,<24_2_w,25-34_2_m,25-34_2_w,35-44_2_m,35-44_2_w,45-54_2_m,45-54_2_w,55-64_2_m,55-64_2_w,65-74_2_m,65-74_2_w,75-84_2_m,75-84_2_w,>84_2_m,>84_2_w,bp_1,bp_2,mo_1,mo_2,az_1,az_2,ja,unb_1,unb_2
2021-09-17T23:59:59+02:00,9277,8944,63224,63262,105644,103324,96930,96685,93898,99438,93357,95323,56015,69588,44066,61092,10679,21609,56388,56431,99084,95973,91245,89910,89128,93867,89501,91369,54200,67304,42841,59136,10277,20622,809871,759332,134763,128833,159085,144625,88543,155,147
2021-09-16T23:59:59+02:00,9189,8840,62958,62980,105378,103078,96703,96454,93716,99265,93258,95235,55963,69534,44055,61068,10674,21598,56148,56176,98828,95754,91059,89706,88955,93712,89400,91285,54152,67255,42822,59117,10271,20611,808142,757898,134678,128692,159076,144564,87957,155,147
2021-09-15T23:59:59+02:00,9119,8787,62620,62698,105181,102869,96498,96261,93581,99108,93156,95151,55926,69479,44016,61035,10669,21577,55992,56030,98642,95596,90891,89553,88849,93599,89300,91225,54119,67210,42798,59083,10266,20598,806419,756891,134625,128574,159072,144529,87521,155,147
2021-09-14T23:59:59+02:00,9076,8734,62343,62501,104954,102661,96310,96082,93450,98968,93041,95069,55881,69424,43992,60996,10663,21561,55804,55857,98468,95415,90732,89392,88721,93490,89216,91155,54083,67170,42776,59056,10261,20583,804924,755885,134556,128482,159063,144432,87069,155,147
2021-09-13T23:59:59+02:00,9042,8701,62056,62246,104728,102440,96139,95914,93307,98833,92956,94972,55831,69370,43975,60964,10656,21549,55603,55686,98284,95230,90582,89242,88594,93383,89130,91081,54047,67124,42756,59027,10255,20566,803434,754827,134472,128369,159053,144389,86626,155,147
2021-09-12T23:59:59+02:00,8991,8654,61758,62011,104490,102197,95934,95693,93148,98703,92861,94891,55781,69322,43960,60933,10651,21538,55410,55531,98049,95022,90419,89081,88460,93266,89035,91006,54005,67070,42735,58998,10250,20548,801946,753829,134375,128242,159049,144317,86051,155,147
2021-09-11T23:59:59+02:00,8943,8620,61638,61883,104352,102082,95832,95584,93062,98625,92822,94860,55766,69308,43955,60921,10651,21537,55265,55440,97903,94921,90318,88984,88360,93199,89000,90980,53995,67051,42731,58988,10250,20547,801280,753244,134317,128165,159048,144299,85701,155,147
2021-09-10T23:59:59+02:00,8846,8510,61405,61622,104160,101879,95662,95395,92919,98499,92728,94789,55734,69280,43941,60903,10651,21535,55030,55238,97713,94736,90132,88801,88225,93072,88915,90910,53973,67030,42718,58969,10250,20543,799921,752103,134254,128050,159046,144283,85142,155,147
2021-09-09T23:59:59+02:00,8750,8413,61108,61369,103897,101576,95439,95106,92745,98281,92592,94676,55696,69219,43921,60873,10641,21514,54785,55026,97473,94493,89919,88574,88067,92918,88778,90822,53928,66984,42698,58938,10244,20537,798034,750730,134151,127870,159044,144210,84492,155,147
2021-09-08T23:59:59+02:00,8695,8365,60906,61151,103702,101345,95257,94887,92588,98119,92479,94549,55662,69153,43886,60833,10628,21490,54639,54876,97300,94294,89769,88386,87912,92779,88658,90714,53886,66921,42659,58895,10232,20500,796625,749738,134045,127722,159034,144124,83896,155,147
2021-09-07T23:59:59+02:00,8644,8316,60688,60944,103481,101116,95068,94701,92447,97980,92379,94476,55628,69103,43857,60778,10618,21467,54455,54712,97082,94101,89584,88222,87787,92674,88562,90625,53844,66873,42631,58864,10226,20482,795182,748668,133942,127597,159030,143997,83442,155,147
2021-09-06T23:59:59+02:00,8606,8275,60493,60785,103290,100952,94938,94545,92335,97856,92296,94405,55575,69044,43836,60750,10611,21434,54296,54546,96897,93941,89424,88063,87660,92549,88466,90544,53793,66826,42610,58819,10216,20457,794009,747587,133852,127458,159019,143913,83051,155,147
2021-09-05T23:59:59+02:00,8552,8226,60291,60591,103140,100775,94794,94383,92214,97743,92220,94335,55549,69002,43825,60729,10606,21426,54096,54353,96711,93746,89239,87906,87522,92426,88384,90458,53741,66774,42591,58796,10210,20439,792866,746440,133780,127285,159016,143819,82644,155,147
2021-09-04T23:59:59+02:00,8501,8197,60183,60487,103056,100678,94695,94300,92160,97679,92186,94309,55540,68991,43819,60719,10606,21425,53974,54242,96596,93620,89124,87807,87454,92348,88337,90425,53727,66763,42584,58785,10210,20438,792295,745796,133730,127163,159011,143801,82400,155,147
2021-09-03T23:59:59+02:00,8424,8125,60002,60313,102889,100531,94551,94163,92058,97564,92114,94258,55513,68965,43811,60705,10604,21419,53768,54062,96400,93411,88932,87612,87310,92172,88241,90345,53695,66731,42573,58766,10206,20435,791232,744554,133679,126932,159003,143765,82000,155,147
2021-09-02T23:59:59+02:00,8310,8042,59768,60080,102650,100303,94365,93948,91876,97409,91999,94162,55468,68907,43788,60670,10598,21397,53510,53811,96117,93143,88699,87342,87089,91970,88100,90229,53650,66650,42542,58715,10196,20399,789664,742936,133573,126578,158991,143647,81416,155,147
2021-09-01T23:59:59+02:00,8248,7962,59563,59872,102466,100135,94216,93794,91758,97281,91897,94088,55425,68857,43770,60647,10590,21378,53257,53600,95896,92930,88509,87124,86914,91808,87961,90122,53585,66564,42504,58671,10186,20379,788427,741512,133502,126322,158975,143528,80947,155,144
2021-08-31T23:59:59+02:00,8170,7888,59360,59646,102287,99962,94047,93643,91641,97169,91775,94007,55379,68806,43744,60607,10580,21362,53009,53356,95642,92691,88296,86891,86759,91648,87802,90016,53538,66487,42471,58615,10178,20358,787119,740018,133424,126016,158962,143418,80472,155,144
2021-08-30T23:59:59+02:00,8074,7811,59165,59469,102122,99825,93934,93514,91526,97067,91710,93931,55345,68779,43727,60573,10575,21346,52773,53172,95402,92461,88094,86663,86583,91505,87677,89893,53482,66409,42431,58551,10161,20329,786035,738613,133370,125700,158955,143269,80036,155,144
2021-08-29T23:59:59+02:00,7998,7736,58889,59232,101893,99635,93754,93344,91385,96948,91623,93842,55300,68729,43703,60543,10573,21336,52423,52871,95093,92179,87810,86405,86349,91312,87523,89769,53413,66334,42401,58511,10154,20312,784699,736742,133282,125368,158941,143125,79444,155,144
2021-08-28T23:59:59+02:00,7941,7672,58756,59122,101787,99528,93652,93262,91301,96872,91578,93813,55286,68716,43695,60538,10572,21334,52248,52726,94937,92050,87675,86297,86240,91224,87454,89726,53396,66313,42392,58503,10152,20311,784088,735934,133245,125267,158937,143100,79058,155,144
2021-08-27T23:59:59+02:00,7876,7587,58569,58938,101625,99368,93515,93138,91194,96767,91489,93757,55263,68687,43686,60521,10571,21329,52000,52488,94650,91778,87457,86095,86069,91071,87344,89626,53354,66277,42378,58478,10147,20308,783133,734376,133182,125068,158890,143063,78578,155,144
2021-08-26T23:59:59+02:00,7790,7489,58340,58697,101408,99151,93301,92916,91015,96590,91384,93659,55215,68626,43652,60493,10565,21317,51667,52211,94294,91432,87127,85785,85826,90818,87188,89496,53294,66188,42331,58435,10140,20296,781700,732493,133085,124669,158864,142930,77862,155,143
2021-08-25T23:59:59+02:00,7719,7400,58123,58513,101242,99016,93151,92734,90901,96468,91277,93583,55176,68579,43618,60449,10561,21293,51375,51968,93999,91182,86904,85540,85627,90629,87055,89370,53226,66103,42282,58366,10135,20264,780537,730795,133006,124357,158855,142860,77307,155,142
2021-08-24T23:59:59+02:00,7670,7350,57911,58305,101065,98849,92989,92573,90793,96347,91193,93513,55138,68524,43592,60406,10554,21268,51062,51714,93660,90899,86610,85284,85425,90440,86904,89212,53142,66010,42233,58299,10126,20241,779431,728996,132915,124056,158849,142643,76747,155,142
2021-08-23T23:59:59+02:00,7615,7299,57714,58110,100898,98696,92862,92419,90699,96262,91119,93429,55103,68481,43563,60380,10550,21250,50747,51450,93322,90628,86362,85013,85231,90274,86773,89089,53065,65917,42197,58249,10119,20223,778321,727131,132844,123774,158839,142465,76347,155,141
2021-08-22T23:59:59+02:00,7548,7242,57523,57930,100706,98544,92704,92289,90603,96144,91041,93364,55069,68436,43549,60356,10545,21236,50382,51101,92926,90233,86054,84717,84995,90043,86604,88966,52989,65813,42161,58186,10105,20191,777326,724812,132745,123467,158827,142250,75833,155,139
2021-08-21T23:59:59+02:00,7495,7204,57393,57808,100574,98439,92601,92186,90505,96085,90985,93329,55048,68415,43541,60339,10543,21233,50054,50800,92764,90089,85884,84561,84847,89920,86519,88904,52957,65790,42151,58171,10104,20185,776655,723304,132674,123236,158826,142209,75470,155,139
2021-08-20T23:59:59+02:00,7444,7151,57236,57638,100404,98286,92448,92050,90388,95963,90911,93269,55026,68392,43531,60322,10541,21228,49732,50472,92503,89827,85621,84321,84631,89717,86388,88794,52925,65749,42128,58147,10097,20178,775704,721374,132626,123028,158821,142142,74979,155,139
2021-08-19T23:59:59+02:00,7378,7091,56999,57412,100148,98062,92250,91866,90228,95803,90788,93168,54984,68334,43506,60291,10534,21214,49295,50042,92087,89437,85219,83920,84323,89407,86174,88610,52854,65643,42090,58087,10087,20160,774394,718718,132499,122585,158815,141937,74250,155,138
2021-08-18T23:59:59+02:00,7316,7036,56821,57254,99970,97892,92107,91710,90091,95680,90686,93073,54916,68271,43477,60245,10524,21194,48953,49686,91714,89117,84902,83592,84044,89153,85985,88439,52738,65526,42020,57995,10072,20130,773262,716356,132414,122193,158808,141698,73681,155,138
2021-08-17T23:59:59+02:00,7254,6985,56640,57102,99778,97717,91946,91566,89969,95551,90590,92981,54879,68223,43452,60218,10522,21179,48469,49277,91268,88693,84500,83237,83714,88862,85781,88238,52635,65401,41962,57920,10066,20106,772167,713366,132312,121786,158795,141408,73180,155,138
2021-08-16T23:59:59+02:00,7194,6918,56462,56934,99588,97544,91799,91412,89831,95436,90477,92884,54828,68162,43423,60168,10514,21165,47916,48716,90805,88255,84031,82845,83387,88570,85553,88036,52531,65286,41904,57842,10057,20070,771020,709896,132221,121339,158788,141178,72612,155,138
2021-08-15T23:59:59+02:00,7129,6870,56244,56750,99408,97360,91644,91277,89705,95330,90387,92824,54790,68121,43403,60138,10510,21158,46804,47614,90166,87569,83478,82313,82992,88184,85267,87830,52424,65163,41862,57783,10048,20050,769964,704167,132109,120711,158779,140998,72098,155,137
2021-08-14T23:59:59+02:00,7098,6838,56124,56660,99266,97261,91541,91201,89618,95262,90336,92779,54775,68105,43398,60131,10509,21157,46656,47473,89940,87392,83263,82106,82868,88086,85198,87786,52396,65132,41853,57772,10047,20048,769441,703365,132052,120388,158775,140946,71693,155,137
2021-08-13T23:59:59+02:00,7054,6792,55971,56536,99113,97137,91414,91065,89516,95148,90257,92716,54745,68055,43384,60108,10507,21151,46356,47164,89474,86999,82869,81732,82605,87850,85033,87648,52352,65064,41832,57748,10044,20037,768628,701173,131995,119841,158768,140868,71182,153,137
2021-08-12T23:59:59+02:00,7019,6741,55768,56378,98911,96961,91242,90902,89371,95008,90163,92636,54707,68002,43358,60074,10499,21134,45950,46779,88848,86436,82294,81183,82227,87528,84804,87473,52278,64963,41781,57689,10034,20019,767587,698259,131889,119008,158755,140617,70547,153,136
2021-08-11T23:59:59+02:00,6985,6686,55580,56210,98709,96784,91089,90765,89239,94895,90054,92533,54655,67943,43327,60035,10489,21119,45539,46327,88242,85784,81721,80674,81894,87224,84538,87233,52190,64822,41709,57564,10015,19968,766476,695113,131793,118066,158731,140286,70003,151,135
2021-08-10T23:59:59+02:00,6923,6639,55398,56053,98504,96642,90930,90615,89112,94783,89969,92457,54610,67896,43311,59996,10485,21106,45113,45866,87598,85168,81120,80135,81487,86843,84293,87019,52068,64715,41651,57479,10001,19937,765437,691807,131699,117120,158712,139974,69487,151,135
2021-08-09T23:59:59+02:00,6872,6581,55229,55888,98317,96491,90784,90479,88977,94687,89859,92395,54570,67845,43285,59963,10477,21090,44560,45316,86771,84489,80433,79550,81074,86495,83999,86796,51956,64580,41593,57379,9987,19892,764448,688009,131626,116059,158701,139626,68920,151,134
2021-08-08T23:59:59+02:00,6803,6513,55005,55702,98119,96310,90611,90314,88839,94571,89764,92319,54516,67797,43259,59927,10470,21069,43961,44713,85722,83564,79541,78741,80536,86020,83675,86499,51823,64427,41530,57288,9975,19866,763258,682954,131512,114880,158680,139316,68363,151,134
2021-08-07T23:59:59+02:00,6758,6463,54865,55578,97982,96197,90480,90212,88746,94513,89702,92279,54497,67771,43255,59917,10467,21064,43132,43845,85392,83236,79070,78299,80180,85670,83492,86355,51760,64344,41509,57252,9970,19857,762596,679287,131448,113735,158676,139210,67931,151,133
2021-08-06T23:59:59+02:00,6703,6413,54675,55434,97754,96019,90330,90083,88621,94396,89604,92207,54457,67743,43246,59891,10464,21060,42217,42967,84934,82781,78479,77745,79789,85286,83299,86208,51708,64280,41482,57219,9962,19843,761646,675356,131352,112454,158669,139073,67338,151,133
2021-08-05T23:59:59+02:00,6638,6342,54361,55190,97461,95754,90078,89867,88408,94207,89433,92073,54391,67653,43216,59838,10455,21041,40993,41821,84209,82114,77706,76949,79191,84720,82940,85904,51577,64120,41421,57118,9947,19811,760011,669827,131226,110831,158656,138528,66418,151,132
2021-08-04T23:59:59+02:00,6557,6291,54127,55010,97223,95548,89908,89702,88266,94065,89316,91974,54338,67601,43179,59791,10451,21031,40529,41339,83012,81070,76381,75803,78700,84271,82621,85655,51437,63982,41362,57031,9931,19785,758741,664662,131118,109327,158642,138072,65782,151,132
2021-08-03T23:59:59+02:00,6492,6227,53870,54815,96992,95359,89737,89541,88125,93922,89170,91853,54258,67520,43142,59732,10443,21023,40092,40929,81765,79934,74959,74609,78094,83704,82078,85164,51223,63778,41261,56875,9918,19749,757376,658861,131013,107625,158618,137365,65119,151,132
2021-08-02T23:59:59+02:00,6430,6164,53632,54615,96736,95140,89520,89366,87960,93778,89028,91739,54176,67450,43108,59681,10440,21003,39628,40459,80457,78830,73407,73397,77469,83135,81534,84681,51054,63575,41184,56755,9901,19714,755959,652829,130864,105860,158596,136765,64453,150,130
2021-08-01T23:59:59+02:00,6366,6077,53363,54351,96474,94871,89286,89192,87754,93635,88865,91629,54112,67365,43071,59628,10433,20996,39111,39968,79162,77744,72002,72292,76578,82378,80949,84215,50867,63335,41096,56650,9890,19690,754362,646653,130672,103955,158572,136155,63767,149,127
2021-07-31T23:59:59+02:00,6330,6038,53245,54261,96357,94777,89186,89126,87664,93564,88821,91593,54101,67355,43065,59624,10433,20995,38165,38961,78718,77301,71468,71739,76197,82051,80833,84118,50848,63302,41080,56638,9890,19687,753887,642008,130507,103083,158570,136060,63476,149,127
2021-07-30T23:59:59+02:00,6277,6003,53075,54119,96201,94603,89033,88977,87533,93450,88737,91523,54064,67324,43052,59606,10431,20993,37169,37916,78028,76659,70720,71004,75683,81523,80431,83793,50774,63213,41047,56578,9884,19675,753003,635856,130189,101950,158567,135852,63147,149,127
2021-07-29T23:59:59+02:00,6226,5944,52842,53939,95948,94379,88820,88769,87365,93276,88596,91395,54004,67260,43029,59568,10423,20971,35927,36699,76982,75784,69666,70046,74880,80770,79891,83363,50641,63050,40980,56483,9866,19648,751769,628110,129711,100399,158551,135294,62629,148,127
2021-07-28T23:59:59+02:00,6188,5891,52645,53775,95746,94175,88669,88585,87248,93137,88486,91300,53947,67186,42996,59520,10413,20940,35323,36118,75823,74812,68389,68937,74121,80053,79397,82910,50502,62849,40910,56380,9850,19609,750608,621809,129263,98986,158533,134506,62349,148,125
2021-07-27T23:59:59+02:00,6139,5850,52413,53553,95483,93968,88492,88401,87091,92986,88364,91204,53894,67110,42952,59456,10398,20891,34672,35385,74376,73578,66939,67721,73258,79203,78851,82396,50329,62637,40830,56259,9825,19566,749207,614577,128838,97533,158507,133269,61999,148,124
2021-07-26T23:59:59+02:00,6082,5798,52199,53350,95238,93776,88297,88237,86933,92848,88234,91103,53834,67031,42923,59402,10391,20869,33916,34584,72864,72242,65577,66482,72211,78217,78262,81866,50156,62422,40752,56112,9803,19521,747876,606554,128413,96005,158490,132196,61672,148,124
2021-07-25T23:59:59+02:00,6044,5756,51998,53156,94984,93546,88126,88049,86776,92718,88127,91007,53783,66968,42895,59358,10381,20833,33212,33840,71520,71038,64463,65458,71209,77309,77791,81419,50037,62238,40687,56025,9797,19487,746505,599612,128135,94433,158468,131403,61303,148,124
2021-07-24T23:59:59+02:00,5956,5698,51725,52863,94680,93235,87876,87829,86598,92561,88027,90928,53753,66934,42883,59335,10381,20827,32726,33365,70666,70350,63792,64896,70331,76609,77586,81268,49983,62195,40665,56000,9797,19485,744632,595242,128080,93502,158466,131277,60816,148,124
2021-07-23T23:59:59+02:00,5903,5642,51455,52592,94290,92954,87585,87614,86418,92380,87892,90833,53720,66886,42875,59317,10378,20821,32220,32747,69612,69504,63008,64231,69426,75759,77184,80941,49908,62097,40633,55961,9790,19471,742605,589687,128007,92341,158459,131100,60389,148,124
2021-07-22T23:59:59+02:00,5832,5578,51043,52193,93836,92516,87199,87277,86111,92081,87674,90651,53635,66791,42846,59256,10369,20795,31512,32030,68282,68491,61942,63311,67768,74371,76529,80430,49752,61891,40542,55843,9769,19431,739585,583073,127772,89580,158434,130331,59798,147,124
2021-07-21T23:59:59+02:00,5780,5527,50681,51817,93405,92107,86895,86974,85853,91836,87504,90465,53551,66707,42788,59189,10358,20766,30916,31396,66948,67449,60858,62415,65724,72683,75622,79687,49463,61581,40381,55655,9745,19375,736804,576798,127532,85273,158407,129242,59365,147,124
2021-07-20T23:59:59+02:00,5722,5464,50295,51430,92945,91640,86531,86653,85587,91581,87284,90269,53459,66572,42741,59129,10351,20741,30264,30768,65490,66271,59718,61458,64538,71623,75011,79131,49255,61347,40275,55497,9721,19313,733867,569770,127309,83611,158351,128215,58772,147,124
2021-07-19T23:59:59+02:00,5644,5390,49830,50978,92473,91170,86166,86324,85337,91367,87076,90093,53366,66452,42705,59050,10333,20705,29722,30198,64331,65216,58793,60591,63383,70581,74412,78614,49081,61150,40183,55351,9692,19268,730615,563976,127084,81808,158315,127023,58350,147,124
2021-07-18T23:59:59+02:00,5575,5321,49005,50166,91416,90138,85441,85714,84859,90941,86782,89800,53259,66304,42642,58953,10323,20674,29174,29621,63161,64148,57864,59678,62203,69553,73862,78112,48935,60988,40125,55268,9680,19240,724208,558153,126749,79787,158298,126218,57963,147,123
2021-07-17T23:59:59+02:00,5401,5135,48655,49837,91272,90004,85246,85555,84702,90804,86673,89716,53237,66277,42631,58941,10322,20671,28796,29253,62523,63555,57315,59254,61445,68816,73557,77871,48825,60871,40085,55209,9670,19229,723031,555168,126571,78819,158291,125599,57090,147,123
2021-07-16T23:59:59+02:00,5302,5044,48337,49554,91008,89783,84999,85351,84499,90618,86535,89608,53195,66245,42613,58927,10319,20666,28307,28764,61594,62649,56468,58567,60390,67780,73055,77453,48662,60683,40038,55141,9665,19220,721651,550237,126403,77494,158280,124864,56174,146,123
2021-07-15T23:59:59+02:00,5165,4912,47861,49147,90620,89410,84642,84971,84199,90342,86315,89437,53115,66155,42558,58858,10309,20639,27579,28151,60284,61600,55349,57583,58988,66464,72323,76865,48434,60422,39948,55010,9649,19165,719202,544455,125982,75297,158245,123204,55118,145,123
2021-07-14T23:59:59+02:00,5060,4799,47513,48770,90317,89117,84357,84659,83948,90101,86112,89282,53026,66048,42500,58769,10292,20608,27059,27608,59193,60608,54380,56738,58111,65620,71712,76282,48166,60143,39841,54836,9627,19121,717038,539048,125620,74382,158197,121517,54316,144,123
2021-07-13T23:59:59+02:00,4947,4683,47112,48391,89925,88760,84050,84353,83681,89842,85905,89117,52918,65944,42446,58703,10286,20587,26413,26955,57825,59425,53186,55750,57118,64706,70989,75646,47890,59820,39710,54658,9595,19068,714694,532729,125250,73281,158138,119475,53461,143,122
2021-07-12T23:59:59+02:00,4777,4514,46575,47882,89529,88421,83657,84035,83435,89585,85717,88959,52836,65846,42397,58638,10274,20572,25793,26306,56318,58075,51894,54687,55890,63563,70245,75028,47516,59391,39534,54436,9554,19003,712008,525450,124878,72250,158075,117128,52581,143,122
2021-07-11T23:59:59+02:00,4382,4142,45630,46965,89104,87990,83241,83648,83126,89295,85522,88812,52749,65755,42372,58582,10263,20555,25196,25742,54944,56816,50597,53642,54845,62527,69653,74478,47171,59008,39409,54261,9529,18961,708063,518826,124407,71242,158034,115342,51525,140,122
2021-07-10T23:59:59+02:00,4370,4127,45300,46628,88651,87511,82905,83336,83024,89197,85454,88754,52728,65732,42363,58568,10262,20551,24711,25217,53864,55879,49738,53060,54247,61958,69436,74290,46800,58589,39309,54156,9524,18950,707395,514529,123941,71158,157857,114021,50165,139,122
2021-07-09T23:59:59+02:00,4351,4114,44880,46193,88042,86958,82525,82995,82772,89011,85338,88662,52693,65702,42356,58554,10258,20542,24014,24449,52548,54643,48800,52180,53468,61105,69014,73890,46439,58181,39223,54066,9516,18938,705986,508365,123362,70754,157689,112674,48806,139,121
2021-07-08T23:59:59+02:00,4323,4088,44331,45710,87184,86255,82000,82485,82518,88769,85143,88507,52626,65635,42324,58508,10247,20526,23041,23531,50614,53082,47424,51027,52324,59979,68325,73251,45921,57621,39086,53902,9488,18869,703876,500654,122476,69479,157396,110136,47316,138,121
2021-07-07T23:59:59+02:00,4299,4060,43761,45137,86359,85491,81457,82008,82233,88473,84938,88343,52548,65534,42282,58445,10240,20506,22177,22642,48668,51404,45909,49890,51086,58796,67624,72714,45185,56877,38891,53664,9456,18811,701389,492509,121480,68363,157141,107031,45968,136,119
2021-07-06T23:59:59+02:00,4267,4040,43217,44621,85512,84759,80847,81418,81863,88141,84764,88169,52459,65453,42244,58382,10231,20481,21347,21791,46687,49618,44523,48637,49814,57461,66879,71994,44354,56102,38705,53424,9438,18755,698758,483564,120458,67282,156841,104065,44676,135,119
2021-07-05T23:59:59+02:00,4243,4002,42075,43647,84018,83671,80114,80802,81406,87720,84491,87906,52341,65316,42195,58304,10217,20453,20173,20747,44736,48024,43496,47672,48782,56497,66181,71376,43593,55240,38532,53199,9414,18716,695459,477576,119397,66413,156475,100969,41455,135,119
2021-07-04T23:59:59+02:00,4216,3980,40724,42454,82381,82352,79393,80191,80933,87294,84220,87706,52247,65189,42149,58252,10204,20424,18812,19525,42932,46484,42771,46885,47935,55584,65568,70795,42845,54382,38365,52999,9394,18668,692365,472632,118243,65480,156049,98340,37517,135,119
2021-07-03T23:59:59+02:00,3752,3565,39165,40925,81521,81698,78907,79692,80487,86817,84004,87536,52179,65088,42131,58200,10201,20418,18003,18836,42017,45794,42353,46504,47530,55185,65403,70630,42256,53655,38303,52900,9387,18658,688651,470699,116931,65379,155964,96750,34605,135,119
2021-07-02T23:59:59+02:00,3192,2993,37617,39445,80804,80973,78234,78990,79965,86315,83762,87335,52127,65001,42102,58153,10189,20405,17246,18125,40873,44837,41618,45809,46696,54400,64882,70182,41305,52450,38173,52711,9371,18639,683637,465648,115525,64917,155809,94259,32496,135,117
2021-07-01T23:59:59+02:00,2550,2447,35905,37797,79833,80110,77400,78156,79257,85678,83446,87056,52006,64843,42039,58049,10170,20376,16383,17235,39340,43604,40402,44741,45387,53268,64142,69609,40416,51311,38023,52504,9354,18607,677332,459292,113808,63266,155583,91487,30260,135,117
2021-06-30T23:59:59+02:00,2508,2416,34903,36793,78003,78609,75695,76656,78600,85130,83160,86763,51875,64685,41979,57952,10158,20349,15361,16274,37656,42377,39202,43627,44223,52210,63390,68983,39871,50627,37908,52308,9332,18571,671478,453171,112074,61925,155368,89604,27179,135,117
2021-06-29T23:59:59+02:00,2475,2383,34073,35909,76402,77118,74076,75234,77809,84408,82616,86272,51692,64465,41902,57821,10141,20313,14528,15377,36342,41236,38283,42805,42997,51158,62678,68398,39163,49692,37772,52090,9310,18527,665134,448006,110195,60087,155096,87652,24549,135,116
2021-06-28T23:59:59+02:00,2435,2350,33267,35111,74784,75708,72392,73826,76784,83619,82007,85772,51513,64235,41824,57714,10128,20279,13784,14632,35285,40216,37455,42072,41872,50163,62028,67851,38290,48604,37605,51869,9290,18480,658664,443174,108225,58572,154501,85452,22223,135,115
2021-06-27T23:59:59+02:00,2421,2335,32533,34370,73213,74338,70985,72616,75383,82496,81327,85216,51314,64017,41759,57597,10118,20250,13152,14004,34327,39460,36796,41466,40937,49313,61487,67406,37430,47574,37453,51691,9275,18449,652460,439274,106281,57808,153546,83192,19866,135,115
2021-06-26T23:59:59+02:00,1789,1728,31502,33273,72861,74023,70520,72153,75089,82183,81232,85134,51294,63989,41745,57587,10117,20247,12957,13796,33664,38917,36152,41044,40418,48977,60492,66402,36439,46437,37286,51477,9261,18416,647694,433294,105344,57756,153542,81250,19754,132,115
2021-06-25T23:59:59+02:00,1170,1130,30389,32109,72375,73495,69905,71455,74658,81737,80855,84811,51233,63903,41711,57544,10112,20233,12632,13410,32809,38115,35281,40219,39479,48140,59280,65167,35922,45737,37094,51176,9238,18373,641386,424869,104151,57308,153534,80188,19622,132,115
2021-06-24T23:59:59+02:00,570,571,29053,30797,71601,72749,69033,70566,73985,81108,80407,84446,51127,63773,41659,57474,10101,20199,11974,12714,31644,36811,34062,38949,38350,47029,57645,63788,35445,45217,36937,50987,9219,18313,633602,415534,102657,55756,153420,78296,19408,132,114
2021-06-23T23:59:59+02:00,543,538,28550,30256,70490,71767,67756,69426,73237,80419,79954,84042,51016,63598,41598,57378,10084,20168,11486,12188,30644,35561,33130,37725,37335,46148,55703,62077,34894,44651,36769,50759,9198,18248,627378,405778,101081,54691,153313,77039,18916,132,113
2021-06-22T23:59:59+02:00,520,522,28038,29677,69313,70739,66550,68397,72557,79712,79541,83676,50909,63471,41550,57294,10075,20142,11142,11791,29721,34625,32163,36834,36374,45258,53733,60241,34506,44175,36630,50517,9169,18190,621059,397252,99620,53117,153177,75911,18695,132,112
2021-06-21T23:59:59+02:00,488,488,27374,29015,67994,69565,65363,67261,71796,78931,79145,83281,50801,63362,41491,57205,10061,20100,10851,11481,29095,34040,31612,36264,35771,44669,51884,58583,33793,43374,36334,50092,9139,18114,614244,389677,98121,51918,153055,75236,18170,131,112
2021-06-20T23:59:59+02:00,403,407,26736,28356,66773,68428,64340,66315,70991,78188,78791,82945,50724,63238,41442,57137,10056,20067,10563,11220,28547,33538,31154,35772,35262,44146,50042,56791,33250,42692,36137,49756,9109,18054,607856,382263,96651,51164,152957,74769,17742,131,107
2021-06-19T23:59:59+02:00,371,373,26358,27991,66042,67853,63815,65817,70194,77534,78638,82820,50703,63212,41426,57121,10055,20067,10432,11028,28300,33220,30900,35450,35040,43885,48595,55396,32990,42345,36053,49619,9101,18026,603908,376864,95707,51152,152955,74580,17689,131,107
2021-06-18T23:59:59+02:00,344,339,25898,27533,65030,67117,63076,65204,69275,76696,78248,82485,50642,63137,41399,57085,10051,20059,10218,10791,27895,32793,30572,35037,34652,43491,46862,53731,32639,41830,35916,49408,9082,17992,598501,370007,94465,50864,152947,74368,17575,130,107
2021-06-17T23:59:59+02:00,315,308,25248,26914,63741,66097,62057,64351,67644,75254,77712,82083,50538,62982,41336,56999,10038,20031,9803,10437,27099,32104,29830,34358,33815,42789,45357,52236,32194,41200,35753,49153,9050,17942,592184,362581,91808,49721,152787,73984,16740,129,106
2021-06-16T23:59:59+02:00,281,269,24726,26333,62440,64970,60948,63369,65372,73336,76865,81427,50326,62772,41245,56887,10019,19999,9482,10186,26446,31428,29120,33731,33084,42151,44764,51672,31924,40839,35607,48954,9029,17901,585945,358875,87298,49015,152353,72471,15861,127,106
2021-06-15T23:59:59+02:00,242,238,24089,25651,61039,63761,59862,62378,64212,72250,76361,81007,50203,62624,41195,56790,10012,19969,9221,9919,25845,30693,28481,32971,32407,41427,43202,50043,31478,40285,35434,48719,8999,17837,578833,352165,85667,48122,151886,71208,15370,127,106
2021-06-14T23:59:59+02:00,220,206,23612,25060,59930,62703,58983,61522,63136,71235,75887,80613,50115,62501,41145,56718,9996,19943,8935,9620,25088,29800,27713,32134,31615,40609,41919,48705,31110,39785,35297,48494,8969,17786,572933,346022,83945,47098,151683,69525,14837,127,106
2021-06-13T23:59:59+02:00,215,191,23195,24593,59000,61797,58206,60737,62026,70263,75421,80188,50027,62384,41095,56657,9984,19912,8656,9320,24374,28956,26995,31291,30851,39758,40368,47120,30646,39177,35096,48189,8939,17697,567921,338966,82077,46317,151454,67743,14312,127,104
2021-06-12T23:59:59+02:00,201,174,22967,24329,58451,61296,57846,60458,61384,69620,75220,80075,50003,62353,41083,56643,9981,19908,8540,9204,23895,28371,26478,30722,30335,39199,39290,46146,30478,38998,34999,48024,8935,17686,565028,334764,81120,46314,151445,65855,14272,127,104
2021-06-11T23:59:59+02:00,183,159,22617,23916,57711,60482,57169,59827,60477,68687,74868,79765,49926,62280,41058,56607,9978,19902,8407,9016,23384,27697,25944,30064,29753,38565,38219,45137,30207,38643,34855,47800,8922,17659,560024,329923,79824,46053,151431,63994,14207,126,103
2021-06-10T23:59:59+02:00,168,142,22083,23355,56582,59553,56239,59007,59221,67513,74332,79361,49854,62171,41034,56556,9964,19873,8144,8768,22516,26751,24978,29126,28632,37633,36828,43967,29853,38164,34574,47365,8855,17583,554480,323016,77614,45341,151186,61685,13602,126,101
2021-06-09T23:59:59+02:00,147,128,21457,22802,55314,58454,55169,58087,58262,66605,73868,78964,49766,62070,40983,56493,9950,19842,7857,8503,21598,25885,24041,28230,27597,36685,35108,42180,29468,37664,34389,47096,8813,17493,548699,315576,76158,44615,150829,59776,12549,126,99
2021-06-08T23:59:59+02:00,124,110,20786,22119,54002,57323,54050,57110,57302,65745,73322,78527,49677,61944,40928,56401,9930,19811,7589,8269,20685,24987,22981,27366,26562,35727,33755,40877,29109,37155,34068,46642,8760,17410,542029,309266,75238,43849,150384,57302,11434,126,97
2021-06-07T23:59:59+02:00,107,92,20143,21518,52565,56069,52786,56132,56142,64758,72770,78124,49591,61836,40882,56337,9917,19783,7342,8049,19839,24161,21956,26551,25526,34852,32818,40089,28823,36758,33821,46211,8709,17319,534765,304633,74340,43030,149972,54719,10349,126,97
2021-06-06T23:59:59+02:00,100,86,19633,20982,51415,54977,51680,55151,55179,63804,72263,77721,49504,61759,40845,56274,9910,19767,7133,7849,19051,23267,21055,25678,24454,33869,31904,39273,28536,36418,33565,45820,8660,17244,528423,300065,73318,42291,149634,51778,9551,124,95
2021-06-05T23:59:59+02:00,94,78,19369,20693,50644,54228,51028,54650,54706,63322,72129,77609,49493,61745,40842,56271,9907,19767,6905,7434,18409,22191,20332,24558,23578,32619,30878,37953,28203,35954,33441,45644,8653,17224,524116,293756,73313,42252,149541,48396,9481,124,95
2021-06-04T23:59:59+02:00,84,72,18926,20113,49596,53223,50218,53781,54058,62538,71786,77281,49465,61708,40822,56257,9905,19759,6686,7122,17787,21340,19651,23567,22649,31348,29665,36617,27915,35590,33329,45468,8641,17204,517654,287318,72990,42183,149523,45685,9301,124,95
2021-06-03T23:59:59+02:00,73,61,18252,19440,48078,51920,49007,52658,53090,61523,71291,76819,49398,61603,40784,56209,9892,19734,6397,6732,17052,20294,18854,22416,21648,29932,28500,35139,27370,34808,33123,45143,8605,17129,509910,280576,71974,41436,149244,42459,8581,123,93
2021-06-02T23:59:59+02:00,68,57,17882,18936,47060,50939,48145,51913,52349,60773,71041,76605,49359,61567,40765,56181,9884,19720,6214,6493,16403,19612,17944,21666,20816,28988,27404,33735,26904,34203,32963,44892,8576,17059,503637,274293,71957,41421,149223,39766,8306,121,89
2021-06-01T23:59:59+02:00,57,51,17212,18217,45203,49201,46497,50450,50832,59325,70364,76004,49267,61457,40705,56107,9871,19671,5940,6184,15244,18708,16434,20701,19604,27745,26178,32340,26353,33509,32712,44545,8530,16955,494518,267803,70606,40855,148670,36359,6578,119,89
2021-05-31T23:59:59+02:00,55,47,16736,17734,43890,48060,45285,49348,49593,58213,69686,75494,49188,61354,40661,56037,9859,19635,5663,5865,14203,17877,15032,19783,18434,26636,24954,30996,25837,32792,32517,44248,8496,16856,488263,261509,69442,40310,148200,33432,4852,118,88
2021-05-30T23:59:59+02:00,47,46,16397,17324,42897,47103,44358,48401,48564,57166,69094,74935,49078,61184,40590,55916,9844,19592,5474,5621,13654,17178,14407,19088,17545,25668,23848,29822,25066,31841,32223,43829,8450,16767,481992,255535,68407,39510,147788,31123,4232,117,83
2021-05-29T23:59:59+02:00,47,46,16266,17207,42538,46786,44016,48136,48323,56976,69034,74878,49073,61177,40583,55911,9844,19591,5311,5380,13141,16366,13758,18237,16701,24501,22736,28522,24909,31610,32159,43736,8447,16760,480028,249933,68282,39510,147779,28525,4226,117,82
2021-05-28T23:59:59+02:00,46,44,15966,16905,41840,46155,43503,47572,47817,56434,68762,74581,49008,61096,40555,55862,9841,19586,5071,4995,12603,15448,13075,17372,15835,23264,21634,27087,24660,31241,32065,43602,8437,16743,475739,243890,67779,39405,147751,25572,4187,117,80
2021-05-27T23:59:59+02:00,43,40,15447,16384,40691,45174,42483,46688,46829,55546,68178,74147,48884,60936,40501,55790,9830,19544,4845,4657,11961,14621,12287,16433,14764,22071,20373,25578,24155,30500,31892,43339,8404,16659,469908,236531,66260,38601,147028,23511,3822,117,76
2021-05-26T23:59:59+02:00,41,39,15036,15958,39592,44256,41445,45805,45802,54667,67572,73636,48730,60757,40421,55622,9809,19496,4652,4461,11403,13857,11562,15580,13760,20937,18974,23985,23568,29717,31676,42995,8351,16558,464771,229257,64235,37737,146037,21444,3524,117,76
2021-05-25T23:59:59+02:00,41,38,14645,15555,38584,43368,40472,44946,44850,53749,66962,73105,48549,60518,40342,55490,9783,19442,4444,4258,10860,13211,10801,14797,12693,19699,17534,22478,22983,28937,31442,42671,8292,16465,459457,221885,62652,36797,144922,19520,3291,117,74
2021-05-24T23:59:59+02:00,40,37,14303,15232,37752,42629,39599,44271,43986,52964,66431,72618,48424,60341,40278,55366,9763,19397,4301,4130,10411,12746,10159,14209,11808,18863,16247,21216,22309,28103,31223,42340,8232,16375,454829,214966,61420,35853,144184,18901,2881,117,73
2021-05-23T23:59:59+02:00,36,37,14134,15059,37283,42254,39148,43866,43534,52559,66161,72389,48347,60250,40239,55319,9756,19373,4111,3990,9945,12270,9533,13599,10865,18043,15050,20150,21840,27530,30971,42050,8181,16290,451634,207951,61038,35772,144161,17831,2794,117,72
2021-05-22T23:59:59+02:00,34,35,13936,14842,36593,41688,38467,43410,42963,52151,65139,71374,48139,59992,40169,55206,9746,19352,3999,3695,9730,11855,9378,13268,10622,17596,14781,19748,21746,27412,30937,42010,8174,16281,445177,206725,61035,35769,144144,15905,2763,117,72
2021-05-21T23:59:59+02:00,33,34,13557,14439,35518,40767,37402,42477,41895,51254,63783,70089,47909,59654,40089,55058,9729,19319,3893,3599,9523,11589,9167,13002,10292,17269,14368,19377,21525,27126,30876,41920,8165,16273,435558,204775,60678,35463,143907,14911,2747,116,70
2021-05-20T23:59:59+02:00,31,34,12761,13715,34075,39309,35976,41068,40487,50051,62496,68938,47618,59311,39946,54875,9708,19268,3744,3417,8994,10987,8519,12288,9592,16421,13611,18408,20707,26005,30682,41622,8126,16186,425329,200396,58976,34616,142879,11860,2369,114,70
2021-05-19T23:59:59+02:00,31,33,12223,13149,32894,37885,34872,39685,39360,49088,60492,67167,47140,58753,39763,54612,9667,19162,3640,3284,8721,10610,8223,11915,9150,15913,12972,17742,19841,24873,30455,41319,8070,16071,414474,196143,57455,33802,141767,10621,2167,113,68
2021-05-18T23:59:59+02:00,28,33,11800,12706,31850,36866,33774,38766,38315,48154,58432,65308,46784,58304,39607,54371,9635,19103,3442,3121,8219,10003,7751,11368,8606,15243,12285,16972,18898,23640,30218,40975,8033,15966,405800,192041,55495,32959,140571,7814,1860,110,68
2021-05-17T23:59:59+02:00,26,32,11549,12430,31328,36306,33276,38204,37725,47519,56529,63596,46079,57480,39330,53973,9598,19030,3360,3012,7955,9720,7457,11070,8205,14830,11713,16368,17980,22506,29985,40656,7998,15892,398206,187663,54367,32211,139757,7196,1572,108,67
2021-05-16T23:59:59+02:00,26,32,11326,12176,30806,35800,32811,37708,37203,46947,54633,61768,45532,56781,39136,53653,9571,18974,3259,2911,7667,9428,7135,10725,7726,14366,11132,15782,17048,21355,29776,40366,7960,15823,391239,183374,53398,31362,139087,6606,1054,105,65
2021-05-15T23:59:59+02:00,26,32,11170,11971,30528,35467,32573,37387,36972,46683,53061,60289,45281,56474,39059,53515,9565,18946,3238,2893,7642,9399,7120,10704,7706,14351,11114,15760,16938,21139,29567,40058,7952,15813,385422,182380,53394,31361,139041,6554,1037,105,64
2021-05-14T23:59:59+02:00,26,32,10922,11691,30054,34957,32190,36922,36458,46209,51187,58457,44920,55973,38919,53308,9549,18906,3211,2874,7570,9324,7064,10631,7647,14290,10930,15559,16205,20069,29281,39571,7935,15773,377611,179452,53065,31020,138912,6413,987,105,64
2021-05-13T23:59:59+02:00,23,31,10638,11365,29405,34313,31589,36313,35784,45541,49715,56939,44490,55344,38748,53064,9522,18860,3142,2828,7443,9222,6977,10537,7543,14181,10603,15211,15146,18830,28895,38927,7892,15699,370502,175646,52048,30456,138155,6037,876,103,63
2021-05-12T23:59:59+02:00,23,29,10507,11222,29122,33991,31321,36019,35471,45226,49431,56630,44394,55238,38697,52985,9515,18822,3130,2801,7409,9185,6946,10502,7511,14142,10433,15055,14769,18397,28591,38444,7870,15652,367826,173584,51965,30446,137997,5992,753,102,63
2021-05-11T23:59:59+02:00,22,26,10158,10898,28266,33164,30488,35264,34608,44443,47696,54859,43938,54641,38522,52693,9477,18719,3043,2703,7162,8903,6720,10201,7295,13772,9950,14508,13786,17245,28175,37825,7832,15557,360901,169897,50256,29553,136098,4640,525,102,63
2021-05-10T23:59:59+02:00,21,26,9852,10621,27518,32458,29707,34560,33837,43672,46388,53591,43555,54131,38335,52387,9427,18606,3001,2657,7032,8778,6624,10081,7154,13590,9682,14200,13089,16384,27745,37214,7806,15476,354636,167072,49139,29170,134405,3800,413,99,59
2021-05-09T23:59:59+02:00,20,26,9618,10373,26835,31770,29037,33859,33114,42973,44858,52112,43053,53510,38133,52083,9390,18521,2953,2611,6909,8634,6517,9938,7040,13377,9366,13889,12291,15483,27381,36677,7786,15420,347532,164218,48064,28612,133268,3058,326,95,59
2021-05-08T23:59:59+02:00,20,26,9525,10304,26450,31469,28590,33544,32657,42669,43826,51282,42901,53346,38093,52021,9388,18515,2950,2607,6901,8629,6511,9930,7032,13365,9356,13877,12253,15421,26701,35728,7749,15344,343010,162346,48022,28585,133179,3045,320,95,59
2021-05-07T23:59:59+02:00,19,26,9383,10156,25977,31088,28135,33169,32150,42318,42784,50456,42628,53004,37981,51861,9376,18488,2903,2581,6846,8585,6455,9874,6981,13313,9183,13654,11621,14608,25759,34340,7701,15262,337868,158244,47715,28213,133021,2849,302,93,59
2021-05-06T23:59:59+02:00,17,25,8981,9868,25057,30318,27070,32362,30919,41495,41168,49236,42247,52457,37788,51618,9338,18415,2839,2535,6712,8437,6337,9745,6833,13125,8910,13354,10970,13743,24793,32954,7666,15201,329998,154447,46639,27254,131364,2107,288,90,59
2021-05-05T23:59:59+02:00,17,24,8615,9667,24169,29718,26205,31698,29827,40702,39184,47419,41799,51905,37580,51336,9281,18303,2798,2504,6593,8308,6234,9631,6731,12983,8662,13096,10259,12910,23778,31630,7637,15130,322136,150554,45784,26364,129236,1707,203,90,57
2021-05-04T23:59:59+02:00,17,23,8372,9439,23372,29067,25229,30958,28753,39866,37670,45952,41329,51321,37303,50989,9234,18182,2759,2482,6519,8236,6150,9562,6655,12898,8426,12875,9529,12053,22828,30384,7603,15067,315475,146814,44817,25557,126596,1502,98,90,56
2021-05-03T23:59:59+02:00,17,22,8169,9225,22669,28487,24389,30350,27845,39167,36711,45201,40980,50845,37088,50701,9184,18078,2713,2449,6448,8159,6069,9496,6565,12813,8198,12660,8785,11152,21912,29167,7572,15017,310599,143066,44040,24736,124342,1261,58,89,55
2021-05-02T23:59:59+02:00,17,22,8005,9060,22029,27907,23647,29759,27025,38544,35896,44564,40720,50516,36975,50514,9150,18021,2675,2426,6405,8117,6032,9460,6525,12772,8015,12487,8182,10410,21202,28299,7551,14998,305761,139871,43269,24458,123203,1124,50,88,54
2021-05-01T23:59:59+02:00,16,22,7851,8876,21656,27448,23163,29184,26378,37829,35071,43667,40456,50140,36877,50362,9144,18004,2669,2420,6379,8107,6016,9451,6507,12759,7998,12471,8145,10346,21163,28242,7547,14994,299642,139580,43267,24451,123098,1081,49,88,54
2021-04-30T23:59:59+02:00,16,21,7702,8697,21267,27018,22715,28614,25626,37050,34060,42698,40225,49819,36781,50208,9132,17983,2650,2407,6354,8089,5994,9434,6479,12739,7966,12438,8105,10275,21112,28159,7544,14985,293328,139268,43260,24378,122915,989,42,87,54
2021-04-29T23:59:59+02:00,15,21,7433,8457,20673,26439,22044,27929,24691,36082,32781,41362,39178,48416,36464,49732,9075,17855,2618,2373,6262,7979,5908,9332,6385,12597,7762,12162,7480,9549,20703,27642,7522,14911,284568,137200,42477,23146,121478,746,42,82,52
2021-04-28T23:59:59+02:00,14,19,7158,8239,20151,25966,21405,27329,23804,35234,31381,39909,38016,46826,36121,49240,9012,17714,2548,2325,6152,7856,5798,9201,6283,12445,7543,11890,6789,8703,20287,27066,7481,14839,275876,134743,41703,21851,119840,519,42,77,52
2021-04-27T23:59:59+02:00,13,19,6973,8061,19715,25541,20781,26791,22945,34452,30161,38580,36927,45381,35737,48669,8942,17587,2522,2300,6049,7759,5745,9102,6217,12321,7328,11691,6187,7963,19881,26568,7461,14816,268033,132641,40840,20905,118283,271,42,77,52
2021-04-26T23:59:59+02:00,12,19,6791,7895,19295,25117,20236,26263,22137,33693,28941,37341,35867,43958,35431,48184,8892,17463,2510,2290,6004,7716,5700,9062,6179,12277,7142,11525,5572,7229,19509,26117,7437,14789,260325,130671,40014,20057,117082,240,39,75,52
2021-04-25T23:59:59+02:00,12,18,6686,7759,18957,24846,19855,25923,21523,33070,27953,36383,34733,42526,35116,47754,8849,17381,2498,2283,5986,7692,5681,9045,6158,12252,7105,11498,5445,7046,19174,25653,7421,14745,253112,130048,39300,19316,116820,230,38,74,51
2021-04-24T23:59:59+02:00,12,18,6522,7584,18513,24412,19295,25384,20738,32267,26870,35333,34480,42212,35022,47589,8839,17369,2494,2277,5973,7682,5670,9034,6153,12248,7095,11491,5372,6935,19076,25511,7418,14737,247139,129591,39295,19276,115913,212,38,74,50
2021-04-23T23:59:59+02:00,12,18,6298,7384,18062,23935,18724,24771,19912,31450,25709,34136,33703,41037,34879,47354,8825,17346,2488,2258,5946,7659,5633,8995,6108,12203,7048,11436,5206,6658,18537,24884,7318,14568,239552,127743,38966,18929,114926,190,38,73,46
2021-04-22T23:59:59+02:00,11,17,6083,7176,17456,23346,17931,23986,18861,30425,24384,32703,32661,39680,34632,46998,8787,17267,2474,2243,5902,7605,5583,8910,6031,12125,6973,11365,4922,6238,17822,24008,7199,14374,230495,125575,38047,17962,113754,156,38,70,44
2021-04-21T23:59:59+02:00,11,16,5884,6995,16925,22875,17269,23380,17874,29527,22826,31110,31656,38444,34334,46559,8738,17178,2450,2226,5859,7550,5524,8835,5965,12025,6877,11285,4762,5963,17122,23158,7082,14192,221599,123480,37276,17190,112620,124,38,68,44
2021-04-20T23:59:59+02:00,10,15,5701,6799,16369,22400,16526,22720,16876,28525,21354,29639,30506,36949,34018,46118,8686,17083,2437,2211,5809,7512,5483,8790,5916,11958,6798,11220,4643,5806,16521,22384,6955,14012,212578,121790,36394,16473,111217,116,37,68,40
2021-04-19T23:59:59+02:00,10,15,5514,6641,15832,21967,15847,22160,15883,27645,19957,28234,29129,35311,33699,45639,8626,16965,2426,2196,5785,7479,5446,8756,5877,11909,6716,11144,4516,5643,15872,21672,6847,13850,203851,120139,35614,15806,109507,113,37,65,40
2021-04-18T23:59:59+02:00,9,15,5326,6500,15397,21643,15228,21596,14907,26851,18617,27094,27741,33659,33367,45216,8567,16876,2375,2150,5653,7357,5331,8641,5770,11757,6610,11023,4398,5455,15278,21004,6732,13667,195289,118484,34784,14533,108435,109,37,64,39
2021-04-17T23:59:59+02:00,9,14,5290,6465,15242,21566,15053,21510,14671,26671,18362,26872,27233,33115,33241,45068,8558,16861,2348,2110,5553,7204,5223,8482,5670,11569,6521,10890,4345,5392,15037,20710,6722,13654,194066,116725,34779,14529,106855,101,37,64,39
2021-04-16T23:59:59+02:00,9,14,5227,6410,15065,21414,14840,21349,14389,26424,17943,26461,26187,31882,33108,44859,8537,16838,2302,2060,5436,7015,5086,8298,5516,11326,6324,10667,4136,5157,14389,19914,6624,13509,190714,113465,34488,14126,105653,93,37,64,39
2021-04-15T23:59:59+02:00,7,13,5158,6333,14849,21201,14569,21060,13958,26073,17303,25827,24822,30271,32851,44536,8501,16758,2232,1976,5240,6777,4883,7975,5309,11007,6108,10382,3937,4906,13558,18830,6509,13342,186139,109633,33680,13181,104171,83,37,63,38
2021-04-14T23:59:59+02:00,7,13,5079,6263,14644,20999,14314,20836,13566,25738,16636,25206,23241,28479,32540,44133,8449,16664,2041,1855,5021,6513,4694,7724,5080,10757,5872,10096,3799,4695,12828,17911,6381,13128,181523,106524,32806,11721,102378,76,37,63,38
2021-04-13T23:59:59+02:00,7,13,5027,6215,14440,20866,14078,20654,13225,25441,16066,24701,21535,26631,32221,43718,8419,16558,1955,1802,4854,6324,4509,7503,4877,10501,5667,9858,3661,4527,12311,17295,6258,12967,177291,104123,31929,10606,100496,66,37,62,38
2021-04-12T23:59:59+02:00,7,12,4963,6148,14223,20663,13773,20389,12837,25025,15485,24148,19939,24686,31931,43356,8376,16484,1825,1711,4671,6163,4359,7327,4714,10308,5530,9698,3542,4372,11878,16783,6147,12804,172915,102431,30871,9265,98560,64,37,62,36
2021-04-11T23:59:59+02:00,7,12,4894,6071,13998,20464,13477,20175,12417,24675,14921,23638,18428,22911,31671,43013,8332,16404,1787,1675,4551,6050,4248,7203,4591,10177,5395,9566,3427,4252,11386,16172,6016,12596,168622,100678,29908,8285,96882,62,35,61,33
2021-04-10T23:59:59+02:00,7,12,4889,6063,13979,20450,13468,20164,12400,24657,14897,23618,17737,21989,31379,42595,8314,16377,1783,1663,4539,6039,4233,7188,4578,10163,5342,9500,3324,4139,10829,15337,5887,12398,167550,98532,29881,8285,95470,60,33,61,33
2021-04-09T23:59:59+02:00,7,12,4875,6046,13942,20400,13424,20115,12353,24602,14638,23364,16214,20096,30972,41950,8280,16334,1759,1652,4516,6022,4204,7161,4535,10128,5303,9451,3239,4020,9962,14347,5738,12200,164923,96085,29539,8036,93072,58,31,59,28
2021-04-08T23:59:59+02:00,7,12,4831,6018,13841,20325,13343,20035,12253,24497,14301,23003,14442,17879,30355,40937,8221,16211,1737,1639,4484,5969,4152,7076,4471,10047,5231,9374,3131,3916,9478,13741,5534,11955,161082,94230,28507,7598,90842,57,23,57,28
2021-04-07T23:59:59+02:00,7,12,4800,5989,13735,20241,13246,19947,12149,24394,13917,22642,12925,16024,29710,39965,8166,16113,1718,1627,4430,5902,4066,7002,4382,9963,5141,9274,3043,3821,8729,12640,5296,11549,156654,91666,27626,6823,89625,47,21,56,27
2021-04-06T23:59:59+02:00,7,12,4771,5963,13636,20174,13164,19886,12073,24329,13537,22289,11290,14009,29047,38993,8134,16042,1657,1573,4300,5774,3957,6878,4261,9812,5038,9144,2927,3700,8022,11709,5023,11184,152626,89276,26743,5594,87913,45,19,55,26
2021-04-05T23:59:59+02:00,7,11,4733,5935,13558,20105,13097,19818,12017,24249,13263,22032,9677,12059,28316,37939,8099,15980,1586,1504,4143,5624,3788,6722,4106,9663,4883,9015,2795,3583,7210,10747,4752,10795,149414,86898,25727,3933,85682,42,18,54,26
2021-04-04T23:59:59+02:00,7,11,4719,5918,13547,20085,13089,19800,12009,24228,13164,21962,8653,10797,27868,37299,8074,15923,1584,1501,4135,5618,3785,6717,4101,9658,4881,9007,2790,3574,6973,10281,4667,10670,147684,85935,25723,3933,83677,36,15,54,24
2021-04-03T23:59:59+02:00,7,11,4716,5908,13530,20064,13077,19790,11999,24218,13150,21944,7747,9729,26985,36058,8025,15811,1580,1497,4133,5613,3783,6714,4093,9646,4867,8994,2783,3561,6834,10017,4628,10588,145206,85325,25715,3933,81781,36,14,53,24
2021-04-02T23:59:59+02:00,7,11,4711,5889,13493,20038,13037,19747,11955,24170,13076,21875,7233,8979,25396,33957,7879,15542,1571,1480,4106,5589,3757,6673,4057,9585,4744,8705,2655,3405,6459,9621,4479,10385,140744,83494,25376,3706,80812,36,12,51,24
2021-04-01T23:59:59+02:00,6,10,4663,5830,13399,19894,12919,19596,11804,24014,12473,21424,6670,8274,23888,31983,7753,15304,1505,1434,3996,5462,3690,6602,3989,9518,4666,8602,2559,3262,5945,8934,4308,10110,136552,81218,24234,3300,79060,31,11,47,23
2021-03-31T23:59:59+02:00,6,10,4612,5775,13274,19740,12784,19441,11615,23834,12209,21164,6349,7902,22412,30032,7602,15075,1492,1423,3970,5439,3659,6574,3949,9471,4627,8549,2495,3186,5460,8286,4133,9870,132615,79442,23147,3081,78019,31,8,47,22
2021-03-30T23:59:59+02:00,6,10,4548,5709,13136,19590,12671,19266,11484,23669,12039,21024,6159,7683,21022,28298,7458,14872,1475,1387,3928,5406,3595,6504,3861,9358,4496,8378,2360,2981,5040,7730,3990,9613,129249,77217,22217,2840,77128,19,5,45,22
2021-03-29T23:59:59+02:00,6,10,4508,5671,13016,19497,12604,19182,11401,23563,11889,20889,6001,7481,19597,26613,7330,14671,1416,1346,3873,5361,3520,6434,3743,9214,4347,8187,2238,2841,4478,7060,3836,9337,125654,74561,21350,2628,76876,18,4,45,21
2021-03-28T23:59:59+02:00,6,10,4461,5605,12895,19359,12518,19089,11298,23464,11782,20785,5849,7272,18415,25103,7211,14475,1383,1302,3775,5253,3325,6207,3656,9097,4297,8131,2184,2777,3718,6037,3651,9069,122642,71501,20558,2328,76349,10,4,44,20
2021-03-27T23:59:59+01:00,6,10,4429,5554,12788,19194,12398,18924,11183,23258,11672,20634,5783,7189,18129,24756,7200,14458,1377,1299,3770,5249,3322,6200,3370,8747,4099,7833,2178,2774,3704,6003,3617,9007,120795,70192,20518,2328,76204,6,4,44,20
2021-03-26T23:59:59+01:00,6,9,4393,5501,12676,19002,12262,18722,11029,23028,11511,20420,5616,6974,17522,23959,7100,14308,1375,1298,3765,5242,3299,6182,3351,8727,3885,7382,2001,2368,3440,5718,3466,8773,117683,67924,20179,2321,76129,5,3,44,20
2021-03-25T23:59:59+01:00,6,9,4325,5413,12477,18762,12057,18392,10817,22699,11268,20093,5403,6689,16493,22650,6972,14118,1366,1288,3744,5216,3265,6154,3299,8689,3839,7338,1929,2255,3004,5033,3307,8467,113697,65948,19107,2220,75792,3,3,44,20
2021-03-24T23:59:59+01:00,6,9,4245,5302,12260,18307,11837,17977,10592,22303,11033,19720,5134,6340,15451,21432,6832,13893,1343,1275,3720,5170,3229,6090,3244,8619,3785,7265,1876,2196,2696,4699,3154,8191,110580,64551,18012,1977,74034,3,3,44,19
2021-03-23T23:59:59+01:00,6,9,4189,5237,12093,17961,11636,17622,10398,21935,10809,19430,4997,6141,14811,20617,6692,13720,1328,1268,3705,5151,3208,6072,3219,8568,3746,7221,1841,2137,2467,4428,2943,7868,108218,63211,17282,1935,72756,3,3,44,19
2021-03-22T23:59:59+01:00,6,9,4139,5158,11893,17627,11447,17294,10171,21607,10593,19122,4843,5928,14193,19898,6559,13533,1314,1259,3676,5118,3176,6034,3190,8511,3709,7176,1797,2081,2267,4177,2748,7536,106346,61951,16560,1794,71069,3,3,42,19
2021-03-21T23:59:59+01:00,6,9,4065,5035,11609,17216,11166,16885,9898,21152,10335,18766,4729,5755,13494,19106,6417,13325,1306,1258,3659,5102,3154,6001,3167,8481,3689,7154,1778,2053,2100,4015,2577,7266,104460,60948,15257,1789,69206,3,3,42,18
2021-03-20T23:59:59+01:00,5,9,4035,4966,11466,16881,11041,16567,9756,20849,10158,18482,4601,5595,12861,18156,6279,13109,1305,1257,3659,5100,3151,6000,3164,8475,3684,7149,1774,2048,2068,3953,2554,7224,102260,60753,15252,1789,67259,3,3,42,18
2021-03-19T23:59:59+01:00,5,8,3990,4885,11298,16518,10857,16212,9580,20468,9941,18119,4438,5398,11836,16941,6118,12898,1296,1250,3641,5071,3121,5923,3119,8382,3581,6974,1647,1935,1992,3888,2442,7016,99550,59470,14836,1785,65084,3,3,37,18
2021-03-18T23:59:59+01:00,5,8,3902,4781,11051,16092,10587,15765,9301,19997,9718,17776,4294,5232,11205,16072,5890,12630,1292,1239,3624,5036,3101,5879,3097,8325,3554,6927,1628,1902,1952,3817,2319,6805,97743,58780,13825,1694,62699,3,3,36,18
2021-03-17T23:59:59+01:00,5,8,3729,4666,10756,15671,10320,15405,9056,19634,9465,17428,4174,5062,10391,14826,5626,12206,1291,1236,3609,5018,3094,5859,3087,8291,3536,6903,1626,1878,1928,3788,2209,6618,95084,58270,12275,1679,61030,2,3,36,18
2021-03-16T23:59:59+01:00,5,8,3586,4542,10416,15206,10047,15035,8779,19190,9166,17063,4030,4895,9568,13701,5344,11847,1277,1233,3605,5011,3083,5855,3081,8280,3529,6889,1601,1853,1889,3737,2089,6439,92743,57830,11083,1599,58564,2,3,35,18
2021-03-15T23:59:59+01:00,5,8,3437,4426,10099,14738,9755,14576,8482,18715,8878,16649,3883,4725,8856,12634,5120,11525,1267,1225,3585,4999,3071,5831,3060,8241,3509,6846,1586,1840,1872,3703,1973,6253,90773,57242,9719,1598,55984,2,2,33,18
2021-03-14T23:59:59+01:00,5,8,3366,4336,9832,14301,9497,14171,8161,18220,8596,16254,3720,4538,8051,11398,4812,11070,1253,1219,3564,4981,3050,5789,3038,8161,3481,6778,1560,1787,1812,3576,1808,5864,88459,56713,8697,989,53150,2,0,30,18
2021-03-13T23:59:59+01:00,5,8,3286,4078,9518,13628,9249,13585,7933,17635,8388,15815,3607,4434,7858,11102,4764,10981,1253,1219,3564,4981,3050,5789,3037,8160,3479,6776,1556,1786,1810,3572,1807,5863,87799,56694,8697,989,49348,2,0,30,18
2021-03-12T23:59:59+01:00,5,8,3223,3941,9271,13088,9010,13053,7700,16999,8029,15061,3443,4263,7472,10693,4625,10792,1249,1216,3559,4967,3047,5786,3030,8152,3475,6770,1529,1757,1789,3554,1707,5685,86016,56265,8449,988,46181,2,0,30,18
2021-03-11T23:59:59+01:00,5,8,3072,3672,8894,12325,8706,12373,7367,16214,7685,14414,3283,4056,6914,9970,4434,10479,1230,1206,3526,4923,3004,5709,2995,8028,3424,6672,1483,1702,1710,3354,1509,5171,83546,55521,8001,111,42295,1,0,29,14
2021-03-10T23:59:59+01:00,5,8,3007,3565,8392,11815,8024,11890,7045,15723,7381,13822,3122,3898,6354,9272,4263,10204,1219,1192,3496,4865,2973,5632,2959,7888,3370,6549,1445,1662,1651,3258,1393,4891,81721,54343,7444,87,38598,0,0,27,14
2021-03-09T23:59:59+01:00,5,7,2901,3389,7707,11362,7124,11401,6625,15106,7016,13212,2890,3596,5845,8638,4107,9927,1214,1188,3474,4819,2945,5566,2942,7833,3352,6503,1430,1638,1614,3215,1288,4692,79419,53649,6081,53,35331,0,0,27,12
2021-03-08T23:59:59+01:00,5,7,2728,3153,7065,10816,6308,10920,6221,14577,6621,12641,2679,3385,5238,7897,3960,9658,1207,1182,3453,4753,2920,5490,2903,7738,3320,6427,1423,1629,1611,3207,1283,4689,76583,53173,4936,51,32334,0,0,26,12
2021-03-07T23:59:59+01:00,5,7,2616,3020,6733,10315,5896,10376,5925,14127,6381,12251,2581,3292,4472,6829,3743,9375,1204,1179,3450,4748,2915,5478,2899,7721,3312,6414,1418,1615,1590,3167,1268,4648,73320,52966,4104,49,30495,0,0,25,12
2021-03-06T23:59:59+01:00,5,6,2571,2878,6549,9861,5696,9959,5447,13270,6005,11510,2560,3265,4466,6818,3742,9372,1204,1178,3447,4742,2913,5477,2898,7720,3311,6411,1416,1612,1590,3165,1267,4648,72089,52940,4104,49,27762,0,0,25,11
2021-03-05T23:59:59+01:00,5,6,2479,2622,6335,9275,5482,9560,5270,12698,5620,10528,2334,2799,4085,6436,3603,9156,1192,1175,3429,4726,2908,5464,2890,7701,3299,6392,1402,1604,1589,3161,1262,4643,69752,52780,3871,49,24645,0,0,25,9
2021-03-04T23:59:59+01:00,5,6,2403,2416,6120,8839,5319,9216,5088,12275,5444,10150,2242,2628,3526,5611,3437,8817,1181,1160,3386,4625,2874,5397,2858,7603,3267,6317,1382,1597,1575,3147,1253,4632,67696,52200,3428,48,22393,0,0,25,7
2021-03-03T23:59:59+01:00,4,6,2345,2364,5950,8422,5148,8853,4874,11822,5254,9702,2159,2521,3121,5173,3277,8521,1161,1152,3351,4577,2837,5332,2818,7504,3219,6243,1362,1572,1556,3116,1247,4614,66261,51612,3183,44,20048,0,0,24,6
2021-03-02T23:59:59+01:00,4,6,2290,2275,5788,8085,4989,8597,4710,11420,5090,9381,2093,2429,2815,4816,3057,8197,1156,1142,3333,4556,2822,5306,2801,7455,3211,6215,1357,1561,1538,3097,1244,4608,64897,51353,2921,44,18200,0,0,24,6
2021-03-01T23:59:59+01:00,4,6,2263,2248,5683,7869,4889,8449,4625,11267,4988,9205,2037,2351,2516,4492,2869,7880,1150,1139,3319,4538,2810,5277,2785,7409,3195,6187,1350,1558,1531,3088,1241,4604,63621,51132,2699,44,17297,0,0,24,6
2021-02-28T23:59:59+01:00,3,6,2211,2205,5503,7608,4712,8227,4487,11077,4878,9075,1998,2287,2217,4190,2666,7570,1141,1133,3304,4528,2803,5270,2779,7395,3188,6173,1345,1555,1524,3071,1240,4572,62498,50973,2395,44,16003,0,0,24,5
2021-02-27T23:59:59+01:00,3,6,2124,1896,5327,7182,4612,7911,4404,10728,4805,8823,1968,2226,2186,4143,2646,7516,1137,1129,3302,4526,2798,5268,2775,7392,3183,6169,1343,1555,1524,3070,1239,4571,62256,50936,2395,41,13831,0,0,24,5
2021-02-26T23:59:59+01:00,3,6,2067,1818,5180,6942,4465,7650,4253,10462,4596,8540,1839,2118,2125,4103,2538,7336,1116,1116,3285,4492,2786,5229,2762,7338,3161,6115,1337,1544,1520,3061,1238,4569,60922,50625,2389,40,12706,0,0,24,5
2021-02-25T23:59:59+01:00,3,6,1950,1718,4853,6537,4036,7187,3966,9945,4360,8156,1780,2059,2091,4042,2427,7142,1100,1100,3246,4449,2755,5177,2716,7231,3121,6022,1327,1528,1504,3021,1225,4510,60440,49991,2282,38,9512,0,0,24,4
2021-02-24T23:59:59+01:00,3,6,1921,1658,4736,6323,3931,6972,3843,9702,4233,7996,1758,2027,2058,4000,2315,6944,1087,1095,3219,4386,2719,5110,2691,7147,3092,5951,1311,1511,1479,2973,1213,4441,59890,49395,2035,27,8477,0,0,24,4
2021-02-23T23:59:59+01:00,3,6,1697,1511,4361,5833,3650,6579,3621,9322,4077,7710,1728,1995,2014,3953,2202,6760,1068,1083,3181,4358,2691,5052,2664,7071,3057,5892,1291,1491,1452,2938,1203,4391,59434,48868,1988,13,5577,0,0,23,3
2021-02-22T23:59:59+01:00,3,6,1687,1492,4310,5774,3614,6516,3556,9227,4015,7614,1696,1968,1988,3899,2081,6563,1064,1069,3160,4313,2671,5013,2639,7011,3028,5838,1279,1477,1442,2928,1195,4382,58883,48499,1845,8,5258,0,0,23,3
2021-02-21T23:59:59+01:00,3,6,1675,1488,4280,5740,3571,6478,3515,9173,3971,7564,1687,1961,1983,3890,1961,6400,1058,1058,3139,4275,2641,4963,2623,6942,2999,5748,1264,1461,1422,2867,1171,4305,58540,47926,1839,8,4945,0,0,22,3
2021-02-20T23:59:59+01:00,3,6,1674,1487,4275,5737,3569,6477,3515,9171,3969,7563,1682,1959,1981,3886,1960,6400,1058,1058,3137,4273,2641,4963,2622,6941,2999,5748,1264,1460,1421,2867,1171,4305,58523,47918,1839,8,4930,0,0,22,3
2021-02-19T23:59:59+01:00,3,6,1656,1480,4262,5717,3558,6463,3504,9161,3959,7547,1655,1930,1960,3866,1858,6219,1057,1057,3136,4272,2640,4962,2622,6939,2996,5746,1264,1459,1421,2866,1171,4305,58099,47903,1833,8,4852,0,0,20,3
2021-02-18T23:59:59+01:00,3,6,1611,1449,4166,5606,3486,6360,3416,8997,3872,7407,1633,1895,1926,3796,1727,6022,1011,1014,2996,4047,2514,4690,2511,6601,2889,5481,1233,1416,1388,2780,1145,4155,57451,45862,1743,8,4164,0,0,20,2
2021-02-17T23:59:59+01:00,3,5,1589,1420,4070,5456,3401,6209,3298,8761,3745,7206,1581,1826,1853,3695,1610,5717,954,964,2843,3824,2396,4377,2384,6189,2760,5169,1183,1355,1342,2673,1098,3993,56240,43495,1732,7,3453,0,0,20,2
2021-02-16T23:59:59+01:00,3,5,1515,1353,3910,5258,3264,6026,3190,8527,3623,7040,1557,1801,1816,3665,1496,5509,868,932,2711,3666,2297,4166,2258,5866,2627,4913,1125,1263,1194,2370,844,3375,55545,40469,1715,4,2280,0,0,18,2
2021-02-15T23:59:59+01:00,3,5,1500,1335,3864,5171,3205,5939,3133,8412,3556,6934,1546,1787,1801,3642,1488,5488,833,910,2630,3536,2221,3986,2174,5587,2539,4700,1082,1199,1108,2196,780,3160,55079,38638,1713,2,2000,0,0,17,1
2021-02-14T23:59:59+01:00,3,5,1434,1307,3779,5093,3161,5830,3077,8258,3512,6825,1526,1756,1749,3514,1433,5241,824,904,2581,3468,2182,3918,2120,5467,2472,4593,1055,1163,1023,2024,709,2925,54836,37425,1101,2,1549,0,0,17,1
2021-02-13T23:59:59+01:00,3,5,1432,1306,3771,5087,3154,5829,3074,8256,3509,6823,1525,1752,1749,3512,1431,5241,824,904,2581,3468,2182,3917,2118,5466,2471,4593,1053,1162,1023,2024,709,2925,54816,37420,1100,0,1526,0,0,17,0
2021-02-12T23:59:59+01:00,3,4,1398,1290,3733,5053,3132,5809,3052,8222,3490,6778,1508,1741,1739,3495,1422,5221,817,896,2548,3414,2148,3871,2088,5412,2453,4562,1052,1161,1022,2023,708,2923,54586,37098,1098,0,1390,0,0,16,0
2021-02-11T23:59:59+01:00,3,4,1351,1247,3618,4881,3041,5637,2954,7910,3388,6565,1447,1680,1672,3317,1338,4895,780,833,2293,2969,1922,3392,1856,4663,2181,4031,968,1091,936,1831,659,2652,53953,33057,132,0,851,0,0,12,0
2021-02-10T23:59:59+01:00,3,4,1330,1224,3559,4771,2975,5533,2912,7760,3334,6434,1429,1663,1645,3278,1325,4858,702,776,2001,2560,1712,2940,1617,4053,1923,3568,858,944,773,1459,531,2163,53304,28580,130,0,592,0,0,11,0
2021-02-09T23:59:59+01:00,3,3,1317,1206,3504,4701,2945,5464,2892,7667,3296,6366,1422,1648,1617,3255,1315,4845,651,698,1740,2204,1518,2550,1427,3543,1751,3200,826,909,750,1386,510,2050,52994,25713,125,0,336,0,0,11,0
2021-02-08T23:59:59+01:00,3,3,1303,1202,3475,4671,2925,5426,2871,7615,3276,6336,1412,1641,1608,3229,1313,4827,638,664,1588,1967,1377,2296,1293,3235,1591,2940,787,888,702,1280,478,1881,52693,23605,99,0,333,0,0,11,0
2021-02-07T23:59:59+01:00,3,3,1171,1159,3368,4615,2871,5383,2842,7575,3251,6297,1401,1624,1600,3206,1308,4794,491,518,1319,1612,1135,1845,1082,2642,1363,2416,681,760,620,1121,433,1665,52393,19703,71,0,0,0,0,7,0
2021-02-06T23:59:59+01:00,3,3,1167,1157,3366,4613,2866,5380,2835,7572,3247,6293,1399,1622,1599,3203,1307,4793,366,369,1118,1360,998,1541,937,2227,1196,1997,591,658,591,1104,430,1662,52347,17145,71,0,0,0,0,7,0
2021-02-05T23:59:59+01:00,3,1,1156,1146,3350,4592,2859,5352,2823,7528,3228,6247,1393,1614,1596,3196,1306,4793,263,207,933,1042,849,1169,762,1771,1017,1588,473,551,564,1084,427,1657,52105,14357,71,0,0,0,0,7,0
2021-02-04T23:59:59+01:00,3,1,1140,1128,3305,4544,2818,5276,2780,7397,3179,6161,1379,1599,1582,3163,1295,4766,134,82,628,667,558,746,520,1158,673,990,292,368,464,938,389,1506,51461,10113,48,0,0,0,0,7,0
2021-02-03T23:59:59+01:00,3,1,1118,1122,3279,4499,2789,5233,2759,7344,3149,6104,1370,1590,1558,3123,1289,4720,116,66,500,516,426,603,417,916,515,745,243,288,364,736,305,1175,50998,7931,45,0,0,0,0,7,0
2021-02-02T23:59:59+01:00,3,1,1097,1109,3242,4467,2759,5179,2732,7268,3113,6040,1347,1562,1524,3066,1264,4631,106,57,414,417,354,525,368,827,462,663,222,265,319,665,280,1054,50353,6998,44,0,0,0,0,7,0
2021-02-01T23:59:59+01:00,3,1,1081,1097,3223,4414,2728,5118,2700,7141,3082,5942,1327,1534,1499,3030,1248,4568,79,42,315,311,261,400,275,616,327,498,184,217,251,526,218,822,49686,5342,44,0,0,0,0,6,0
2021-01-31T23:59:59+01:00,3,1,1076,1087,3208,4385,2703,5074,2685,7085,3068,5897,1315,1517,1479,2966,1225,4490,69,41,289,286,235,350,254,574,297,459,162,199,211,430,177,666,49214,4699,44,0,0,0,0,6,0
2021-01-30T23:59:59+01:00,3,1,1075,1087,3205,4381,2702,5074,2684,7084,3068,5896,1315,1516,1478,2966,1225,4490,69,38,282,272,222,334,249,563,293,453,161,196,210,430,177,666,49203,4615,41,0,0,0,0,6,0
2021-01-29T23:59:59+01:00,3,1,1074,1086,3204,4377,2702,5072,2683,7082,3065,5894,1315,1516,1478,2965,1225,4490,65,34,264,258,199,312,233,546,282,445,155,192,206,424,176,664,49185,4455,41,0,0,0,0,6,0
2021-01-28T23:59:59+01:00,3,1,1053,1066,3137,4271,2648,4961,2625,6926,2997,5763,1301,1494,1462,2899,1203,4369,55,19,167,155,133,188,163,361,207,281,124,149,160,264,102,385,48137,2913,38,0,0,0,0,4,0
2021-01-27T23:59:59+01:00,3,1,1008,1028,3051,4127,2567,4781,2530,6644,2913,5563,1270,1451,1426,2810,1170,4229,26,8,101,71,62,93,84,211,117,147,94,115,116,195,77,277,46540,1794,28,0,0,0,0,4,0
2021-01-26T23:59:59+01:00,2,1,931,998,2935,3992,2488,4596,2448,6464,2842,5406,1244,1399,1332,2654,954,3827,26,8,96,70,61,92,82,211,115,146,92,114,116,195,77,277,44492,1778,17,0,0,0,0,4,0
2021-01-25T23:59:59+01:00,2,1,915,981,2856,3862,2442,4449,2388,6267,2783,5254,1226,1377,1318,2629,944,3794,26,8,95,70,59,91,82,211,115,144,92,114,116,195,77,277,43473,1772,12,0,0,0,0,3,0
2021-01-24T23:59:59+01:00,2,1,905,977,2836,3847,2432,4417,2362,6228,2750,5193,1213,1371,1309,2607,931,3760,26,8,95,70,59,91,82,211,114,144,91,114,116,195,77,277,43129,1770,9,0,0,0,0,3,0
2021-01-23T23:59:59+01:00,2,1,905,977,2836,3846,2432,4417,2361,6227,2749,5193,1211,1370,1309,2607,931,3760,26,8,95,70,59,91,82,211,114,144,91,114,116,195,77,275,43124,1768,8,0,0,0,0,2,0
2021-01-22T23:59:59+01:00,2,1,899,970,2804,3800,2398,4352,2330,6151,2728,5146,1209,1367,1308,2605,930,3757,26,8,95,70,59,91,82,211,114,144,91,114,116,195,77,275,42749,1768,8,0,0,0,0,0,0
2021-01-21T23:59:59+01:00,2,1,883,902,2546,3384,2197,3933,2148,5542,2504,4660,1157,1319,1264,2481,899,3598,22,8,83,64,55,74,68,169,94,133,81,98,98,145,65,212,39412,1469,8,0,0,0,0,0,0
2021-01-20T23:59:59+01:00,2,1,808,840,2234,2978,1990,3464,1916,4933,2247,4182,1045,1175,1106,2135,786,3135,22,8,83,64,55,73,68,169,93,133,81,98,98,145,64,212,34969,1466,8,0,0,0,0,0,0
2021-01-19T23:59:59+01:00,2,1,748,762,1943,2531,1747,3002,1679,4272,2002,3708,972,1078,983,1860,688,2785,11,3,50,45,36,45,35,100,44,77,36,37,48,77,39,137,30756,820,7,0,0,0,0,0,0
2021-01-18T23:59:59+01:00,2,1,678,705,1711,2131,1508,2524,1428,3584,1746,3201,889,991,884,1655,636,2519,5,2,19,11,13,20,17,54,17,33,19,22,25,53,28,75,26789,413,4,0,0,0,0,0,0
2021-01-17T23:59:59+01:00,1,1,495,543,1394,1727,1224,1986,1169,2842,1466,2573,747,838,735,1375,526,2150,0,1,3,2,0,0,0,0,0,0,0,0,0,0,0,0,21789,6,3,0,0,0,0,0,0
2021-01-16T23:59:59+01:00,1,0,372,395,1211,1478,1103,1698,1025,2438,1308,2163,658,736,705,1359,523,2149,0,0,0,0,0,0,0,0,0,0,0,0,0,0,0,0,19320,0,2,0,0,0,0,0,0
2021-01-15T23:59:59+01:00,1,0,266,232,1027,1174,953,1348,856,1984,1124,1761,536,624,667,1326,512,2109,0,0,0,0,0,0,0,0,0,0,0,0,0,0,0,0,16499,0,1,0,0,0,0,0,0
2021-01-14T23:59:59+01:00,0,0,151,102,709,786,660,873,618,1318,756,1139,346,435,554,1142,462,1880,0,0,0,0,0,0,0,0,0,0,0,0,0,0,0,0,11931,0,0,0,0,0,0,0,0
2021-01-13T23:59:59+01:00,0,0,127,81,598,616,536,705,500,1059,597,873,292,361,466,973,403,1612,0,0,0,0,0,0,0,0,0,0,0,0,0,0,0,0,9799,0,0,0,0,0,0,0,0
2021-01-12T23:59:59+01:00,0,0,116,65,514,527,456,603,435,929,526,769,257,312,382,780,337,1264,0,0,0,0,0,0,0,0,0,0,0,0,0,0,0,0,8272,0,0,0,0,0,0,0,0
2021-01-11T23:59:59+01:00,0,0,87,52,418,427,371,492,347,751,418,594,223,261,320,649,277,1065,0,0,0,0,0,0,0,0,0,0,0,0,0,0,0,0,6752,0,0,0,0,0,0,0,0
2021-01-10T23:59:59+01:00,0,0,73,45,352,353,305,408,290,652,348,527,194,232,260,516,220,834,0,0,0,0,0,0,0,0,0,0,0,0,0,0,0,0,5609,0,0,0,0,0,0,0,0
2021-01-09T23:59:59+01:00,0,0,73,43,337,333,280,384,282,636,340,520,193,231,259,514,220,834,0,0,0,0,0,0,0,0,0,0,0,0,0,0,0,0,5479,0,0,0,0,0,0,0,0
2021-01-08T23:59:59+01:00,0,0,69,37,303,299,234,343,254,594,312,481,175,211,234,456,199,733,0,0,0,0,0,0,0,0,0,0,0,0,0,0,0,0,4934,0,0,0,0,0,0,0,0
2021-01-07T23:59:59+01:00,0,0,58,25,213,199,165,243,194,427,241,344,146,172,180,297,127,462,0,0,0,0,0,0,0,0,0,0,0,0,0,0,0,0,3493,0,0,0,0,0,0,0,0
2021-01-06T23:59:59+01:00,0,0,47,16,163,120,118,162,144,299,178,244,116,140,139,231,88,329,0,0,0,0,0,0,0,0,0,0,0,0,0,0,0,0,2534,0,0,0,0,0,0,0,0
2021-01-05T23:59:59+01:00,0,0,29,8,97,72,63,94,86,215,117,152,105,130,130,213,87,308,0,0,0,0,0,0,0,0,0,0,0,0,0,0,0,0,1906,0,0,0,0,0,0,0,0
2021-01-04T23:59:59+01:00,0,0,27,8,97,71,60,92,86,215,117,150,105,129,130,213,87,308,0,0,0,0,0,0,0,0,0,0,0,0,0,0,0,0,1895,0,0,0,0,0,0,0,0
2021-01-03T23:59:59+01:00,0,0,27,8,97,71,60,92,86,215,116,150,104,129,130,213,87,308,0,0,0,0,0,0,0,0,0,0,0,0,0,0,0,0,1893,0,0,0,0,0,0,0,0
2021-01-02T23:59:59+01:00,0,0,27,8,97,71,60,92,86,215,115,150,104,129,130,213,87,307,0,0,0,0,0,0,0,0,0,0,0,0,0,0,0,0,1891,0,0,0,0,0,0,0,0
2021-01-01T23:59:59+01:00,0,0,27,8,97,71,60,92,86,215,114,149,104,129,130,213,87,307,0,0,0,0,0,0,0,0,0,0,0,0,0,0,0,0,1889,0,0,0,0,0,0,0,0
2020-12-31T23:59:59+01:00,0,0,27,8,97,71,60,92,86,215,113,149,104,129,130,213,87,307,0,0,0,0,0,0,0,0,0,0,0,0,0,0,0,0,1888,0,0,0,0,0,0,0,0
2020-12-30T23:59:59+01:00,0,0,27,8,97,71,59,92,86,215,113,149,104,129,130,213,86,307,0,0,0,0,0,0,0,0,0,0,0,0,0,0,0,0,1886,0,0,0,0,0,0,0,0
2020-12-29T23:59:59+01:00,0,0,15,2,65,53,37,61,50,138,64,89,49,54,72,125,56,208,0,0,0,0,0,0,0,0,0,0,0,0,0,0,0,0,1138,0,0,0,0,0,0,0,0
2020-12-28T23:59:59+01:00,0,0,5,2,36,26,24,30,21,67,25,41,21,23,26,48,28,74,0,0,0,0,0,0,0,0,0,0,0,0,0,0,0,0,497,0,0,0,0,0,0,0,0
2020-12-27T23:59:59+01:00,0,0,0,0,7,5,11,2,1,5,0,2,0,1,2,2,4,6,0,0,0,0,0,0,0,0,0,0,0,0,0,0,0,0,48,0,0,0,0,0,0,0,0
