Datum,0,<15_1_m,<15_1_w,15-24_1_m,15-24_1_w,25-34_1_m,25-34_1_w,35-44_1_m,35-44_1_w,45-54_1_m,45-54_1_w,55-64_1_m,55-64_1_w,65-74_1_m,65-74_1_w,75-84_1_m,75-84_1_w,>84_1_m,>84_1_w,<15_2_m,<15_2_w,15-24_2_m,15-24_2_w,25-34_2_m,25-34_2_w,35-44_2_m,35-44_2_w,45-54_2_m,45-54_2_w,55-64_2_m,55-64_2_w,65-74_2_m,65-74_2_w,75-84_2_m,75-84_2_w,>84_2_m,>84_2_w,bp_1,bp_2,mo_1,mo_2,az_1,az_2,ja,unb_1,unb_2,0
2021/12/14,0,27589,25968,83287,81682,125212,121368,111907,110738,105236,110181,101016,102774,59832,74160,45565,63575,11336,23157,15022,14247,74917,73978,116525,112163,104625,102977,99492,103962,96775,98163,57531,71259,44303,61490,10801,21863,979598,893497,141967,136357,159382,146425,103141,609,673,0
2021/12/13,0,27428,25791,83159,81571,125092,121226,111837,110639,105176,110106,100957,102697,59783,74102,45540,63535,11324,23144,14667,13944,74620,73719,116258,111907,104451,102737,99340,103792,96661,98040,57460,71183,44275,61429,10791,21848,978214,890635,141894,136271,159382,146425,103118,609,673,0
2021/12/12,0,27293,25624,83014,81444,124967,121080,111730,110520,105104,110021,100891,102623,59745,74026,45522,63513,11319,23121,14340,13591,74284,73464,115913,111521,104193,102483,99156,103620,96524,97907,57380,71103,44247,61394,10784,21837,976761,887443,141817,136107,159382,146425,103094,609,672,0
2021/12/11,0,27117,25448,82949,81396,124908,121005,111680,110474,105083,109996,100873,102606,59735,74016,45518,63506,11319,23120,14136,13426,74084,73298,115715,111345,104049,102362,99053,103542,96471,97840,57365,71079,44243,61382,10783,21835,975994,885774,141795,136063,159382,146425,103074,609,672,0
2021/12/10,0,26681,25022,82781,81230,124741,120805,111544,110307,104948,109884,100777,102522,59674,73928,45489,63478,11314,23113,13879,13170,73766,73001,115429,111035,103801,102112,98859,103379,96375,97727,57336,71038,44235,61364,10783,21830,973591,882971,141701,135991,159382,146425,103060,609,672,0
2021/12/09,0,26212,24531,82634,81067,124615,120592,111427,110131,104857,109766,100705,102425,59635,73859,45463,63433,11313,23090,13493,12806,73360,72634,115020,110571,103493,101713,98613,103112,96234,97550,57262,70954,44208,61319,10774,21807,971215,879000,141608,135781,159382,146424,103046,609,672,0
2021/12/08,0,25934,24303,82510,80968,124526,120465,111315,110021,104779,109678,100637,102347,59600,73785,45443,63387,11303,23071,13247,12575,73044,72390,114710,110272,103249,101445,98428,102910,96090,97402,57215,70875,44185,61285,10765,21787,969625,876161,141531,135589,159382,146423,103029,609,672,0
2021/12/07,0,25572,23949,82421,80896,124461,120375,111262,109964,104742,109647,100607,102318,59581,73768,45436,63373,11298,23062,13118,12439,72882,72223,114517,110092,103131,101342,98339,102827,96023,97347,57192,70850,44182,61273,10764,21783,968324,874674,141505,135543,159382,146423,103012,609,672,0
2021/12/06,0,25215,23587,82320,80792,124333,120200,111154,109831,104648,109541,100544,102241,59535,73682,45414,63341,11289,23035,12890,12220,72558,71919,114218,109776,102908,101078,98147,102636,95884,97209,57140,70772,44161,61217,10756,21753,966395,871704,141423,135450,159381,146423,102993,609,672,0
2021/12/05,0,24957,23336,82167,80659,124163,119968,110997,109654,104524,109401,100418,102124,59458,73579,45380,63291,11277,23009,12716,12055,72286,71703,113891,109514,102662,100866,97985,102464,95757,97092,57084,70712,44130,61187,10751,21739,964211,869165,141283,135359,159381,146422,102976,609,672,0
2021/12/04,0,24411,22854,82136,80621,124127,119915,110952,109618,104504,109386,100399,102104,59451,73564,45379,63285,11275,23006,12643,12000,72117,71552,113713,109365,102526,100746,97888,102393,95710,97047,57071,70694,44124,61180,10750,21738,962856,867892,141274,135307,159381,146421,102965,609,672,0
2021/12/03,0,23732,22221,82060,80519,124049,119818,110871,109545,104458,109329,100374,102051,59433,73535,45369,63274,11273,23000,12514,11898,71856,71330,113463,109121,102328,100558,97718,102263,95600,96981,57046,70681,44121,61165,10750,21737,960825,865830,141244,135257,159381,146421,102950,609,672,0
2021/12/02,0,22999,21506,81903,80368,123898,119639,110761,109388,104355,109185,100275,101935,59371,73471,45337,63215,11267,22975,12324,11742,71513,71016,113127,108775,102016,100251,97470,102055,95453,96827,56995,70613,44100,61126,10746,21728,957889,862738,141135,135116,159381,146421,102930,609,672,0
2021/12/01,0,22417,20982,81808,80249,123757,119467,110651,109251,104275,109079,100208,101826,59312,73376,45316,63160,11262,22956,12235,11637,71287,70809,112899,108542,101817,100067,97338,101893,95365,96715,56937,70539,44075,61086,10739,21715,955469,860676,141081,135016,159379,146421,102910,608,672,0
2021/11/30,0,21827,20494,81597,80073,123493,119174,110447,109013,104096,108905,100048,101653,59178,73256,45273,63077,11240,22924,12151,11565,71071,70638,112629,108287,101638,99873,97157,101749,95252,96614,56896,70500,44048,61061,10734,21705,952071,858654,140927,134943,159378,146421,102878,608,672,0
2021/11/29,0,21273,19977,81485,79968,123354,119005,110332,108857,104017,108808,99979,101563,59120,73184,45257,63026,11221,22893,12068,11492,70871,70481,112423,108094,101475,99718,97020,101639,95152,96513,56858,70454,44027,61023,10730,21690,949720,856921,140851,134858,159375,146418,102859,608,672,0
2021/11/28,0,20719,19488,81364,79850,123217,118824,110236,108729,103914,108699,99908,101478,59075,73125,45236,62993,11218,22880,12024,11427,70652,70306,112135,107877,101283,99563,96892,101503,95051,96418,56827,70398,44012,60992,10723,21680,947447,855079,140776,134772,159375,146401,102841,608,670,0
2021/11/27,0,20053,18883,81302,79804,123137,118758,110184,108672,103873,108654,99876,101450,59062,73110,45232,62988,11216,22880,11981,11381,70512,70178,111945,107745,101136,99448,96774,101430,94993,96371,56815,70381,44003,60985,10721,21679,945665,853858,140754,134725,159375,146400,102825,608,670,0
2021/11/26,0,19308,18143,81185,79664,123004,118596,110075,108546,103773,108553,99821,101376,59037,73067,45225,62970,11216,22871,11870,11306,70339,70048,111714,107572,100944,99287,96592,101303,94895,96299,56799,70348,43991,60965,10718,21678,943017,852155,140723,134645,159371,146394,102804,608,670,0
2021/11/25,0,18434,17345,80981,79428,122748,118280,109851,108250,103555,108343,99669,101182,58910,72951,45183,62900,11204,22848,11759,11208,70148,69857,111476,107332,100716,99093,96413,101129,94765,96175,56759,70305,43977,60938,10714,21659,938861,850052,140571,134563,159368,146393,102746,608,669,0
2021/11/24,0,17844,16789,80837,79277,122602,118086,109712,108081,103416,108202,99562,101079,58856,72843,45164,62821,11198,22826,11693,11155,70003,69748,111313,107161,100577,98965,96324,101006,94671,96083,56731,70260,43962,60908,10711,21644,936101,848627,140491,134506,159364,146390,102724,607,668,0
2021/11/23,0,17114,16188,80663,79129,122438,117882,109537,107911,103287,108063,99454,100948,58785,72757,45137,62764,11188,22799,11644,11100,69849,69636,111116,107018,100431,98826,96181,100882,94577,96002,56704,70214,43941,60873,10706,21631,933061,847160,140414,134427,159364,146388,102690,607,666,0
2021/11/22,0,16530,15673,80480,78970,122260,117684,109368,107733,103157,107923,99337,100843,58720,72673,45117,62714,11178,22778,11595,11050,69705,69536,110932,106865,100281,98712,96088,100790,94489,95936,56679,70172,43920,60841,10705,21620,930249,845829,140355,134379,159362,146385,102659,605,664,0
2021/11/21,0,16034,15212,80273,78769,122018,117445,109172,107555,103014,107789,99241,100734,58669,72592,45102,62676,11171,22762,11554,11024,69522,69412,110715,106718,100106,98557,95981,100694,94395,95868,56637,70129,43910,60822,10703,21613,927471,844391,140281,134309,159352,146384,102612,604,664,0
2021/11/20,0,15811,15006,80116,78650,121864,117289,109013,107435,102915,107699,99184,100661,58653,72567,45093,62662,11169,22757,11526,10995,69394,69317,110537,106612,99948,98465,95853,100608,94339,95829,56627,70111,43904,60814,10703,21613,925867,843330,140246,134251,159349,146380,102570,604,664,0
2021/11/19,0,15506,14680,79845,78387,121587,117005,108751,107221,102750,107508,99069,100538,58628,72518,45078,62645,11165,22751,11459,10940,69226,69181,110325,106426,99747,98297,95703,100494,94254,95772,56614,70082,43895,60803,10701,21612,923058,841783,140188,134178,159348,146380,102526,604,664,0
2021/11/18,0,15113,14302,79462,78056,121247,116602,108455,106877,102528,107260,98930,100373,58547,72446,45062,62592,11157,22726,11338,10832,68997,68958,110079,106190,99514,98076,95533,100340,94140,95662,56575,70032,43878,60771,10697,21600,919350,839602,140056,134094,159342,146378,102475,603,663,0
2021/11/17,0,14887,14057,79143,77777,120922,116213,108196,106582,102328,107040,98820,100215,58484,72362,45039,62549,11151,22701,11287,10785,68816,68789,109888,106003,99375,97945,95417,100212,94058,95582,56537,69981,43865,60748,10694,21591,916282,838091,139915,134023,159337,146377,102419,603,663,0
2021/11/16,0,14648,13842,78721,77427,120458,115831,107860,106244,102095,106800,98667,100065,58418,72282,45017,62502,11141,22687,11213,10709,68639,68613,109676,105809,99214,97808,95317,100098,93962,95510,56511,69941,43842,60724,10690,21579,912686,836528,139836,133954,159332,146375,102336,603,662,0
2021/11/15,0,14396,13618,78235,77000,119964,115336,107457,105895,101833,106563,98508,99912,58349,72216,44988,62458,11134,22671,11155,10677,68482,68467,109482,105646,99065,97672,95214,99996,93881,95443,56480,69894,43816,60695,10685,21559,908720,835169,139725,133864,159328,146370,102245,603,661,0
2021/11/14,0,14021,13251,77724,76591,119443,114858,107097,105531,101551,106304,98340,99758,58284,72131,44964,62432,11132,22656,11078,10620,68313,68330,109288,105469,98921,97540,95101,99892,93806,95366,56436,69854,43802,60673,10681,21553,904473,833745,139594,133777,159308,146365,102178,603,658,0
2021/11/13,0,13885,13120,77390,76274,119106,114601,106842,105295,101380,106160,98261,99671,58265,72107,44961,62423,11132,22654,11036,10584,68185,68208,109153,105350,98822,97442,95025,99830,93766,95332,56425,69840,43799,60667,10681,21550,902127,832889,139518,133719,159301,146363,102066,603,658,0
2021/11/12,0,13704,12935,76994,75909,118765,114309,106536,105044,101141,105972,98127,99552,58235,72077,44951,62407,11131,22654,10977,10534,68041,68055,109018,105232,98702,97326,94928,99738,93704,95272,56410,69821,43794,60657,10680,21550,899173,831745,139448,133673,159299,146357,102007,603,657,0
2021/11/11,0,13479,12718,76478,75465,118284,113849,106128,104653,100884,105716,97965,99397,58165,71979,44933,62349,11123,22637,10817,10404,67824,67873,108846,105015,98539,97151,94805,99605,93626,95190,56375,69783,43770,60627,10676,21524,895154,829941,139329,133595,159290,146348,101912,603,654,0
2021/11/10,0,13350,12605,76080,75156,117917,113506,105846,104383,100693,105510,97825,99276,58111,71912,44911,62308,11117,22622,10740,10339,67664,67717,108699,104865,98433,97007,94709,99500,93553,95123,56330,69741,43750,60596,10670,21510,892329,828616,139210,133542,159275,146340,101795,603,653,0
2021/11/09,0,13238,12489,75581,74810,117430,113168,105561,104113,100452,105302,97671,99145,58058,71863,44887,62274,11113,22610,10628,10246,67492,67577,108535,104706,98293,96898,94634,99410,93492,95058,56301,69708,43737,60575,10663,21500,889193,827314,139096,133480,159271,146323,101684,603,652,0
2021/11/08,0,13114,12391,75051,74461,116987,112782,105236,103819,100219,105104,97536,99022,57995,71795,44862,62240,11106,22595,10585,10191,67351,67458,108377,104572,98193,96786,94564,99318,93440,94986,56261,69660,43728,60549,10660,21494,886013,826240,138957,133400,159261,146318,101563,603,652,0
2021/11/07,0,13013,12282,74604,74159,116550,112395,104896,103519,99987,104912,97396,98895,57938,71737,44832,62209,11101,22585,10532,10148,67218,67326,108222,104412,98074,96652,94488,99219,93373,94918,56224,69611,43706,60527,10657,21486,882973,825076,138809,133316,159257,146304,101449,603,648,0
2021/11/06,0,12922,12211,74351,73909,116227,112180,104681,103314,99820,104779,97318,98828,57924,71713,44825,62195,11100,22585,10507,10123,67129,67239,108106,104337,98002,96591,94447,99167,93344,94898,56220,69602,43703,60520,10655,21485,881024,824498,138744,133287,159254,146304,101338,603,648,0
2021/11/05,0,12804,12101,74083,73661,115930,111910,104434,103081,99617,104609,97208,98731,57906,71683,44817,62181,11099,22582,10427,10053,67016,67128,107991,104222,97919,96498,94373,99088,93293,94858,56210,69586,43698,60515,10654,21483,878763,823586,138668,133247,159251,146300,101232,603,647,0
2021/11/04,0,12692,11994,73879,73410,115643,111649,104209,102860,99424,104439,97099,98628,57865,71640,44806,62156,11096,22574,10326,9961,66872,66987,107859,104051,97819,96366,94282,98993,93217,94785,56176,69552,43685,60479,10650,21475,876561,822275,138594,133179,159247,146296,101139,602,646,0
2021/11/03,0,12625,11931,73709,73256,115396,111445,104033,102715,99311,104302,97007,98551,57834,71609,44793,62136,11093,22563,10281,9922,66716,66871,107730,103916,97714,96256,94199,98931,93161,94727,56158,69522,43668,60449,10643,21459,874954,821210,138539,133122,159243,146294,101053,600,644,0
2021/11/02,0,12587,11889,73500,73112,115131,111234,103820,102577,99148,104197,96913,98465,57808,71574,44782,62122,11089,22549,10159,9829,66536,66736,107573,103772,97614,96136,94117,98854,93101,94661,56129,69490,43655,60415,10639,21442,873333,819942,138467,133052,159241,146286,100935,600,643,0
2021/11/01,0,12497,11813,73270,72942,114876,111040,103577,102415,98976,104072,96829,98406,57785,71537,44770,62102,11087,22541,10099,9765,66373,66586,107423,103636,97494,96037,94031,98766,93038,94603,56103,69455,43640,60395,10636,21431,871611,818812,138362,132973,159237,146281,100803,600,642,0
2021/10/31,0,12459,11788,73128,72847,114694,110943,103402,102313,98875,104000,96784,98364,57773,71527,44767,62096,11087,22540,10066,9742,66282,66537,107337,103578,97422,95995,93987,98740,93013,94585,56095,69450,43637,60393,10633,21427,870628,818380,138319,132940,159235,146275,100683,600,641,0
2021/10/30,0,12426,11769,73011,72766,114490,110854,103268,102222,98766,103900,96720,98336,57761,71510,44762,62091,11086,22537,10037,9735,66202,66481,107250,103522,97351,95945,93942,98693,92987,94574,56087,69445,43636,60389,10630,21424,869674,817967,138282,132888,159234,146271,100563,600,641,0
2021/10/29,0,12387,11729,72818,72636,114228,110676,103040,102071,98604,103802,96634,98282,57748,71499,44758,62081,11086,22533,10000,9700,66067,66367,107096,103418,97233,95856,93851,98614,92928,94529,56073,69432,43633,60383,10630,21424,868301,817147,138213,132833,159232,146269,100344,600,641,0
2021/10/28,0,12295,11671,72599,72446,113913,110419,102797,101896,98425,103651,96524,98198,57725,71467,44747,62067,11084,22528,9926,9640,65858,66154,106898,103203,97067,95684,93730,98490,92843,94479,56047,69381,43625,60364,10629,21417,866519,815728,138129,132753,159228,146260,100054,600,640,0
2021/10/27,0,12241,11610,72425,72282,113706,110214,102620,101748,98297,103532,96435,98136,57698,71420,44729,62040,11082,22523,9842,9574,65698,65990,106758,103073,96952,95584,93637,98396,92784,94424,56012,69342,43615,60341,10623,21404,865054,814608,138049,132663,159226,146251,99887,600,640,0
2021/10/26,0,12167,11524,72200,72064,113476,110010,102428,101610,98160,103424,96362,98069,57663,71394,44716,62024,11081,22515,9772,9488,65501,65787,106582,102917,96817,95443,93540,98312,92710,94359,55989,69305,43601,60308,10620,21392,863499,813274,137954,132588,159220,146249,99692,600,640,0
2021/10/25,0,12124,11501,72073,71963,113349,109899,102330,101525,98071,103353,96326,98033,57655,71383,44715,62015,11079,22512,9757,9473,65419,65721,106515,102867,96779,95407,93499,98285,92687,94346,55983,69298,43600,60306,10620,21388,862654,812904,137915,132564,159219,146246,99596,600,640,0
2021/10/24,0,12051,11438,71884,71791,113080,109722,102144,101358,97911,103220,96244,97954,57626,71342,44704,62007,11078,22509,9696,9417,65210,65530,106311,102704,96629,95280,93390,98182,92626,94287,55950,69259,43592,60281,10618,21384,861139,811657,137849,132474,159219,146242,99335,599,638,0
2021/10/23,0,12024,11413,71780,71708,112949,109621,102048,101275,97850,103171,96201,97929,57612,71328,44703,62006,11078,22508,9661,9376,65131,65441,106215,102642,96568,95225,93334,98130,92597,94259,55932,69248,43591,60278,10617,21384,860444,811108,137797,132419,159218,146240,99224,599,638,0
2021/10/22,0,11949,11371,71615,71569,112723,109464,101884,101154,97734,103069,96141,97878,57601,71310,44701,61998,11078,22506,9571,9290,64958,65258,106031,102496,96431,95106,93236,98043,92541,94205,55919,69237,43588,60265,10616,21382,859276,809966,137735,132342,159218,146233,98994,599,638,0
2021/10/21,0,11817,11243,71404,71409,112518,109263,101703,100978,97574,102942,96050,97815,57578,71276,44685,61975,11073,22492,9473,9172,64735,65031,105836,102277,96274,94907,93104,97927,92466,94130,55893,69200,43574,60235,10614,21372,857585,808326,137670,132230,159215,146223,98804,598,637,0
2021/10/20,0,11769,11193,71277,71275,112372,109123,101585,100880,97477,102861,95985,97760,57550,71239,44672,61957,11068,22475,9350,9076,64535,64846,105709,102114,96156,94765,93005,97819,92392,94075,55862,69142,43547,60202,10597,21343,856481,806824,137616,132169,159212,146217,98688,598,637,0
2021/10/19,0,11665,11102,71129,71137,112235,108990,101488,100794,97401,102801,95925,97707,57527,71202,44664,61939,11064,22459,9255,8983,64314,64641,105544,101951,96040,94641,92924,97723,92342,94018,55828,69098,43529,60161,10587,21328,855365,805405,137561,132083,159207,146210,98575,598,634,0
2021/10/18,0,11616,11062,70991,71045,112086,108883,101380,100707,97334,102749,95868,97657,57499,71171,44647,61915,11057,22447,9204,8932,64165,64487,105421,101787,95944,94525,92856,97640,92282,93960,55801,69066,43516,60135,10583,21324,854433,804300,137478,132008,159202,146206,98480,598,634,0
2021/10/17,0,11570,11021,70830,70913,111955,108766,101269,100631,97280,102691,95823,97603,57477,71148,44641,61900,11055,22442,9149,8882,63927,64227,105255,101643,95813,94386,92757,97554,92221,93895,55777,69033,43506,60118,10579,21319,853490,802919,137425,131912,159200,146197,98379,598,634,0
2021/10/16,0,11551,11000,70770,70864,111896,108720,101243,100603,97247,102662,95804,97593,57476,71145,44640,61898,11053,22442,9118,8849,63832,64139,105189,101587,95766,94323,92724,97523,92200,93877,55772,69026,43504,60115,10579,21318,853149,802419,137406,131861,159200,146196,98331,598,634,0
2021/10/15,0,11496,10960,70656,70777,111781,108629,101169,100526,97189,102607,95774,97560,57469,71143,44640,61892,11052,22442,9068,8773,63693,63950,105075,101470,95671,94223,92645,97439,92152,93838,55763,69004,43499,60104,10579,21316,852438,801424,137381,131788,159199,146193,98223,598,634,0
2021/10/14,0,11390,10862,70470,70593,111635,108478,101052,100432,97092,102523,95717,97502,57448,71108,44629,61869,11049,22434,8941,8636,63394,63663,104917,101257,95522,94022,92522,97303,92077,93758,55725,68953,43480,60077,10575,21309,851150,799528,137304,131666,159190,146186,98117,598,634,0
2021/10/13,0,11291,10795,70324,70480,111512,108368,100954,100337,97007,102433,95666,97442,57412,71063,44613,61840,11045,22417,8903,8599,63232,63513,104780,101119,95414,93875,92431,97214,92015,93686,55687,68909,43458,60047,10566,21299,850091,798374,137230,131591,159186,146177,97971,597,634,0
2021/10/12,0,11149,10686,70142,70341,111410,108248,100855,100244,96947,102373,95625,97396,57396,71029,44603,61825,11041,22410,8841,8552,63068,63352,104648,100991,95294,93754,92341,97143,91956,93628,55634,68874,43446,60024,10562,21286,848996,797207,137164,131528,159182,146171,97856,597,632,0
2021/10/11,0,11078,10624,69992,70222,111288,108139,100768,100163,96883,102297,95571,97355,57368,70999,44583,61805,11036,22398,8803,8519,62892,63182,104514,100867,95200,93658,92267,97054,91904,93579,55595,68830,43431,59997,10553,21278,848010,796129,137098,131441,159179,146161,97760,597,632,0
2021/10/10,0,11006,10573,69829,70106,111146,108001,100669,100073,96815,102219,95521,97316,57349,70979,44579,61793,11028,22395,8765,8485,62703,63032,104351,100707,95093,93524,92177,96949,91827,93536,55568,68805,43422,59984,10550,21269,847045,794978,137051,131380,159174,146151,97606,596,632,0
2021/10/09,0,10981,10554,69739,70044,111078,107956,100627,100031,96777,102186,95503,97299,57341,70972,44578,61792,11028,22395,8730,8444,62612,62954,104265,100630,95036,93466,92134,96904,91805,93514,55561,68794,43417,59976,10549,21268,846640,794430,137018,131322,159172,146145,97530,596,632,0
2021/10/08,0,10907,10499,69595,69947,110934,107850,100553,99937,96711,102132,95451,97253,57329,70956,44575,61789,11028,22394,8669,8357,62441,62768,104130,100478,94923,93345,92047,96809,91757,93474,55544,68781,43411,59967,10547,21267,845794,793320,136965,131236,159171,146140,97388,596,631,0
2021/10/07,0,10828,10419,69386,69764,110745,107670,100416,99792,96622,102008,95375,97183,57306,70918,44562,61768,11024,22381,8539,8233,62151,62514,103931,100259,94774,93126,91939,96674,91682,93399,55509,68731,43396,59935,10540,21257,844359,791491,136894,131112,159168,146131,97224,596,631,0
2021/10/06,0,10759,10359,69208,69614,110609,107524,100321,99682,96535,101941,95329,97131,57271,70875,44551,61748,11021,22367,8496,8183,61964,62340,103798,100109,94660,93007,91863,96573,91605,93319,55478,68691,43381,59906,10535,21241,843260,790286,136828,131047,159166,146118,97067,596,631,0
2021/10/05,0,10654,10271,69030,69473,110454,107375,100204,99551,96471,101858,95284,97079,57252,70847,44542,61712,11016,22354,8462,8140,61765,62165,103645,99923,94545,92857,91765,96487,91543,93245,55449,68642,43366,59890,10532,21228,842060,789008,136759,130979,159165,146113,96919,596,630,0
2021/10/04,0,10616,10241,68851,69298,110287,107220,100099,99436,96377,101769,95229,97020,57214,70799,44527,61683,11015,22332,8428,8107,61605,61983,103499,99782,94412,92734,91671,96391,91478,93193,55411,68599,43342,59859,10526,21208,840949,787888,136687,130920,159163,146101,96691,594,628,0
2021/10/03,0,10552,10185,68635,69114,110112,107061,99970,99323,96289,101668,95165,96966,57183,70764,44519,61658,11015,22328,8368,8072,61400,61824,103309,99604,94274,92574,91570,96275,91403,93135,55375,68555,43325,59833,10524,21200,839751,786608,136612,130831,159159,146091,96462,594,628,0
2021/10/02,0,10526,10159,68532,69015,110022,106991,99904,99261,96236,101617,95139,96943,57172,70746,44519,61657,11014,22326,8328,8037,61283,61709,103236,99530,94207,92508,91524,96226,91377,93114,55368,68537,43324,59829,10523,21200,839191,786016,136548,130785,159157,146071,96360,594,628,0
2021/10/01,0,10440,10055,68374,68840,109828,106843,99773,99145,96153,101546,95079,96901,57153,70727,44516,61645,11012,22324,8215,7927,61085,61474,103064,99374,94074,92365,91419,96116,91314,93055,55350,68507,43320,59818,10522,21197,838059,784715,136491,130696,159153,146031,96128,594,626,0
2021/09/30,0,10360,9982,68137,68610,109604,106598,99589,98942,96011,101399,94986,96794,57114,70681,44497,61614,11008,22309,8107,7805,60831,61208,102851,99163,93886,92152,91277,95965,91222,92959,55323,68458,43305,59785,10512,21182,836373,783014,136398,130577,159146,145981,95793,593,626,0
2021/09/29,0,10278,9924,67932,68419,109403,106396,99431,98777,95883,101286,94901,96722,57070,70624,44480,61579,11003,22290,8048,7746,60644,61036,102660,98980,93749,91982,91161,95856,91151,92878,55287,68410,43286,59739,10509,21167,834927,781747,136332,130499,159142,145946,95472,593,625,0
2021/09/28,0,10193,9846,67737,68211,109196,106226,99281,98621,95772,101172,94816,96643,57031,70584,44468,61541,10996,22263,7998,7699,60448,60850,102465,98823,93614,91845,91037,95726,91072,92806,55254,68372,43269,59710,10500,21153,833516,780546,136271,130413,159140,145912,95145,593,625,0
2021/09/27,0,10064,9713,67488,67963,108982,106052,99141,98469,95681,101060,94738,96571,57002,70536,44453,61510,10991,22251,7960,7643,60231,60660,102273,98682,93469,91704,90932,95611,91000,92729,55217,68316,43248,59682,10491,21142,832094,779441,136185,130332,159138,145869,94723,593,625,0
2021/09/26,0,9943,9619,67241,67726,108752,105858,98972,98321,95556,100931,94652,96489,56962,70501,44437,61487,10986,22238,7906,7597,59986,60461,102068,98499,93320,91538,90820,95491,90927,92651,55186,68288,43234,59654,10486,21126,830626,778278,136099,130236,159132,145810,94289,593,625,0
2021/09/25,0,9904,9578,67123,67603,108647,105768,98898,98258,95497,100878,94621,96460,56958,70493,44435,61484,10985,22238,7865,7558,59870,60343,101964,98406,93239,91465,90777,95424,90890,92628,55174,68276,43230,59650,10486,21126,830070,777717,136037,130183,159132,145782,94064,593,625,0
2021/09/24,0,9843,9516,66953,67416,108474,105593,98747,98106,95372,100772,94551,96404,56942,70476,44427,61471,10985,22236,7767,7446,59640,60110,101780,98211,93109,91316,90665,95314,90805,92562,55151,68254,43228,59645,10485,21123,829027,776513,135961,130115,159132,145720,93638,593,625,0
2021/09/23,0,9751,9390,66623,67079,108206,105328,98549,97875,95211,100608,94448,96292,56897,70416,44403,61442,10979,22208,7651,7325,59339,59828,101538,97976,92919,91103,90527,95159,90706,92452,55101,68203,43205,59616,10484,21100,827199,774936,135836,130005,159126,145651,93017,593,623,0
2021/09/22,0,9681,9311,66284,66751,107993,105114,98348,97670,95055,100473,94319,96194,56849,70346,44369,61398,10968,22186,7595,7283,59157,59646,101360,97807,92737,90966,90412,95036,90594,92375,55067,68155,43177,59584,10478,21084,825423,773883,135722,129926,159121,145568,92515,593,621,0
2021/09/21,0,9594,9223,66049,66503,107782,104932,98171,97511,94939,100363,94239,96122,56797,70293,44350,61356,10961,22171,7557,7245,58962,59462,101164,97645,92596,90833,90321,94947,90503,92300,55026,68097,43157,59545,10469,21066,823946,772815,135640,129831,159118,145504,92124,593,621,0
2021/09/20,0,9532,9165,65762,66192,107580,104748,98010,97342,94830,100262,94173,96045,56756,70250,44330,61313,10956,22160,7500,7190,58767,59306,100975,97499,92439,90679,90179,94846,90421,92229,54979,68058,43130,59509,10463,21049,822510,771797,135559,129749,159113,145356,91695,593,621,0
2021/09/19,0,9480,9120,65475,66016,107346,104556,97858,97173,94690,100161,94069,95966,56726,70197,44320,61289,10954,22149,7461,7148,58521,59109,100729,97322,92253,90508,89994,94673,90299,92144,54941,67995,43112,59475,10462,21036,821166,770572,135475,129631,159109,145092,91266,593,621,0
2021/09/18,0,9447,9075,65381,65910,107225,104458,97747,97086,94624,100091,94033,95937,56718,70188,44316,61283,10952,22148,7421,7107,58399,58986,100622,97221,92127,90426,89923,94610,90261,92114,54931,67990,43105,59472,10460,21032,820587,769930,135385,129566,159107,145080,91011,593,620,0
2021/09/17,0,9368,8989,65185,65750,107044,104299,97577,96933,94496,99993,93960,95861,56701,70160,44305,61276,10946,22142,7329,7007,58192,58749,100430,97056,91968,90305,89805,94503,90182,92052,54916,67962,43096,59466,10460,21029,819479,768776,135296,129469,159102,145063,90579,593,620,0
2021/09/16,0,9277,8881,64894,65442,106755,104040,97336,96692,94306,99811,93858,95767,56649,70105,44292,61247,10939,22128,7237,6896,57939,58471,100155,96825,91768,90090,89628,94339,90080,91964,54870,67910,43074,59445,10455,21018,817634,767251,135199,129332,159092,145000,89964,593,617,0
2021/09/15,0,9207,8826,64540,65146,106555,103827,97127,96499,94171,99647,93757,95677,56611,70046,44258,61217,10934,22104,7187,6847,57758,58310,99964,96663,91599,89931,89521,94228,89975,91897,54837,67863,43049,59412,10451,20998,815877,766182,135144,129215,159087,144966,89510,593,617,0
2021/09/14,0,9165,8777,64251,64936,106315,103608,96929,96318,94039,99504,93642,95591,56563,69986,44231,61180,10929,22088,7145,6810,57552,58125,99787,96477,91429,89766,89386,94114,89895,91824,54801,67823,43026,59385,10446,20983,814330,765128,135072,129125,159080,144867,89039,593,615,0
2021/09/13,0,9128,8743,63947,64670,106082,103380,96759,96148,93893,99366,93551,95493,56511,69932,44214,61146,10922,22076,7113,6773,57342,57939,99583,96288,91276,89610,89253,94007,89805,91750,54761,67775,43005,59355,10443,20966,812800,764017,134981,129011,159070,144825,88579,593,612,0
2021/09/12,0,9075,8695,63629,64423,105831,103134,96547,95918,93728,99238,93453,95412,56460,69881,44197,61116,10918,22065,7075,6743,57141,57777,99336,96079,91107,89440,89119,93888,89708,91675,54717,67716,42985,59326,10439,20949,811248,762980,134881,128882,159066,144752,87994,593,612,0
2021/09/11,0,9028,8662,63508,64289,105688,103016,96443,95808,93642,99159,93414,95380,56445,69866,44192,61104,10918,22064,7022,6717,56991,57682,99187,95975,91008,89342,89020,93822,89671,91650,54707,67696,42981,59316,10439,20948,810562,762385,134827,128804,159064,144733,87641,593,611,0
2021/09/10,0,8934,8551,63264,64021,105490,102802,96268,95617,93495,99032,93318,95307,56409,69836,44178,61085,10918,22062,6942,6639,56743,57470,98990,95787,90824,89156,88885,93690,89582,91579,54685,67675,42968,59297,10439,20944,809164,761212,134763,128686,159061,144718,87068,592,611,0
2021/09/09,0,8836,8451,62941,63741,105208,102480,96032,95326,93316,98802,93179,95187,56368,69770,44157,61056,10908,22041,6838,6540,56485,57245,98731,95535,90591,88923,88724,93535,89437,91490,54642,67623,42947,59268,10433,20938,807158,759778,134658,128502,159057,144642,86395,592,608,0
2021/09/08,0,8775,8400,62712,63501,104979,102241,95836,95101,93144,98628,93062,95055,56332,69703,44123,61017,10895,22017,6807,6510,56321,57083,98534,95325,90424,88723,88562,93387,89317,91384,54602,67560,42912,59228,10421,20904,805640,758734,134548,128351,159045,144555,85757,592,607,0
2021/09/07,0,8725,8347,62467,63282,104752,101998,95647,94909,93000,98486,92961,94974,56298,69654,44094,60961,10886,21995,6761,6474,56125,56915,98313,95130,90235,88560,88432,93277,89220,91293,54560,67513,42888,59197,10416,20885,804131,757647,134442,128223,159039,144425,85293,592,606,0
2021/09/06,0,8683,8304,62253,63100,104542,101820,95505,94748,92878,98352,92873,94898,56240,69595,44072,60931,10879,21962,6718,6437,55951,56744,98110,94962,90064,88403,88303,93147,89121,91211,54505,67459,42868,59153,10406,20860,802856,756520,134349,128088,159028,144338,84871,592,605,0
2021/09/05,0,8621,8255,62031,62888,104369,101632,95345,94578,92748,98235,92795,94830,56211,69554,44062,60910,10874,21954,6665,6381,55744,56540,97912,94760,89872,88236,88158,93019,89035,91123,54455,67409,42851,59130,10401,20844,801632,755337,134268,127914,159024,144243,84438,591,603,0
2021/09/04,0,8570,8224,61908,62776,104279,101534,95243,94491,92691,98166,92759,94804,56201,69543,44055,60900,10874,21953,6637,6337,55617,56424,97787,94631,89755,88136,88092,92938,88986,91090,54440,67398,42845,59119,10401,20843,801025,754679,134219,127793,159020,144224,84177,591,603,0
2021/09/03,0,8492,8149,61709,62588,104099,101376,95091,94342,92584,98052,92686,94753,56172,69514,44047,60885,10871,21944,6570,6271,55406,56235,97583,94413,89563,87940,87944,92765,88894,91010,54407,67364,42833,59100,10397,20839,799882,753417,134163,127564,159014,144186,83765,591,602,0
2021/09/02,0,8370,8057,61438,62336,103836,101128,94885,94113,92390,97879,92564,94650,56123,69457,44024,60850,10866,21922,6470,6189,55132,55970,97279,94129,89311,87662,87719,92552,88749,90893,54360,67282,42802,59049,10387,20802,798165,751725,134051,127210,159002,144063,83139,591,600,0
2021/09/01,0,8305,7973,61221,62120,103628,100952,94736,93955,92268,97746,92455,94574,56075,69404,44006,60826,10858,21904,6415,6126,54872,55747,97047,93904,89112,87444,87542,92386,88607,90781,54295,67191,42765,59007,10379,20782,796866,750263,133973,126950,158987,143943,82650,590,596,0
2021/08/31,0,8223,7896,61008,61864,103418,100763,94555,93792,92143,97626,92328,94491,56027,69349,43980,60787,10847,21888,6353,6057,54619,55482,96772,93649,88891,87205,87384,92224,88442,90674,54245,67117,42739,58951,10371,20763,795457,748745,133893,126642,158976,143828,82129,590,594,0
2021/08/30,0,8127,7820,60799,61676,103234,100613,94429,93655,92024,97523,92256,94411,55993,69317,43964,60753,10842,21872,6281,5992,54364,55285,96522,93411,88674,86976,87203,92076,88313,90547,54187,67038,42697,58888,10355,20734,794321,747289,133834,126328,158969,143682,81653,590,591,0
2021/08/29,0,8051,7742,60522,61432,102994,100416,94242,93478,91885,97405,92166,94318,55947,69266,43940,60723,10840,21863,6173,5882,54011,54972,96198,93117,88382,86713,86968,91881,88159,90419,54117,66961,42667,58847,10349,20717,792945,745355,133743,125993,158952,143536,81059,590,590,0
2021/08/28,0,7994,7676,60382,61319,102886,100304,94141,93394,91800,97331,92120,94288,55933,69253,43932,60719,10839,21861,6133,5815,53830,54822,96036,92981,88250,86601,86857,91793,88091,90376,54100,66941,42658,58840,10348,20716,792320,744532,133704,125887,158948,143510,80669,590,590,0
2021/08/27,0,7929,7590,60198,61122,102717,100133,93998,93262,91686,97225,92032,94227,55910,69222,43923,60702,10838,21858,6054,5744,53583,54572,95738,92701,88024,86390,86679,91633,87981,90275,54056,66903,42643,58814,10343,20713,791320,742930,133640,125686,158911,143473,80170,590,587,0
2021/08/26,0,7840,7489,59956,60874,102486,99913,93777,93035,91507,97041,91924,94129,55858,69156,43890,60674,10832,21846,5980,5676,53237,54283,95369,92348,87685,86073,86441,91365,87821,90140,53989,66814,42596,58770,10336,20701,789809,740973,133542,125274,158888,143338,79457,590,582,0
2021/08/25,0,7767,7399,59721,60674,102307,99773,93625,92851,91383,96918,91809,94048,55817,69102,43858,60630,10827,21823,5908,5615,52924,54029,95055,92092,87455,85826,86238,91178,87688,90012,53921,66730,42549,58703,10330,20671,788574,739222,133460,124962,158877,143266,78893,587,581,0
2021/08/24,0,7717,7346,59498,60456,102118,99597,93458,92687,91270,96789,91721,93973,55779,69049,43830,60587,10821,21798,5863,5547,52596,53768,94698,91807,87152,85569,86028,90983,87535,89851,53835,66632,42502,58636,10322,20649,787424,737388,133369,124657,158870,143044,78304,586,580,0
2021/08/23,0,7661,7292,59287,60245,101946,99436,93326,92526,91174,96704,91644,93885,55741,69004,43801,60562,10817,21779,5799,5485,52270,53494,94352,91523,86906,85291,85831,90808,87400,89721,53755,66539,42468,58583,10315,20631,786252,735458,133296,124368,158860,142869,77896,585,580,0
2021/08/22,0,7589,7237,59092,60061,101739,99273,93167,92389,91078,96587,91562,93817,55703,68956,43787,60537,10811,21765,5717,5402,51895,53140,93946,91115,86590,84986,85592,90578,87227,89593,53673,66432,42436,58522,10307,20610,785210,733106,133192,124054,158847,142651,77375,585,575,0
2021/08/21,0,7534,7199,58954,59937,101604,99169,93061,92283,90979,96525,91504,93781,55682,68934,43779,60520,10809,21762,5524,5215,51559,52838,93776,90965,86419,84828,85447,90450,87141,89529,53641,66407,42426,58506,10306,20604,784523,731569,133119,123825,158845,142609,77003,585,575,0
2021/08/20,0,7482,7147,58799,59759,101431,99012,92910,92145,90860,96398,91424,93719,55658,68906,43768,60503,10807,21757,5400,5114,51223,52485,93510,90690,86154,84592,85231,90245,87007,89417,53609,66366,42403,58482,10299,20597,783543,729583,133069,123614,158839,142543,76509,584,575,0
2021/08/19,0,7415,7086,58544,59525,101142,98780,92698,91952,90699,96232,91296,93615,55613,68845,43743,60472,10800,21743,5283,4989,50778,52042,93070,90277,85744,84176,84917,89929,86793,89229,53534,66257,42364,58420,10289,20579,782151,726839,132935,123166,158831,142334,75759,583,572,0
2021/08/18,0,7351,7031,58352,59362,100948,98597,92548,91786,90556,96105,91194,93518,55546,68779,43714,60427,10790,21723,5187,4887,50417,51665,92686,89943,85420,83842,84635,89678,86601,89057,53418,66141,42293,58326,10274,20549,780963,724407,132845,122772,158824,142096,75172,582,572,0
2021/08/17,0,7289,6980,58160,59199,100751,98419,92379,91634,90431,95972,91096,93426,55506,68731,43689,60399,10788,21708,5066,4752,49918,51235,92234,89522,85014,83479,84306,89381,86392,88854,53315,66015,42234,58249,10268,20525,779824,721360,132741,122361,158811,141808,74659,581,571,0
2021/08/16,0,7229,6914,57975,59016,100546,98243,92226,91473,90289,95851,90979,93325,55451,68668,43659,60347,10781,21694,4855,4569,49345,50645,91761,89063,84542,83075,83972,89080,86162,88643,53205,65897,42175,58170,10259,20487,778626,717771,132650,121919,158804,141581,74064,581,570,0
2021/08/15,0,7163,6866,57751,58824,100357,98058,92064,91329,90166,95743,90890,93262,55414,68626,43639,60317,10777,21687,4456,4168,48215,49494,91114,88368,83982,82528,83573,88687,85873,88435,53099,65772,42130,58111,10250,20468,777521,711912,132538,121289,158796,141398,73556,581,568,0
2021/08/14,0,7130,6833,57630,58734,100215,97955,91955,91252,90077,95675,90838,93218,55398,68609,43634,60310,10776,21686,4427,4145,48058,49348,90880,88192,83763,82318,83446,88586,85802,88391,53071,65741,42121,58100,10249,20466,776986,711078,132477,120963,158791,141347,73149,581,567,0
2021/08/13,0,7083,6788,57475,58598,100056,97826,91823,91110,89967,95561,90757,93154,55367,68558,43620,60285,10774,21679,4367,4084,47746,49024,90395,87782,83357,81935,83181,88351,85629,88247,53027,65673,42099,58076,10246,20454,776137,708816,132418,120406,158784,141266,72622,578,563,0
2021/08/12,0,7048,6738,57265,58432,99836,97645,91642,90942,89820,95414,90661,93073,55328,68505,43593,60251,10766,21662,4316,4021,47324,48625,89738,87208,82767,81384,82803,88015,85397,88062,52951,65569,42045,58017,10236,20436,775045,705799,132314,119568,158772,141016,71970,578,561,0
2021/08/11,0,7013,6683,57074,58258,99623,97464,91476,90800,89686,95296,90551,92970,55275,68445,43561,60212,10756,21647,4242,3972,46901,48158,89106,86546,82178,80874,82461,87706,85126,87815,52861,65424,41972,57892,10217,20387,773895,702576,132216,118611,158749,140679,71413,575,559,0
2021/08/10,0,6952,6634,56886,58091,99398,97308,91319,90647,89558,95178,90465,92889,55232,68397,43545,60172,10752,21634,4177,3907,46453,47672,88456,85908,81569,80327,82042,87320,84873,87595,52741,65309,41911,57808,10204,20356,772816,699162,132118,117670,158730,140361,70876,575,559,0
2021/08/09,0,6901,6575,56713,57931,99202,97149,91161,90508,89410,95075,90348,92823,55190,68346,43520,60137,10745,21619,4108,3828,45882,47095,87617,85220,80879,79736,81626,86965,84574,87364,52627,65175,41855,57707,10190,20313,771755,695260,132044,116613,158719,140013,70320,573,555,0
2021/08/08,0,6830,6506,56487,57742,98989,96952,90979,90339,89273,94953,90252,92747,55134,68297,43494,60101,10738,21596,4052,3767,45276,46473,86542,84267,79974,78918,81075,86485,84237,87063,52490,65020,41790,57616,10177,20285,770512,690069,131929,115428,158697,139698,69758,570,554,0
2021/08/07,0,6786,6455,56342,57620,98845,96836,90846,90238,89180,94894,90189,92704,55114,68270,43491,60090,10735,21591,3590,3392,44434,45577,86196,83922,79492,78479,80711,86133,84053,86916,52426,64936,41769,57580,10172,20276,769835,686308,131867,114281,158691,139593,69320,570,552,0
2021/08/06,0,6730,6405,56148,57467,98609,96650,90691,90108,89052,94778,90090,92632,55072,68240,43482,60063,10732,21587,3207,2994,43510,44679,85719,83447,78904,77921,80320,85745,83861,86768,52374,64870,41743,57549,10164,20263,768849,682304,131768,113002,158683,139454,68727,566,551,0
2021/08/05,0,6661,6333,55824,57211,98300,96373,90422,89882,88836,94579,89917,92494,55006,68148,43450,60011,10723,21569,2690,2545,42254,43499,84969,82753,78119,77111,79717,85175,83499,86463,52240,64708,41683,57446,10149,20230,767145,676659,131639,111357,158668,138906,67780,564,548,0
2021/08/04,0,6582,6283,55573,57018,98021,96154,90225,89715,88691,94437,89796,92392,54952,68097,43413,59964,10719,21559,2617,2484,41759,42993,83716,81694,76758,75966,79228,84717,83180,86213,52097,64569,41625,57358,10133,20204,765830,671418,131532,109848,158654,138429,67069,563,547,0
2021/08/03,0,6516,6217,55314,56820,97786,95961,90047,89550,88548,94288,89650,92268,54873,68015,43375,59906,10711,21551,2563,2441,41313,42553,82470,80550,75330,74774,78619,84149,82628,85721,51881,64363,41524,57202,10120,20168,764436,665555,131427,108147,158630,137723,66398,562,546,0
2021/08/02,0,6453,6154,55070,56617,97525,95736,89821,89373,88379,94142,89509,92153,54790,67939,43342,59853,10708,21531,2512,2375,40820,42044,81135,79430,73771,73561,77985,83584,82083,85235,51710,64154,41449,57081,10103,20134,762987,659410,131277,106383,158607,137111,65719,562,543,0
2021/08/01,0,6385,6069,54799,56348,97253,95469,89582,89195,88173,93995,89343,92041,54721,67853,43305,59801,10701,21524,2432,2320,40298,41539,79840,78346,72353,72455,77083,82830,81491,84766,51520,63915,41362,56976,10092,20110,761366,653194,131080,104475,158581,136496,65027,558,536,0
2021/07/31,0,6349,6031,54675,56254,97131,95374,89476,89128,88081,93924,89298,92004,54708,67841,43299,59797,10701,21523,1907,1871,39333,40507,79384,77901,71809,71902,76699,82501,81376,84670,51500,63879,41346,56965,10092,20107,760876,648483,130910,103600,158578,136403,64727,558,536,0
2021/07/30,0,6295,5994,54497,56104,96970,95195,89317,88974,87948,93808,89213,91934,54671,67811,43286,59779,10699,21521,1438,1421,38312,39438,78672,77243,71051,71164,76179,81971,80971,84345,51423,63790,41312,56905,10086,20094,759958,642231,130594,102464,158571,136194,64391,557,535,0
2021/07/29,0,6243,5935,54255,55914,96708,94969,89104,88760,87772,93630,89072,91805,54610,67743,43263,59737,10690,21500,951,954,37059,38189,77609,76366,69996,70208,75365,81202,80429,83910,51287,63623,41244,56809,10069,20067,758688,634406,130106,100907,158551,135627,63864,556,533,0
2021/07/28,0,6206,5883,54046,55737,96498,94759,88949,88576,87657,93488,88960,91707,54548,67667,43229,59688,10681,21469,909,904,36435,37571,76439,75384,68711,69098,74600,80478,79932,83446,51138,63412,41175,56704,10052,20025,757479,627995,129658,99483,158535,134830,63575,556,530,0
2021/07/27,0,6156,5841,53811,55508,96232,94541,88764,88387,87498,93330,88834,91608,54492,67588,43187,59625,10667,21421,847,848,35769,36796,74968,74122,67257,67876,73730,79625,79386,82922,50962,63199,41093,56582,10026,19983,756029,620617,129226,98027,158512,133596,63223,555,528,0
2021/07/26,0,6099,5788,53590,55295,95985,94344,88561,88215,87331,93192,88705,91502,54428,67509,43158,59568,10660,21399,791,789,34990,35943,73438,72779,65883,66633,72687,78623,78789,82381,50784,62980,41014,56432,10005,19938,754656,612460,128801,96498,158491,132512,62883,553,526,0
2021/07/25,0,6061,5744,53379,55088,95727,94109,88383,88020,87169,93055,88595,91403,54373,67440,43131,59523,10650,21364,679,681,34284,35172,72088,71568,64768,65616,71686,77704,78311,81926,50657,62787,40949,56343,9999,19903,753215,605447,128525,94938,158467,131702,62510,552,524,0
2021/07/24,0,5972,5686,53100,54788,95416,93798,88135,87808,86992,92897,88494,91321,54344,67406,43119,59500,10650,21358,630,630,33766,34667,71213,70864,64101,65056,70807,77001,78106,81774,50601,62744,40927,56317,9999,19901,751325,600980,128469,94001,158466,131573,62026,552,524,0
2021/07/23,0,5919,5630,52827,54513,95010,93508,87831,87587,86810,92717,88352,91226,54308,67358,43111,59482,10647,21352,577,585,33222,33998,70146,69996,63310,64376,69899,76146,77702,81442,50524,62644,40895,56278,9992,19886,749246,595274,128396,92841,158460,131395,61588,552,520,0
2021/07/22,0,5848,5568,52410,54109,94525,93058,87442,87248,86499,92413,88139,91035,54223,67264,43082,59421,10639,21326,501,522,32505,33254,68823,68993,62257,63496,68280,74787,77041,80922,50370,62431,40802,56162,9971,19846,746173,588748,128164,90087,158433,130626,60983,550,519,0
2021/07/21,0,5794,5514,52034,53717,94085,92637,87132,86945,86245,92167,87965,90844,54141,67175,43023,59353,10628,21298,451,464,31880,32591,67481,67945,61163,62595,66237,73095,76131,80172,50081,62123,40641,55974,9947,19788,743337,582411,127927,85761,158402,129532,60536,549,519,0
2021/07/20,0,5735,5451,51645,53316,93621,92166,86762,86619,85976,91909,87739,90646,54047,67038,42973,59294,10621,21273,404,420,31206,31922,66004,66743,60029,61631,65055,72033,75512,79614,49872,61885,40534,55814,9923,19725,740340,575304,127706,84066,158348,128493,59944,547,519,0
2021/07/19,0,5658,5377,51170,52852,93145,91682,86393,86283,85724,91691,87533,90464,53952,66915,42937,59216,10604,21238,361,367,30653,31326,64834,65681,59111,60766,63896,70996,74908,79093,49694,61689,40443,55667,9895,19681,737046,569488,127478,82250,158313,127301,59504,547,518,0
2021/07/18,0,5589,5306,50341,52035,92062,90622,85660,85664,85243,91256,87241,90172,53844,66767,42873,59120,10594,21207,324,322,30103,30735,63640,64599,58187,59851,62716,69969,74357,78592,49542,61524,40384,55583,9883,19652,730551,563620,127147,80221,158296,126493,59112,544,517,0
2021/07/17,0,5416,5119,49989,51701,91915,90488,85462,85504,85082,91117,87132,90090,53823,66740,42862,59108,10593,21204,272,267,29708,30343,62990,63993,57625,59426,61959,69230,74052,78350,49431,61406,40345,55525,9873,19641,729370,560564,126971,79253,158290,125879,58223,544,517,0
2021/07/16,0,5316,5028,49664,51403,91646,90257,85211,85301,84886,90933,86994,89980,53780,66706,42844,59095,10590,21199,237,232,29195,29828,62042,63068,56778,58736,60905,68187,73553,77928,49269,61215,40298,55456,9868,19632,727969,555554,126800,77931,158285,125138,57290,542,514,0
2021/07/15,0,5181,4894,49180,50985,91239,89870,84853,84916,84581,90652,86771,89810,53696,66614,42790,59026,10580,21171,187,199,28458,29184,60714,61995,55642,57745,59485,66870,72812,77339,49034,60951,40206,55324,9852,19577,725462,549666,126379,75718,158250,123457,56221,538,512,0
2021/07/14,0,5075,4780,48821,50605,90936,89572,84558,84598,84332,90411,86570,89653,53604,66504,42732,58938,10563,21140,170,177,27915,28605,59616,60991,54667,56897,58607,66013,72201,76751,48762,60671,40100,55148,9829,19534,723273,544199,126019,74792,158207,121757,55397,537,509,0
2021/07/13,0,4963,4663,48410,50221,90534,89217,84249,84287,84060,90148,86362,89484,53492,66396,42676,58874,10557,21119,153,167,27240,27917,58244,59796,53469,55907,57614,65098,71474,76105,48480,60342,39970,54969,9797,19482,720875,537804,125646,73665,158150,119703,54545,537,507,0
2021/07/12,0,4793,4493,47848,49700,90142,88873,83852,83959,83808,89880,86170,89321,53409,66298,42629,58811,10545,21104,144,159,26596,27249,56744,58439,52181,54838,56386,63956,70724,75475,48101,59907,39794,54744,9756,19417,718116,530456,125277,72639,158087,117349,53660,536,506,0
2021/07/11,0,4398,4119,46895,48771,89705,88434,83435,83571,83494,89590,85973,89170,53318,66200,42603,58756,10534,21087,131,150,25988,26675,55358,57182,50881,53787,55339,62920,70126,74922,47750,59518,39670,54568,9732,19375,714116,523790,124802,71630,158049,115554,52595,532,503,0
2021/07/10,0,4385,4104,46559,48417,89249,87949,83101,83258,83386,89490,85907,89112,53297,66176,42594,58743,10533,21083,128,142,25497,26133,54261,56225,50017,53200,54736,62353,69908,74731,47382,59098,39570,54463,9727,19364,713429,519446,124334,71544,157870,114223,51219,531,503,0
2021/07/09,0,4364,4092,46130,47971,88624,87385,82717,82912,83133,89297,85790,89019,53261,66147,42587,58730,10529,21074,122,127,24783,25351,52930,54983,49070,52311,53946,61499,69476,74321,47021,58688,39481,54371,9720,19352,711980,513206,123749,71137,157706,112868,49839,528,502,0
2021/07/08,0,4335,4064,45571,47461,87755,86667,82171,82391,82878,89047,85595,88864,53190,66077,42555,58683,10518,21058,114,110,23780,24391,50973,53398,47691,51153,52808,60364,68778,73680,46496,58130,39344,54207,9692,19284,709799,505394,122851,69857,157418,110328,48315,524,499,0
2021/07/07,0,4312,4037,44985,46860,86909,85895,81606,81904,82594,88749,85383,88698,53108,65976,42513,58619,10510,21038,102,95,22880,23469,49011,51704,46172,50015,51563,59178,68072,73142,45758,57386,39147,53969,9658,19225,707231,497159,121850,68744,157163,107211,46934,523,498,0
2021/07/06,0,4279,4016,44435,46332,86041,85150,80987,81306,82218,88415,85204,88520,53016,65894,42476,58557,10500,21012,93,85,22032,22587,46995,49911,44774,48763,50278,57832,67323,72419,44923,56609,38959,53729,9640,19170,704525,488111,120833,67659,156865,104237,45618,522,497,0
2021/07/05,0,4257,3980,43262,45325,84516,84038,80260,80677,81757,87991,84922,88249,52898,65753,42425,58479,10486,20984,82,73,20831,21502,45025,48303,43757,47799,49246,56867,66625,71797,44158,55742,38787,53505,9615,19130,701127,482072,119776,66789,156502,101146,42341,518,496,0
2021/07/04,0,4229,3957,41895,44091,82872,82724,79533,80068,81281,87558,84645,88045,52804,65624,42380,58425,10473,20955,79,66,19473,20280,43226,46777,43055,47055,48425,56010,66042,71227,43410,54884,38622,53312,9595,19082,697953,477367,118625,65850,156081,98521,38389,516,493,0
2021/07/03,0,3761,3542,40303,42519,81998,82065,79045,79581,80837,87083,84427,87871,52735,65524,42361,58371,10470,20949,75,65,18659,19581,42303,46079,42636,46677,48018,55610,65876,71059,42820,54152,38559,53211,9588,19072,694149,475408,117318,65747,155998,96926,35466,516,493,0
2021/07/02,0,3207,2971,38740,41009,81256,81335,78368,78865,80314,86575,84184,87666,52684,65437,42333,58324,10457,20936,67,57,17881,18838,41142,45115,41894,45966,47175,54821,65349,70606,41868,52945,38429,53021,9572,19054,689057,470270,115915,65275,155848,94426,33338,508,491,0
2021/07/01,0,2557,2425,37014,39327,80272,80456,77525,78027,79611,85938,83867,87381,52558,65280,42269,58221,10439,20906,56,44,16986,17881,39592,43868,40680,44892,45861,53685,64598,70019,40973,51803,38277,52809,9555,19022,682660,463758,114189,63619,155628,91641,31094,507,489,0
2021/06/30,0,2515,2395,35989,38294,78428,78947,75824,76540,78967,85386,83582,87087,52427,65119,42209,58124,10427,20879,47,33,15936,16886,37914,42635,39480,43784,44704,52615,63837,69381,40420,51113,38158,52609,9533,18986,676755,457560,112454,62277,155420,89740,28008,507,486,0
2021/06/29,0,2478,2363,35143,37371,76822,77447,74210,75131,78166,84668,83032,86592,52242,64895,42135,57992,10410,20842,34,24,15095,15960,36603,41479,38565,42953,43479,51553,63115,68792,39705,50169,38021,52389,9511,18942,670337,452307,110581,60443,155151,87788,25368,507,483,0
2021/06/28,0,2436,2332,34309,36541,75204,76028,72525,73738,77142,83880,82425,86092,52065,64668,42057,57886,10397,20810,25,19,14338,15189,35545,40446,37734,42221,42347,50552,62456,68239,38823,49077,37853,52164,9491,18897,663817,447393,108622,58922,154554,85578,23041,506,482,0
2021/06/27,0,2421,2317,33565,35782,73638,74655,71118,72527,75748,82758,81744,85535,51866,64451,41992,57768,10387,20781,20,19,13693,14543,34574,39676,37074,41618,41405,49695,61912,67791,37946,48037,37701,51984,9476,18866,657589,443432,106689,58144,153600,83302,20674,505,478,0
2021/06/26,0,1783,1710,32518,34663,73269,74327,70652,72066,75454,82447,81653,85457,51846,64424,41977,57758,10386,20778,20,18,13498,14330,33902,39126,36426,41193,40880,49360,60918,66780,36950,46902,37532,51772,9462,18833,652761,437413,105749,58089,153596,81362,20562,504,476,0
2021/06/25,0,1162,1114,31386,33465,72764,73795,70039,71371,75028,81994,81272,85128,51784,64336,41944,57715,10381,20764,17,16,13156,13929,33037,38324,35546,40367,39917,48509,59700,65538,36432,46199,37339,51471,9439,18792,646372,428909,104558,57635,153591,80288,20422,503,474,0
2021/06/24,0,549,553,30033,32131,71969,73031,69164,70487,74350,81358,80821,84760,51674,64206,41891,57645,10370,20731,14,13,12478,13207,31852,37012,34315,39096,38777,47384,58058,64158,35949,45679,37182,51281,9420,18733,638476,419462,103069,56075,153479,78399,20201,502,471,0
2021/06/23,0,522,521,29519,31560,70859,72045,67891,69341,73597,80669,80369,84351,51559,64026,41832,57549,10353,20700,12,12,11979,12662,30851,35763,33371,37869,37746,46497,56104,62437,35397,45110,37011,51052,9398,18668,632202,409619,101486,55012,153376,77140,19701,502,467,0
2021/06/22,0,498,505,28991,30946,69682,71012,66682,68312,72916,79964,79957,83977,51450,63896,41785,57465,10344,20674,10,11,11618,12234,29931,34832,32415,36974,36783,45586,54124,60599,35008,44633,36874,50809,9369,18611,625827,401018,100016,53444,153243,76023,19473,501,463,0
2021/06/21,0,466,471,28314,30242,68357,69824,65494,67178,72159,79178,79556,83582,51341,63781,41726,57376,10330,20633,9,11,11320,11911,29302,34233,31855,36406,36170,44989,52280,58940,34296,43824,36578,50386,9340,18535,618933,393389,98511,52247,153122,75338,18948,498,463,0
2021/06/20,0,381,389,27675,29567,67121,68685,64473,66247,71350,78436,79202,83243,51263,63651,41677,57309,10325,20601,5,10,11027,11637,28741,33732,31394,35912,35657,44458,50432,57133,33747,43138,36381,50054,9310,18476,612515,385917,97049,51495,153022,74861,18515,497,456,0
2021/06/19,0,349,355,27278,29186,66385,68108,63943,65738,70548,77780,79050,83117,51243,63625,41662,57294,10324,20601,5,9,10891,11431,28484,33406,31130,35584,35429,44192,48979,55737,33481,42788,36296,49914,9302,18448,608524,380463,96107,51485,153019,74660,18442,497,456,0
2021/06/18,0,323,322,26807,28707,65366,67371,63197,65121,69621,76939,78656,82786,51178,63551,41635,57258,10321,20593,5,9,10670,11184,28082,32975,30792,35170,35036,43788,47236,54051,33124,42268,36159,49702,9282,18413,603067,373555,94863,51190,153013,74430,18317,495,454,0
2021/06/17,0,293,291,26154,28080,64086,66369,62191,64307,68029,75530,78128,82376,51074,63398,41572,57176,10308,20566,5,9,10241,10817,27283,32269,30044,34484,34181,43073,45716,52545,32670,41630,35996,49444,9251,18363,596910,366032,92205,50043,152853,74026,17469,494,451,0
2021/06/16,0,259,254,25612,27470,62774,65237,61076,63336,65762,73599,77281,81720,50861,63190,41480,57064,10289,20534,5,7,9910,10543,26624,31593,29340,33859,33443,42431,45120,51977,32390,41259,35850,49244,9229,18324,590581,362280,87692,49327,152444,72498,16592,492,451,0
2021/06/15,0,220,223,24950,26739,61357,63987,59992,62348,64604,72510,76768,81296,50736,63038,41430,56969,10282,20504,5,7,9637,10257,26016,30850,28702,33101,32762,41705,43564,50341,31936,40694,35679,49009,9199,18259,583342,355518,86053,48426,151990,71248,16080,491,451,0
2021/06/14,0,197,191,24463,26129,60246,62935,59118,61501,63525,71502,76291,80902,50646,62911,41380,56898,10267,20479,4,7,9339,9955,25263,29958,27941,32261,31972,40888,42273,48993,31562,40191,35541,48785,9168,18206,577429,349332,84336,47406,151785,69576,15543,491,450,0
2021/06/13,0,192,176,24047,25655,59300,62019,58348,60714,62414,70532,75822,80479,50554,62793,41329,56840,10255,20449,4,7,9050,9645,24551,29114,27224,31422,31210,40029,40711,47402,31092,39572,35339,48478,9138,18116,572388,342235,82480,46623,151560,67796,15005,488,445,0
2021/06/12,0,179,160,23780,25359,58734,61505,57987,60432,61769,69894,75623,80366,50529,62761,41317,56826,10252,20444,4,7,8930,9524,24075,28533,26699,30844,30675,39468,39614,46428,30924,39394,35244,48312,9134,18105,569394,337973,81525,46620,151555,65918,14958,488,445,0
2021/06/11,0,160,145,23400,24906,57976,60680,57308,59796,60857,68958,75272,80060,50453,62684,41291,56789,10250,20438,4,6,8782,9326,23549,27846,26162,30178,30077,38820,38531,45407,30656,39035,35101,48089,9121,18079,564300,333054,80233,46357,151543,64051,14864,486,443,0
2021/06/10,0,145,128,22850,24307,56831,59735,56378,58976,59591,67782,74728,79659,50381,62575,41267,56740,10235,20409,4,6,8512,9068,22671,26899,25192,29230,28947,37876,37135,44235,30294,38549,34820,47655,9054,18003,558684,326090,78019,45647,151299,61741,14233,485,439,0
2021/06/09,0,126,112,22210,23697,55565,58620,55290,58062,58634,66869,74264,79267,50292,62471,41215,56678,10221,20378,4,5,8212,8805,21734,26030,24260,28348,27910,36920,35414,42439,29897,38039,34632,47385,9013,17912,552828,318618,76554,44913,150947,59832,13161,484,435,0
2021/06/08,0,105,94,21520,22963,54255,57486,54174,57078,57670,66008,73716,78833,50202,62340,41160,56587,10203,20348,3,4,7945,8550,20840,25140,23209,27481,26863,35956,34050,41123,29535,37530,34311,46924,8962,17828,546099,312276,75616,44140,150506,57364,12041,482,433,0
2021/06/07,0,89,79,20859,22313,52809,56224,52913,56099,56511,65022,73164,78422,50113,62229,41114,56523,10190,20321,2,3,7685,8320,20000,24325,22187,26671,25825,35084,33114,40334,29248,37129,34062,46496,8911,17736,538762,307626,74712,43316,150097,54813,10945,480,432,0
2021/06/06,0,82,74,20344,21772,51659,55109,51798,55113,55546,64067,72648,78016,50019,62149,41078,56460,10182,20305,2,3,7466,8122,19220,23433,21284,25801,24753,34093,32194,39511,28956,36783,33807,46106,8860,17662,532386,303046,73679,42572,149761,51893,10118,479,427,0
2021/06/05,0,76,66,20066,21453,50869,54343,51142,54611,55072,63592,72516,77903,50008,62135,41073,56457,10179,20305,2,3,7234,7710,18575,22367,20558,24690,23873,32835,31152,38193,28621,36314,33682,45931,8853,17643,527990,296746,73672,42535,149697,48501,10030,479,424,0
2021/06/04,0,66,60,19597,20856,49796,53309,50312,53736,54411,62798,72170,77576,49977,62096,41053,56442,10177,20300,2,2,7005,7387,17946,21509,19847,23682,22919,31544,29919,36847,28328,35941,33568,45755,8841,17622,521428,290195,73340,42462,149682,45779,9806,478,422,0
2021/06/03,0,57,49,18904,20144,48266,52000,49083,52591,53419,61756,71665,77113,49907,61992,41015,56393,10164,20275,2,2,6710,6983,17205,20451,19031,22524,21890,30100,28741,35353,27779,35154,33363,45429,8804,17546,513559,283368,72325,41706,149409,42550,9027,475,416,0
2021/06/02,0,52,46,18519,19619,47233,50996,48194,51822,52658,60990,71409,76895,49865,61955,40997,56361,10156,20260,1,2,6517,6746,16561,19752,18097,21752,21029,29143,27641,33942,27311,34536,33199,45177,8775,17476,507212,277025,72301,41692,149390,39877,8658,468,405,0
2021/06/01,0,42,41,17826,18868,45368,49248,46534,50356,51140,59522,70727,76296,49769,61839,40938,56287,10144,20212,1,1,6234,6423,15404,18849,16579,20781,19807,27874,26414,32532,26748,33831,32948,44825,8729,17374,498056,270477,70932,41115,148845,36502,6863,463,397,0
2021/05/31,0,41,37,17335,18367,44057,48102,45311,49240,49895,58392,70042,75783,49685,61730,40891,56220,10132,20174,1,1,5954,6083,14360,18007,15167,19855,18628,26750,25176,31185,26225,33112,32752,44524,8695,17273,491780,264147,69758,40569,148377,33581,5059,462,392,0
2021/05/30,0,36,36,17002,17969,43086,47152,44400,48332,48883,57390,69490,75238,49577,61572,40818,56105,10116,20131,1,1,5761,5835,13808,17291,14532,19150,17714,25771,24068,30007,25447,32152,32452,44103,8650,17184,485814,258126,68726,39768,147967,31287,4369,459,377,0
2021/05/29,0,36,35,16865,17842,42721,46832,44051,48064,48635,57198,69431,75183,49569,61565,40811,56100,10116,20130,1,1,5595,5587,13299,16487,13890,18301,16864,24599,22946,28704,25283,31913,32386,44008,8647,17177,483812,252507,68602,39765,147961,28693,4354,457,369,0
2021/05/28,0,35,33,16561,17529,42007,46198,43532,47495,48121,56664,69152,74886,49502,61482,40785,56051,10113,20125,1,1,5350,5199,12756,15562,13206,17432,15988,23357,21836,27259,25023,31536,32290,43875,8637,17161,479472,246378,68095,39662,147938,25755,4312,456,362,0
2021/05/27,0,32,30,16028,16970,40847,45205,42521,46595,47133,55768,68567,74440,49378,61317,40731,55977,10102,20086,1,1,5103,4850,12106,14734,12416,16492,14912,22156,20569,25741,24511,30789,32117,43613,8602,17078,473540,238958,66581,38851,147215,23690,3939,454,353,0
2021/05/26,0,30,29,15609,16523,39740,44271,41482,45720,46102,54885,67958,73921,49222,61132,40647,55811,10079,20038,1,1,4909,4645,11550,13969,11694,15641,13898,21021,19164,24137,23919,29997,31899,43267,8548,16976,468337,231654,64554,37980,146224,21617,3634,452,351,0
2021/05/25,0,30,28,15201,16102,38730,43368,40511,44868,45146,53957,67334,73389,49034,60888,40566,55676,10053,19985,1,1,4686,4437,11005,13316,10920,14867,12822,19775,17726,22630,23325,29211,31659,42941,8491,16881,462949,224229,62975,37037,145112,19700,3381,451,347,0
2021/05/24,0,30,26,14853,15764,37892,42623,39642,44189,44283,53165,66799,72904,48905,60703,40500,55552,10033,19940,1,1,4533,4308,10561,12845,10282,14285,11929,18938,16428,21360,22641,28369,31441,42608,8432,16791,458283,217271,61732,36092,144369,19077,2970,451,343,0
2021/05/23,0,27,26,14683,15580,37426,42244,39185,43784,43824,52755,66526,72672,48818,60609,40461,55505,10026,19916,1,1,4343,4164,10090,12366,9656,13671,10978,18109,15222,20291,22166,27788,31187,42315,8381,16705,455049,210222,61345,36007,144345,17994,2878,451,333,0
2021/05/22,0,25,24,14486,15359,36732,41673,38502,43321,43244,52339,65505,71654,48610,60350,40389,55391,10016,19896,1,1,4231,3867,9872,11949,9503,13348,10735,17661,14951,19890,22073,27671,31153,42273,8374,16696,448548,208987,61341,36004,144332,16080,2845,451,333,0
2021/05/21,0,25,23,14096,14941,35651,40752,37433,42387,42159,51422,64145,70354,48375,60010,40308,55241,9999,19863,1,1,4114,3765,9659,11673,9284,13074,10390,17323,14531,19516,21846,27382,31089,42180,8365,16688,438856,206979,60976,35695,144092,15066,2813,448,328,0
2021/05/20,0,22,23,13279,14195,34204,39297,36006,40987,40744,50211,62845,69199,48078,59664,40160,55059,9978,19813,1,1,3953,3585,9127,11059,8632,12355,9685,16476,13770,18545,21024,26259,30894,41881,8326,16601,428557,202574,59273,34839,143069,12014,2421,445,326,0
2021/05/19,0,22,22,12738,13611,33028,37884,34900,39607,39608,49244,60830,67425,47594,59103,39973,54795,9935,19707,1,1,3845,3441,8846,10678,8327,11978,9241,15965,13129,17877,20152,25131,30667,41575,8269,16486,417665,198290,57752,34020,141954,10766,2213,443,320,0
2021/05/18,0,20,22,12306,13144,31992,36868,33816,38697,38566,48308,58764,65556,47235,58651,39817,54552,9903,19648,1,1,3637,3272,8343,10080,7857,11438,8688,15292,12442,17104,19205,23890,30430,41233,8231,16381,408949,194164,55798,33173,140765,7955,1915,439,318,0
2021/05/17,0,19,21,12049,12853,31470,36308,33320,38135,37968,47670,56865,63844,46523,57824,39537,54153,9864,19575,1,1,3549,3158,8072,9801,7552,11137,8286,14875,11857,16490,18279,22753,30192,40911,8194,16306,401320,189746,54666,32427,139956,7319,1619,438,303,0
2021/05/16,0,19,21,11828,12599,30936,35800,32860,37641,37445,47092,54967,62004,45965,57121,39343,53836,9836,19519,1,1,3450,3055,7779,9501,7233,10793,7812,14408,11265,15901,17348,21597,29982,40620,8155,16237,394315,185433,53694,31574,139280,6724,1110,434,297,0
2021/05/15,0,19,21,11667,12389,30653,35465,32618,37319,37212,46826,53394,60523,45711,56816,39266,53697,9830,19491,1,1,3426,3034,7751,9463,7216,10771,7790,14393,11243,15875,17233,21379,29771,40310,8146,16226,388472,184404,53689,31570,139233,6668,1091,433,296,0
2021/05/14,0,19,21,11412,12089,30167,34940,32223,36852,36677,46341,51503,58676,45346,56310,39125,53490,9813,19451,1,1,3394,3007,7675,9381,7148,10691,7714,14326,11055,15671,16490,20301,29484,39818,8129,16186,380544,181394,53350,31226,139095,6522,1035,432,295,0
2021/05/13,0,17,20,11117,11739,29511,34278,31605,36240,35982,45649,50015,57150,44910,55681,38952,53243,9786,19404,1,1,3311,2954,7539,9266,7048,10593,7604,14212,10713,15323,15429,19052,29100,39178,8086,16111,373305,177541,52329,30657,138335,6129,904,427,290,0
2021/05/12,0,16,18,10981,11586,29207,33946,31329,35940,35647,45324,49726,56832,44815,55562,38900,53166,9779,19366,1,0,3296,2928,7502,9227,7010,10551,7569,14165,10536,15162,15043,18610,28791,38689,8064,16064,370526,175421,52237,30640,138177,6081,779,422,287,0
2021/05/11,0,15,15,10614,11249,28346,33124,30505,35178,34778,44534,47986,55053,44353,54962,38726,52880,9741,19263,1,0,3199,2827,7253,8945,6771,10246,7348,13796,10051,14607,14045,17452,28372,38066,8026,15970,363551,171668,50531,29735,136271,4736,550,420,286,0
2021/05/10,0,14,15,10301,10954,27598,32414,29723,34479,34003,43759,46677,53773,43965,54451,38540,52577,9692,19149,1,0,3154,2775,7121,8820,6671,10125,7200,13616,9781,14301,13335,16579,27943,37450,8001,15889,357255,168806,49407,29347,134573,3894,436,414,279,0
2021/05/09,0,13,15,10054,10698,26904,31719,29059,33783,33273,43057,45134,52288,43462,53821,38341,52273,9655,19063,1,0,3104,2727,6991,8679,6565,9986,7082,13401,9467,13985,12532,15677,27576,36907,7981,15833,350110,165918,48338,28794,133417,3157,348,400,277,0
2021/05/08,0,13,15,9961,10625,26519,31413,28604,33462,32800,42744,44081,51462,43308,53656,38302,52214,9652,19057,1,0,3097,2722,6981,8672,6557,9975,7073,13387,9457,13972,12495,15614,26895,35954,7944,15757,345522,164034,48299,28764,133326,3136,342,400,277,0
2021/05/07,0,13,15,9809,10476,26041,31021,28140,33076,32286,42382,43031,50633,43035,53306,38192,52057,9640,19031,1,0,3026,2689,6912,8623,6493,9910,7019,13332,9282,13747,11858,14801,25942,34558,7896,15675,340316,159865,47984,28391,133166,2909,322,397,277,0
2021/05/06,0,11,14,9393,10178,25117,30245,27069,32268,31050,41545,41403,49416,42645,52749,37998,51815,9602,18957,1,0,2950,2639,6777,8478,6372,9781,6864,13140,9007,13435,11199,13928,24973,33170,7861,15613,332393,156028,46904,27424,131486,2157,305,387,274,0
2021/05/05,0,11,13,9006,9972,24228,29639,26216,31611,29958,40751,39421,47598,42194,52198,37787,51530,9546,18844,1,0,2901,2603,6652,8343,6270,9664,6758,12994,8754,13169,10482,13088,23956,31843,7832,15541,324503,152077,46048,26530,129364,1753,223,385,268,0
2021/05/04,0,11,12,8757,9729,23440,28989,25236,30869,28883,39907,37886,46117,41717,51604,37508,51183,9495,18721,1,0,2857,2579,6576,8273,6180,9587,6673,12903,8509,12939,9734,12213,23007,30596,7798,15478,317765,148253,45074,25723,126722,1545,121,382,261,0
2021/05/03,0,11,12,8542,9515,22743,28407,24406,30263,27972,39201,36913,45360,41360,51127,37293,50889,9443,18619,1,0,2808,2541,6501,8189,6098,9514,6581,12817,8278,12711,8968,11301,22084,29375,7767,15427,312853,144442,44299,24897,124467,1295,83,374,244,0
2021/05/02,0,11,12,8370,9350,22097,27827,23669,29668,27149,38573,36093,44718,41100,50796,37182,50702,9408,18562,1,0,2768,2516,6456,8148,6059,9477,6538,12775,8095,12537,8364,10556,21369,28504,7746,15408,308003,141227,43531,24622,123320,1159,72,361,237,0
2021/05/01,0,10,12,8213,9162,21717,27375,23189,29099,26506,37854,35262,43826,40831,50419,37083,50549,9402,18545,1,0,2762,2508,6429,8137,6040,9466,6521,12762,8079,12520,8326,10491,21330,28446,7742,15404,301880,140926,43529,24614,123213,1117,71,361,236,0
2021/04/30,0,10,11,8060,8977,21322,26944,22738,28524,25748,37066,34242,42852,40597,50093,36985,50395,9390,18521,1,0,2734,2494,6402,8114,6017,9444,6490,12740,8043,12484,8280,10419,21280,28363,7739,15394,295507,140594,43521,24534,123026,1018,62,359,230,0
2021/04/29,0,9,11,7770,8732,20718,26358,22065,27837,24811,36098,32960,41503,39548,48690,36668,49925,9332,18393,1,0,2696,2456,6310,8004,5927,9340,6394,12598,7836,12208,7651,9686,20871,27844,7715,15321,286693,138508,42732,23298,121588,764,62,353,226,0
2021/04/28,0,8,10,7482,8511,20197,25891,21423,27235,23926,35246,31552,40048,38378,47096,36324,49432,9270,18252,1,0,2620,2406,6190,7877,5816,9205,6288,12440,7603,11926,6943,8825,20448,27261,7674,15250,277972,135973,41955,21991,119947,533,61,346,215,0
2021/04/27,0,7,10,7289,8326,19769,25457,20798,26695,23067,34463,30325,38709,37280,45640,35943,48862,9200,18126,1,0,2593,2382,6084,7774,5762,9107,6219,12314,7386,11727,6335,8084,20047,26761,7654,15227,270090,133869,41085,21041,118392,283,61,338,203,0
2021/04/26,0,6,10,7103,8157,19348,25028,20247,26170,22252,33700,29100,37464,36217,44213,35635,48374,9149,17998,1,0,2578,2371,6038,7730,5716,9065,6179,12267,7197,11562,5721,7344,19671,26317,7631,15199,262344,131889,40261,20192,117183,251,56,327,199,0
2021/04/25,0,6,9,6994,8021,19010,24757,19865,25828,21631,33074,28099,36495,35074,42777,35315,47941,9107,17917,1,0,2563,2362,6019,7702,5695,9046,6158,12238,7156,11535,5589,7159,19334,25851,7615,15155,255080,131245,39543,19443,116917,238,55,325,197,0
2021/04/24,0,6,9,6825,7840,18569,24329,19310,25290,20841,32270,27009,35441,34822,42460,35222,47776,9097,17905,1,0,2559,2355,6007,7690,5682,9033,6152,12234,7145,11528,5513,7044,19239,25709,7612,15147,249092,130778,39538,19400,116012,221,55,324,196,0
2021/04/23,0,6,9,6590,7636,18111,23841,18733,24668,19998,31447,25837,34235,34034,41282,35077,47543,9083,17882,1,0,2553,2335,5979,7669,5642,8991,6104,12188,7096,11474,5350,6765,18698,25077,7512,14975,241414,128911,39202,19052,115020,199,53,323,194,0
2021/04/22,0,5,9,6371,7424,17500,23247,17932,23879,18941,30416,24503,32790,32988,39925,34831,47185,9043,17803,1,0,2535,2316,5931,7615,5591,8904,6025,12107,7018,11401,5060,6337,17981,24201,7391,14779,232314,126711,38267,18077,113842,162,53,316,190,0
2021/04/21,0,5,8,6166,7238,16970,22771,17267,23273,17949,29508,22941,31187,31977,38683,34534,46741,8995,17714,1,0,2511,2298,5886,7553,5529,8827,5956,12004,6922,11320,4897,6061,17281,23348,7275,14595,223370,124597,37487,17299,112705,128,53,312,187,0
2021/04/20,0,4,8,5973,7040,16402,22295,16510,22618,16943,28501,21459,29711,30818,37184,34216,46296,8941,17614,1,0,2498,2283,5835,7511,5483,8781,5907,11936,6843,11256,4779,5902,16677,22570,7148,14414,214278,122894,36594,16577,111300,119,52,309,182,0
2021/04/19,0,4,8,5786,6874,15872,21870,15828,22062,15941,27624,20057,28301,29424,35531,33897,45810,8881,17496,1,0,2486,2266,5811,7477,5446,8747,5868,11890,6762,11176,4650,5741,16029,21851,7040,14252,205515,121236,35809,15909,109589,115,52,301,181,0
2021/04/18,0,3,8,5594,6727,15437,21544,15207,21500,14963,26828,18720,27162,28030,33876,33561,45385,8819,17407,1,0,2436,2219,5680,7350,5328,8632,5760,11736,6655,11056,4530,5555,15438,21184,6924,14071,196935,119574,34974,14639,108512,111,52,298,179,0
2021/04/17,0,3,7,5554,6690,15280,21466,15032,21413,14726,26648,18466,26939,27524,33329,33436,45237,8810,17392,1,0,2409,2180,5580,7195,5223,8474,5660,11550,6569,10925,4476,5491,15192,20888,6914,14057,195707,117817,34967,14635,106928,102,52,298,178,0
2021/04/16,0,3,7,5488,6635,15094,21308,14813,21245,14436,26397,18046,26520,26474,32096,33300,45029,8789,17369,1,0,2364,2129,5463,7004,5079,8291,5511,11308,6366,10700,4273,5254,14542,20091,6817,13910,192302,114549,34677,14233,105720,94,52,298,175,0
2021/04/15,0,3,6,5412,6554,14877,21092,14543,20959,13994,26042,17398,25882,25101,30474,33039,44703,8755,17287,1,0,2291,2045,5265,6768,4879,7973,5303,10985,6152,10413,4070,5002,13707,19010,6703,13743,187682,110713,33861,13288,104231,85,52,295,172,0
2021/04/14,0,3,6,5330,6481,14667,20888,14287,20731,13607,25707,16727,25251,23509,28675,32724,44304,8700,17193,1,0,2095,1922,5044,6505,4694,7722,5076,10734,5916,10124,3935,4795,12974,18088,6574,13528,183037,107590,32987,11833,102428,80,52,286,172,0
2021/04/13,0,3,6,5272,6428,14458,20755,14036,20539,13254,25402,16148,24740,21780,26803,32404,43886,8669,17085,1,0,2006,1867,4875,6315,4508,7497,4876,10479,5704,9882,3786,4624,12452,17472,6448,13365,178715,105151,32102,10716,100517,68,51,283,171,0
2021/04/12,0,3,5,5208,6357,14237,20558,13729,20274,12863,24984,15559,24184,20166,24855,32115,43522,8627,17010,1,0,1878,1773,4693,6157,4357,7320,4711,10284,5567,9723,3663,4466,12018,16957,6336,13204,174309,103448,31039,9375,98579,66,51,278,168,0
2021/04/11,0,3,5,5136,6277,14017,20360,13429,20061,12444,24628,14987,23667,18655,23067,31854,43179,8582,16928,1,0,1839,1733,4571,6043,4245,7195,4588,10152,5429,9592,3546,4343,11524,16346,6203,12993,169984,101676,30078,8392,96894,64,49,274,162,0
2021/04/10,0,3,5,5131,6267,13996,20342,13416,20047,12425,24609,14960,23644,17960,22140,31563,42759,8564,16900,1,0,1834,1719,4555,6032,4228,7179,4574,10138,5375,9524,3441,4227,10968,15513,6072,12795,168890,99515,30048,8392,95474,62,45,274,161,0
2021/04/09,0,3,5,5117,6247,13954,20291,13364,19986,12369,24547,14691,23387,16435,20242,31155,42109,8530,16858,1,0,1807,1698,4530,6016,4200,7150,4530,10099,5337,9476,3354,4106,10097,14526,5923,12596,166215,97045,29705,8140,93057,60,43,270,158,0
2021/04/08,0,3,5,5070,6216,13851,20215,13281,19902,12262,24441,14347,23021,14654,18016,30535,41103,8467,16737,1,0,1781,1684,4499,5963,4148,7063,4465,10016,5262,9399,3246,4001,9620,13918,5716,12349,162344,95176,28666,7704,90817,59,36,263,156,0
2021/04/07,0,3,5,5029,6182,13736,20123,13183,19806,12152,24329,13950,22649,13109,16147,29881,40119,8413,16636,1,0,1760,1669,4446,5893,4059,6989,4374,9932,5174,9298,3154,3906,8855,12816,5476,11942,157789,92577,27781,6930,89594,51,33,255,153,0
2021/04/06,0,3,5,4996,6158,13633,20054,13099,19746,12071,24264,13572,22292,11465,14133,29222,39150,8382,16565,1,0,1695,1614,4315,5763,3948,6864,4253,9779,5068,9167,3037,3785,8146,11882,5201,11576,153759,90179,26900,5683,87879,49,31,241,152,0
2021/04/05,0,3,5,4957,6127,13558,19985,13025,19672,12014,24184,13294,22035,9845,12179,28492,38097,8347,16502,1,0,1624,1546,4161,5609,3779,6707,4101,9627,4912,9036,2903,3665,7328,10912,4931,11184,150530,87785,25881,4017,85649,47,27,234,150,0
2021/04/04,0,3,5,4938,6109,13546,19959,13015,19652,12006,24162,13190,21959,8815,10917,28043,37456,8322,16445,1,0,1621,1543,4153,5601,3778,6701,4095,9624,4910,9026,2896,3656,7087,10440,4848,11058,148778,86813,25876,4016,83634,41,25,229,143,0
2021/04/03,0,3,5,4935,6099,13528,19938,13001,19639,11996,24150,13174,21939,7906,9848,27161,36213,8272,16333,1,0,1617,1538,4151,5596,3777,6698,4086,9612,4896,9012,2889,3642,6944,10172,4809,10976,146292,86193,25867,4016,81731,40,24,226,143,0
2021/04/02,0,3,5,4929,6079,13493,19909,12960,19594,11949,24100,13098,21871,7394,9096,25571,34113,8127,16063,1,0,1606,1521,4123,5570,3751,6657,4051,9552,4774,8728,2760,3485,6568,9772,4660,10769,141828,84355,25521,3789,80759,40,22,224,142,0
2021/04/01,0,2,5,4879,6016,13394,19766,12840,19444,11802,23942,12497,21421,6829,8378,24059,32142,8000,15822,1,0,1542,1473,4010,5448,3684,6584,3983,9485,4693,8623,2662,3340,6051,9089,4482,10488,137608,82069,24379,3376,79011,36,21,219,136,0
2021/03/31,0,2,5,4825,5956,13270,19608,12705,19285,11609,23763,12233,21161,6502,7999,22578,30183,7845,15592,1,0,1528,1462,3985,5424,3652,6554,3944,9438,4651,8562,2592,3262,5562,8438,4303,10248,133645,80260,23280,3156,77959,36,18,219,136,0
2021/03/30,0,2,5,4759,5888,13132,19457,12590,19102,11479,23598,12064,21023,6312,7782,21187,28450,7699,15387,1,0,1511,1425,3944,5389,3587,6481,3853,9323,4518,8393,2451,3054,5137,7879,4158,9989,130266,78013,22350,2912,77072,24,12,216,132,0
2021/03/29,0,2,5,4718,5844,13011,19360,12520,19017,11397,23488,11910,20886,6150,7582,19757,26766,7573,15185,1,0,1452,1384,3889,5340,3512,6409,3732,9179,4363,8201,2325,2912,4569,7204,4001,9712,126650,75329,21479,2693,76818,23,11,213,129,0
2021/03/28,0,2,5,4671,5775,12888,19218,12431,18922,11293,23385,11796,20780,5998,7374,18573,25258,7454,14988,1,0,1419,1341,3792,5232,3318,6182,3643,9061,4309,8143,2268,2845,3810,6182,3815,9441,123626,72260,20682,2395,76282,16,11,210,120,0
2021/03/27,0,2,5,4638,5725,12777,19053,12315,18758,11175,23181,11689,20632,5928,7285,18281,24911,7443,14970,1,0,1411,1338,3787,5227,3314,6175,3361,8712,4109,7845,2262,2842,3796,6147,3778,9375,121786,70944,20640,2394,76124,12,11,207,119,0
2021/03/26,0,2,4,4598,5669,12662,18858,12177,18556,11024,22950,11525,20417,5761,7068,17670,24115,7344,14819,1,0,1409,1336,3782,5220,3290,6157,3340,8691,3891,7395,2082,2434,3531,5859,3625,9134,118668,68652,20299,2387,76038,10,10,204,118,0
2021/03/25,0,2,4,4522,5576,12464,18615,11973,18231,10810,22621,11282,20089,5543,6779,16637,22808,7217,14628,1,0,1400,1324,3763,5193,3256,6130,3287,8653,3840,7351,2008,2321,3094,5175,3463,8824,114686,66665,19220,2285,75684,7,10,201,116,0
2021/03/24,0,2,4,4436,5459,12237,18159,11754,17814,10584,22224,11047,19716,5271,6431,15592,21590,7075,14400,1,0,1377,1309,3738,5148,3220,6066,3233,8581,3788,7277,1953,2261,2784,4840,3308,8549,111556,65261,18126,2043,73903,7,10,200,112,0
2021/03/23,0,2,4,4379,5387,12069,17818,11553,17459,10391,21855,10816,19423,5127,6229,14947,20770,6936,14225,1,0,1359,1301,3721,5128,3198,6049,3205,8529,3744,7234,1912,2200,2552,4562,3095,8220,109159,63883,17391,2001,72630,5,10,200,111,0
2021/03/22,0,2,4,4327,5307,11868,17484,11365,17135,10165,21527,10600,19118,4974,6017,14328,20053,6804,14042,1,0,1346,1291,3690,5095,3166,6012,3179,8472,3707,7189,1866,2145,2356,4306,2897,7882,107281,62617,16668,1860,70962,4,10,199,109,0
2021/03/21,0,2,4,4255,5180,11587,17068,11080,16733,9895,21071,10342,18760,4860,5842,13631,19263,6660,13833,1,0,1337,1290,3673,5079,3144,5978,3156,8445,3688,7165,1844,2112,2187,4143,2726,7609,105387,61605,15370,1855,69104,4,7,198,106,0
2021/03/20,0,2,4,4226,5110,11444,16736,10955,16420,9754,20777,10165,18476,4731,5680,13002,18316,6519,13617,1,0,1336,1289,3672,5077,3140,5977,3151,8439,3682,7159,1839,2106,2155,4080,2700,7566,103183,61397,15365,1855,67182,4,7,197,106,0
2021/03/19,0,2,3,4180,5028,11273,16370,10769,16067,9577,20398,9943,18116,4571,5484,11973,17108,6357,13406,1,0,1328,1282,3655,5048,3110,5899,3106,8344,3576,6982,1712,1994,2079,4014,2590,7355,100467,60107,14954,1851,65003,4,7,194,106,0
2021/03/18,0,2,3,4092,4922,11021,15943,10504,15621,9295,19930,9720,17772,4425,5318,11343,16237,6126,13138,1,0,1324,1271,3637,5014,3090,5855,3084,8288,3549,6933,1690,1960,2043,3944,2463,7144,98656,59418,13945,1758,62613,4,7,191,103,0
2021/03/17,0,2,3,3913,4804,10721,15531,10246,15261,9051,19567,9465,17421,4301,5150,10527,14993,5862,12713,1,0,1323,1268,3623,4994,3082,5835,3074,8254,3530,6910,1687,1935,2018,3913,2352,6958,95986,58906,12395,1741,60955,4,5,190,101,0
2021/03/16,0,2,3,3768,4678,10386,15065,9977,14890,8774,19119,9166,17055,4158,4981,9705,13868,5581,12356,1,0,1309,1265,3618,4987,3072,5830,3068,8240,3521,6893,1656,1906,1978,3860,2231,6776,93650,58440,11201,1663,58490,4,4,187,100,0
2021/03/15,0,2,3,3621,4557,10074,14609,9684,14434,8473,18645,8876,16645,4009,4809,8987,12799,5356,12030,1,0,1299,1257,3596,4975,3060,5805,3045,8201,3501,6850,1639,1889,1959,3827,2114,6588,91668,57844,9839,1659,55921,4,3,182,96,0
2021/03/14,0,2,3,3549,4462,9816,14178,9433,14037,8152,18151,8595,16252,3844,4621,8176,11560,5044,11564,1,0,1285,1250,3575,4957,3039,5763,3023,8122,3472,6781,1611,1835,1898,3699,1946,6190,89330,57311,8815,1035,53117,4,1,176,96,0
2021/03/13,0,2,3,3466,4206,9503,13508,9180,13454,7920,17561,8385,15811,3732,4512,7981,11264,4993,11472,1,0,1285,1250,3575,4957,3037,5762,3022,8121,3469,6778,1608,1832,1896,3695,1945,6189,88652,57290,8814,1035,49311,4,1,175,92,0
2021/03/12,0,2,3,3400,4054,9253,12980,8942,12926,7684,16926,8024,15056,3567,4341,7589,10852,4852,11281,1,0,1281,1246,3570,4942,3034,5758,3015,8113,3465,6770,1579,1803,1873,3676,1845,6009,86840,56857,8563,1030,46155,4,1,173,88,0
2021/03/11,0,2,3,3238,3782,8870,12221,8636,12253,7351,16138,7676,14405,3403,4133,7026,10129,4655,10972,1,0,1263,1234,3536,4898,2989,5679,2980,7990,3413,6670,1531,1745,1790,3470,1641,5477,84362,56093,8108,132,42257,3,1,165,78,0
2021/03/10,0,2,3,3168,3674,8379,11715,7956,11774,7030,15642,7374,13807,3238,3968,6457,9430,4477,10694,1,0,1252,1220,3506,4841,2956,5601,2944,7852,3358,6547,1486,1699,1728,3370,1519,5189,82489,54883,7553,109,38583,0,1,162,76,0
2021/03/09,0,2,2,3059,3493,7705,11271,7076,11301,6610,15031,7009,13203,3000,3664,5943,8788,4319,10411,1,0,1247,1217,3483,4795,2929,5535,2926,7800,3339,6500,1472,1673,1693,3327,1408,4983,80166,54184,6185,72,35374,0,1,161,71,0
2021/03/08,0,2,2,2886,3253,7074,10730,6268,10820,6210,14510,6610,12635,2783,3450,5336,8048,4169,10139,1,0,1241,1210,3461,4731,2904,5459,2887,7705,3307,6425,1465,1664,1690,3317,1403,4980,77331,53708,5033,70,32403,0,1,157,71,0
2021/03/07,0,2,2,2772,3118,6743,10233,5860,10275,5913,14061,6361,12241,2682,3353,4573,6983,3952,9856,1,0,1237,1207,3457,4726,2899,5446,2883,7688,3299,6411,1459,1650,1667,3276,1386,4936,74065,53490,4197,67,30573,0,1,144,70,0
2021/03/06,0,2,2,2726,2973,6560,9783,5664,9858,5438,13201,5984,11503,2660,3324,4567,6972,3949,9853,1,0,1237,1206,3453,4721,2897,5445,2882,7686,3298,6408,1458,1647,1667,3274,1385,4936,72834,53463,4197,67,27844,0,1,143,70,0
2021/03/05,0,2,2,2624,2712,6346,9206,5449,9464,5259,12634,5602,10519,2431,2856,4186,6588,3810,9631,1,0,1223,1202,3437,4706,2891,5432,2872,7668,3286,6389,1441,1636,1666,3270,1381,4932,70487,53303,3961,67,24730,0,1,142,62,0
2021/03/04,0,2,2,2542,2500,6134,8776,5292,9125,5076,12209,5423,10140,2334,2686,3626,5762,3638,9284,1,0,1211,1186,3392,4608,2859,5365,2840,7571,3255,6312,1418,1624,1652,3256,1371,4921,68413,52723,3510,64,22486,0,1,141,54,0
2021/03/03,0,2,2,2483,2440,5964,8367,5122,8760,4860,11758,5234,9690,2251,2578,3217,5321,3475,8984,1,0,1190,1176,3357,4560,2822,5299,2798,7472,3207,6236,1397,1597,1632,3225,1365,4903,66966,52125,3264,60,20137,0,1,140,51,0
2021/03/02,0,2,2,2425,2345,5804,8032,4964,8506,4692,11356,5066,9369,2177,2486,2908,4959,3256,8659,1,0,1185,1165,3338,4538,2807,5272,2780,7423,3198,6208,1392,1587,1614,3205,1362,4898,65574,51863,3000,59,18298,0,0,136,51,0
2021/03/01,0,2,2,2397,2314,5695,7812,4865,8361,4605,11202,4963,9194,2119,2408,2608,4633,3065,8339,1,0,1179,1162,3323,4520,2795,5243,2763,7377,3183,6180,1386,1584,1606,3196,1359,4892,64297,51640,2775,59,17379,0,0,133,50,0
2021/02/28,0,2,2,2344,2268,5512,7550,4690,8138,4466,11015,4851,9063,2075,2341,2309,4329,2862,8022,1,0,1169,1156,3309,4510,2788,5236,2758,7363,3175,6165,1381,1581,1598,3176,1358,4860,63164,51478,2470,59,16073,0,0,132,47,0
2021/02/27,0,2,2,2254,1956,5339,7127,4590,7833,4381,10668,4777,8812,2046,2280,2277,4282,2840,7971,1,0,1165,1152,3308,4508,2782,5234,2754,7360,3170,6161,1380,1581,1596,3172,1357,4859,62918,51439,2468,56,13919,0,0,132,45,0
2021/02/26,0,2,2,2184,1874,5193,6895,4444,7574,4229,10402,4568,8526,1917,2171,2216,4241,2731,7788,1,0,1143,1139,3291,4474,2769,5194,2743,7308,3149,6107,1374,1570,1592,3164,1356,4857,61581,51133,2462,55,12784,0,0,130,43,0
2021/02/25,0,2,2,2048,1769,4867,6488,4017,7121,3945,9884,4335,8144,1858,2112,2185,4182,2614,7592,1,0,1124,1121,3251,4428,2739,5143,2697,7200,3108,6014,1362,1554,1576,3123,1342,4798,61098,50487,2354,52,9584,0,0,129,42,0
2021/02/24,0,2,2,2013,1703,4749,6274,3914,6908,3822,9640,4213,7985,1835,2078,2153,4139,2500,7391,1,0,1111,1115,3222,4364,2704,5079,2671,7115,3080,5944,1347,1536,1552,3073,1330,4729,60545,49892,2109,40,8538,0,0,129,41,0
2021/02/23,0,2,2,1782,1560,4374,5787,3631,6522,3600,9257,4057,7700,1799,2042,2107,4090,2386,7206,1,0,1092,1103,3186,4336,2676,5021,2646,7039,3044,5884,1327,1516,1523,3037,1320,4674,60066,49359,2062,25,5649,0,0,127,41,0
2021/02/22,0,2,2,1772,1541,4322,5728,3594,6461,3533,9161,3997,7604,1763,2014,2082,4040,2265,7007,1,0,1086,1089,3164,4292,2657,4982,2621,6980,3013,5830,1311,1496,1511,3025,1312,4665,59518,48984,1919,15,5326,0,0,125,36,0
2021/02/21,0,2,2,1759,1535,4290,5694,3550,6423,3493,9108,3952,7553,1750,2003,2077,4030,2141,6840,1,0,1078,1078,3142,4250,2627,4930,2606,6912,2984,5743,1298,1480,1487,2964,1283,4583,59159,48397,1912,13,5010,0,0,121,36,0
2021/02/20,0,2,2,1753,1534,4283,5691,3547,6420,3492,9106,3948,7552,1745,1997,2074,4026,2140,6840,1,0,1078,1078,3139,4248,2627,4930,2605,6911,2984,5743,1298,1479,1486,2964,1283,4583,59140,48388,1912,13,4986,0,0,114,36,0
2021/02/19,0,2,2,1722,1521,4269,5669,3535,6406,3481,9096,3939,7534,1717,1968,2052,4007,2039,6657,1,0,1077,1076,3137,4246,2626,4929,2605,6908,2981,5741,1298,1478,1486,2962,1283,4583,58714,48369,1906,13,4887,0,0,109,35,0
2021/02/18,0,2,2,1667,1487,4173,5555,3463,6302,3393,8931,3850,7390,1692,1929,2019,3934,1907,6457,1,0,1027,1034,2998,4027,2499,4660,2494,6570,2873,5476,1263,1433,1454,2875,1254,4428,58053,46323,1815,11,4185,0,0,100,32,0
2021/02/17,0,2,1,1644,1457,4079,5406,3378,6149,3275,8697,3721,7187,1633,1855,1941,3827,1781,6140,0,0,969,985,2848,3804,2383,4350,2369,6162,2744,5164,1211,1370,1406,2763,1204,4250,56799,43941,1802,9,3474,0,0,98,32,0
2021/02/16,0,2,1,1566,1388,3917,5217,3243,5968,3167,8464,3598,7023,1609,1826,1907,3798,1662,5931,0,0,881,955,2715,3649,2286,4140,2244,5841,2615,4913,1153,1274,1258,2458,937,3616,56106,40902,1786,6,2304,0,0,91,27,0
2021/02/15,0,2,1,1547,1368,3868,5133,3183,5883,3109,8350,3532,6917,1595,1810,1892,3774,1653,5908,0,0,845,932,2634,3519,2212,3961,2164,5562,2527,4702,1106,1208,1164,2277,866,3386,55634,39039,1782,4,2021,0,0,88,22,0
2021/02/14,0,2,1,1479,1338,3786,5059,3139,5778,3054,8197,3488,6808,1574,1778,1838,3643,1594,5650,0,0,836,926,2581,3449,2171,3894,2110,5442,2461,4596,1076,1168,1074,2100,791,3137,55392,37792,1151,3,1575,0,0,88,17,0
2021/02/13,0,2,1,1475,1337,3777,5053,3132,5777,3050,8195,3485,6806,1573,1774,1838,3641,1592,5650,0,0,836,926,2581,3449,2171,3893,2108,5440,2460,4594,1073,1166,1072,2100,791,3137,55369,37784,1150,1,1551,0,0,88,12,0
2021/02/12,0,2,1,1435,1318,3740,5019,3109,5757,3028,8162,3466,6761,1553,1761,1828,3624,1584,5629,0,0,828,919,2547,3395,2137,3847,2078,5387,2442,4563,1072,1163,1070,2098,790,3135,55145,37463,1145,1,1406,0,0,81,7,0
2021/02/11,0,2,1,1382,1269,3623,4850,3018,5583,2930,7853,3367,6547,1491,1698,1759,3440,1492,5284,0,0,789,853,2293,2949,1909,3374,1847,4639,2169,4032,981,1091,973,1900,731,2852,54503,33377,156,0,857,0,0,73,5,0
2021/02/10,0,2,1,1356,1246,3560,4744,2953,5478,2887,7703,3314,6413,1470,1679,1731,3402,1478,5245,0,0,706,793,2001,2540,1698,2931,1611,4030,1909,3573,869,943,803,1520,587,2327,53852,28837,153,0,591,0,0,66,4,0
2021/02/09,0,2,1,1344,1227,3504,4673,2924,5409,2866,7611,3277,6344,1462,1663,1703,3379,1468,5232,0,0,656,711,1738,2193,1506,2545,1426,3531,1737,3215,836,908,777,1441,565,2211,53541,25996,148,0,334,0,0,66,0,0
2021/02/08,0,2,1,1330,1223,3475,4642,2904,5371,2844,7560,3257,6315,1450,1656,1692,3353,1466,5213,0,0,641,674,1588,1959,1365,2287,1294,3222,1580,2952,796,887,728,1333,531,2037,53237,23874,122,0,331,0,0,64,0,0
2021/02/07,0,2,1,1197,1180,3372,4587,2850,5328,2817,7522,3230,6276,1440,1638,1683,3330,1459,5181,0,0,496,527,1317,1604,1123,1837,1082,2631,1352,2428,691,758,646,1172,484,1808,52941,19956,93,0,0,0,0,59,0,0
2021/02/06,0,2,1,1193,1178,3370,4585,2846,5326,2810,7519,3226,6273,1439,1636,1682,3326,1458,5180,0,0,373,375,1118,1355,985,1533,941,2221,1187,2011,603,658,618,1154,481,1805,52898,17418,93,0,0,0,0,59,0,0
2021/02/05,0,2,0,1181,1167,3354,4562,2838,5298,2800,7476,3208,6227,1433,1628,1679,3320,1457,5180,0,0,273,217,934,1039,839,1164,765,1773,1011,1601,486,552,591,1134,478,1801,52660,14658,93,0,0,0,0,57,0,0
2021/02/04,0,2,0,1165,1148,3308,4510,2798,5223,2758,7346,3160,6143,1418,1612,1665,3286,1447,5152,0,0,143,89,633,669,549,742,526,1165,670,1003,306,371,484,986,433,1638,52016,10407,68,0,0,0,0,57,0,0
2021/02/03,0,2,0,1143,1142,3282,4467,2769,5183,2735,7298,3130,6088,1408,1601,1639,3245,1440,5099,0,0,122,72,502,520,417,597,422,918,514,756,253,291,379,770,334,1276,51552,8143,63,0,0,0,0,56,0,0
2021/02/02,0,2,0,1121,1128,3246,4436,2737,5130,2710,7224,3095,6024,1383,1572,1602,3190,1414,5003,0,0,113,63,418,420,347,518,370,827,460,673,233,268,333,695,306,1140,50900,7184,62,0,0,0,0,55,0,0
2021/02/01,0,2,0,1105,1116,3226,4384,2710,5069,2680,7098,3063,5928,1360,1539,1575,3152,1397,4938,0,0,84,48,316,315,255,391,277,619,329,506,194,219,262,555,238,893,50232,5501,62,0,0,0,0,48,0,0
2021/01/31,0,2,0,1097,1106,3210,4353,2685,5024,2663,7043,3050,5884,1347,1522,1552,3086,1369,4852,0,0,73,46,289,291,230,346,255,575,299,465,173,200,216,454,195,724,49737,4831,60,0,0,0,0,48,0,0
2021/01/30,0,2,0,1096,1106,3207,4347,2683,5023,2662,7042,3050,5883,1347,1521,1551,3086,1369,4852,0,0,72,41,279,277,217,331,250,564,295,459,172,197,215,454,195,724,49722,4742,57,0,0,0,0,48,0,0
2021/01/29,0,2,0,1094,1104,3205,4344,2683,5021,2662,7040,3047,5881,1347,1521,1551,3084,1369,4852,0,0,65,37,262,261,194,311,234,547,284,448,166,193,211,448,194,722,49702,4577,57,0,0,0,0,48,0,0
2021/01/28,0,2,0,1073,1085,3138,4242,2629,4912,2604,6884,2980,5750,1330,1498,1535,3016,1345,4726,0,0,55,20,165,155,130,188,164,362,209,284,133,150,165,284,117,432,48652,3013,53,0,0,0,0,44,0,0
2021/01/27,0,2,0,1027,1047,3056,4101,2548,4734,2509,6605,2896,5549,1297,1452,1493,2921,1308,4574,0,0,26,7,102,71,59,93,85,212,120,150,102,118,122,214,90,313,47037,1884,43,0,0,0,0,39,0,0
2021/01/26,0,1,0,949,1019,2939,3967,2468,4550,2427,6425,2827,5393,1269,1401,1402,2767,1084,4166,0,0,25,7,97,70,58,92,83,212,118,149,100,117,121,214,90,313,44990,1866,30,0,0,0,0,34,0,0
2021/01/25,0,1,0,931,1002,2855,3837,2424,4403,2367,6230,2768,5243,1247,1376,1388,2738,1071,4130,0,0,25,7,95,69,56,90,83,212,118,147,100,116,121,214,90,313,43962,1856,20,0,0,0,0,29,0,0
2021/01/24,0,1,0,921,998,2834,3820,2413,4371,2341,6191,2734,5182,1232,1367,1378,2713,1057,4096,0,0,25,7,95,69,56,89,83,211,117,147,99,116,121,214,90,313,43611,1852,16,0,0,0,0,22,0,0
2021/01/23,0,1,0,921,998,2834,3819,2413,4370,2339,6189,2733,5180,1229,1365,1375,2713,1057,4096,0,0,25,6,94,69,56,89,83,211,117,147,99,116,121,214,90,311,43602,1848,14,0,0,0,0,16,0,0
2021/01/22,0,1,0,914,990,2802,3772,2379,4305,2307,6114,2712,5133,1227,1361,1373,2710,1056,4093,0,0,25,6,94,68,56,89,83,211,117,147,99,116,121,214,90,311,43226,1847,14,0,0,0,0,9,0,0
2021/01/21,0,1,0,898,922,2547,3361,2177,3888,2125,5503,2487,4648,1168,1315,1324,2591,1020,3935,0,0,21,6,83,62,52,72,70,171,97,134,89,100,101,154,74,235,39890,1521,14,0,0,0,0,6,0,0
2021/01/20,0,1,0,818,857,2238,2954,1971,3430,1895,4895,2232,4175,1053,1173,1153,2237,886,3410,0,0,21,6,83,62,52,71,69,171,96,134,89,100,101,154,72,235,35361,1516,14,0,0,0,0,3,0,0
2021/01/19,0,1,0,754,776,1945,2510,1732,2973,1661,4233,1989,3701,976,1075,1024,1947,778,3028,0,0,10,3,50,46,33,44,35,100,44,77,41,37,50,83,44,152,31092,849,11,0,0,0,0,0,0,0
2021/01/18,0,1,0,680,716,1716,2117,1493,2501,1415,3550,1736,3197,889,987,917,1731,721,2745,0,0,5,2,19,11,13,21,17,54,17,33,21,22,26,56,31,82,27106,430,6,0,0,0,0,0,0,0
2021/01/17,0,0,0,502,555,1396,1713,1215,1968,1161,2818,1455,2574,747,831,762,1440,598,2351,0,0,0,1,4,2,0,0,0,0,0,0,1,0,0,0,0,0,22082,8,4,0,0,0,0,0,0,0
2021/01/16,0,0,0,382,404,1215,1468,1094,1681,1022,2420,1297,2167,660,734,734,1423,596,2350,0,0,0,0,0,0,0,0,0,0,0,0,0,0,0,0,0,0,19644,0,3,0,0,0,0,0,0,0
2021/01/15,0,0,0,279,243,1031,1169,944,1336,853,1974,1119,1765,541,623,695,1388,583,2309,0,0,0,0,0,0,0,0,0,0,0,0,0,0,0,0,0,0,16850,0,2,0,0,0,0,0,0,0
2021/01/14,0,0,0,162,108,717,783,652,866,618,1316,755,1145,354,434,570,1203,524,2059,0,0,0,0,0,0,0,0,0,0,0,0,0,0,0,0,0,0,12266,0,0,0,0,0,0,0,0,0
2021/01/13,0,0,0,135,89,606,618,528,700,501,1058,598,879,298,358,481,1016,451,1755,0,0,0,0,0,0,0,0,0,0,0,0,0,0,0,0,0,0,10071,0,0,0,0,0,0,0,0,0
2021/01/12,0,0,0,125,73,520,527,452,598,433,926,526,773,263,309,393,819,377,1370,0,0,0,0,0,0,0,0,0,0,0,0,0,0,0,0,0,0,8484,0,0,0,0,0,0,0,0,0
2021/01/11,0,0,0,95,60,423,434,367,486,347,749,421,598,229,258,326,685,307,1158,0,0,0,0,0,0,0,0,0,0,0,0,0,0,0,0,0,0,6943,0,0,0,0,0,0,0,0,0
2021/01/10,0,0,0,79,52,357,360,300,403,294,652,351,528,200,227,261,545,245,902,0,0,0,0,0,0,0,0,0,0,0,0,0,0,0,0,0,0,5756,0,0,0,0,0,0,0,0,0
2021/01/09,0,0,0,78,49,343,339,276,382,286,636,343,521,199,226,260,543,245,902,0,0,0,0,0,0,0,0,0,0,0,0,0,0,0,0,0,0,5628,0,0,0,0,0,0,0,0,0
2021/01/08,0,0,0,72,41,306,305,231,341,256,592,316,480,181,206,235,482,224,798,0,0,0,0,0,0,0,0,0,0,0,0,0,0,0,0,0,0,5066,0,0,0,0,0,0,0,0,0
2021/01/07,0,0,0,58,27,213,201,162,243,197,426,245,343,151,167,180,317,150,512,0,0,0,0,0,0,0,0,0,0,0,0,0,0,0,0,0,0,3592,0,0,0,0,0,0,0,0,0
2021/01/06,0,0,0,46,16,166,121,113,162,146,298,180,244,119,135,139,250,107,367,0,0,0,0,0,0,0,0,0,0,0,0,0,0,0,0,0,0,2609,0,0,0,0,0,0,0,0,0
2021/01/05,0,0,0,28,9,101,73,59,95,89,215,119,152,109,125,130,231,106,341,0,0,0,0,0,0,0,0,0,0,0,0,0,0,0,0,0,0,1982,0,0,0,0,0,0,0,0,0
2021/01/04,0,0,0,26,9,100,71,56,91,89,215,119,150,109,123,129,231,106,341,0,0,0,0,0,0,0,0,0,0,0,0,0,0,0,0,0,0,1965,0,0,0,0,0,0,0,0,0
2021/01/03,0,0,0,26,9,100,69,56,90,89,214,118,150,108,123,129,231,106,341,0,0,0,0,0,0,0,0,0,0,0,0,0,0,0,0,0,0,1959,0,0,0,0,0,0,0,0,0
2021/01/02,0,0,0,26,8,100,69,56,90,88,214,117,150,108,123,129,231,106,340,0,0,0,0,0,0,0,0,0,0,0,0,0,0,0,0,0,0,1955,0,0,0,0,0,0,0,0,0
2021/01/01,0,0,0,26,7,99,69,56,90,88,214,116,149,108,123,129,231,106,340,0,0,0,0,0,0,0,0,0,0,0,0,0,0,0,0,0,0,1951,0,0,0,0,0,0,0,0,0
2020/12/31,0,0,0,26,7,99,69,56,90,87,214,115,149,108,123,129,231,106,340,0,0,0,0,0,0,0,0,0,0,0,0,0,0,0,0,0,0,1949,0,0,0,0,0,0,0,0,0
2020/12/30,0,0,0,26,7,99,69,55,90,86,214,115,149,108,123,129,231,105,340,0,0,0,0,0,0,0,0,0,0,0,0,0,0,0,0,0,0,1946,0,0,0,0,0,0,0,0,0
2020/12/29,0,0,0,14,2,67,54,33,61,50,138,64,91,53,54,74,142,65,232,0,0,0,0,0,0,0,0,0,0,0,0,0,0,0,0,0,0,1194,0,0,0,0,0,0,0,0,0
2020/12/28,0,0,0,5,2,37,26,20,31,21,67,25,41,23,22,27,51,34,82,0,0,0,0,0,0,0,0,0,0,0,0,0,0,0,0,0,0,514,0,0,0,0,0,0,0,0,0
2020/12/27,0,0,0,1,0,9,6,8,2,1,5,0,2,1,1,2,2,4,6,0,0,0,0,0,0,0,0,0,0,0,0,0,0,0,0,0,0,50,0,0,0,0,0,0,0,0,0
