Datum,<15_1_m,<15_1_w,15-24_1_m,15-24_1_w,25-34_1_m,25-34_1_w,35-44_1_m,35-44_1_w,45-54_1_m,45-54_1_w,55-64_1_m,55-64_1_w,65-74_1_m,65-74_1_w,75-84_1_m,75-84_1_w,>84_1_m,>84_1_w,<15_2_m,<15_2_w,15-24_2_m,15-24_2_w,25-34_2_m,25-34_2_w,35-44_2_m,35-44_2_w,45-54_2_m,45-54_2_w,55-64_2_m,55-64_2_w,65-74_2_m,65-74_2_w,75-84_2_m,75-84_2_w,>84_2_m,>84_2_w,bp_1,bp_2,mo_1,mo_2,az_1,az_2,ja,unb_1,unb_2
2021-11-25T23:59:59+01:00,18395,17294,80155,78654,121854,117567,109221,107714,102950,107800,99260,100777,58523,72526,45112,62827,11199,22838,11715,11170,69579,69261,110902,106784,100285,98697,95955,100684,94414,95828,56371,69902,43891,60837,10709,21643,933087,845784,140197,134288,159104,146144,102029,340,382
2021-11-24T23:59:59+01:00,17816,16748,80014,78514,121712,117382,109087,107555,102817,107664,99159,100679,58475,72424,45095,62753,11196,22818,11659,11123,69441,69157,110742,106620,100152,98580,95868,100566,94325,95737,56344,69860,43878,60818,10706,21636,930431,844448,140122,134235,159101,146141,102006,339,382
2021-11-23T23:59:59+01:00,17093,16151,79844,78370,121553,117182,108917,107390,102695,107527,99056,100552,58400,72336,45070,62700,11186,22793,11610,11069,69291,69049,110550,106478,100012,98444,95730,100445,94236,95656,56321,69817,43858,60782,10701,21624,927449,843021,140045,134159,159101,146140,101972,339,381
2021-11-22T23:59:59+01:00,16508,15636,79672,78217,121385,116993,108760,107220,102574,107392,98942,100450,58335,72255,45051,62651,11177,22775,11561,11019,69152,68956,110374,106333,99870,98336,95639,100358,94153,95594,56298,69773,43838,60752,10700,21614,924720,841752,139987,134111,159099,146137,101940,338,380
2021-11-21T23:59:59+01:00,16014,15172,79470,78019,121151,116755,108563,107046,102437,107260,98846,100341,58284,72173,45036,62613,11170,22759,11520,10993,68975,68840,110161,106188,99696,98187,95532,100263,94055,95528,56259,69724,43827,60731,10698,21607,921962,840331,139917,134043,159089,146136,101894,338,380
2021-11-20T23:59:59+01:00,15791,14968,79320,77899,121004,116602,108409,106930,102337,107170,98789,100268,58267,72149,45027,62599,11168,22754,11494,10964,68853,68746,109985,106082,99543,98098,95405,100178,93999,95491,56249,69704,43822,60723,10698,21607,920385,839281,139882,133996,159086,146133,101851,338,380
2021-11-19T23:59:59+01:00,15480,14644,79055,77640,120728,116320,108152,106713,102177,106981,98674,100147,58242,72100,45012,62582,11164,22748,11429,10909,68693,68615,109783,105900,99344,97931,95260,100067,93914,95434,56236,69675,43813,60711,10696,21606,917597,837763,139823,133933,159085,146133,101807,338,380
2021-11-18T23:59:59+01:00,15087,14265,78684,77311,120396,115925,107859,106372,101960,106736,98538,99985,58161,72026,44996,62531,11156,22725,11308,10801,68464,68401,109549,105670,99111,97717,95093,99914,93801,95328,56201,69627,43796,60679,10692,21594,913929,835625,139699,133852,159079,146131,101758,338,380
2021-11-17T23:59:59+01:00,14859,14026,78374,77039,120080,115538,107602,106081,101765,106517,98426,99829,58099,71942,44974,62490,11150,22700,11257,10754,68290,68237,109366,105485,98974,97591,94980,99790,93719,95248,56163,69577,43783,60656,10688,21585,910909,834151,139559,133781,159073,146130,101701,338,380
2021-11-16T23:59:59+01:00,14622,13811,77971,76701,119636,115165,107274,105749,101535,106281,98275,99682,58032,71860,44952,62443,11140,22687,11186,10680,68116,68063,109157,105288,98814,97453,94880,99676,93624,95179,56137,69535,43760,60632,10684,21573,907390,832598,139488,133711,159068,146129,101620,338,379
2021-11-15T23:59:59+01:00,14371,13591,77509,76288,119163,114684,106873,105406,101279,106046,98118,99528,57963,71795,44924,62398,11133,22671,11128,10648,67965,67922,108969,105124,98671,97320,94777,99577,93543,95113,56106,69489,43733,60605,10679,21554,903518,831265,139376,133624,159064,146124,101532,338,378
2021-11-14T23:59:59+01:00,13993,13222,77003,75887,118652,114211,106524,105049,101007,105790,97956,99377,57899,71711,44900,62372,11131,22656,11051,10592,67805,67788,108782,104949,98533,97189,94669,99475,93471,95037,56064,69449,43719,60583,10675,21548,899332,829876,139247,133540,159045,146119,101466,338,378
2021-11-13T23:59:59+01:00,13858,13090,76672,75576,118317,113957,106278,104821,100835,105647,97879,99290,57880,71688,44897,62363,11131,22654,11009,10557,67680,67668,108653,104835,98439,97092,94594,99413,93430,95003,56053,69435,43716,60577,10675,21545,897015,829040,139175,133484,159037,146116,101356,338,378
2021-11-12T23:59:59+01:00,13677,12908,76280,75225,117990,113670,105981,104576,100610,105461,97746,99177,57850,71657,44887,62347,11130,22654,10953,10507,67537,67517,108520,104721,98324,96979,94498,99323,93370,94943,56038,69417,43711,60567,10674,21545,894131,827921,139112,133438,159035,146110,101297,338,378
2021-11-11T23:59:59+01:00,13455,12694,75780,74792,117525,113217,105586,104193,100358,105213,97587,99026,57780,71562,44869,62289,11122,22636,10792,10377,67324,67337,108356,104508,98162,96803,94380,99192,93293,94862,56003,69379,43685,60537,10670,21519,890206,826134,138996,133362,159025,146101,101205,338,377
2021-11-10T23:59:59+01:00,13328,12581,75387,74490,117171,112882,105304,103926,100173,105011,97446,98907,57728,71496,44848,62248,11116,22621,10716,10313,67164,67187,108211,104359,98058,96660,94288,99089,93218,94795,55959,69338,43666,60506,10663,21505,887419,824823,138886,133309,159011,146093,101093,338,377
2021-11-09T23:59:59+01:00,13216,12463,74897,74148,116702,112554,105024,103656,99940,104805,97297,98778,57674,71447,44824,62215,11112,22610,10605,10221,66994,67049,108050,104206,97919,96548,94213,98999,93158,94730,55929,69305,43653,60485,10656,21494,884334,823529,138779,133247,159007,146076,100986,338,376
2021-11-08T23:59:59+01:00,13093,12368,74388,73813,116277,112172,104707,103364,99709,104609,97164,98656,57615,71382,44799,62181,11106,22596,10562,10165,66856,66932,107898,104074,97822,96439,94143,98908,93108,94658,55890,69259,43644,60459,10653,21488,881218,822472,138658,133170,158997,146070,100870,338,376
2021-11-07T23:59:59+01:00,12993,12262,73959,73525,115854,111799,104371,103071,99490,104422,97029,98530,57562,71326,44769,62153,11102,22587,10510,10123,66723,66803,107745,103916,97706,96306,94066,98811,93043,94591,55855,69212,43620,60436,10649,21480,878275,821315,138524,133092,158992,146056,100756,338,376
2021-11-06T23:59:59+01:00,12903,12191,73713,73278,115544,111587,104156,102871,99322,104292,96953,98464,57549,71304,44762,62139,11101,22587,10485,10099,66637,66717,107631,103842,97635,96245,94025,98760,93015,94571,55851,69203,43617,60429,10647,21479,876358,820741,138460,133063,158989,146056,100652,338,376
2021-11-05T23:59:59+01:00,12788,12080,73458,73045,115271,111331,103922,102656,99134,104134,96848,98371,57532,71275,44754,62125,11100,22584,10405,10030,66528,66608,107521,103728,97553,96152,93952,98681,92966,94531,55842,69187,43613,60424,10646,21477,874230,819847,138388,133023,158986,146052,100546,338,376
2021-11-04T23:59:59+01:00,12680,11974,73266,72799,115007,111089,103708,102441,98950,103971,96742,98273,57492,71234,44744,62098,11097,22576,10307,9939,66385,66473,107393,103559,97456,96021,93864,98586,92894,94458,55810,69154,43600,60389,10642,21468,872130,818564,138317,132955,158982,146048,100455,337,376
2021-11-03T23:59:59+01:00,12615,11916,73109,72650,114769,110895,103554,102307,98842,103842,96653,98198,57464,71206,44731,62078,11094,22565,10262,9899,66236,66359,107269,103428,97351,95913,93784,98528,92838,94402,55792,69124,43583,60359,10636,21452,870613,817522,138270,132900,158978,146046,100371,336,376
2021-11-02T23:59:59+01:00,12577,11877,72908,72512,114511,110692,103351,102171,98688,103736,96564,98113,57439,71172,44720,62063,11090,22551,10140,9807,66058,66226,107112,103285,97249,95794,93701,98450,92778,94337,55765,69093,43570,60324,10632,21435,869053,816262,138198,132830,158976,146038,100251,336,375
2021-11-01T23:59:59+01:00,12489,11803,72688,72350,114271,110504,103126,102018,98521,103616,96484,98055,57418,71137,44709,62045,11088,22543,10080,9744,65897,66079,106965,103148,97131,95695,93620,98363,92715,94280,55740,69058,43556,60304,10629,21424,867421,815149,138095,132752,158972,146033,100119,336,375
2021-10-31T23:59:59+01:00,12452,11781,72559,72267,114112,110424,102970,101930,98432,103557,96443,98025,57407,71131,44707,62041,11088,22542,10047,9721,65807,66033,106879,103091,97060,95654,93581,98339,92691,94263,55733,69053,43554,60302,10626,21420,866584,814729,138053,132719,158971,146029,100002,336,375
2021-10-30T23:59:59+02:00,12422,11762,72443,72186,113916,110334,102834,101841,98322,103457,96381,97998,57395,71115,44702,62035,11087,22539,10018,9714,65727,65976,106795,103035,96989,95604,93536,98292,92666,94252,55727,69048,43553,60298,10623,21417,865640,814317,138016,132667,158970,146026,99885,336,375
2021-10-29T23:59:59+02:00,12383,11723,72259,72060,113662,110158,102609,101691,98162,103360,96295,97945,57382,71104,44697,62025,11087,22535,9981,9681,65596,65864,106644,102932,96874,95515,93447,98215,92608,94210,55713,69035,43550,60293,10623,21417,864291,813516,137949,132612,158968,146024,99671,336,375
2021-10-28T23:59:59+02:00,12291,11665,72046,71879,113363,109904,102377,101523,97988,103213,96188,97863,57360,71072,44686,62010,11085,22530,9910,9622,65395,65656,106446,102726,96713,95344,93326,98091,92524,94163,55687,68984,43542,60274,10622,21410,862562,812118,137867,132535,158964,146015,99392,336,375
2021-10-27T23:59:59+02:00,12237,11605,71878,71717,113165,109702,102209,101381,97864,103097,96099,97802,57334,71030,44668,61985,11083,22525,9825,9556,65238,65493,106311,102597,96600,95246,93237,97999,92467,94107,55655,68945,43531,60251,10616,21397,861144,811019,137788,132442,158962,146006,99229,336,375
2021-10-26T23:59:59+02:00,12164,11520,71655,71504,112938,109502,102023,101247,97727,102990,96026,97737,57301,71004,44655,61970,11082,22517,9755,9470,65046,65298,106140,102442,96467,95107,93140,97915,92394,94041,55632,68908,43517,60219,10613,21385,859619,809708,137694,132366,158956,146005,99035,336,375
2021-10-25T23:59:59+02:00,12121,11498,71535,71413,112821,109400,101933,101170,97648,102924,95992,97705,57295,70996,44654,61962,11080,22514,9740,9455,64965,65232,106074,102393,96430,95074,93101,97889,92371,94028,55626,68901,43516,60217,10613,21381,858849,809343,137656,132343,158955,146002,98943,336,375
2021-10-24T23:59:59+02:00,12048,11436,71351,71244,112558,109223,101755,101008,97494,102795,95912,97628,57267,70957,44642,61954,11079,22511,9679,9400,64765,65041,105875,102233,96281,94948,92994,97788,92314,93969,55594,68864,43508,60193,10611,21377,857371,808117,137590,132255,158955,145999,98688,336,375
2021-10-23T23:59:59+02:00,12022,11409,71248,71161,112435,109125,101662,100925,97434,102746,95867,97605,57255,70944,44641,61953,11079,22511,9644,9361,64686,64952,105781,102173,96219,94894,92939,97735,92283,93942,55576,68853,43507,60190,10610,21377,856686,807572,137545,132199,158954,145997,98579,336,375
2021-10-22T23:59:59+02:00,11948,11367,71087,71028,112215,108971,101501,100806,97320,102645,95807,97554,57244,70927,44639,61945,11079,22509,9556,9276,64515,64771,105600,102030,96085,94776,92842,97649,92228,93889,55563,68842,43504,60177,10609,21375,855541,806444,137483,132123,158954,145990,98355,336,375
2021-10-21T23:59:59+02:00,11814,11239,70882,70870,112015,108773,101321,100634,97165,102521,95717,97491,57221,70894,44624,61922,11074,22495,9459,9158,64295,64551,105407,101815,95931,94577,92717,97534,92154,93815,55538,68806,43491,60148,10607,21365,853876,804832,137418,132013,158951,145980,98168,336,375
2021-10-20T23:59:59+02:00,11767,11189,70760,70741,111871,108638,101211,100543,97075,102440,95655,97437,57192,70859,44610,61904,11069,22478,9336,9062,64098,64367,105283,101651,95818,94439,92619,97427,92080,93761,55511,68750,43465,60115,10590,21336,852812,803353,137366,131953,158949,145974,98053,336,375
2021-10-19T23:59:59+02:00,11666,11098,70614,70606,111736,108504,101118,100461,97001,102378,95597,97384,57170,70822,44602,61886,11065,22462,9242,8969,63879,64162,105116,101490,95703,94317,92540,97331,92030,93704,55478,68707,43447,60074,10580,21321,851712,801940,137314,131868,158944,145967,97941,336,374
2021-10-18T23:59:59+02:00,11616,11058,70481,70516,111592,108396,101012,100375,96935,102325,95541,97334,57142,70793,44585,61863,11058,22450,9191,8919,63734,64012,104996,101326,95607,94202,92472,97249,91971,93647,55452,68675,43435,60048,10576,21318,850794,800849,137232,131796,158939,145963,97848,336,374
2021-10-17T23:59:59+02:00,11570,11017,70323,70383,111462,108282,100903,100298,96880,102267,95502,97281,57120,70771,44579,61848,11056,22445,9136,8869,63501,63756,104833,101183,95478,94065,92372,97164,91912,93583,55429,68642,43425,60031,10572,21312,849861,799485,137182,131701,158937,145955,97748,336,374
2021-10-16T23:59:59+02:00,11551,10996,70264,70334,111404,108236,100877,100272,96847,102239,95483,97272,57119,70768,44578,61846,11054,22445,9106,8836,63406,63668,104768,101128,95431,94003,92341,97133,91891,93565,55424,68636,43423,60028,10572,21311,849519,798991,137169,131650,158937,145954,97701,336,374
2021-10-15T23:59:59+02:00,11496,10956,70152,70248,111292,108145,100807,100197,96790,102186,95453,97241,57112,70766,44578,61840,11053,22445,9056,8760,63269,63481,104657,101012,95339,93903,92263,97050,91843,93527,55415,68614,43418,60017,10572,21309,848818,798004,137146,131577,158936,145952,97598,336,374
2021-10-14T23:59:59+02:00,11393,10858,69970,70067,111151,108000,100692,100104,96692,102102,95398,97183,57091,70731,44566,61816,11050,22438,8929,8623,62970,63195,104502,100799,95193,93704,92142,96918,91769,93450,55377,68564,43399,59990,10568,21301,847554,796126,137068,131455,158927,145945,97493,336,374
2021-10-13T23:59:59+02:00,11294,10791,69823,69953,111035,107891,100599,100008,96611,102017,95348,97125,57056,70686,44551,61787,11045,22422,8891,8586,62808,63045,104366,100660,95088,93558,92053,96832,91708,93378,55339,68521,43378,59960,10559,21291,846511,794980,136997,131380,158923,145936,97351,336,374
2021-10-12T23:59:59+02:00,11153,10682,69644,69817,110937,107775,100501,99915,96551,101957,95307,97079,57041,70653,44541,61772,11041,22415,8829,8539,62646,62884,104235,100531,94971,93438,91965,96761,91649,93322,55287,68486,43366,59937,10555,21278,845435,793823,136931,131318,158919,145930,97236,335,372
2021-10-11T23:59:59+02:00,11082,10620,69498,69701,110816,107668,100414,99836,96489,101881,95252,97039,57013,70623,44521,61752,11036,22402,8791,8506,62471,62716,104109,100406,94876,93340,91893,96673,91598,93274,55250,68444,43351,59910,10546,21270,844463,792759,136863,131232,158916,145920,97141,335,372
2021-10-10T23:59:59+02:00,11010,10569,69342,69587,110675,107531,100318,99746,96422,101804,95205,97001,56995,70603,44515,61740,11028,22399,8754,8472,62283,62567,103948,100247,94771,93206,91803,96569,91521,93232,55224,68419,43342,59897,10543,21261,843517,791619,136815,131172,158912,145910,96986,335,372
2021-10-09T23:59:59+02:00,10985,10551,69254,69527,110607,107486,100278,99705,96384,101772,95188,96984,56988,70596,44514,61739,11028,22399,8719,8431,62194,62489,103864,100171,94714,93148,91761,96524,91500,93210,55218,68408,43337,59889,10542,21260,843122,791077,136783,131114,158910,145906,96910,335,372
2021-10-08T23:59:59+02:00,10911,10496,69111,69430,110469,107381,100205,99612,96320,101721,95139,96938,56976,70580,44511,61736,11028,22398,8658,8344,62024,62302,103731,100020,94600,93029,91675,96430,91452,93170,55201,68395,43331,59880,10540,21259,842288,789972,136732,131027,158909,145899,96772,335,371
2021-10-07T23:59:59+02:00,10831,10418,68906,69250,110287,107202,100067,99469,96232,101599,95065,96870,56954,70543,44498,61715,11024,22385,8528,8220,61742,62048,103536,99800,94452,92813,91568,96296,91378,93097,55168,68346,43316,59849,10533,21249,840877,788164,136661,130904,158907,145891,96609,335,371
2021-10-06T23:59:59+02:00,10761,10359,68732,69102,110153,107058,99969,99360,96147,101536,95019,96819,56918,70500,44487,61695,11021,22371,8485,8170,61557,61877,103401,99652,94340,92695,91493,96196,91302,93021,55137,68306,43301,59821,10528,21232,839794,786973,136593,130839,158905,145879,96452,335,371
2021-10-05T23:59:59+02:00,10656,10271,68558,68963,110005,106911,99853,99230,96084,101455,94974,96767,56900,70472,44478,61659,11016,22358,8451,8126,61359,61703,103250,99465,94225,92545,91397,96111,91241,92948,55108,68260,43288,59804,10525,21219,838615,785703,136523,130772,158904,145874,96305,335,371
2021-10-04T23:59:59+02:00,10618,10241,68383,68794,109840,106755,99750,99115,95989,101368,94920,96709,56863,70424,44463,61630,11015,22336,8417,8093,61201,61521,103105,99325,94092,92424,91306,96015,91177,92897,55072,68217,43264,59772,10519,21199,837519,784589,136451,130713,158902,145863,96080,333,371
2021-10-03T23:59:59+02:00,10554,10186,68173,68612,109669,106598,99624,99007,95900,101267,94856,96655,56832,70390,44455,61605,11015,22331,8356,8058,60996,61364,102916,99147,93955,92264,91207,95902,91102,92840,55036,68172,43247,59747,10517,21191,836345,783317,136376,130626,158898,145854,95849,333,371
2021-10-02T23:59:59+02:00,10528,10160,68070,68514,109580,106528,99558,98945,95849,101219,94832,96634,56821,70372,44455,61604,11014,22329,8316,8024,60879,61249,102843,99073,93888,92198,91161,95853,91076,92819,55029,68154,43246,59743,10516,21191,835795,782726,136313,130580,158896,145834,95747,333,371
2021-10-01T23:59:59+02:00,10443,10057,67915,68344,109392,106381,99429,98829,95766,101148,94773,96593,56803,70354,44452,61592,11012,22327,8204,7915,60680,61018,102674,98918,93755,92055,91056,95744,91014,92762,55012,68125,43242,59733,10515,21188,834682,781434,136255,130493,158894,145794,95518,333,371
2021-09-30T23:59:59+02:00,10365,9984,67683,68119,109180,106142,99249,98629,95628,101002,94679,96487,56766,70308,44434,61561,11008,22312,8095,7794,60427,60753,102468,98707,93568,91844,90915,95593,90922,92667,54985,68076,43227,59700,10505,21173,833031,779740,136165,130374,158888,145745,95189,332,371
2021-09-29T23:59:59+02:00,10284,9926,67482,67929,108983,105941,99093,98466,95502,100891,94595,96415,56725,70251,44418,61526,11003,22293,8037,7735,60245,60583,102279,98526,93432,91676,90800,95485,90850,92586,54951,68028,43208,59654,10502,21158,831600,778485,136101,130295,158884,145710,94875,332,370
2021-09-28T23:59:59+02:00,10199,9849,67291,67722,108776,105772,98944,98310,95392,100778,94510,96336,56685,70212,44406,61488,10996,22266,7987,7688,60056,60398,102087,98372,93299,91540,90676,95356,90771,92516,54920,67991,43191,59626,10493,21143,830199,777305,136039,130209,158882,145677,94549,332,370
2021-09-27T23:59:59+02:00,10070,9717,67045,67473,108565,105600,98809,98160,95302,100666,94432,96264,56657,70165,44392,61458,10991,22255,7949,7634,59848,60209,101897,98234,93159,91398,90573,95242,90699,92439,54883,67935,43170,59600,10485,21132,828790,776218,135953,130129,158881,145635,94134,332,370
2021-09-26T23:59:59+02:00,9949,9623,66801,67240,108337,105408,98642,98014,95179,100541,94347,96182,56619,70131,44377,61435,10986,22242,7896,7588,59603,60012,101692,98051,93013,91233,90464,95124,90626,92362,54854,67907,43156,59572,10480,21117,827339,775066,135872,130034,158875,145576,93704,332,370
2021-09-25T23:59:59+02:00,9910,9583,66681,67117,108234,105318,98568,97954,95122,100488,94316,96153,56615,70123,44375,61432,10985,22242,7856,7549,59489,59895,101590,97958,92932,91163,90422,95058,90590,92340,54842,67896,43152,59568,10480,21117,826784,774513,135810,129982,158875,145548,93484,332,370
2021-09-24T23:59:59+02:00,9849,9522,66517,66932,108061,105144,98419,97804,95000,100383,94246,96098,56600,70106,44367,61419,10985,22240,7758,7437,59264,59665,101405,97763,92803,91014,90311,94950,90505,92274,54821,67874,43150,59563,10479,21114,825752,773315,135738,129916,158875,145486,93063,332,370
2021-09-23T23:59:59+02:00,9757,9399,66193,66594,107795,104885,98224,97573,94839,100219,94143,95988,56554,70047,44343,61390,10979,22211,7642,7316,58966,59383,101160,97528,92613,90802,90174,94796,90407,92166,54772,67824,43128,59535,10478,21091,823942,771748,135617,129806,158869,145417,92440,332,370
2021-09-22T23:59:59+02:00,9687,9319,65858,66268,107582,104668,98026,97367,94683,100084,94014,95890,56506,69978,44310,61346,10968,22189,7586,7275,58786,59202,100980,97358,92433,90665,90058,94674,90299,92090,54738,67779,43100,59503,10472,21075,822176,770709,135504,129727,158864,145334,91933,332,370
2021-09-21T23:59:59+02:00,9600,9231,65628,66020,107374,104487,97851,97208,94568,99975,93934,95819,56457,69927,44292,61303,10961,22174,7548,7238,58592,59018,100786,97200,92291,90532,89969,94585,90208,92015,54699,67721,43080,59464,10463,21057,820716,769650,135422,129632,158861,145270,91544,332,370
2021-09-20T23:59:59+02:00,9538,9174,65344,65711,107173,104304,97692,97040,94461,99875,93867,95743,56417,69884,44272,61260,10956,22163,7491,7183,58400,58863,100601,97055,92138,90378,89828,94483,90127,91944,54652,67682,43053,59428,10457,21040,819290,768640,135342,129550,158855,145123,91120,332,370
2021-09-19T23:59:59+02:00,9487,9130,65063,65536,106944,104110,97542,96872,94321,99774,93763,95666,56388,69831,44262,61236,10954,22152,7452,7141,58158,58667,100356,96877,91952,90208,89643,94311,90007,91859,54615,67621,43035,59394,10456,21027,817960,767423,135259,129432,158851,144860,90694,332,370
2021-09-18T23:59:59+02:00,9454,9085,64970,65433,106823,104012,97431,96785,94255,99704,93729,95638,56380,69822,44258,61231,10952,22151,7412,7100,58036,58547,100249,96777,91829,90127,89572,94248,89970,91829,54605,67616,43028,59391,10454,21023,817384,766785,135169,129367,158849,144848,90444,332,369
2021-09-17T23:59:59+02:00,9375,8999,64773,65272,106645,103854,97262,96631,94126,99606,93656,95562,56363,69795,44247,61225,10946,22145,7321,7001,57829,58311,100058,96614,91673,90006,89454,94142,89893,91767,54590,67590,43020,59384,10454,21020,816278,765645,135080,129270,158845,144831,90012,332,369
2021-09-16T23:59:59+02:00,9285,8891,64494,64967,106363,103597,97026,96393,93938,99429,93554,95469,56312,69740,44234,61197,10939,22131,7230,6890,57579,58039,99785,96384,91477,89792,89279,93980,89791,91679,54544,67539,42998,59362,10449,21009,814461,764132,134989,129133,158835,144768,89406,332,367
2021-09-15T23:59:59+02:00,9215,8836,64142,64673,106163,103385,96819,96200,93804,99267,93453,95381,56275,69682,44199,61167,10934,22104,7181,6841,57401,57879,99592,96222,91307,89634,89174,93868,89686,91614,54512,67492,42973,59330,10445,20989,812715,763073,134934,129016,158831,144734,88950,332,367
2021-09-14T23:59:59+02:00,9173,8787,63854,64464,105923,103167,96622,96020,93674,99128,93337,95295,56227,69622,44173,61129,10929,22088,7139,6805,57197,57697,99413,96035,91139,89471,89043,93757,89606,91542,54476,67452,42951,59303,10440,20974,811171,762031,134864,128925,158824,144634,88484,332,366
2021-09-13T23:59:59+02:00,9136,8753,63555,64199,105693,102936,96453,95853,93530,98991,93250,95198,56176,69568,44156,61095,10922,22076,7107,6768,56990,57512,99215,95843,90986,89315,88910,93650,89520,91468,54438,67404,42930,59274,10437,20957,809656,760929,134774,128811,158814,144592,88027,332,365
2021-09-12T23:59:59+02:00,9083,8705,63239,63954,105445,102688,96242,95625,93367,98863,93152,95116,56125,69517,44139,61065,10918,22065,7069,6738,56789,57351,98971,95634,90817,89146,88777,93533,89423,91392,54395,67346,42909,59245,10433,20940,808111,759897,134675,128682,158810,144521,87443,332,365
2021-09-11T23:59:59+02:00,9036,8672,63119,63821,105301,102570,96139,95515,93281,98784,93113,95084,56110,69502,44134,61053,10918,22064,7016,6712,56640,57260,98820,95529,90718,89047,88678,93467,89386,91366,54385,67326,42905,59235,10433,20939,807426,759301,134620,128602,158808,144502,87093,332,364
2021-09-10T23:59:59+02:00,8942,8561,62878,63556,105101,102357,95966,95326,93136,98658,93018,95012,56075,69473,44120,61035,10918,22062,6936,6634,56393,57051,98622,95343,90536,88863,88545,93337,89300,91295,54363,67305,42892,59216,10433,20935,806036,758136,134556,128484,158805,144487,86528,332,364
2021-09-09T23:59:59+02:00,8844,8462,62557,63278,104824,102037,95728,95036,92957,98431,92882,94894,56034,69408,44099,61006,10908,22041,6832,6531,56138,56826,98368,95093,90303,88631,88382,93182,89157,91210,54320,67253,42871,59187,10427,20929,804046,756710,134451,128298,158801,144412,85859,332,361
2021-09-08T23:59:59+02:00,8783,8411,62331,63041,104598,101797,95534,94812,92786,98257,92765,94762,55999,69341,44065,60967,10895,22017,6801,6501,55977,56669,98176,94883,90142,88434,88222,93035,89037,91104,54281,67191,42836,59147,10415,20895,802532,755685,134343,128148,158790,144325,85227,332,361
2021-09-07T23:59:59+02:00,8732,8358,62092,62823,104372,101557,95349,94621,92643,98116,92664,94684,55965,69292,44036,60912,10886,21994,6755,6465,55780,56501,97956,94688,89956,88269,88091,92925,88940,91013,54239,67145,42812,59116,10410,20876,801038,754595,134237,128019,158784,144195,84768,332,360
2021-09-06T23:59:59+02:00,8690,8315,61883,62646,104163,101384,95207,94459,92524,97984,92577,94608,55907,69233,44014,60883,10879,21961,6712,6428,55608,56333,97752,94522,89786,88111,87963,92797,88842,90932,54185,67092,42792,59071,10400,20851,799782,753479,134146,127881,158773,144110,84347,332,360
2021-09-05T23:59:59+02:00,8629,8265,61666,62438,103991,101196,95051,94289,92398,97870,92500,94541,55879,69192,44004,60862,10874,21954,6659,6372,55402,56130,97554,94323,89598,87948,87820,92670,88759,90845,54136,67042,42775,59048,10395,20835,798576,752308,134065,127709,158770,144014,83920,331,360
2021-09-04T23:59:59+02:00,8578,8235,61547,62326,103901,101098,94948,94202,92340,97802,92465,94515,55869,69181,43997,60852,10874,21953,6631,6328,55276,56014,97433,94196,89480,87848,87752,92589,88709,90811,54121,67031,42769,59037,10395,20834,797973,751653,134017,127586,158766,143996,83659,331,360
2021-09-03T23:59:59+02:00,8500,8160,61352,62141,103725,100940,94795,94054,92234,97689,92393,94464,55841,69154,43989,60837,10872,21945,6564,6262,55067,55828,97233,93979,89288,87651,87606,92418,88616,90733,54089,66997,42758,59018,10391,20831,796842,750396,133963,127359,158758,143960,83254,331,360
2021-09-02T23:59:59+02:00,8378,8068,61088,61892,103465,100693,94592,93827,92042,97518,92273,94361,55793,69095,43966,60802,10867,21923,6464,6180,54796,55567,96934,93695,89039,87375,87382,92206,88472,90616,54044,66915,42727,58967,10381,20794,795145,748721,133851,127002,158746,143839,82632,331,360
2021-09-01T23:59:59+02:00,8313,7986,60873,61677,103264,100521,94443,93671,91921,97388,92165,94285,55747,69043,43948,60778,10859,21904,6407,6117,54539,55345,96705,93471,88843,87160,87204,92041,88330,90505,53979,66824,42689,58925,10373,20773,793866,747266,133775,126742,158730,143720,82146,331,356
2021-08-31T23:59:59+02:00,8231,7910,60661,61421,103056,100333,94263,93509,91797,97270,92038,94202,55700,68989,43922,60739,10848,21888,6345,6047,54285,55081,96431,93221,88624,86924,87046,91881,88166,90399,53933,66751,42663,58869,10365,20754,792464,745757,133695,126435,158719,143607,81630,331,356
2021-08-30T23:59:59+02:00,8135,7834,60455,61234,102875,100185,94138,93372,91679,97167,91968,94123,55666,68958,43906,60705,10843,21872,6273,5982,54032,54886,96186,92984,88407,86693,86864,91736,88039,90274,53874,66670,42621,58806,10348,20725,791336,744305,133637,126122,158712,143460,81160,331,353
2021-08-29T23:59:59+02:00,8059,7756,60177,60993,102634,99986,93952,93197,91539,97050,91877,94031,55621,68908,43882,60675,10841,21863,6165,5871,53680,54576,95866,92690,88115,86435,86629,91540,87885,90147,53806,66594,42591,58766,10342,20708,789964,742387,133546,125786,158695,143314,80566,331,353
2021-08-28T23:59:59+02:00,8002,7690,60036,60881,102526,99877,93848,93112,91454,96975,91831,94001,55607,68895,43874,60671,10840,21861,6126,5804,53502,54427,95704,92557,87979,86323,86518,91452,87817,90104,53789,66574,42582,58759,10341,20707,789339,741569,133507,125681,158691,143288,80174,331,353
2021-08-27T23:59:59+02:00,7936,7604,59852,60685,102355,99708,93706,92984,91341,96869,91743,93942,55584,68864,43865,60654,10839,21858,6047,5733,53259,54179,95407,92279,87756,86115,86339,91294,87709,90004,53747,66538,42567,58733,10336,20704,788339,739981,133445,125480,158654,143251,79681,331,353
2021-08-26T23:59:59+02:00,7850,7504,59609,60436,102122,99488,93486,92758,91162,96688,91637,93845,55533,68799,43832,60626,10833,21846,5975,5666,52916,53890,95037,91924,87418,85803,86098,91031,87552,89872,53682,66449,42521,58690,10329,20692,786841,738040,133347,125071,158631,143118,78965,331,351
2021-08-25T23:59:59+02:00,7777,7414,59378,60238,101949,99346,93334,92574,91041,96565,91526,93765,55494,68747,43799,60582,10828,21823,5903,5606,52608,53636,94728,91666,87191,85556,85898,90843,87420,89745,53615,66365,42473,58623,10323,20662,785617,736293,133265,124761,158620,143048,78409,330,350
2021-08-24T23:59:59+02:00,7727,7362,59157,60020,101763,99171,93167,92411,90929,96437,91441,93693,55456,68693,43773,60539,10822,21798,5858,5539,52284,53374,94375,91381,86887,85303,85689,90652,87267,89585,53530,66270,42427,58557,10315,20640,784476,734474,133174,124456,158613,142827,77827,330,349
2021-08-23T23:59:59+02:00,7671,7308,58948,59809,101592,99010,93036,92249,90834,96352,91364,93607,55418,68648,43744,60513,10818,21779,5795,5477,51960,53101,94032,91099,86643,85027,85494,90479,87130,89457,53450,66179,42392,58505,10308,20622,783307,732562,133101,124168,158603,142651,77421,329,348
2021-08-22T23:59:59+02:00,7599,7253,58753,59626,101386,98849,92877,92113,90739,96236,91283,93539,55382,68600,43730,60489,10812,21765,5714,5394,51587,52749,93627,90695,86330,84721,85256,90252,86958,89332,53370,66073,42360,58444,10300,20601,782275,730232,132997,123854,158591,142434,76900,329,343
2021-08-21T23:59:59+02:00,7546,7215,58615,59502,101250,98744,92771,92007,90640,96175,91225,93504,55362,68578,43722,60472,10810,21762,5522,5206,51251,52447,93459,90546,86159,84562,85109,90125,86872,89269,53339,66049,42350,58428,10299,20595,781593,728699,132921,123625,158590,142392,76528,329,343
2021-08-20T23:59:59+02:00,7494,7163,58460,59327,101078,98588,92621,91869,90522,96050,91147,93442,55340,68553,43712,60455,10808,21757,5396,5104,50915,52095,93197,90273,85895,84328,84894,89920,86739,89157,53308,66008,42327,58404,10292,20588,780630,726722,132871,123415,158584,142326,76034,328,343
2021-08-19T23:59:59+02:00,7427,7102,58209,59092,100802,98359,92413,91677,90362,95883,91018,93338,55297,68493,43687,60424,10801,21743,5279,4979,50471,51654,92762,89866,85489,83918,84581,89605,86524,88971,53235,65900,42288,58342,10282,20570,779257,723997,132737,122969,158577,142118,75290,327,342
2021-08-18T23:59:59+02:00,7363,7047,58021,58930,100615,98178,92266,91513,90219,95759,90917,93242,55230,68428,43658,60379,10791,21723,5184,4879,50116,51280,92383,89533,85163,83586,84302,89355,86332,88797,53119,65784,42217,58249,10267,20541,778088,721582,132647,122576,158570,141878,74709,326,342
2021-08-17T23:59:59+02:00,7301,6996,57832,58770,100420,98002,92099,91361,90095,95627,90820,93151,55190,68381,43634,60351,10789,21708,5063,4746,49620,50853,91930,89112,84758,83225,83971,89057,86125,88595,53015,65659,42159,58172,10261,20517,776962,718541,132543,122166,158557,141588,74201,325,342
2021-08-16T23:59:59+02:00,7241,6930,57647,58592,100217,97827,91950,91200,89954,95507,90705,93053,55136,68318,43604,60300,10782,21694,4852,4562,49049,50271,91455,88655,84289,82823,83638,88760,85895,88388,52908,65543,42100,58094,10252,20479,775778,714974,132452,121722,158550,141362,73613,325,342
2021-08-15T23:59:59+02:00,7175,6882,57424,58401,100031,97643,91791,91057,89829,95400,90617,92992,55099,68277,43584,60271,10778,21687,4453,4162,47922,49124,90809,87963,83731,82277,83242,88370,85607,88182,52800,65419,42055,58035,10243,20460,774686,709138,132340,121092,158542,141178,73106,325,340
2021-08-14T23:59:59+02:00,7143,6849,57301,58312,99888,97541,91684,90980,89740,95331,90566,92947,55083,68260,43579,60264,10777,21686,4424,4139,47765,48979,90575,87789,83513,82066,83116,88269,85537,88138,52772,65388,42046,58024,10242,20458,774152,708309,132282,120767,158537,141128,72696,325,340
2021-08-13T23:59:59+02:00,7096,6804,57145,58177,99729,97413,91554,90839,89633,95215,90485,92883,55053,68209,43565,60239,10775,21679,4364,4078,47456,48655,90089,87379,83107,81686,82852,88034,85364,87996,52728,65320,42024,57999,10239,20446,773307,706053,132222,120208,158530,141047,72171,323,337
2021-08-12T23:59:59+02:00,7061,6754,56938,58013,99513,97235,91375,90672,89487,95069,90391,92802,55016,68156,43538,60205,10767,21662,4312,4015,47034,48257,89439,86808,82523,81136,82474,87706,85134,87815,52653,65217,41970,57940,10229,20428,772225,703057,132118,119370,158518,140797,71530,323,336
2021-08-11T23:59:59+02:00,7025,6699,56748,57841,99301,97054,91216,90531,89354,94951,90280,92700,54964,68096,43506,60166,10757,21647,4238,3966,46614,47794,88807,86153,81936,80626,82134,87398,84863,87571,52564,65073,41897,57815,10210,20379,771085,699854,132019,118412,158495,140460,70977,320,335
2021-08-10T23:59:59+02:00,6964,6651,56560,57673,99078,96901,91058,90379,89225,94835,90195,92622,54921,68049,43490,60126,10753,21634,4173,3901,46173,47313,88159,85520,81326,80081,81721,87016,84615,87352,52443,64963,41837,57732,10196,20348,770012,696480,131923,117469,158476,140142,70443,320,335
2021-08-09T23:59:59+02:00,6912,6592,56387,57512,98883,96742,90902,90240,89081,94734,90084,92558,54880,67998,43465,60091,10746,21619,4104,3823,45603,46743,87324,84840,80636,79492,81304,86661,84320,87124,52330,64829,41781,57631,10182,20305,768964,692611,131850,116407,158466,139795,69887,319,332
2021-08-08T23:59:59+02:00,6841,6523,56162,57323,98669,96549,90719,90074,88944,94612,89988,92483,54825,67950,43439,60056,10739,21598,4048,3762,44997,46127,86249,83894,79729,78675,80755,86181,83986,86824,52195,64675,41717,57540,10169,20278,767733,687445,131735,115221,158444,139481,69323,318,331
2021-08-07T23:59:59+02:00,6797,6472,56018,57200,98528,96433,90587,89971,88849,94554,89926,92442,54805,67923,43436,60045,10736,21593,3587,3387,44155,45234,85909,83553,79252,78233,80392,85829,83805,86679,52132,64591,41696,57504,10164,20269,767056,683701,131673,114074,158439,139378,68888,318,330
2021-08-06T23:59:59+02:00,6741,6423,55826,57047,98295,96246,90433,89841,88722,94439,89828,92371,54765,67895,43427,60018,10733,21589,3203,2988,43233,44337,85435,83083,78665,77675,80002,85442,83614,86531,52080,64526,41670,57473,10156,20256,766081,679712,131574,112793,158432,139242,68293,318,329
2021-08-05T23:59:59+02:00,6673,6351,55503,56796,97991,95973,90167,89619,88507,94242,89657,92235,54700,67804,43397,59966,10724,21571,2686,2540,41981,43162,84696,82394,77878,76872,79402,84873,83254,86229,51949,64367,41610,57370,10141,20223,764398,674100,131445,111150,158419,138694,67355,318,328
2021-08-04T23:59:59+02:00,6593,6301,55257,56604,97723,95757,89978,89451,88363,94101,89537,92135,54647,67753,43359,59919,10720,21561,2614,2480,41493,42664,83452,81341,76522,75727,78911,84415,82934,85980,51808,64228,41552,57282,10125,20197,763087,668871,131338,109633,158405,138223,66670,318,328
2021-08-03T23:59:59+02:00,6527,6235,54999,56409,97487,95561,89799,89285,88220,93955,89391,92013,54569,67672,43322,59861,10712,21553,2559,2438,41052,42231,82205,80201,75096,74536,78302,83847,82385,85486,51593,64024,41451,57126,10112,20161,761698,663027,131233,107932,158381,137518,66000,317,328
2021-08-02T23:59:59+02:00,6465,6172,54759,56205,97224,95337,89574,89110,88049,93812,89248,91899,54486,67599,43289,59808,10709,21533,2508,2373,40567,41727,80874,79087,73540,73324,77669,83282,81842,85001,51422,63819,41376,57005,10095,20127,760256,656907,131083,106171,158358,136911,65324,316,325
2021-08-01T23:59:59+02:00,6398,6087,54488,55938,96954,95067,89336,88934,87844,93666,89083,91788,54417,67513,43252,59756,10702,21526,2429,2320,40046,41226,79579,78003,72122,72220,76769,82528,81254,84534,51231,63581,41288,56900,10084,20103,758638,650699,130887,104266,158332,136296,64637,312,319
2021-07-31T23:59:59+02:00,6362,6049,54365,55844,96832,94972,89233,88867,87753,93594,89038,91751,54405,67503,43246,59752,10702,21525,1904,1870,39084,40196,79127,77561,71585,71665,76385,82200,81139,84438,51212,63547,41272,56888,10084,20100,758151,646004,130717,103392,158329,136201,64341,312,319
2021-07-30T23:59:59+02:00,6307,6014,54187,55697,96672,94794,89075,88718,87621,93479,88955,91681,54368,67473,43233,59734,10700,21523,1436,1420,38068,39133,78417,76901,70825,70928,75870,81671,80737,84113,51135,63458,41238,56828,10078,20088,757246,639776,130401,102252,158324,135992,64006,311,318
2021-07-29T23:59:59+02:00,6256,5956,53949,55511,96412,94568,88861,88507,87448,93303,88814,91552,54308,67408,43210,59693,10691,21502,949,953,36816,37888,77357,76027,69772,69975,75060,80907,80198,83683,51002,63293,41171,56732,10061,20061,755989,631975,129919,100695,158306,135435,63482,310,318
2021-07-28T23:59:59+02:00,6219,5903,53744,55339,96203,94361,88709,88325,87335,93161,88702,91454,54248,67331,43176,59644,10681,21470,908,903,36199,37277,76184,75045,68489,68871,74296,80190,79704,83222,50857,63088,41103,56627,10045,20020,754796,625597,129470,99277,158290,134642,63196,310,316
2021-07-27T23:59:59+02:00,6169,5861,53508,55114,95939,94146,88525,88138,87177,93004,88578,91356,54192,67253,43135,59581,10667,21422,847,847,35536,36504,74718,73791,67035,67649,73428,79343,79158,82699,50682,62875,41024,56506,10020,19978,753359,618246,129038,97821,158267,133410,62848,310,315
2021-07-26T23:59:59+02:00,6112,5808,53287,54906,95695,93954,88324,87966,87012,92868,88449,91253,54130,67172,43106,59524,10660,21400,791,788,34764,35659,73193,72454,65661,66409,72380,78348,78562,82162,50506,62656,40945,56356,9998,19933,752000,610122,128614,96289,158246,132327,62514,309,313
2021-07-25T23:59:59+02:00,6074,5764,53077,54700,95439,93723,88148,87771,86853,92736,88340,91155,54077,67106,43078,59480,10650,21365,679,679,34059,34891,71842,71243,64550,65393,71378,77432,78085,81707,50384,62466,40880,56268,9992,19898,750578,603114,128339,94730,158224,131526,62143,309,313
2021-07-24T23:59:59+02:00,5986,5707,52801,54402,95129,93410,87902,87561,86677,92579,88240,91074,54048,67072,43066,59457,10650,21359,630,628,33546,34392,70972,70545,63884,64834,70499,76732,77881,81556,50329,62423,40858,56243,9992,19896,748698,598674,128284,93794,158223,131397,61662,309,313
2021-07-23T23:59:59+02:00,5933,5651,52527,54129,94725,93120,87597,87343,86495,92400,88098,90981,54012,67024,43058,59439,10647,21353,577,583,33012,33729,69906,69678,63097,64160,69592,75881,77479,81226,50253,62323,40826,56204,9985,19882,746626,592998,128210,92635,158217,131221,61226,309,313
2021-07-22T23:59:59+02:00,5863,5588,52108,53725,94242,92669,87210,87004,86183,92099,87886,90794,53926,66930,43029,59378,10639,21327,502,520,32294,32992,68589,68682,62047,63279,67974,74524,76823,80709,50100,62113,40734,56089,9964,19842,743553,586503,127977,89879,158191,130456,60627,308,312
2021-07-21T23:59:59+02:00,5809,5534,51735,53337,93805,92251,86900,86702,85927,91854,87713,90605,53842,66843,42970,59311,10628,21299,452,462,31672,32331,67252,67638,60954,62383,65933,72831,75914,79961,49811,61802,40573,55901,9940,19785,740729,580188,127739,85551,158160,129360,60184,308,312
2021-07-20T23:59:59+02:00,5750,5470,51346,52942,93340,91780,86530,86376,85658,91598,87489,90409,53749,66709,42921,59253,10621,21274,405,418,31006,31667,65783,66442,59821,61419,64753,71769,75298,79402,49604,61571,40467,55741,9916,19722,737745,573106,127518,83865,158105,128327,59594,308,312
2021-07-19T23:59:59+02:00,5673,5396,50872,52481,92866,91298,86159,86043,85408,91382,87283,90228,53655,66587,42885,59174,10603,21239,361,365,30456,31076,64615,65384,58905,60559,63598,70732,74695,78883,49430,61374,40377,55593,9888,19678,734458,567303,127289,82056,158069,127136,59163,308,311
2021-07-18T23:59:59+02:00,5604,5326,50045,51664,91788,90243,85427,85427,84926,90949,86990,89936,53548,66440,42822,59078,10593,21208,324,321,29909,30487,63423,64310,57979,59641,62420,69704,74144,78383,49280,61211,40318,55509,9876,19649,727975,561447,126959,80025,158052,126329,58777,306,310
2021-07-17T23:59:59+02:00,5430,5139,49692,51330,91645,90107,85232,85268,84767,90811,86882,89854,53528,66413,42811,59066,10592,21205,272,266,29519,30099,62777,63708,57418,59218,61666,68968,73836,78140,49168,61092,40279,55451,9866,19638,726795,558405,126781,79057,158048,125713,57896,306,310
2021-07-16T23:59:59+02:00,5329,5048,49367,51030,91378,89882,84983,85068,84570,90627,86744,89747,53486,66380,42793,59052,10589,21200,237,231,29013,29589,61834,62793,56570,58530,60612,67927,73335,77719,49006,60903,40232,55382,9861,19629,725403,553418,126609,77735,158041,124971,56969,305,310
2021-07-15T23:59:59+02:00,5193,4914,48886,50615,90976,89499,84624,84687,84265,90348,86521,89578,53403,66289,42739,58983,10579,21172,187,198,28282,28955,60514,61721,55433,57542,59195,66612,72598,77128,48773,60639,40142,55250,9845,19574,722909,547559,126191,75527,158006,123293,55901,304,308
2021-07-14T23:59:59+02:00,5087,4799,48528,50235,90672,89203,84331,84372,84016,90111,86320,89420,53314,66180,42681,58894,10562,21142,168,175,27745,28379,59413,60723,54463,56695,58316,65759,71989,76539,48504,60361,40036,55075,9822,19530,720728,542108,125831,74604,157962,121591,55083,303,306
2021-07-13T23:59:59+02:00,4975,4682,48118,49851,90276,88846,84023,84062,83746,89848,86112,89251,53203,66075,42626,58830,10556,21121,152,165,27074,27693,58039,59533,53266,55704,57325,64845,71261,75899,48226,60036,39908,54896,9790,19478,718343,535733,125458,73487,157906,119536,54230,303,304
2021-07-12T23:59:59+02:00,4804,4511,47560,49330,89880,88505,83626,83739,83496,89584,85922,89090,53122,65979,42579,58767,10544,21106,143,157,26437,27027,56535,58182,51978,54639,56102,63699,70513,75274,47849,59605,39733,54671,9748,19413,715601,528409,125089,72465,157845,117182,53346,302,303
2021-07-11T23:59:59+02:00,4410,4137,46609,48401,89449,88070,83212,83351,83185,89295,85726,88940,53032,65885,42553,58711,10533,21089,131,149,25830,26460,55155,56924,50679,53592,55060,62667,69917,74722,47500,59222,39609,54496,9723,19371,711619,521768,124616,71457,157806,115392,52288,298,302
2021-07-10T23:59:59+02:00,4397,4124,46276,48052,88994,87588,82881,83039,83078,89195,85661,88883,53011,65862,42544,58697,10532,21085,128,141,25340,25919,54064,55974,49818,53006,54458,62099,69701,74535,47132,58803,39509,54391,9718,19360,710944,517436,124148,71372,157630,114068,50918,297,302
2021-07-09T23:59:59+02:00,4377,4112,45852,47608,88372,87023,82503,82695,82829,89004,85545,88790,52975,65833,42537,58684,10528,21076,122,126,24634,25142,52736,54738,48873,52124,53677,61247,69277,74129,46773,58393,39421,54300,9711,19348,709513,511238,123559,70966,157466,112716,49549,294,302
2021-07-08T23:59:59+02:00,4347,4085,45299,47103,87508,86307,81964,82177,82573,88758,85351,88636,52906,65765,42505,58637,10517,21060,114,109,23636,24191,50791,53153,47489,50971,52537,60116,68583,73489,46250,57836,39285,54137,9683,19280,707363,503457,122663,69688,157177,110177,48027,293,301
2021-07-07T23:59:59+02:00,4324,4058,44717,46507,86662,85540,81403,81691,82287,88461,85142,88472,52826,65663,42463,58573,10509,21040,102,94,22737,23273,48837,51463,45972,49833,51292,58932,67879,72953,45513,57092,39088,53899,9649,19221,704816,495244,121662,68577,156922,107059,46650,291,299
2021-07-06T23:59:59+02:00,4291,4037,44167,45983,85791,84801,80786,81095,81917,88130,84965,88295,52736,65582,42426,58511,10500,21015,93,84,21894,22394,46829,49679,44581,48582,50008,57588,67134,72232,44681,56317,38902,53660,9631,19166,702138,486233,120642,67496,156624,104089,45338,289,299
2021-07-05T23:59:59+02:00,4269,4001,43003,44983,84269,83699,80058,80473,81458,87706,84686,88028,52621,65443,42375,58433,10486,20987,82,72,20700,21317,44864,48076,43560,47619,48980,56625,66434,71613,43918,55454,38728,53435,9606,19126,698784,480219,119585,66624,156259,100999,42068,285,299
2021-07-04T23:59:59+02:00,4241,3978,41637,43752,82626,82386,79331,79869,80985,87279,84413,87824,52529,65317,42332,58380,10473,20958,79,65,19345,20102,43069,46557,42858,46874,48166,55771,65855,71044,43171,54598,38565,53241,9586,19078,695639,475539,118430,65687,155836,98377,38123,285,298
2021-07-03T23:59:59+02:00,3774,3563,40052,42183,81753,81726,78843,79382,80541,86803,84196,87652,52462,65216,42313,58327,10470,20952,75,64,18535,19406,42148,45859,42440,46497,47760,55372,65690,70878,42581,53868,38502,53140,9579,19068,691849,473591,117122,65586,155752,96784,35203,285,298
2021-07-02T23:59:59+02:00,3217,2990,38493,40676,81016,80998,78172,78671,80021,86299,83954,87448,52411,65130,42285,58280,10458,20939,67,56,17761,18669,40989,44892,41702,45795,46926,54589,65167,70425,41627,52662,38372,52950,9563,19049,686773,468484,115718,65115,155602,94279,33086,282,297
2021-07-01T23:59:59+02:00,2568,2443,36768,39002,80033,80120,77331,77838,79317,85662,83639,87168,52286,64974,42222,58178,10440,20909,56,43,16868,17728,39441,43650,40486,44730,45619,53455,64419,69838,40734,51520,38222,52740,9546,19017,680402,462009,113989,63461,155382,91499,30847,281,296
2021-06-30T23:59:59+02:00,2526,2413,35748,37976,78189,78614,75628,76349,78672,85112,83353,86874,52157,64811,42162,58081,10428,20882,47,33,15825,16736,37760,42423,39284,43625,44462,52390,63662,69205,40186,50832,38103,52540,9524,18982,674514,455842,112248,62119,155173,89602,27762,281,294
2021-06-29T23:59:59+02:00,2489,2381,34910,37065,76583,77120,74014,74934,77871,84395,82806,86381,51974,64592,42086,57950,10411,20846,34,24,14987,15822,36443,41274,38370,42799,43238,51334,62942,68619,39474,49895,37967,52321,9502,18937,668123,450625,110373,60284,154904,87651,25130,281,292
2021-06-28T23:59:59+02:00,2448,2347,34081,36236,74964,75706,72331,73538,76849,83606,82202,85881,51799,64366,42009,57844,10398,20814,25,19,14235,15056,35384,40243,37546,42065,42110,50337,62287,68069,38596,48805,37799,52097,9482,18892,661620,445740,108412,58769,154308,85445,22801,281,292
2021-06-27T23:59:59+02:00,2433,2332,33339,35480,73396,74334,70921,72329,75452,82486,81523,85325,51601,64149,41944,57726,10388,20785,20,19,13592,14411,34420,39481,36888,41464,41171,49485,61744,67625,37727,47769,37647,51918,9467,18861,655391,441798,106479,58001,153355,83180,20440,280,290
2021-06-26T23:59:59+02:00,1795,1724,32293,34364,73032,74013,70455,71865,75160,82175,81430,85247,51581,64121,41929,57716,10387,20782,20,18,13397,14199,33747,38937,36240,41041,40648,49148,60752,66614,36730,46633,37478,51705,9453,18828,650572,435789,105541,57946,153351,81237,20328,279,288
2021-06-25T23:59:59+02:00,1175,1128,31163,33174,72528,73479,69841,71170,74733,81725,81050,84921,51519,64034,41896,57673,10382,20768,17,16,13056,13802,32893,38140,35369,40222,39691,48306,59539,65379,36215,45931,37286,51404,9430,18787,644197,427337,104347,57497,153346,80170,20192,279,287
2021-06-24T23:59:59+02:00,562,569,29814,31842,71739,72720,68966,70286,74056,81090,80600,84556,51410,63904,41843,57603,10371,20735,14,13,12383,13085,31711,36838,34143,38954,38553,47187,57900,64005,35735,45413,37129,51214,9411,18728,636322,417942,102861,55936,153234,78281,19973,278,284
2021-06-23T23:59:59+02:00,535,536,29303,31277,70623,71733,67693,69143,73306,80401,80150,84148,51297,63729,41785,57507,10355,20703,12,12,11883,12546,30714,35590,33204,37728,37528,46305,55950,62283,35182,44845,36960,50986,9390,18663,630055,408118,101280,54874,153131,77026,19482,278,281
2021-06-22T23:59:59+02:00,512,519,28778,30668,69448,70696,66485,68115,72627,79696,79736,83775,51190,63602,41738,57423,10346,20677,10,11,11530,12124,29797,34661,32248,36832,36567,45400,53971,60442,34794,44369,36822,50743,9361,18605,623687,399546,99812,53301,152998,75904,19258,278,278
2021-06-21T23:59:59+02:00,480,485,28105,29975,68129,69516,65297,66985,71871,78916,79339,83381,51081,63489,41680,57335,10332,20636,9,11,11234,11805,29171,34070,31696,36262,35957,44807,52126,58783,34083,43564,36526,50321,9332,18529,616837,391949,98311,52104,152876,75221,18735,275,277
2021-06-20T23:59:59+02:00,395,405,27469,29303,66898,68375,64279,66051,71063,78175,78988,83042,51004,63361,41631,57268,10327,20603,5,10,10943,11533,28618,33567,31238,35769,35444,44284,50278,56984,33537,42881,36329,49987,9302,18469,610433,384501,96851,51352,152776,74748,18304,275,273
2021-06-19T23:59:59+02:00,363,371,27079,28926,66165,67805,63751,65544,70264,77521,78836,82918,50984,63335,41615,57252,10326,20603,5,9,10806,11332,28364,33246,30981,35442,35219,44021,48828,55590,33277,42532,36244,49847,9294,18441,606464,379079,95909,51340,152776,74550,18236,275,273
2021-06-18T23:59:59+02:00,335,337,26613,28448,65146,67063,63011,64930,69338,76681,78445,82586,50921,63261,41588,57216,10323,20595,5,9,10586,11087,27964,32818,30649,35030,34827,43621,47083,53907,32921,42015,36107,49636,9274,18406,601012,372185,94665,51050,152770,74321,18117,275,272
2021-06-17T23:59:59+02:00,305,306,25964,27826,63871,66065,62008,64119,67748,75272,77920,82179,50819,63108,41525,57135,10310,20568,5,9,10161,10721,27167,32117,29903,34349,33987,42915,45565,52406,32468,41381,35944,49379,9243,18356,594886,364699,92006,49904,152608,73928,17276,274,269
2021-06-16T23:59:59+02:00,270,267,25425,27217,62566,64932,60896,63151,65482,73343,77074,81524,50606,62899,41433,57023,10291,20536,5,7,9834,10452,26514,31441,29198,33727,33255,42277,44968,51837,32194,41015,35798,49181,9222,18316,588580,360974,87490,49194,152197,72406,16398,272,269
2021-06-15T23:59:59+02:00,231,236,24770,26490,61154,63701,59815,62167,64326,72254,76564,81102,50482,62749,41383,56928,10284,20507,5,7,9561,10168,25909,30705,28560,32973,32575,41551,43410,50205,31743,40457,35626,48946,9192,18251,581378,354232,85860,48295,151743,71155,15893,271,269
2021-06-14T23:59:59+02:00,208,204,24286,25881,60046,62654,58939,61322,63248,71249,76087,80711,50394,62624,41333,56857,10269,20482,4,7,9264,9866,25158,29815,27798,32136,31786,40736,42122,48859,31371,39956,35490,48726,9162,18198,575481,348068,84145,47276,151538,69481,15361,271,268
2021-06-13T23:59:59+02:00,203,189,23871,25409,59102,61744,58166,60535,62140,70281,75621,80289,50303,62507,41282,56798,10258,20452,4,7,8975,9559,24446,28970,27089,31295,31028,39878,40560,47269,30902,39339,35289,48419,9132,18108,570455,340981,82290,46494,151313,67704,14824,270,266
2021-06-12T23:59:59+02:00,190,171,23607,25119,58539,61236,57806,60254,61496,69644,75420,80176,50278,62475,41270,56784,10255,20447,4,7,8854,9438,23969,28391,26564,30716,30496,39316,39460,46295,30734,39161,35195,48253,9128,18097,567481,336719,81335,46491,151306,65825,14777,270,266
2021-06-11T23:59:59+02:00,171,156,23231,24675,57785,60414,57129,59625,60587,68712,75073,79870,50202,62399,41244,56747,10253,20441,4,6,8707,9239,23447,27713,26029,30058,29907,38673,38380,45281,30467,38803,35052,48033,9115,18070,562417,331835,80044,46232,151293,63960,14693,269,264
2021-06-10T23:59:59+02:00,156,139,22685,24084,56638,59476,56201,58807,59323,67536,74532,79469,50130,62291,41220,56698,10238,20412,4,6,8440,8982,22571,26767,25067,29118,28784,37734,36988,44114,30108,38322,34772,47600,9048,17994,556812,324909,77832,45523,151053,61653,14071,269,263
2021-06-09T23:59:59+02:00,137,123,22048,23479,55376,58370,55120,57893,58370,66625,74071,79075,50043,62191,41168,56636,10224,20381,4,5,8138,8718,21638,25898,24137,28237,27749,36779,35267,42322,29716,37818,34586,47330,9006,17903,550986,317449,76369,44790,150703,59745,13006,268,261
2021-06-08T23:59:59+02:00,115,105,21365,22753,54065,57237,54001,56909,57410,65768,73525,78641,49953,62067,41113,56545,10206,20351,3,4,7870,8466,20747,25008,23081,27369,26708,35816,33902,41015,29358,37313,34265,46871,8955,17819,544271,311122,75432,44018,150264,57274,11896,267,260
2021-06-07T23:59:59+02:00,98,88,20706,22113,52621,55977,52742,55929,56253,64780,72971,78235,49867,61958,41067,56481,10193,20325,2,3,7610,8242,19907,24189,22060,26560,25671,34944,32968,40228,29075,36917,34016,46444,8904,17728,536953,306483,74528,43198,149855,54725,10802,267,260
2021-06-06T23:59:59+02:00,91,83,20192,21577,51472,54865,51630,54949,55288,63828,72458,77828,49777,61879,41031,56418,10185,20309,2,3,7395,8045,19123,23293,21160,25688,24599,33958,32050,39408,28786,36575,33763,46053,8853,17654,530604,301922,73501,42454,149518,51803,9972,266,257
2021-06-05T23:59:59+02:00,85,75,19916,21264,50686,54108,50976,54445,54815,63353,72327,77714,49766,61865,41026,56415,10182,20309,2,3,7163,7630,18479,22227,20436,24576,23723,32702,31013,38087,28451,36108,33638,45878,8846,17634,526224,295624,73495,42416,149451,48409,9892,266,255
2021-06-04T23:59:59+02:00,75,69,19457,20675,49617,53088,50154,53576,54157,62565,71985,77388,49738,61826,41006,56400,10180,20304,2,2,6936,7310,17848,21375,19741,23574,22782,31418,29788,36745,28162,35740,33524,45702,8834,17613,519714,289127,73166,42347,149436,45688,9680,265,254
2021-06-03T23:59:59+02:00,65,58,18772,19973,48092,51784,48931,52439,53178,61535,71482,76929,49669,61723,40968,56353,10167,20279,2,2,6643,6909,17110,20323,18938,22425,21771,29986,28621,35253,27620,34954,33318,45374,8797,17537,511903,282362,72151,41591,149163,42461,8918,263,251
2021-06-02T23:59:59+02:00,60,54,18387,19450,47068,50788,48046,51672,52423,60772,71230,76715,49630,61687,40950,56323,10159,20265,1,2,6453,6672,16468,19628,18011,21660,20919,29035,27525,33839,27155,34344,33156,45122,8768,17467,505586,276058,72131,41577,149144,39788,8560,259,242
2021-06-01T23:59:59+02:00,50,48,17699,18703,45200,49051,46390,50212,50904,59308,70550,76117,49536,61575,40891,56250,10147,20217,1,1,6172,6352,15311,18728,16497,20690,19700,27776,26298,32436,26594,33644,32905,44771,8722,17365,496458,269533,70761,41004,148599,36413,6777,254,236
2021-05-31T23:59:59+02:00,48,44,17214,18204,43894,47906,45172,49098,49663,58181,69864,75604,49452,61470,40845,56183,10135,20179,1,1,5894,6016,14269,17891,15087,19765,18520,26656,25064,31088,26071,32923,32710,44472,8688,17264,490194,263217,69596,40458,148133,33494,4981,253,230
2021-05-30T23:59:59+02:00,42,43,16879,17807,42926,46962,44263,48194,48653,57182,69312,75059,49345,61314,40773,56067,10119,20136,1,1,5699,5771,13717,17179,14455,19065,17612,25681,23959,29913,25298,31971,32410,44053,8643,17175,484238,257220,68564,39658,147724,31206,4299,252,220
2021-05-29T23:59:59+02:00,42,42,16742,17679,42561,46642,43919,47929,48412,56992,69254,75006,49339,61308,40766,56063,10119,20135,1,1,5533,5528,13207,16378,13809,18216,16769,24513,22841,28609,25137,31734,32345,43958,8640,17168,482253,251609,68440,39658,147718,28615,4289,251,216
2021-05-28T23:59:59+02:00,41,40,16440,17370,41851,46012,43406,47361,47902,56460,68976,74711,49272,61225,40740,56013,10116,20130,1,1,5286,5141,12670,15459,13126,17351,15903,23276,21735,27166,24884,31368,32250,43825,8630,17152,477939,245531,67933,39555,147694,25677,4250,251,211
2021-05-27T23:59:59+02:00,38,37,15907,16814,40698,45022,42387,46465,46914,55568,68396,74271,49149,61064,40686,55941,10105,20091,1,1,5041,4793,12025,14636,12337,16415,14829,22082,20473,25653,24377,30630,32078,43564,8596,17069,472029,238158,66419,38746,146975,23607,3884,247,205
2021-05-26T23:59:59+02:00,36,36,15492,16372,39598,44092,41348,45592,45885,54690,67790,73759,48993,60881,40602,55777,10082,20043,1,1,4847,4590,11470,13875,11618,15565,13817,20948,19069,24055,23789,29841,31860,43218,8541,16967,466852,230871,64398,37874,145988,21538,3585,246,204
2021-05-25T23:59:59+02:00,36,35,15087,15953,38589,43201,40379,44741,44931,53764,67168,73226,48808,60639,40523,55642,10057,19990,1,1,4625,4383,10926,13227,10848,14794,12743,19706,17635,22550,23199,29061,31622,42892,8484,16872,461495,223480,62817,36930,144877,19623,3336,245,200
2021-05-24T23:59:59+02:00,36,33,14736,15620,37750,42461,39511,44062,44069,52974,66634,72742,48684,60460,40460,55519,10037,19945,1,1,4476,4254,10481,12757,10208,14212,11853,18872,16340,21282,22520,28225,31404,42560,8425,16783,456857,216540,61577,35988,144133,19005,2923,244,198
2021-05-23T23:59:59+02:00,32,33,14568,15439,37284,42085,39057,43659,43617,52566,66362,72513,48597,60366,40421,55472,10030,19921,1,1,4288,4111,10012,12280,9586,13604,10904,18052,15139,20214,22044,27647,31150,42268,8374,16697,453641,209507,61195,35906,144110,17931,2833,243,195
2021-05-22T23:59:59+02:00,30,31,14371,15222,36590,41518,38370,43200,43040,52152,65342,71495,48390,60107,40349,55357,10020,19900,1,1,4176,3814,9796,11862,9433,13281,10662,17606,14867,19813,21951,27530,31116,42226,8367,16688,447153,208276,61191,35903,144095,16014,2802,243,195
2021-05-21T23:59:59+02:00,29,30,13981,14809,35515,40603,37308,42278,41968,51246,63985,70203,48158,59768,40268,55208,10003,19867,1,1,4062,3714,9586,11592,9215,13011,10324,17274,14449,19440,21730,27243,31054,42135,8358,16680,437517,206292,60830,35597,143857,15007,2783,240,190
2021-05-20T23:59:59+02:00,26,30,13169,14063,34074,39155,35887,40882,40561,50042,62687,69052,47863,59427,40121,55026,9982,19817,1,1,3904,3536,9059,10984,8562,12296,9622,16427,13694,18474,20909,26122,30859,41836,8319,16593,427264,201909,59126,34747,142838,11955,2398,238,189
2021-05-19T23:59:59+02:00,26,29,12625,13485,32896,37744,34787,39503,39428,49079,60677,67278,47381,58869,39934,54761,9939,19711,1,1,3797,3396,8779,10609,8265,11924,9180,15919,13052,17809,20039,24991,30631,41531,8262,16478,416386,197647,57611,33933,141724,10705,2195,236,184
2021-05-18T23:59:59+02:00,24,29,12195,13023,31856,36731,33704,38589,38387,48144,58610,65409,47027,58423,39778,54520,9907,19651,1,1,3591,3228,8281,10014,7795,11382,8629,15247,12367,17039,19096,23757,30393,41189,8224,16372,407691,193534,55655,33087,140533,7905,1896,232,184
2021-05-17T23:59:59+02:00,22,28,11938,12738,31335,36172,33209,38026,37792,47510,56712,63700,46321,57598,39499,54121,9869,19578,1,1,3503,3117,8013,9736,7495,11083,8227,14834,11790,16429,18171,22620,30157,40869,8188,16297,400089,189135,54523,32342,139721,7275,1604,231,175
2021-05-16T23:59:59+02:00,22,28,11718,12482,30805,35667,32746,37532,37269,46936,54810,61866,45770,56900,39305,53804,9841,19522,1,1,3404,3013,7723,9440,7171,10741,7755,14367,11205,15840,17241,21467,29947,40579,8150,16228,393102,184838,53553,31491,139051,6683,1088,229,173
2021-05-15T23:59:59+02:00,22,28,11557,12273,30524,35334,32507,37211,37039,46672,53240,60385,45519,56595,39228,53665,9835,19494,1,1,3380,2993,7695,9408,7155,10718,7735,14352,11184,15815,17127,21250,29735,40269,8142,16218,387276,183820,53549,31488,139004,6628,1071,228,171
2021-05-14T23:59:59+02:00,22,28,11304,11980,30045,34819,32121,36747,36516,46192,51353,58541,45157,56093,39088,53459,9818,19454,1,1,3350,2967,7622,9331,7091,10644,7668,14288,10999,15613,16387,20178,29449,39777,8125,16178,379406,180847,53219,31148,138868,6486,1017,227,171
2021-05-13T23:59:59+02:00,20,27,11010,11638,29394,34165,31514,36142,35833,45515,49873,57021,44723,55467,38917,53212,9791,19407,1,1,3270,2916,7491,9222,6997,10548,7561,14176,10663,15264,15326,18931,29064,39136,8082,16103,372230,177009,52202,30584,138116,6096,895,226,168
2021-05-12T23:59:59+02:00,19,25,10875,11490,29102,33840,31245,35846,35510,45196,49588,56707,44629,55356,38865,53135,9784,19368,1,0,3256,2889,7456,9184,6964,10510,7529,14132,10488,15105,14942,18493,28756,38648,8060,16056,369515,174909,52113,30571,137959,6051,770,223,168
2021-05-11T23:59:59+02:00,18,22,10509,11155,28241,33019,30419,35087,34645,44407,47845,54929,44169,54755,38691,52848,9746,19265,1,0,3163,2792,7210,8905,6732,10207,7309,13763,10007,14555,13949,17339,28337,38027,8021,15962,362547,171190,50403,29670,136058,4710,541,221,168
2021-05-10T23:59:59+02:00,17,22,10197,10864,27498,32317,29639,34392,33875,43636,46539,53653,43783,54247,38504,52546,9696,19151,1,0,3119,2744,7080,8780,6634,10086,7163,13583,9737,14251,13243,16469,27908,37412,7996,15881,356283,168344,49283,29285,134366,3866,427,217,165
2021-05-09T23:59:59+02:00,16,22,9950,10608,26808,31623,28978,33696,33150,42937,44998,52168,43283,53621,38306,52241,9659,19065,1,0,3071,2696,6952,8641,6529,9947,7047,13368,9424,13935,12442,15568,27540,36869,7976,15825,349149,165466,48211,28732,133217,3128,341,211,164
2021-05-08T23:59:59+02:00,16,22,9856,10535,26425,31321,28523,33376,32681,42627,43944,51338,43129,53456,38267,52181,9656,19059,1,0,3066,2691,6942,8634,6523,9938,7038,13355,9414,13922,12405,15505,26859,35916,7939,15749,344567,163585,48171,28704,133128,3109,335,211,164
2021-05-07T23:59:59+02:00,15,22,9708,10384,25946,30931,28064,32993,32172,42272,42897,50508,42857,53113,38157,52025,9644,19032,1,0,2997,2661,6876,8587,6464,9879,6986,13301,9239,13699,11770,14694,25908,34521,7892,15667,339388,159443,47862,28331,132968,2889,315,207,164
2021-05-06T23:59:59+02:00,13,21,9296,10087,25028,30158,26996,32189,30940,41441,41278,49291,42469,52562,37962,51783,9606,18958,1,0,2921,2612,6744,8442,6344,9749,6834,13111,8964,13391,11114,13825,24941,33134,7857,15605,331500,155621,46782,27368,131296,2139,298,202,163
2021-05-05T23:59:59+02:00,13,20,8913,9885,24144,29551,26138,31534,29850,40650,39294,47473,42021,52013,37752,51499,9549,18845,1,0,2876,2579,6621,8309,6243,9634,6729,12966,8716,13128,10396,12989,23923,31807,7828,15533,323623,151690,45929,26477,129174,1734,217,201,160
2021-05-04T23:59:59+02:00,13,19,8668,9640,23358,28903,25161,30794,28778,39810,37765,46004,41547,51426,37474,51153,9498,18722,1,0,2832,2554,6545,8237,6154,9561,6648,12877,8476,12903,9655,12120,22976,30558,7794,15470,316929,147896,44957,25671,126535,1524,113,199,157
2021-05-03T23:59:59+02:00,13,18,8453,9425,22659,28323,24327,30189,27870,39110,36801,45251,41198,50955,37258,50862,9446,18620,1,0,2783,2518,6471,8155,6074,9489,6558,12793,8248,12683,8892,11216,22056,29338,7763,15419,312043,144110,44181,24845,124286,1278,74,194,150
2021-05-02T23:59:59+02:00,13,18,8284,9260,22018,27745,23593,29594,27050,38487,35981,44610,40938,50624,37146,50675,9411,18563,1,0,2745,2493,6429,8114,6034,9452,6515,12751,8066,12508,8289,10472,21344,28468,7742,15400,307199,140902,43413,24569,123146,1144,65,187,143
2021-05-01T23:59:59+02:00,12,18,8127,9073,21642,27294,23113,29025,26407,37769,35153,43715,40671,50247,37047,50522,9405,18546,1,0,2739,2486,6403,8103,6016,9442,6497,12738,8050,12491,8252,10407,21306,28411,7738,15396,301083,140605,43411,24562,123041,1102,64,187,143
2021-04-30T23:59:59+02:00,12,17,7974,8889,21252,26869,22663,28455,25652,36980,34133,42742,40438,49924,36949,50368,9393,18522,1,0,2714,2472,6377,8084,5994,9422,6467,12717,8014,12458,8210,10338,21256,28328,7735,15386,294728,140286,43404,24484,122858,1006,57,185,140
2021-04-29T23:59:59+02:00,11,17,7689,8647,20653,26289,21991,27773,24717,36015,32856,41397,39393,48521,36632,49897,9335,18394,1,0,2678,2434,6285,7974,5906,9319,6372,12575,7808,12182,7582,9607,20846,27810,7711,15311,285948,138204,42620,23248,121423,754,57,179,138
2021-04-28T23:59:59+02:00,10,16,7403,8428,20131,25823,21352,27179,23834,35167,31452,39941,38226,46929,36288,49403,9273,18252,1,0,2603,2384,6167,7851,5795,9184,6266,12417,7580,11903,6879,8750,20428,27227,7671,15240,277254,135692,41843,21943,119779,524,56,175,131
2021-04-27T23:59:59+02:00,9,16,7212,8245,19704,25393,20728,26640,22975,34383,30229,38607,37131,45481,35906,48833,9203,18126,1,0,2576,2360,6066,7751,5742,9087,6198,12292,7364,11707,6273,8012,20027,26726,7651,15217,269395,133597,40975,20995,118224,276,56,171,126
2021-04-26T23:59:59+02:00,8,16,7028,8077,19283,24968,20179,26113,22162,33624,29012,37367,36070,44054,35598,48345,9152,17998,1,0,2561,2349,6020,7709,5697,9047,6159,12247,7176,11543,5659,7273,19652,26281,7628,15189,261672,131624,40151,20149,117017,244,51,163,123
2021-04-25T23:59:59+02:00,8,15,6919,7941,18945,24694,19799,25773,21548,32998,28017,36403,34930,42621,35279,47916,9110,17916,1,0,2546,2340,6001,7682,5677,9028,6139,12220,7136,11516,5530,7088,19315,25816,7612,15145,254432,130985,39434,19403,116755,232,50,161,122
2021-04-24T23:59:59+02:00,8,15,6750,7760,18503,24268,19244,25235,20761,32196,26927,35348,34679,42306,35186,47751,9100,17904,1,0,2542,2333,5989,7671,5665,9017,6134,12216,7125,11509,5455,6973,19219,25674,7609,15137,248448,130521,39429,19362,115853,215,50,161,121
2021-04-23T23:59:59+02:00,8,15,6518,7557,18055,23790,18671,24620,19926,31378,25757,34144,33897,41134,35042,47518,9086,17881,1,0,2536,2313,5961,7650,5626,8977,6087,12170,7077,11456,5291,6695,18679,25042,7509,14966,240825,128661,39099,19014,114864,193,48,161,120
2021-04-22T23:59:59+02:00,7,14,6301,7348,17446,23201,17876,23837,18872,30352,24427,32700,32853,39777,34797,47160,9046,17802,1,0,2520,2297,5913,7597,5575,8891,6008,12090,6999,11384,5004,6271,17962,24167,7388,14770,231753,126474,38170,18041,113687,158,48,158,116
2021-04-21T23:59:59+02:00,7,13,6099,7163,16917,22728,17213,23232,17881,29448,22871,31104,31843,38538,34499,46719,8997,17713,1,0,2496,2280,5869,7538,5515,8816,5940,11988,6904,11303,4842,5996,17261,23313,7272,14586,222833,124368,37396,17265,112551,126,48,157,113
2021-04-20T23:59:59+02:00,6,12,5911,6966,16350,22252,16460,22579,16878,28444,21394,29631,30689,37040,34181,46273,8943,17613,1,0,2482,2266,5819,7498,5470,8770,5893,11919,6825,11239,4724,5839,16657,22537,7145,14405,213773,122672,36505,16546,111141,117,47,156,107
2021-04-19T23:59:59+02:00,6,12,5724,6804,15820,21828,15782,22026,15878,27566,19995,28222,29300,35392,33862,45788,8883,17496,1,0,2471,2249,5795,7464,5433,8737,5854,11873,6744,11160,4595,5679,16010,21818,7037,14243,205028,121017,35722,15879,109436,114,47,151,106
2021-04-18T23:59:59+02:00,5,12,5535,6661,15387,21503,15159,21463,14902,26771,18657,27084,27908,33740,33526,45362,8821,17407,1,0,2421,2203,5663,7338,5316,8624,5747,11718,6637,11042,4475,5494,15420,21152,6921,14061,196455,119361,34889,14612,108363,110,47,149,103
2021-04-17T23:59:59+02:00,5,11,5497,6624,15231,21425,14984,21377,14666,26593,18402,26862,27402,33194,33401,45214,8812,17392,1,0,2394,2164,5563,7184,5211,8468,5647,11531,6549,10911,4422,5432,15174,20857,6911,14047,195227,117606,34883,14608,106786,102,47,149,103
2021-04-16T23:59:59+02:00,5,11,5432,6569,15048,21272,14772,21213,14378,26345,17985,26448,26355,31965,33265,45004,8792,17369,1,0,2350,2113,5447,6995,5067,8285,5497,11288,6347,10687,4219,5196,14524,20063,6814,13902,191858,114346,34596,14208,105578,94,47,149,100
2021-04-15T23:59:59+02:00,5,10,5359,6489,14832,21060,14503,20927,13941,25993,17341,25815,24985,30347,33006,44679,8758,17287,1,0,2277,2028,5250,6758,4869,7969,5290,10966,6133,10401,4017,4944,13690,18981,6699,13735,187264,110515,33784,13263,104095,85,47,147,98
2021-04-14T23:59:59+02:00,5,10,5279,6419,14626,20858,14248,20703,13556,25659,16672,25190,23396,28556,32692,44279,8703,17193,1,0,2083,1906,5030,6497,4682,7718,5061,10717,5899,10111,3882,4737,12956,18059,6570,13521,182640,107397,32912,11808,102300,80,47,145,98
2021-04-13T23:59:59+02:00,5,10,5222,6367,14417,20727,14001,20516,13208,25359,16097,24683,21676,26695,32373,43862,8673,17084,1,0,1995,1852,4861,6306,4495,7491,4861,10462,5688,9871,3735,4566,12436,17444,6443,13358,178359,104962,32031,10691,100396,69,46,143,97
2021-04-12T23:59:59+02:00,5,9,5160,6298,14198,20532,13696,20253,12818,24942,15511,24131,20063,24748,32082,43499,8631,17009,1,0,1867,1758,4678,6145,4344,7314,4698,10268,5551,9712,3615,4410,12002,16932,6331,13196,173967,103265,30974,9350,98458,67,46,140,94
2021-04-11T23:59:59+02:00,5,9,5088,6220,13976,20334,13397,20039,12399,24588,14943,23615,18552,22964,31821,43157,8586,16927,1,0,1828,1719,4556,6032,4232,7188,4575,10136,5414,9581,3499,4288,11508,16322,6198,12988,169654,101496,30014,8370,96772,65,44,136,90
2021-04-10T23:59:59+02:00,5,9,5083,6211,13956,20317,13386,20026,12381,24569,14917,23592,17858,22039,31530,42737,8568,16900,1,0,1823,1705,4541,6021,4216,7173,4562,10122,5361,9513,3394,4172,10952,15490,6067,12790,168564,99340,29986,8370,95357,63,41,136,89
2021-04-09T23:59:59+02:00,5,9,5069,6191,13914,20266,13334,19968,12329,24509,14651,23337,16335,20143,31124,42089,8534,16857,1,0,1796,1686,4517,6004,4189,7146,4518,10083,5324,9465,3307,4051,10082,14501,5918,12591,165909,96873,29644,8119,92939,61,39,133,87
2021-04-08T23:59:59+02:00,5,9,5023,6162,13813,20190,13252,19888,12225,24405,14309,22974,14557,17920,30503,41083,8471,16733,1,0,1771,1671,4487,5951,4138,7060,4453,10001,5248,9388,3199,3947,9603,13893,5712,12344,162046,95007,28612,7683,90703,60,32,129,85
2021-04-07T23:59:59+02:00,5,9,4988,6130,13699,20102,13153,19796,12115,24294,13916,22605,13019,16056,29854,40099,8417,16632,1,0,1751,1656,4433,5882,4050,6985,4363,9917,5159,9286,3108,3853,8840,12794,5472,11937,157526,92416,27730,6905,89478,52,30,125,84
2021-04-06T23:59:59+02:00,5,9,4957,6106,13599,20035,13070,19738,12036,24230,13538,22253,11381,14048,29193,39128,8385,16561,1,0,1687,1601,4302,5753,3940,6860,4244,9766,5053,9153,2992,3733,8132,11859,5197,11570,153506,90021,26849,5660,87767,50,28,122,84
2021-04-05T23:59:59+02:00,5,8,4918,6076,13525,19967,13000,19666,11979,24151,13261,22001,9764,12096,28466,38076,8350,16498,1,0,1617,1533,4149,5599,3772,6703,4092,9614,4898,9023,2860,3616,7315,10889,4927,11178,150287,87633,25834,3998,85545,47,24,117,84
2021-04-04T23:59:59+02:00,5,8,4900,6058,13515,19942,12990,19647,11972,24131,13160,21927,8737,10833,28015,37434,8325,16441,1,0,1614,1530,4141,5593,3771,6698,4087,9611,4896,9014,2854,3607,7076,10418,4844,11052,148539,86665,25829,3997,83535,41,22,115,82
2021-04-03T23:59:59+02:00,5,8,4897,6048,13497,19922,12977,19636,11962,24120,13146,21908,7828,9766,27134,36190,8275,16329,1,0,1610,1526,4139,5588,3770,6695,4079,9599,4882,9000,2847,3593,6933,10150,4805,10970,146058,86047,25821,3997,81634,40,21,114,82
2021-04-02T23:59:59+02:00,5,8,4891,6028,13461,19894,12938,19591,11915,24071,13071,21841,7316,9017,25544,34088,8130,16059,1,0,1599,1510,4113,5563,3745,6655,4043,9538,4761,8715,2718,3436,6558,9750,4657,10763,141596,84216,25478,3769,80662,40,19,113,81
2021-04-01T23:59:59+02:00,4,8,4841,5968,13363,19751,12820,19439,11768,23915,12469,21394,6753,8303,24035,32117,8003,15818,1,0,1535,1462,4001,5442,3679,6582,3975,9471,4681,8610,2621,3294,6041,9067,4479,10484,137390,81935,24338,3358,78912,36,18,111,78
2021-03-31T23:59:59+02:00,4,8,4789,5911,13238,19594,12685,19282,11578,23735,12206,21132,6429,7928,22550,30158,7849,15588,1,0,1522,1451,3976,5418,3646,6553,3937,9424,4640,8552,2555,3217,5551,8417,4300,10245,133436,80136,23241,3140,77861,36,15,111,78
2021-03-30T23:59:59+02:00,4,8,4723,5843,13101,19444,12573,19101,11449,23570,12038,20994,6238,7714,21159,28424,7703,15383,1,0,1505,1415,3935,5384,3581,6481,3846,9310,4507,8382,2416,3011,5127,7857,4157,9987,130065,77896,22314,2896,76972,24,10,108,76
2021-03-29T23:59:59+02:00,4,8,4682,5800,12980,19350,12504,19017,11368,23460,11885,20859,6079,7515,19729,26739,7576,15180,1,0,1447,1374,3880,5337,3506,6409,3725,9166,4352,8189,2292,2871,4561,7183,4000,9710,126457,75218,21445,2679,76718,23,9,106,74
2021-03-28T23:59:59+02:00,4,8,4635,5731,12858,19208,12417,18924,11265,23358,11775,20753,5927,7307,18545,25231,7456,14982,1,0,1414,1331,3782,5229,3312,6182,3636,9048,4299,8132,2238,2805,3804,6163,3814,9439,123438,72154,20649,2381,76185,16,9,103,69
2021-03-27T23:59:59+01:00,4,8,4602,5681,12749,19044,12301,18762,11148,23153,11666,20606,5858,7219,18255,24884,7445,14964,1,0,1407,1328,3777,5225,3309,6175,3351,8697,4100,7834,2232,2802,3791,6128,3777,9373,121597,70838,20609,2381,76032,12,9,102,67
2021-03-26T23:59:59+01:00,4,7,4563,5624,12634,18851,12164,18561,10996,22922,11503,20392,5691,7003,17644,24090,7346,14813,1,0,1405,1326,3772,5218,3285,6157,3331,8677,3884,7383,2052,2395,3526,5841,3625,9133,118483,68552,20267,2374,75951,10,8,99,67
2021-03-25T23:59:59+01:00,4,7,4487,5531,12436,18609,11962,18238,10785,22593,11260,20065,5475,6715,16612,22782,7218,14623,1,0,1396,1314,3753,5192,3250,6130,3279,8639,3835,7340,1978,2282,3089,5156,3463,8825,114507,66569,19190,2273,75600,7,8,97,65
2021-03-24T23:59:59+01:00,4,7,4404,5418,12215,18154,11743,17821,10559,22198,11027,19691,5203,6366,15568,21563,7076,14395,1,0,1373,1300,3728,5147,3214,6066,3225,8567,3783,7266,1923,2224,2780,4821,3310,8551,111383,65172,18096,2031,73828,7,8,97,61
2021-03-23T23:59:59+01:00,4,7,4347,5348,12047,17811,11539,17464,10366,21830,10798,19400,5061,6163,14924,20745,6937,14220,1,0,1355,1292,3711,5126,3192,6049,3199,8516,3741,7223,1883,2164,2548,4544,3097,8222,108988,63801,17362,1989,72556,5,8,97,60
2021-03-22T23:59:59+01:00,4,7,4295,5269,11847,17476,11352,17140,10143,21506,10583,19096,4909,5952,14305,20029,6805,14036,1,0,1342,1282,3680,5093,3160,6012,3172,8459,3704,7178,1838,2109,2351,4290,2899,7884,107116,62535,16641,1848,70893,4,8,96,59
2021-03-21T23:59:59+01:00,4,7,4222,5144,11563,17062,11068,16738,9872,21049,10325,18739,4795,5779,13608,19239,6661,13829,1,0,1333,1281,3663,5077,3138,5979,3149,8432,3685,7154,1817,2079,2182,4126,2727,7612,105223,61525,15341,1843,69038,4,7,95,56
2021-03-20T23:59:59+01:00,3,7,4193,5074,11420,16732,10945,16424,9731,20753,10149,18457,4666,5617,12979,18292,6520,13613,1,0,1332,1280,3662,5075,3135,5978,3146,8427,3679,7148,1812,2074,2150,4064,2701,7569,103024,61323,15336,1843,67114,4,7,94,56
2021-03-19T23:59:59+01:00,3,6,4147,4992,11251,16369,10759,16071,9554,20372,9929,18098,4507,5421,11951,17084,6358,13402,1,0,1324,1273,3645,5046,3105,5900,3101,8332,3573,6971,1685,1962,2074,3998,2591,7359,100314,60034,14926,1839,64936,4,7,91,56
2021-03-18T23:59:59+01:00,3,6,4059,4885,11003,15942,10496,15624,9272,19905,9705,17755,4361,5255,11324,16213,6127,13135,1,0,1320,1262,3628,5011,3085,5856,3079,8276,3546,6922,1664,1929,2038,3929,2464,7148,98504,59347,13918,1747,62553,4,7,88,53
2021-03-17T23:59:59+01:00,3,6,3881,4768,10705,15529,10238,15265,9029,19542,9451,17405,4240,5088,10507,14970,5863,12710,1,0,1319,1259,3614,4992,3077,5836,3069,8242,3528,6899,1660,1904,2014,3899,2352,6963,95841,58837,12372,1732,60894,4,5,88,50
2021-03-16T23:59:59+01:00,3,6,3737,4642,10369,15065,9969,14895,8752,19096,9153,17038,4099,4920,9686,13844,5582,12352,1,0,1305,1256,3610,4985,3067,5831,3063,8229,3519,6884,1633,1878,1975,3847,2231,6781,93508,58383,11178,1654,58432,4,4,86,50
2021-03-15T23:59:59+01:00,3,6,3590,4522,10054,14603,9677,14438,8453,18621,8863,16628,3951,4751,8968,12777,5354,12026,1,0,1295,1248,3589,4973,3055,5807,3041,8190,3499,6842,1616,1862,1956,3815,2114,6593,91531,57790,9814,1651,55856,4,3,81,48
2021-03-14T23:59:59+01:00,3,6,3518,4430,9797,14174,9426,14041,8133,18130,8581,16234,3788,4563,8159,11537,5043,11561,1,0,1281,1241,3568,4955,3034,5765,3019,8111,3471,6774,1589,1807,1895,3687,1946,6194,89199,57258,8791,1028,53054,4,1,79,47
2021-03-13T23:59:59+01:00,3,6,3435,4171,9482,13504,9176,13458,7904,17543,8369,15792,3676,4456,7964,11240,4991,11469,1,0,1281,1241,3568,4955,3033,5764,3018,8110,3468,6771,1586,1806,1893,3683,1945,6193,88521,57238,8790,1028,49248,4,1,79,45
2021-03-12T23:59:59+01:00,3,6,3369,4023,9233,12971,8938,12931,7669,16908,8008,15039,3511,4285,7573,10829,4851,11279,1,0,1277,1237,3563,4941,3030,5759,3011,8102,3464,6764,1559,1777,1871,3665,1846,6012,86722,56805,8539,1025,46087,4,1,77,44
2021-03-11T23:59:59+01:00,3,6,3210,3750,8851,12213,8633,12257,7335,16120,7659,14388,3349,4081,7010,10106,4655,10972,1,0,1258,1226,3530,4897,2985,5680,2976,7979,3412,6665,1512,1723,1787,3459,1642,5477,84251,56042,8083,124,42190,3,1,73,39
2021-03-10T23:59:59+01:00,3,6,3141,3642,8360,11708,7954,11778,7015,15626,7358,13792,3188,3918,6440,9409,4478,10695,1,0,1247,1212,3500,4840,2951,5602,2940,7841,3358,6543,1469,1679,1725,3361,1520,5190,82395,54840,7527,101,38518,0,1,70,37
2021-03-09T23:59:59+01:00,3,5,3033,3464,7685,11262,7075,11303,6597,15016,6992,13185,2952,3616,5927,8768,4320,10410,1,0,1242,1209,3477,4794,2924,5537,2923,7789,3339,6497,1455,1654,1689,3319,1408,4984,80073,54140,6157,66,35313,0,1,69,34
2021-03-08T23:59:59+01:00,3,5,2859,3225,7055,10720,6267,10821,6196,14495,6594,12615,2738,3405,5320,8030,4170,10138,1,0,1236,1202,3455,4730,2899,5460,2884,7694,3307,6422,1448,1645,1686,3309,1403,4981,77241,53663,5008,64,32339,0,1,67,34
2021-03-07T23:59:59+01:00,3,5,2746,3091,6726,10223,5859,10279,5900,14046,6348,12223,2638,3310,4558,6968,3953,9855,1,0,1232,1199,3451,4725,2894,5447,2880,7677,3299,6408,1442,1631,1663,3268,1386,4937,73979,53445,4175,61,30514,0,1,62,33
2021-03-06T23:59:59+01:00,3,5,2701,2948,6542,9776,5660,9863,5424,13185,5971,11485,2616,3282,4552,6957,3950,9852,1,0,1232,1198,3447,4719,2892,5446,2879,7676,3298,6405,1441,1628,1663,3266,1385,4937,72748,53419,4175,61,27787,0,1,61,32
2021-03-05T23:59:59+01:00,3,5,2602,2688,6329,9199,5445,9470,5246,12618,5591,10501,2387,2814,4171,6575,3812,9631,1,0,1218,1195,3431,4703,2887,5433,2869,7658,3286,6386,1427,1620,1662,3262,1380,4933,70407,53259,3939,61,24679,0,1,61,30
2021-03-04T23:59:59+01:00,3,5,2520,2478,6116,8768,5287,9129,5064,12193,5413,10123,2291,2644,3611,5748,3641,9285,1,0,1206,1179,3387,4605,2855,5365,2837,7561,3254,6310,1406,1610,1648,3248,1370,4922,68336,52680,3490,58,22432,0,1,60,25
2021-03-03T23:59:59+01:00,2,5,2461,2421,5944,8356,5117,8763,4848,11743,5224,9675,2208,2538,3202,5306,3480,8988,1,0,1185,1169,3352,4558,2817,5299,2795,7462,3206,6234,1386,1583,1628,3217,1364,4904,66897,52083,3245,54,20079,0,1,59,22
2021-03-02T23:59:59+01:00,2,5,2403,2327,5784,8023,4959,8509,4683,11343,5058,9355,2137,2447,2895,4944,3261,8662,1,0,1180,1158,3333,4536,2802,5272,2777,7413,3198,6206,1381,1573,1610,3197,1361,4899,65514,51822,2982,53,18243,0,0,58,22
2021-03-01T23:59:59+01:00,2,5,2376,2296,5677,7806,4859,8364,4597,11190,4956,9180,2080,2369,2596,4620,3070,8342,1,0,1174,1155,3318,4518,2790,5243,2760,7367,3182,6178,1375,1570,1603,3188,1358,4893,64237,51598,2758,53,17334,0,0,56,22
2021-02-28T23:59:59+01:00,2,5,2323,2250,5495,7544,4685,8143,4460,11004,4845,9049,2039,2303,2298,4316,2866,8026,1,0,1164,1149,3304,4508,2783,5236,2755,7353,3174,6164,1370,1567,1595,3168,1357,4859,63106,51434,2452,53,16039,0,0,56,20
2021-02-27T23:59:59+01:00,2,5,2233,1938,5322,7120,4586,7835,4377,10657,4771,8799,2010,2243,2267,4270,2844,7974,1,0,1160,1145,3302,4506,2778,5234,2751,7350,3169,6160,1369,1567,1593,3164,1356,4858,62864,51395,2452,50,13881,0,0,56,18
2021-02-26T23:59:59+01:00,2,5,2166,1858,5175,6886,4439,7576,4225,10391,4562,8513,1881,2134,2207,4230,2735,7791,1,0,1139,1132,3286,4472,2765,5194,2740,7298,3148,6106,1363,1556,1589,3156,1355,4856,61527,51090,2446,49,12747,0,0,56,17
2021-02-25T23:59:59+01:00,2,5,2033,1754,4851,6478,4011,7124,3940,9874,4328,8131,1822,2075,2176,4172,2618,7596,1,0,1120,1114,3246,4426,2734,5143,2694,7192,3108,6013,1351,1540,1572,3115,1341,4797,61045,50445,2339,47,9551,0,0,55,15
2021-02-24T23:59:59+01:00,2,5,1998,1688,4734,6264,3907,6912,3818,9632,4205,7972,1799,2041,2145,4129,2503,7396,1,0,1107,1108,3216,4362,2699,5078,2668,7107,3080,5942,1335,1522,1548,3065,1329,4728,60494,49846,2094,35,8507,0,0,55,14
2021-02-23T23:59:59+01:00,2,5,1767,1545,4364,5778,3625,6526,3596,9251,4047,7688,1767,2008,2100,4081,2389,7211,1,0,1088,1096,3180,4334,2671,5020,2643,7031,3044,5883,1315,1502,1521,3030,1319,4673,60025,49316,2047,21,5624,0,0,54,14
2021-02-22T23:59:59+01:00,2,5,1757,1526,4314,5718,3588,6464,3529,9155,3986,7593,1733,1981,2074,4030,2268,7013,1,0,1082,1082,3158,4290,2651,4981,2618,6972,3014,5830,1302,1486,1510,3019,1311,4664,59476,48945,1905,12,5302,0,0,53,14
2021-02-21T23:59:59+01:00,2,5,1744,1520,4282,5684,3544,6426,3489,9102,3942,7542,1721,1972,2069,4020,2144,6846,1,0,1074,1071,3137,4250,2621,4929,2603,6904,2985,5743,1289,1470,1486,2958,1282,4583,59119,48362,1899,10,4987,0,0,49,14
2021-02-20T23:59:59+01:00,2,5,1740,1519,4275,5681,3541,6423,3488,9100,3939,7541,1716,1969,2067,4016,2143,6846,1,0,1074,1071,3134,4248,2621,4929,2602,6903,2985,5743,1289,1469,1485,2958,1282,4583,59100,48353,1899,10,4965,0,0,47,14
2021-02-19T23:59:59+01:00,2,5,1711,1509,4261,5661,3530,6409,3477,9090,3930,7524,1689,1940,2046,3998,2043,6662,1,0,1073,1069,3132,4246,2620,4928,2602,6900,2982,5741,1289,1468,1485,2956,1282,4583,58675,48334,1893,10,4874,0,0,45,13
2021-02-18T23:59:59+01:00,2,5,1658,1476,4166,5549,3458,6305,3389,8925,3842,7381,1666,1905,2013,3926,1911,6461,1,0,1024,1027,2992,4028,2493,4660,2492,6562,2874,5476,1255,1424,1453,2869,1253,4428,58016,46291,1803,8,4176,0,0,43,12
2021-02-17T23:59:59+01:00,2,4,1635,1446,4069,5400,3373,6151,3271,8690,3715,7179,1610,1832,1935,3821,1785,6145,0,0,966,978,2843,3806,2377,4351,2367,6152,2745,5164,1204,1361,1405,2756,1203,4250,56768,43909,1792,7,3462,0,0,41,12
2021-02-16T23:59:59+01:00,2,4,1558,1379,3907,5210,3238,5970,3162,8457,3593,7016,1586,1806,1900,3792,1664,5934,0,0,879,947,2710,3651,2280,4141,2242,5831,2615,4912,1146,1266,1257,2451,936,3619,56071,40871,1776,4,2294,0,0,37,8
2021-02-15T23:59:59+01:00,2,4,1539,1360,3858,5125,3178,5884,3105,8343,3527,6910,1572,1790,1885,3769,1655,5911,0,0,843,924,2631,3521,2206,3962,2162,5553,2527,4701,1101,1201,1164,2272,865,3389,55599,39013,1772,2,2010,0,0,36,7
2021-02-14T23:59:59+01:00,2,4,1474,1330,3777,5051,3135,5779,3050,8190,3484,6801,1552,1758,1831,3638,1596,5652,0,0,834,918,2579,3453,2166,3894,2108,5433,2461,4595,1073,1162,1074,2095,789,3139,55357,37765,1142,2,1569,0,0,36,6
2021-02-13T23:59:59+01:00,2,4,1470,1329,3768,5045,3128,5778,3046,8188,3481,6799,1551,1754,1831,3636,1594,5652,0,0,834,918,2579,3453,2166,3893,2106,5432,2460,4595,1070,1161,1073,2095,789,3139,55334,37760,1141,0,1545,0,0,36,3
2021-02-12T23:59:59+01:00,2,3,1432,1310,3731,5012,3105,5758,3024,8155,3462,6755,1535,1744,1821,3619,1585,5631,0,0,826,911,2546,3400,2132,3848,2076,5379,2442,4564,1069,1159,1072,2093,788,3137,55108,37440,1138,0,1403,0,0,35,2
2021-02-11T23:59:59+01:00,2,3,1378,1262,3616,4842,3013,5583,2926,7846,3362,6542,1475,1683,1751,3435,1493,5285,0,0,786,846,2289,2954,1904,3373,1845,4633,2169,4033,979,1087,974,1894,729,2854,54466,33349,145,0,855,0,0,31,0
2021-02-10T23:59:59+01:00,2,3,1352,1239,3554,4737,2948,5478,2883,7696,3309,6409,1456,1665,1723,3397,1479,5246,0,0,703,786,1996,2545,1693,2929,1608,4024,1910,3573,867,940,803,1515,584,2330,53816,28806,143,0,589,0,0,28,0
2021-02-09T23:59:59+01:00,2,2,1340,1220,3499,4668,2919,5409,2862,7604,3272,6340,1448,1649,1695,3374,1469,5233,0,0,653,706,1733,2196,1501,2543,1423,3524,1738,3212,835,907,778,1437,562,2214,53505,25962,138,0,334,0,0,28,0
2021-02-08T23:59:59+01:00,2,2,1326,1216,3470,4638,2899,5371,2840,7553,3252,6311,1436,1642,1685,3348,1467,5214,0,0,638,669,1582,1960,1360,2286,1291,3216,1580,2949,795,886,729,1329,529,2039,53201,23838,113,0,331,0,0,27,0
2021-02-07T23:59:59+01:00,2,2,1193,1173,3366,4583,2845,5328,2813,7515,3226,6273,1426,1625,1676,3325,1460,5181,0,0,493,523,1313,1604,1120,1836,1079,2626,1351,2425,691,757,648,1168,483,1811,52904,19928,85,0,0,0,0,23,0
2021-02-06T23:59:59+01:00,2,2,1189,1171,3364,4581,2841,5326,2806,7512,3222,6270,1425,1623,1675,3321,1459,5180,0,0,370,372,1113,1356,984,1532,937,2218,1185,2008,603,658,620,1150,480,1808,52861,17394,85,0,0,0,0,23,0
2021-02-05T23:59:59+01:00,2,1,1177,1160,3349,4559,2833,5298,2796,7469,3204,6224,1419,1615,1672,3315,1458,5180,0,0,270,213,928,1040,838,1162,762,1770,1009,1598,487,552,593,1130,477,1804,52625,14633,85,0,0,0,0,21,0
2021-02-04T23:59:59+01:00,2,1,1161,1141,3303,4507,2793,5223,2754,7340,3156,6140,1404,1599,1658,3281,1448,5152,0,0,141,86,627,671,548,742,523,1162,668,1000,306,371,486,982,432,1640,51982,10385,60,0,0,0,0,21,0
2021-02-03T23:59:59+01:00,2,1,1139,1135,3276,4464,2764,5182,2731,7292,3126,6084,1394,1588,1632,3241,1441,5099,0,0,120,70,497,519,416,599,418,915,512,752,253,291,381,767,334,1276,51516,8120,55,0,0,0,0,20,0
2021-02-02T23:59:59+01:00,2,1,1117,1121,3240,4433,2732,5129,2706,7218,3091,6021,1369,1559,1596,3186,1415,5003,0,0,111,61,414,420,345,520,368,825,459,670,233,268,335,694,306,1140,50866,7169,54,0,0,0,0,19,0
2021-02-01T23:59:59+01:00,2,1,1101,1109,3220,4381,2704,5068,2675,7092,3060,5925,1349,1529,1570,3148,1398,4938,0,0,83,46,314,315,253,393,276,618,328,505,194,219,263,554,238,893,50198,5492,54,0,0,0,0,18,0
2021-01-31T23:59:59+01:00,2,1,1093,1099,3205,4351,2679,5024,2659,7037,3047,5881,1337,1512,1547,3082,1370,4853,0,0,73,44,288,291,228,346,254,574,298,465,173,200,217,453,195,725,49707,4824,54,0,0,0,0,18,0
2021-01-30T23:59:59+01:00,2,1,1092,1099,3201,4346,2678,5023,2658,7036,3047,5880,1337,1511,1546,3082,1370,4853,0,0,72,40,279,277,215,331,249,563,294,459,172,197,216,453,195,725,49693,4737,51,0,0,0,0,18,0
2021-01-29T23:59:59+01:00,2,1,1091,1097,3199,4343,2678,5021,2658,7034,3044,5878,1337,1511,1546,3081,1370,4853,0,0,65,36,261,262,192,311,233,546,283,448,166,193,212,447,194,723,49675,4572,51,0,0,0,0,18,0
2021-01-28T23:59:59+01:00,2,1,1070,1078,3132,4241,2624,4912,2600,6878,2978,5747,1321,1489,1530,3013,1346,4727,0,0,55,19,165,156,128,188,164,361,208,284,133,150,166,284,117,433,48625,3011,48,0,0,0,0,16,0
2021-01-27T23:59:59+01:00,2,1,1024,1039,3049,4099,2543,4734,2505,6597,2894,5546,1289,1444,1488,2918,1309,4575,0,0,26,7,101,73,59,93,85,211,119,150,102,118,122,214,90,313,47004,1883,38,0,0,0,0,14,0
2021-01-26T23:59:59+01:00,1,1,947,1011,2931,3965,2464,4550,2423,6418,2824,5390,1261,1393,1398,2765,1085,4169,0,0,25,7,96,72,58,92,83,211,117,149,100,117,121,214,90,313,44960,1865,26,0,0,0,0,10,0
2021-01-25T23:59:59+01:00,1,1,929,994,2850,3837,2420,4403,2363,6223,2765,5240,1241,1370,1384,2738,1072,4133,0,0,25,7,94,71,56,90,83,211,117,147,100,116,121,214,90,313,43938,1855,17,0,0,0,0,9,0
2021-01-24T23:59:59+01:00,1,1,919,990,2829,3821,2409,4371,2337,6184,2731,5179,1228,1363,1375,2714,1058,4099,0,0,25,7,94,71,56,89,83,210,116,147,99,116,121,214,90,313,43588,1851,13,0,0,0,0,8,0
2021-01-23T23:59:59+01:00,1,1,919,990,2829,3820,2409,4370,2335,6183,2730,5179,1225,1362,1374,2714,1058,4099,0,0,25,6,94,71,56,89,83,210,116,147,99,116,121,214,90,311,43582,1848,11,0,0,0,0,5,0
2021-01-22T23:59:59+01:00,1,1,912,983,2798,3774,2375,4305,2303,6108,2709,5132,1223,1359,1373,2711,1057,4096,0,0,25,6,94,70,56,89,83,210,116,147,99,116,121,214,90,311,43207,1847,11,0,0,0,0,2,0
2021-01-21T23:59:59+01:00,1,1,896,915,2540,3363,2173,3887,2122,5497,2484,4647,1166,1313,1323,2591,1021,3938,0,0,21,6,83,64,52,72,70,170,96,134,89,100,101,154,74,235,39866,1521,11,0,0,0,0,1,0
2021-01-20T23:59:59+01:00,1,1,815,850,2230,2956,1967,3426,1891,4889,2229,4172,1052,1172,1151,2236,886,3414,0,0,21,6,83,64,52,71,69,170,95,134,89,100,101,154,72,235,35327,1516,11,0,0,0,0,0,0
2021-01-19T23:59:59+01:00,1,1,752,771,1936,2509,1728,2969,1657,4229,1985,3698,978,1075,1023,1947,778,3032,0,0,10,3,50,46,33,44,35,100,44,77,41,37,50,83,44,152,31060,849,9,0,0,0,0,0,0
2021-01-18T23:59:59+01:00,1,1,677,711,1706,2112,1489,2497,1411,3545,1733,3194,891,988,917,1731,722,2749,0,0,5,2,19,11,13,21,17,54,17,33,21,22,26,56,31,82,27071,430,4,0,0,0,0,0,0
2021-01-17T23:59:59+01:00,0,1,499,550,1389,1710,1211,1965,1156,2813,1451,2571,750,831,763,1439,598,2354,0,0,0,1,4,2,0,0,0,0,0,0,1,0,0,0,0,0,22048,8,3,0,0,0,0,0,0
2021-01-16T23:59:59+01:00,0,0,379,400,1207,1467,1091,1679,1017,2416,1293,2164,663,734,735,1422,596,2353,0,0,0,0,0,0,0,0,0,0,0,0,0,0,0,0,0,0,19614,0,2,0,0,0,0,0,0
2021-01-15T23:59:59+01:00,0,0,276,239,1022,1168,942,1333,849,1970,1116,1762,544,623,696,1387,583,2312,0,0,0,0,0,0,0,0,0,0,0,0,0,0,0,0,0,0,16821,0,1,0,0,0,0,0,0
2021-01-14T23:59:59+01:00,0,0,159,106,708,785,650,865,614,1312,752,1142,354,434,571,1200,523,2061,0,0,0,0,0,0,0,0,0,0,0,0,0,0,0,0,0,0,12236,0,0,0,0,0,0,0,0
2021-01-13T23:59:59+01:00,0,0,133,86,598,618,526,699,497,1054,595,875,298,358,482,1014,450,1756,0,0,0,0,0,0,0,0,0,0,0,0,0,0,0,0,0,0,10039,0,0,0,0,0,0,0,0
2021-01-12T23:59:59+01:00,0,0,123,70,513,527,450,598,431,922,524,769,263,309,394,817,376,1371,0,0,0,0,0,0,0,0,0,0,0,0,0,0,0,0,0,0,8457,0,0,0,0,0,0,0,0
2021-01-11T23:59:59+01:00,0,0,94,57,417,433,365,486,345,746,419,596,229,258,327,684,307,1158,0,0,0,0,0,0,0,0,0,0,0,0,0,0,0,0,0,0,6921,0,0,0,0,0,0,0,0
2021-01-10T23:59:59+01:00,0,0,79,49,352,360,298,403,292,649,349,528,200,227,262,544,245,903,0,0,0,0,0,0,0,0,0,0,0,0,0,0,0,0,0,0,5740,0,0,0,0,0,0,0,0
2021-01-09T23:59:59+01:00,0,0,78,47,336,339,274,382,284,633,341,521,199,226,261,542,245,903,0,0,0,0,0,0,0,0,0,0,0,0,0,0,0,0,0,0,5611,0,0,0,0,0,0,0,0
2021-01-08T23:59:59+01:00,0,0,72,39,301,304,229,341,255,590,314,480,181,206,236,482,224,799,0,0,0,0,0,0,0,0,0,0,0,0,0,0,0,0,0,0,5053,0,0,0,0,0,0,0,0
2021-01-07T23:59:59+01:00,0,0,58,25,211,200,160,242,196,425,244,343,151,167,181,317,150,513,0,0,0,0,0,0,0,0,0,0,0,0,0,0,0,0,0,0,3583,0,0,0,0,0,0,0,0
2021-01-06T23:59:59+01:00,0,0,46,15,164,121,113,161,145,298,179,244,119,135,139,250,107,367,0,0,0,0,0,0,0,0,0,0,0,0,0,0,0,0,0,0,2603,0,0,0,0,0,0,0,0
2021-01-05T23:59:59+01:00,0,0,28,8,98,74,59,94,88,214,118,152,109,125,130,231,106,341,0,0,0,0,0,0,0,0,0,0,0,0,0,0,0,0,0,0,1975,0,0,0,0,0,0,0,0
2021-01-04T23:59:59+01:00,0,0,26,8,97,72,56,91,88,214,118,150,109,123,129,231,106,341,0,0,0,0,0,0,0,0,0,0,0,0,0,0,0,0,0,0,1959,0,0,0,0,0,0,0,0
2021-01-03T23:59:59+01:00,0,0,26,8,97,71,56,90,88,213,117,150,108,123,129,231,106,341,0,0,0,0,0,0,0,0,0,0,0,0,0,0,0,0,0,0,1954,0,0,0,0,0,0,0,0
2021-01-02T23:59:59+01:00,0,0,26,7,97,71,56,90,87,213,116,150,108,123,129,231,106,340,0,0,0,0,0,0,0,0,0,0,0,0,0,0,0,0,0,0,1950,0,0,0,0,0,0,0,0
2021-01-01T23:59:59+01:00,0,0,26,7,97,71,56,90,87,213,115,149,108,123,129,231,106,340,0,0,0,0,0,0,0,0,0,0,0,0,0,0,0,0,0,0,1948,0,0,0,0,0,0,0,0
2020-12-31T23:59:59+01:00,0,0,26,7,97,71,56,90,87,213,114,149,108,123,129,231,106,340,0,0,0,0,0,0,0,0,0,0,0,0,0,0,0,0,0,0,1947,0,0,0,0,0,0,0,0
2020-12-30T23:59:59+01:00,0,0,26,7,97,71,55,90,86,213,114,149,108,123,129,231,105,340,0,0,0,0,0,0,0,0,0,0,0,0,0,0,0,0,0,0,1944,0,0,0,0,0,0,0,0
2020-12-29T23:59:59+01:00,0,0,14,2,65,54,33,61,50,138,64,91,53,54,74,142,65,232,0,0,0,0,0,0,0,0,0,0,0,0,0,0,0,0,0,0,1192,0,0,0,0,0,0,0,0
2020-12-28T23:59:59+01:00,0,0,5,2,36,26,20,31,21,67,25,41,23,22,27,51,34,82,0,0,0,0,0,0,0,0,0,0,0,0,0,0,0,0,0,0,513,0,0,0,0,0,0,0,0
2020-12-27T23:59:59+01:00,0,0,1,0,8,6,8,2,1,5,0,2,1,1,2,2,4,6,0,0,0,0,0,0,0,0,0,0,0,0,0,0,0,0,0,0,49,0,0,0,0,0,0,0,0
