Datum,<15_m,<15_w,15-24_1_m,15-24_1_w,25-34_1_m,25-34_1_w,35-44_1_m,35-44_1_w,45-54_1_m,45-54_1_w,55-64_1_m,55-64_1_w,65-74_1_m,65-74_1_w,75-84_1_m,75-84_1_w,>84_1_m,>84_1_w,<24_2_m,<24_2_w,25-34_2_m,25-34_2_w,35-44_2_m,35-44_2_w,45-54_2_m,45-54_2_w,55-64_2_m,55-64_2_w,65-74_2_m,65-74_2_w,75-84_2_m,75-84_2_w,>84_2_m,>84_2_w,bp_1,bp_2,mo_1,mo_2,az_1,az_2,ja,unb_1,unb_2
2021-08-24T23:59:59+02:00,7625,7306,57606,58013,100622,98388,92553,92068,90365,95879,90838,93186,54878,68234,43406,60191,10492,21155,50788,51444,93244,90465,86178,84821,85016,89954,86551,88877,52895,65714,42054,58084,10077,20138,775557,725361,132499,123717,158342,142098,76310,97,87
2021-08-23T23:59:59+02:00,7572,7257,57411,57822,100461,98236,92429,91916,90280,95797,90767,93103,54843,68191,43381,60174,10490,21142,50478,51188,92918,90200,85942,84555,84834,89793,86421,88754,52822,65626,42023,58040,10071,20125,774480,723554,132428,123441,158332,141923,75935,97,87
2021-08-22T23:59:59+02:00,7505,7201,57220,57644,100273,98088,92274,91787,90184,95680,90691,93038,54811,68147,43368,60151,10486,21128,50117,50845,92527,89812,85640,84262,84601,89563,86254,88632,52748,65526,41992,57982,10063,20102,773497,721286,132335,123140,158320,141713,75427,97,87
2021-08-21T23:59:59+02:00,7452,7163,57090,57524,100143,97986,92171,91684,90087,95622,90635,93003,54791,68126,43360,60134,10484,21125,49791,50547,92367,89672,85471,84113,84455,89442,86170,88573,52717,65504,41982,57967,10062,20096,772831,719798,132264,122913,158319,141673,75069,97,87
2021-08-20T23:59:59+02:00,7403,7110,56939,57355,99975,97834,92022,91549,89970,95502,90561,92943,54769,68104,43350,60116,10482,21121,49472,50224,92111,89413,85213,83876,84241,89241,86042,88466,52686,65463,41960,57943,10055,20090,771890,717898,132218,122706,158315,141606,74585,97,87
2021-08-19T23:59:59+02:00,7337,7050,56710,57132,99722,97615,91829,91369,89811,95344,90439,92842,54729,68047,43326,60086,10476,21108,49042,49800,91700,89025,84815,83480,83940,88938,85830,88285,52616,65358,41922,57885,10045,20072,770605,715276,132095,122269,158310,141405,73865,97,87
2021-08-18T23:59:59+02:00,7276,6996,56535,56977,99547,97447,91690,91215,89677,95226,90338,92747,54663,67985,43298,60042,10467,21088,48704,49446,91332,88711,84502,83153,83668,88686,85643,88119,52505,65248,41854,57796,10031,20042,769498,712956,132013,121881,158303,141172,73303,97,87
2021-08-17T23:59:59+02:00,7215,6945,56355,56825,99358,97275,91533,91075,89557,95098,90242,92658,54627,67939,43276,60015,10465,21073,48224,49040,90890,88291,84105,82802,83341,88401,85441,87921,52403,65127,41799,57721,10025,20020,768424,710003,131912,121476,158289,140886,72809,97,87
2021-08-16T23:59:59+02:00,7158,6879,56179,56661,99170,97107,91388,90924,89422,94983,90131,92563,54575,67878,43248,59967,10457,21060,47673,48482,90429,87865,83646,82410,83017,88111,85217,87724,52302,65014,41743,57643,10016,19984,767293,706561,131825,121036,158282,140660,72253,97,87
2021-08-15T23:59:59+02:00,7094,6830,55968,56480,98992,96936,91236,90790,89299,94881,90042,92505,54540,67837,43229,59938,10453,21054,46567,47386,89793,87189,83101,81886,82626,87727,84932,87520,52195,64892,41702,57586,10007,19964,766265,700869,131717,120409,158273,140484,71752,97,87
2021-08-14T23:59:59+02:00,7064,6801,55851,56390,98852,96837,91133,90715,89213,94813,89992,92461,54525,67821,43224,59931,10452,21053,46421,47250,89570,87013,82892,81684,82504,87630,84865,87476,52167,64862,41693,57575,10006,19962,765751,700088,131662,120092,158269,140432,71349,97,87
2021-08-13T23:59:59+02:00,7021,6757,55705,56269,98702,96714,91011,90584,89113,94701,89915,92400,54496,67772,43210,59909,10450,21047,46126,46943,89108,86626,82505,81315,82246,87396,84702,87340,52125,64796,41672,57551,10003,19951,764960,697923,131605,119548,158262,140355,70852,97,87
2021-08-12T23:59:59+02:00,6986,6707,55502,56112,98503,96539,90840,90427,88970,94564,89825,92324,54459,67720,43185,59875,10442,21030,45722,46562,88487,86067,81939,80781,81873,87080,84475,87168,52053,64697,41621,57492,9993,19934,763938,695047,131499,118720,158251,140112,70225,97,87
2021-08-11T23:59:59+02:00,6952,6653,55316,55948,98303,96364,90689,90295,88841,94455,89716,92223,54408,67663,43154,59837,10432,21015,45315,46113,87886,85415,81369,80278,81546,86780,84211,86931,51970,64564,41549,57372,9976,19891,762846,691958,131404,117782,158230,139782,69687,97,86
2021-08-10T23:59:59+02:00,6892,6607,55135,55792,98103,96227,90531,90150,88717,94346,89633,92150,54365,67618,43138,59800,10428,21002,44891,45656,87251,84813,80772,79746,81143,86405,83971,86722,51849,64459,41493,57287,9963,19860,761836,688698,131311,116846,158211,139472,69179,97,86
2021-08-09T23:59:59+02:00,6843,6551,54971,55631,97919,96085,90389,90016,88587,94253,89527,92091,54328,67573,43113,59768,10421,20988,44343,45111,86427,84145,80090,79168,80733,86063,83679,86502,51742,64329,41437,57188,9949,19817,760895,684946,131240,115792,158202,139129,68620,97,86
2021-08-08T23:59:59+02:00,6778,6485,54753,55450,97726,95905,90220,89857,88456,94141,89435,92018,54275,67528,43088,59734,10414,20967,43751,44514,85383,83231,79203,78366,80202,85594,83356,86207,51612,64178,41377,57098,9937,19791,759748,679944,131131,114614,158182,138822,68072,97,86
2021-08-07T23:59:59+02:00,6734,6437,54616,55328,97593,95797,90094,89757,88363,94083,89373,91978,54257,67502,43084,59724,10411,20963,42927,43648,85055,82903,78735,77931,79848,85246,83173,86066,51549,64095,41356,57063,9932,19782,759108,676300,131067,113470,158178,138717,67644,97,85
2021-08-06T23:59:59+02:00,6680,6387,54430,55186,97371,95620,89946,89629,88239,93972,89280,91910,54218,67475,43075,59698,10408,20959,42014,42773,84601,82452,78145,77376,79460,84867,82983,85919,51499,64031,41330,57031,9924,19770,758179,672389,130979,112193,158171,138583,67057,97,85
2021-08-05T23:59:59+02:00,6616,6319,54122,54953,97092,95369,89704,89423,88035,93792,89113,91783,54155,67388,43046,59646,10399,20940,40796,41630,83884,81790,77378,76589,78865,84309,82629,85618,51368,63873,41269,56932,9909,19738,756639,666903,130855,110576,158160,138044,66144,97,85
2021-08-04T23:59:59+02:00,6536,6268,53892,54774,96861,95166,89534,89260,87898,93655,88998,91689,54102,67336,43010,59601,10396,20930,40338,41152,82693,80751,76056,75448,78377,83863,82313,85372,51231,63736,41213,56849,9893,19713,755395,661774,130752,109078,158147,137591,65515,97,85
2021-08-03T23:59:59+02:00,6472,6206,53637,54586,96636,94978,89366,89101,87759,93511,88855,91569,54025,67255,42975,59543,10388,20922,39903,40745,81451,79620,74639,74260,77776,83300,81773,84884,51022,63534,41112,56694,9880,19678,754051,656005,130651,107382,158124,136887,64861,97,85
2021-08-02T23:59:59+02:00,6411,6143,53399,54390,96386,94768,89157,88932,87597,93368,88714,91454,53943,67185,42944,59495,10385,20902,39442,40281,80151,78522,73097,73055,77155,82732,81234,84406,50853,63333,41038,56575,9863,19645,752661,650017,130507,105623,158103,136289,64205,97,85
2021-08-01T23:59:59+02:00,6347,6058,53135,54130,96129,94500,88927,88763,87393,93225,88551,91344,53882,67103,42908,59443,10378,20895,38928,39791,78863,77443,71695,71957,76269,81982,80653,83945,50669,63098,40955,56471,9853,19621,751086,643887,130318,103726,158084,135682,63526,97,85
2021-07-31T23:59:59+02:00,6312,6020,53019,54039,96014,94408,88826,88695,87304,93154,88507,91308,53871,67094,42902,59439,10378,20894,37986,38787,78420,77005,71164,71405,75888,81655,80537,83849,50650,63065,40938,56460,9853,19618,750614,639262,130154,102854,158082,135587,63237,97,85
2021-07-30T23:59:59+02:00,6259,5985,52851,53899,95860,94237,88676,88551,87177,93041,88426,91239,53834,67064,42890,59421,10376,20892,36992,37746,77731,76366,70419,70675,75376,81132,80137,83528,50576,62977,40906,56400,9847,19607,749745,633136,129843,101722,158079,135380,62914,97,85
2021-07-29T23:59:59+02:00,6208,5927,52622,53721,95612,94014,88464,88344,87013,92869,88287,91117,53778,67001,42867,59388,10369,20874,35753,36533,76687,75494,69370,69725,74575,80387,79599,83104,50443,62815,40840,56306,9830,19580,748533,625436,129380,100173,158065,134824,62400,97,85
2021-07-28T23:59:59+02:00,6170,5875,52428,53559,95408,93814,88320,88166,86897,92730,88178,91025,53722,66930,42835,59340,10360,20845,35150,35955,75536,74527,68098,68620,73817,79677,79109,82654,50306,62614,40772,56204,9814,19542,747398,619168,128940,98766,158047,134042,62120,97,85
2021-07-27T23:59:59+02:00,6122,5836,52197,53338,95148,93608,88144,87984,86741,92582,88058,90928,53670,66859,42791,59278,10346,20797,34501,35232,74092,73297,66655,67408,72958,78828,78567,82145,50134,62406,40692,56083,9789,19499,746013,611976,128521,97316,158025,132809,61771,97,84
2021-07-26T23:59:59+02:00,6065,5785,51985,53136,94911,93416,87953,87820,86584,92448,87928,90830,53610,66780,42762,59224,10339,20776,33748,34434,72589,71970,65297,66175,71917,77849,77979,81618,49965,62193,40614,55937,9767,19454,744695,603989,128100,95792,158009,131747,61451,97,84
2021-07-25T23:59:59+02:00,6027,5743,51787,52945,94661,93192,87788,87637,86435,92320,87821,90734,53560,66717,42734,59180,10329,20740,33044,33695,71252,70769,64190,65165,70916,76945,77513,81173,49849,62010,40550,55850,9761,19420,743347,597083,127826,94228,157991,130956,61089,97,84
2021-07-24T23:59:59+02:00,5940,5688,51515,52656,94358,92882,87543,87425,86259,92165,87722,90655,53530,66683,42723,59157,10329,20734,32560,33220,70399,70084,63520,64614,70042,76248,77309,81022,49795,61968,40529,55825,9761,19418,741497,592728,127771,93298,157988,130833,60611,97,84
2021-07-23T23:59:59+02:00,5888,5633,51251,52388,93971,92606,87255,87212,86079,91984,87587,90560,53497,66636,42715,59139,10326,20728,32058,32605,69346,69243,62741,63952,69138,75403,76909,80697,49720,61870,40497,55787,9754,19404,739486,587196,127699,92139,157982,130656,60191,97,84
2021-07-22T23:59:59+02:00,5819,5569,50841,51993,93519,92172,86876,86886,85775,91687,87371,90381,53412,66543,42686,59081,10317,20703,31373,31901,68052,68257,61700,63074,67521,74055,76265,80192,49569,61667,40407,55677,9733,19366,736506,580845,127466,89387,157957,129893,59605,97,84
2021-07-21T23:59:59+02:00,5767,5518,50485,51622,93091,91766,86575,86588,85521,91447,87202,90199,53330,66462,42628,59015,10306,20675,30779,31276,66723,67221,60621,62179,65487,72371,75361,79449,49280,61359,40247,55488,9709,19311,733759,574604,127233,85088,157932,128809,59176,97,84
2021-07-20T23:59:59+02:00,5709,5455,50101,51237,92636,91309,86212,86269,85259,91198,86987,90007,53240,66329,42584,58957,10300,20650,30130,30651,65274,66047,59484,61226,64304,71314,74751,78897,49073,61126,40141,55331,9687,19250,730855,567604,127015,83429,157883,127788,58589,97,84
2021-07-19T23:59:59+02:00,5630,5381,49641,50788,92167,90842,85850,85942,85010,90987,86783,89833,53147,66211,42548,58880,10283,20614,29598,30091,64119,64996,58569,60364,63153,70279,74157,78383,48899,60929,40050,55187,9659,19205,727627,561865,126793,81627,157850,126604,58170,97,84
2021-07-18T23:59:59+02:00,5562,5312,48820,49981,91119,89817,85131,85336,84540,90564,86492,89543,53040,66063,42485,58784,10273,20583,29052,29514,62951,63930,57646,59452,61979,69255,73611,77886,48753,60768,39992,55104,9647,19177,721258,556060,126464,79610,157834,125802,57792,97,84
2021-07-17T23:59:59+02:00,5388,5126,48470,49653,90975,89684,84936,85178,84384,90430,86383,89460,53018,66036,42474,58772,10272,20580,28675,29146,62313,63337,57099,59028,61221,68520,73306,77645,48643,60651,39952,55046,9637,19166,720085,553076,126287,78643,157828,125184,56922,97,84
2021-07-16T23:59:59+02:00,5289,5035,48152,49371,90712,89466,84692,84978,84180,90246,86245,89352,52977,66005,42455,58758,10269,20575,28186,28658,61383,62432,56255,58341,60166,67486,72804,77227,48484,60464,39907,54978,9632,19157,718717,548153,126119,77322,157817,124449,56007,97,84
2021-07-15T23:59:59+02:00,5153,4904,47678,48966,90325,89098,84336,84599,83883,89972,86026,89184,52898,65915,42401,58690,10259,20548,27462,28049,60079,61384,55142,57360,58768,66181,72080,76645,48263,60206,39821,54852,9616,19102,716287,542409,125701,75137,157782,122794,54968,97,84
2021-07-14T23:59:59+02:00,5047,4791,47337,48593,90030,88809,84053,84288,83633,89733,85823,89029,52810,65807,42343,58602,10242,20518,26948,27511,59001,60399,54181,56527,57896,65338,71469,76065,47996,59928,39718,54679,9594,19058,714147,537064,125343,74223,157735,121111,54166,97,84
2021-07-13T23:59:59+02:00,4934,4674,46938,48218,89641,88453,83749,83987,83370,89478,85620,88864,52703,65703,42289,58538,10236,20498,26305,26861,57635,59220,52989,55542,56907,64428,70746,75430,47721,59607,39590,54503,9565,19008,711821,530769,124974,73124,157686,119078,53316,96,83
2021-07-12T23:59:59+02:00,4766,4505,46401,47713,89245,88120,83359,83673,83124,89224,85433,88706,52622,65608,42241,58473,10224,20483,25687,26221,56133,57878,51697,54483,55683,63291,70004,74812,47350,59180,39415,54282,9524,18943,709156,523521,124604,72098,157623,116738,52441,96,82
2021-07-11T23:59:59+02:00,4371,4134,45460,46796,88823,87693,82946,83289,82818,88938,85243,88561,52537,65518,42216,58417,10213,20466,25091,25659,54762,56621,50402,53444,54639,62261,69415,74263,47005,58798,39291,54107,9499,18901,705238,516922,124133,71090,157584,114953,51388,96,82
2021-07-10T23:59:59+02:00,4359,4119,45130,46461,88372,87215,82617,82979,82715,88841,85175,88503,52517,65495,42207,58403,10212,20462,24607,25134,53687,55687,49545,52863,54045,61693,69199,74077,46634,58380,39191,54003,9494,18890,704576,512639,123669,71007,157409,113635,50032,96,82
2021-07-09T23:59:59+02:00,4340,4106,44710,46029,87764,86666,82241,82641,82465,88657,85061,88410,52483,65466,42200,58390,10208,20453,23913,24368,52373,54453,48612,51983,53268,60843,68779,73678,46274,57974,39105,53913,9486,18878,703186,506496,123091,70603,157243,112291,48674,96,81
2021-07-08T23:59:59+02:00,4315,4080,44164,45549,86907,85966,81722,82134,82212,88419,84866,88257,52418,65399,42169,58344,10197,20437,22944,23450,50442,52899,47237,50835,52135,59721,68099,73046,45760,57423,38970,53750,9458,18809,701105,498820,122204,69338,156953,109762,47197,96,81
2021-07-07T23:59:59+02:00,4292,4052,43597,44980,86082,85203,81181,81658,81928,88127,84664,88096,52340,65300,42129,58282,10190,20417,22084,22562,48503,51224,45733,49701,50902,58546,67413,72513,45031,56686,38781,53513,9427,18751,698634,490719,121211,68225,156701,106665,45877,95,79
2021-07-06T23:59:59+02:00,4260,4032,43057,44465,85236,84475,80574,81069,81560,87799,84491,87922,52251,65218,42091,58219,10181,20392,21257,21711,46525,49440,44349,48451,49630,57213,66669,71793,44205,55916,38596,53274,9409,18695,696023,481787,120189,67145,156400,103712,44586,94,79
2021-07-05T23:59:59+02:00,4237,3996,41917,43498,83744,83394,79844,80460,81109,87382,84220,87662,52134,65081,42042,58141,10167,20364,20086,20670,44584,47852,43325,47489,48605,56254,65973,71177,43448,55055,38424,53051,9385,18656,692763,475837,119131,66278,156037,100626,41367,94,79
2021-07-04T23:59:59+02:00,4210,3975,40573,42308,82112,82081,79125,79852,80639,86957,83951,87467,52044,64956,41996,58090,10154,20335,18742,19467,42800,46342,42627,46751,47798,55397,65395,70610,42706,54212,38260,52860,9366,18608,689702,471208,117978,65351,155616,98011,37435,94,79
2021-07-03T23:59:59+02:00,3747,3560,39016,40782,81257,81430,78641,79362,80196,86481,83735,87297,51975,64855,41978,58038,10151,20329,17933,18780,41888,45654,42209,46370,47393,54998,65231,70445,42119,53486,38198,52761,9359,18598,686010,469280,116669,65251,155531,96423,34526,94,79
2021-07-02T23:59:59+02:00,3188,2990,37469,39304,80541,80705,77970,78664,79677,85977,83493,87097,51924,64769,41949,57990,10139,20316,17179,18068,40749,44702,41476,45679,46560,54216,64711,69998,41171,52281,38069,52573,9343,18579,681008,464248,115264,64791,155375,93936,32421,94,78
2021-07-01T23:59:59+02:00,2546,2446,35760,37658,79573,79849,77140,77836,78973,85341,83178,86819,51803,64611,41887,57886,10120,20288,16316,17179,39219,43471,40263,44615,45255,53090,63976,69425,40284,51147,37919,52366,9326,18547,674729,457913,113557,63141,155148,91176,30186,94,78
2021-06-30T23:59:59+02:00,2504,2415,34759,36658,77747,78350,75435,76337,78314,84794,82894,86526,51673,64451,41827,57791,10108,20261,15296,16219,37539,42245,39065,43504,44096,52038,63224,68800,39740,50466,37804,52171,9304,18512,668887,451812,111823,61803,154933,89300,27107,94,77
2021-06-29T23:59:59+02:00,2471,2382,33930,35777,76151,76865,73817,74919,77524,84076,82351,86037,51492,64232,41751,57660,10091,20225,14467,15323,36227,41106,38145,42683,42871,50988,62513,68216,39034,49534,37668,51954,9282,18469,662568,446661,109950,59966,154662,87354,24477,94,76
2021-06-28T23:59:59+02:00,2431,2349,33127,34981,74532,75457,72137,73519,76500,83288,81745,85540,51313,64005,41674,57553,10078,20191,13726,14580,35172,40091,37319,41953,41747,49994,61865,67672,38162,48448,37501,51734,9262,18422,656120,441849,107986,58454,154067,85157,22153,94,75
2021-06-27T23:59:59+02:00,2417,2334,32395,34241,72964,74087,70734,72313,75103,82168,81069,84988,51113,63788,41609,57437,10068,20162,13094,13953,34214,39340,36664,41348,40815,49146,61328,67228,37303,47421,37349,51557,9247,18391,649933,437966,106048,57692,153115,82900,19800,94,75
2021-06-26T23:59:59+02:00,1785,1727,31365,33146,72613,73770,70269,71848,74809,81856,80975,84905,51091,63760,41595,57427,10067,20159,12903,13747,33554,38799,36023,40928,40296,48811,60332,66227,36316,46286,37182,51343,9233,18358,645167,432007,105111,57640,153110,80961,19689,90,75
2021-06-25T23:59:59+02:00,1167,1129,30254,31987,72128,73245,69654,71151,74386,81412,80599,84582,51030,63674,41561,57384,10062,20145,12581,13361,32700,38001,35155,40105,39358,47974,59121,64994,35801,45587,36990,51043,9210,18315,638879,423597,103922,57194,153102,79903,19557,90,75
2021-06-24T23:59:59+02:00,567,570,28922,30678,71357,72501,68781,70267,73715,80786,80154,84219,50924,63545,41509,57315,10051,20111,11925,12668,31539,36701,33942,38838,38232,46865,57487,63619,35328,45068,36834,50855,9191,18255,631119,414291,102430,55644,152988,78017,19345,90,74
2021-06-23T23:59:59+02:00,540,537,28420,30138,70253,71520,67505,69131,72968,80099,79705,83817,50813,63371,41448,57219,10034,20080,11438,12143,30541,35453,33012,37614,37220,45988,55550,61910,34778,44503,36666,50628,9170,18190,624914,404555,100858,54580,152883,76763,18853,90,74
2021-06-22T23:59:59+02:00,517,521,27909,29559,69079,70494,66302,68099,72289,79395,79290,83451,50707,63244,41400,57135,10025,20055,11094,11747,29620,34518,32048,36729,36260,45099,53584,60077,34391,44027,36528,50387,9141,18133,618599,396045,99398,53007,152750,75642,18634,90,73
2021-06-21T23:59:59+02:00,485,487,27246,28900,67761,69328,65119,66968,71528,78616,78894,83057,50599,63135,41341,57048,10012,20013,10804,11437,28996,33936,31498,36162,35660,44511,51739,58420,33684,43228,36233,49965,9112,18057,611803,388493,97903,51809,152629,74971,18113,89,73
2021-06-20T23:59:59+02:00,400,406,26609,28243,66543,68196,64097,66027,70724,77876,78539,82721,50521,63010,41292,56980,10007,19980,10516,11177,28450,33436,31042,35669,35151,43988,49902,56634,33142,42546,36036,49630,9082,17997,605428,381089,96437,51056,152531,74508,17686,89,71
2021-06-19T23:59:59+02:00,368,372,26231,27878,65813,67626,63573,65531,69928,77223,78386,82596,50500,62985,41276,56965,10006,19980,10387,10984,28203,33118,30788,35348,34929,43728,48457,55240,32882,42198,35953,49493,9074,17969,601491,375695,95495,51044,152529,74320,17633,89,71
2021-06-18T23:59:59+02:00,341,338,25771,27419,64801,66892,62835,64918,69009,76386,77996,82260,50439,62909,41249,56929,10002,19972,10173,10749,27799,32696,30462,34937,34543,43338,46732,53581,32531,41685,35816,49282,9055,17935,596085,368869,94253,50757,152521,74110,17519,88,71
2021-06-17T23:59:59+02:00,312,307,25141,26817,63548,65892,61842,64104,67418,74983,77473,81860,50339,62756,41186,56846,9989,19944,9758,10396,27006,32011,29721,34258,33706,42637,45229,52090,32086,41058,35653,49028,9023,17885,590019,361458,91601,49617,152364,73726,16686,87,70
2021-06-16T23:59:59+02:00,278,269,24620,26240,62253,64765,60734,63122,65145,73062,76627,81204,50128,62545,41095,56734,9970,19913,9438,10145,26354,31341,29013,33635,32977,42004,44637,51526,31816,40699,35507,48829,9002,17844,583792,357764,87092,48911,151925,72222,15810,85,70
2021-06-15T23:59:59+02:00,239,238,23984,25558,60852,63563,59652,62137,63990,71976,76123,80781,50004,62397,41045,56637,9963,19883,9178,9877,25753,30607,28374,32879,32300,41282,43080,49904,31371,40146,35336,48596,8972,17780,576697,351069,85464,48019,151456,70967,15320,85,70
2021-06-14T23:59:59+02:00,217,206,23519,24974,59749,62507,58777,61287,62916,70968,75649,80388,49917,62274,40995,56565,9947,19857,8892,9578,25000,29717,27609,32044,31509,40467,41797,48567,31003,39647,35199,48372,8942,17729,570840,344939,83743,46995,151254,69287,14790,85,70
2021-06-13T23:59:59+02:00,212,191,23102,24509,58819,61602,58001,60503,61809,69998,75180,79958,49829,62158,40946,56506,9935,19827,8616,9281,24291,28875,26893,31204,30746,39616,40252,46991,30540,39041,34998,48069,8912,17640,565831,337910,81879,46216,151024,67513,14266,85,69
2021-06-12T23:59:59+02:00,199,174,22876,24245,58271,61102,57642,60224,61167,69355,74980,79845,49805,62127,40934,56492,9932,19823,8502,9165,23813,28289,26376,30635,30231,39057,39175,46017,30373,38862,34902,47904,8908,17629,562942,333712,80922,46213,151016,65625,14228,85,69
2021-06-11T23:59:59+02:00,181,158,22525,23834,57533,60291,56968,59596,60262,68423,74629,79537,49732,62054,40909,56456,9929,19817,8371,8977,23304,27617,25843,29978,29651,38424,38104,45009,30104,38508,34760,47681,8895,17603,557951,328880,79631,45954,151003,63771,14164,85,68
2021-06-10T23:59:59+02:00,166,141,21994,23276,56405,59363,56038,58778,59006,67251,74094,79131,49661,61947,40885,56405,9916,19789,8110,8730,22438,26672,24880,29040,28533,37496,36715,43845,29751,38031,34480,47248,8828,17528,552411,321993,77426,45246,150761,61465,13563,85,66
2021-06-09T23:59:59+02:00,145,127,21375,22729,55153,58270,54976,57869,58056,66346,73630,78738,49574,61847,40835,56343,9902,19759,7824,8467,21522,25806,23943,28146,27501,36548,34998,42061,29368,37531,34295,46978,8787,17438,546692,314567,75977,44520,150408,59558,12512,85,64
2021-06-08T23:59:59+02:00,123,109,20706,22048,53845,57140,53857,56895,57101,65488,73083,78303,49487,61723,40780,56251,9882,19728,7556,8234,20609,24910,22884,27282,26468,35591,33649,40759,29010,37023,33975,46526,8734,17355,540042,308266,75058,43754,149964,57088,11400,85,63
2021-06-07T23:59:59+02:00,106,91,20062,21452,52410,55888,52593,55918,55942,64504,72532,77902,49402,61617,40734,56187,9869,19700,7310,8015,19767,24087,21859,26468,25436,34720,32715,39979,28726,36633,33730,46099,8683,17264,532792,303651,74163,42937,149552,54527,10317,85,63
2021-06-06T23:59:59+02:00,99,85,19555,20917,51264,54799,51493,54941,54980,63551,72024,77499,49317,61542,40697,56124,9862,19684,7102,7817,18979,23195,20959,25596,24365,33737,31803,39163,28441,36295,33474,45709,8634,17189,526471,299089,73142,42198,149217,51592,9520,83,63
2021-06-05T23:59:59+02:00,93,77,19290,20627,50494,54051,50840,54438,54505,63062,71890,77384,49303,61526,40694,56120,9859,19684,6876,7407,18340,22121,20239,24480,23491,32497,30779,37847,28113,35833,33350,45535,8627,17169,522166,292792,73137,42159,149101,48244,9450,83,63
2021-06-04T23:59:59+02:00,83,71,18847,20046,49448,53049,50030,53570,53857,62278,71547,77055,49274,61489,40674,56106,9857,19677,6658,7097,17720,21271,19563,23493,22563,31230,29570,36516,27826,35472,33238,45360,8615,17149,515708,286385,72815,42090,149083,45537,9269,83,63
2021-06-03T23:59:59+02:00,72,60,18175,19374,47930,51753,48824,52450,52893,61265,71051,76595,49209,61386,40636,56061,9844,19653,6370,6707,16985,20228,18771,22347,21565,29818,28410,35038,27282,34694,33032,45035,8579,17074,507990,279659,71801,41344,148807,42322,8551,82,62
2021-06-02T23:59:59+02:00,67,56,17806,18873,46918,50774,47963,51707,52153,60517,70804,76383,49173,61350,40617,56033,9836,19639,6188,6468,16337,19548,17865,21597,20735,28880,27316,33638,26816,34090,32873,44785,8550,17004,501745,273395,71784,41329,148783,39634,8276,81,59
2021-06-01T23:59:59+02:00,56,50,17137,18154,45064,49038,46319,50250,50634,59074,70128,75783,49083,61238,40558,55961,9823,19590,5914,6159,15179,18647,16358,20638,19530,27642,26093,32247,26265,33399,32624,44439,8504,16900,492635,266925,70443,40764,148232,36241,6551,79,59
2021-05-31T23:59:59+02:00,54,46,16662,17672,43755,47900,45113,49152,49398,57964,69452,75274,49005,61135,40514,55891,9811,19554,5637,5840,14139,17817,14959,19722,18361,26536,24873,30907,25749,32684,32430,44143,8470,16801,486397,260643,69280,40220,147770,33322,4827,78,58
2021-05-30T23:59:59+02:00,47,45,16339,17280,42779,46967,44208,48247,48405,56967,68893,74729,48898,60980,40443,55779,9796,19511,5449,5598,13591,17118,14338,19028,17476,25571,23772,29735,24980,31736,32137,43725,8425,16712,480420,254686,68245,39421,147362,31024,4208,78,54
2021-05-29T23:59:59+02:00,47,45,16208,17163,42420,46651,43865,47981,48164,56778,68835,74672,48892,60973,40437,55776,9796,19511,5286,5358,13081,16307,13692,18180,16634,24405,22662,28435,24824,31505,32074,43632,8422,16705,478457,249098,68122,39421,147353,28428,4204,78,53
2021-05-28T23:59:59+02:00,46,43,15908,16858,41724,46023,43354,47421,47658,56237,68562,74376,48827,60892,40409,55727,9793,19506,5047,4974,12545,15390,13015,17317,15770,23172,21564,27001,24577,31139,31980,43498,8412,16688,474175,243078,67621,39316,147324,25480,4166,78,51
2021-05-27T23:59:59+02:00,43,39,15389,16338,40577,45044,42336,46538,46671,55350,67975,73943,48705,60732,40355,55655,9782,19465,4823,4638,11904,14562,12230,16380,14701,21981,20306,25494,24073,30398,31808,43236,8379,16606,468347,235737,66108,38512,146603,23422,3801,78,49
2021-05-26T23:59:59+02:00,41,38,14981,15913,39479,44127,41301,45656,45646,54474,67369,73434,48553,60554,40275,55487,9761,19417,4630,4442,11347,13801,11508,15531,13698,20847,18911,23907,23488,29617,31592,42894,8327,16505,463226,228480,64082,37650,145617,21365,3503,78,49
2021-05-25T23:59:59+02:00,41,37,14591,15510,38474,43239,40334,44801,44695,53557,66759,72904,48373,60319,40196,55355,9735,19363,4423,4240,10805,13155,10748,14749,12633,19613,17477,22401,22905,28838,31358,42575,8269,16417,457926,221130,62500,36711,144509,19450,3270,78,47
2021-05-24T23:59:59+02:00,40,36,14249,15186,37645,42502,39461,44128,43832,52774,66230,72420,48248,60141,40132,55232,9715,19319,4280,4115,10359,12694,10108,14162,11751,18781,16190,21144,22235,28006,31141,42246,8210,16327,453305,214237,61271,35771,143776,18837,2860,78,46
2021-05-23T23:59:59+02:00,36,36,14081,15013,37176,42130,39011,43723,43380,52370,65959,72192,48173,60050,40094,55186,9707,19295,4090,3975,9895,12219,9485,13553,10812,17966,14997,20079,21768,27439,30889,41957,8161,16244,450115,207249,60893,35689,143751,17772,2775,78,46
2021-05-22T23:59:59+02:00,34,34,13885,14797,36488,41566,38332,43269,42809,51962,64939,71181,47968,59793,40024,55073,9697,19274,3978,3680,9679,11806,9332,13225,10570,17521,14728,19679,21675,27322,30855,41917,8154,16235,443677,206028,60890,35686,143736,15854,2744,78,46
2021-05-21T23:59:59+02:00,33,33,13506,14395,35415,40649,37270,42338,41745,51065,63584,69898,47738,59456,39943,54926,9680,19241,3872,3584,9472,11541,9121,12961,10241,17193,14316,19310,21455,27036,30795,41827,8145,16227,434072,204084,60537,35380,143501,14862,2728,77,44
2021-05-20T23:59:59+02:00,31,33,12712,13670,33976,39191,35848,40930,40341,49867,62301,68747,47448,59114,39800,54744,9659,19190,3724,3403,8946,10939,8474,12252,9544,16346,13561,18346,20640,25918,30601,41530,8106,16141,423867,199722,58836,34535,142473,11821,2351,75,44
2021-05-19T23:59:59+02:00,31,32,12175,13106,32797,37767,34744,39549,39216,48907,60300,66980,46972,58557,39617,54482,9618,19084,3621,3271,8673,10563,8178,11877,9102,15838,12924,17683,19776,24788,30375,41227,8050,16026,413030,195477,57316,33722,141364,10584,2149,75,42
2021-05-18T23:59:59+02:00,28,32,11753,12663,31755,36748,33650,38634,38174,47972,58243,65123,46617,58108,39463,54243,9586,19025,3423,3108,8175,9957,7706,11332,8559,15171,12242,16913,18834,23557,30138,40884,8013,15921,404377,191385,55356,32880,140169,7786,1842,73,42
2021-05-17T23:59:59+02:00,26,31,11502,12387,31236,36191,33154,38074,37584,47339,56343,63414,45916,57285,39187,53845,9549,18952,3341,2999,7912,9675,7413,11033,8158,14758,11672,16310,17918,22425,29905,40565,7978,15847,396797,187012,54232,32133,139359,7170,1555,72,41
2021-05-16T23:59:59+02:00,26,31,11280,12133,30714,35687,32692,37581,37062,46767,54449,61589,45371,56586,38993,53525,9522,18897,3240,2900,7624,9385,7092,10688,7682,14295,11092,15726,16987,21277,29696,40275,7940,15778,389838,182732,53264,31287,138695,6584,1037,71,39
2021-05-15T23:59:59+02:00,26,31,11126,11930,30436,35354,32454,37261,36831,46504,52878,60110,45121,56280,38916,53387,9516,18869,3219,2882,7599,9356,7077,10667,7663,14282,11075,15705,16877,21061,29487,39967,7932,15768,384030,181742,53260,31286,138649,6533,1020,71,38
2021-05-14T23:59:59+02:00,26,31,10878,11650,29966,34845,32074,36797,36318,46031,51007,58280,44759,55779,38776,53180,9500,18829,3192,2863,7529,9284,7021,10595,7604,14223,10892,15505,16146,19993,29201,39481,7915,15728,376233,178826,52932,30947,138520,6393,970,71,38
2021-05-13T23:59:59+02:00,23,30,10595,11325,29318,34205,31475,36193,35645,45365,49537,56763,44330,55153,38605,52937,9473,18783,3124,2817,7402,9183,6934,10501,7500,14114,10566,15159,15087,18758,28815,38837,7872,15654,369143,175027,51915,30384,137768,6018,859,70,37
2021-05-12T23:59:59+02:00,23,28,10466,11182,29036,33887,31207,35900,35333,45051,49252,56455,44232,55049,38552,52859,9466,18745,3112,2791,7368,9147,6904,10466,7472,14075,10399,15003,14714,18326,28512,38354,7850,15607,366474,172979,51834,30374,137609,5974,737,69,37
2021-05-11T23:59:59+02:00,22,25,10120,10859,28182,33060,30376,35146,34472,44268,47518,54686,43777,54454,38377,52569,9428,18643,3025,2694,7123,8867,6681,10166,7257,13705,9919,14455,13734,17177,28098,37737,7813,15512,359558,169309,50129,29482,135715,4625,511,69,37
2021-05-10T23:59:59+02:00,21,25,9814,10582,27436,32358,29598,34445,33702,43500,46212,53421,43394,53943,38189,52265,9378,18530,2983,2648,6996,8744,6586,10048,7118,13523,9654,14148,13039,16317,27670,37126,7787,15431,353305,166495,49011,29100,134029,3787,402,66,35
2021-05-09T23:59:59+02:00,20,25,9582,10336,26754,31674,28931,33744,32979,42803,44689,51949,42893,53324,37989,51961,9341,18445,2935,2602,6873,8601,6479,9906,7006,13311,9338,13837,12242,15416,27306,36591,7767,15375,346226,163645,47936,28544,132900,3047,315,62,35
2021-05-08T23:59:59+02:00,20,25,9489,10269,26369,31373,28485,33430,32524,42499,43657,51120,42741,53161,37949,51899,9339,18439,2932,2598,6865,8596,6473,9898,6998,13299,9328,13825,12204,15354,26628,35642,7730,15299,341709,161775,47894,28517,132814,3034,309,62,35
2021-05-07T23:59:59+02:00,19,25,9347,10121,25898,30993,28034,33056,32018,42150,42617,50295,42469,52821,37836,51739,9327,18412,2885,2572,6812,8555,6417,9843,6947,13247,9155,13603,11573,14542,25689,34259,7682,15217,336580,157686,47588,28147,132656,2840,291,62,35
2021-05-06T23:59:59+02:00,17,24,8948,9832,24981,30224,26971,32252,30789,41332,41000,49084,42088,52273,37641,51496,9289,18339,2821,2526,6681,8408,6302,9714,6799,13059,8884,13306,10925,13679,24725,32878,7648,15156,328726,153903,46513,27193,131001,2102,279,61,35
2021-05-05T23:59:59+02:00,17,23,8582,9632,24099,29625,26107,31588,29701,40540,39021,47270,41643,51720,37434,51215,9232,18227,2780,2495,6563,8279,6200,9600,6697,12918,8639,13048,10217,12851,23711,31554,7619,15085,320874,150019,45660,26306,128886,1702,195,61,35
2021-05-04T23:59:59+02:00,17,22,8339,9405,23303,28977,25133,30848,28629,39706,37509,45804,41175,51137,37156,50867,9185,18106,2741,2473,6490,8207,6118,9533,6623,12836,8402,12828,9486,11996,22766,30311,7585,15022,314225,146297,44693,25500,126249,1497,90,61,34
2021-05-03T23:59:59+02:00,17,21,8136,9191,22604,28397,24294,30243,27722,39011,36550,45054,40827,50664,36941,50578,9135,18002,2696,2440,6419,8130,6038,9468,6533,12752,8174,12615,8743,11097,21850,29095,7554,14972,309363,142557,43916,24680,123998,1256,50,60,34
2021-05-02T23:59:59+02:00,17,21,7973,9026,21966,27819,23555,29652,26904,38388,35736,44419,40568,50335,36829,50392,9101,17945,2658,2417,6377,8089,6001,9433,6493,12711,7992,12443,8143,10360,21141,28228,7533,14954,304536,139372,43146,24404,122862,1122,43,59,33
2021-05-01T23:59:59+02:00,16,21,7821,8843,21593,27361,23073,29077,26261,37678,34912,43524,40306,49960,36732,50239,9095,17928,2652,2411,6351,8079,5986,9424,6475,12697,7975,12428,8106,10296,21102,28171,7529,14950,298437,139081,43145,24397,122756,1079,43,59,33
2021-04-30T23:59:59+02:00,16,20,7673,8665,21206,26931,22627,28510,25513,36901,33903,42559,40077,49641,36635,50085,9083,17907,2634,2398,6326,8061,5964,9407,6448,12677,7943,12394,8066,10226,21051,28088,7526,14941,292145,138769,43138,24324,122574,988,37,58,33
2021-04-29T23:59:59+02:00,15,20,7404,8425,20613,26358,21956,27826,24582,35936,32627,41223,39033,48239,36317,49609,9026,17779,2602,2364,6234,7951,5879,9305,6354,12535,7739,12118,7442,9503,20645,27572,7504,14867,283403,136705,42355,23096,121140,746,37,53,31
2021-04-28T23:59:59+02:00,14,18,7129,8207,20092,25884,21319,27226,23696,35089,31232,39772,37872,46651,35975,49117,8963,17637,2533,2316,6125,7829,5769,9174,6252,12385,7520,11847,6754,8658,20229,26997,7463,14796,274723,134257,41583,21801,119502,522,37,48,31
2021-04-27T23:59:59+02:00,13,18,6946,8029,19658,25459,20699,26689,22842,34311,30017,38449,36784,45209,35592,48547,8893,17510,2507,2291,6022,7732,5716,9076,6186,12262,7305,11648,6153,7920,19823,26499,7443,14773,266907,132158,40720,20857,117953,274,37,48,31
2021-04-26T23:59:59+02:00,12,18,6764,7864,19239,25035,20155,26164,22036,33554,28801,37212,35724,43787,35286,48063,8843,17386,2495,2281,5979,7690,5671,9036,6149,12218,7119,11483,5539,7189,19451,26051,7419,14746,259216,130196,39894,20013,116752,243,34,47,31
2021-04-25T23:59:59+02:00,12,17,6659,7731,18901,24765,19776,25825,21423,32937,27816,36256,34594,42358,34971,47633,8801,17304,2483,2274,5961,7666,5652,9019,6129,12193,7082,11456,5412,7008,19116,25587,7403,14702,252028,129575,39180,19272,116491,233,33,47,31
2021-04-24T23:59:59+02:00,12,17,6495,7555,18458,24333,19217,25288,20640,32135,26735,35207,34343,42044,34877,47468,8791,17292,2479,2268,5948,7656,5643,9008,6124,12189,7072,11449,5339,6897,19018,25446,7400,14694,246066,129121,39175,19232,115586,215,33,47,30
2021-04-23T23:59:59+02:00,12,17,6272,7354,18010,23859,18647,24676,19816,31321,25577,34010,33567,40870,34734,47233,8777,17269,2473,2250,5921,7632,5606,8969,6079,12145,7026,11397,5173,6620,18479,24819,7300,14525,238495,127277,38848,18884,114599,193,33,46,28
2021-04-22T23:59:59+02:00,11,16,6057,7146,17405,23271,17854,23894,18766,30299,24258,32578,32525,39516,34490,46877,8739,17191,2459,2235,5877,7580,5556,8885,6003,12067,6950,11327,4889,6202,17766,23945,7181,14331,229458,125115,37931,17920,113428,159,33,43,27
2021-04-21T23:59:59+02:00,11,15,5858,6965,16874,22800,17193,23291,17783,29401,22704,30987,31521,38285,34193,46439,8691,17103,2435,2218,5835,7525,5498,8810,5937,11967,6855,11247,4729,5928,17068,23096,7065,14149,220582,123026,37162,17150,112296,127,33,41,27
2021-04-20T23:59:59+02:00,10,14,5675,6771,16318,22325,16452,22632,16787,28400,21236,29517,30375,36795,33878,46004,8640,17013,2422,2203,5786,7487,5458,8765,5889,11901,6776,11182,4610,5773,16467,22322,6939,13970,211596,121341,36280,16434,110893,119,32,41,25
2021-04-19T23:59:59+02:00,10,14,5488,6614,15785,21895,15775,22073,15796,27522,19843,28116,29000,35160,33561,45526,8582,16895,2411,2188,5762,7454,5421,8731,5850,11855,6695,11106,4484,5612,15818,21611,6831,13808,202898,119696,35501,15768,109185,117,32,39,25
2021-04-18T23:59:59+02:00,9,14,5300,6473,15351,21571,15157,21512,14825,26735,18505,26978,27613,33509,33230,45108,8524,16808,2360,2142,5630,7332,5306,8617,5743,11704,6590,10987,4368,5425,15225,20945,6718,13629,194364,118055,34671,14498,108116,113,32,39,24
2021-04-17T23:59:59+02:00,9,13,5264,6438,15197,21495,14981,21427,14590,26556,18251,26757,27106,32967,33104,44960,8515,16793,2333,2102,5530,7178,5199,8458,5643,11516,6501,10854,4316,5362,14984,20651,6708,13616,193146,116298,34666,14494,106540,104,32,39,24
2021-04-16T23:59:59+02:00,9,13,5201,6384,15021,21345,14769,21267,14308,26309,17836,26346,26063,31737,32971,44750,8494,16770,2287,2052,5414,6991,5062,8275,5491,11273,6304,10631,4109,5128,14337,19857,6610,13471,189806,113047,34378,14095,105338,95,32,39,24
2021-04-15T23:59:59+02:00,7,12,5132,6307,14808,21131,14501,20977,13879,25957,17200,25714,24701,30129,32715,44427,8458,16691,2217,1968,5218,6754,4860,7954,5284,10956,6088,10346,3911,4878,13507,18774,6495,13304,185250,109223,33569,13151,103857,85,32,38,24
2021-04-14T23:59:59+02:00,7,12,5052,6236,14604,20930,14247,20753,13490,25623,16534,25096,23124,28342,32403,44024,8405,16597,2028,1848,5000,6491,4671,7704,5056,10707,5854,10061,3775,4669,12780,17856,6368,13090,180648,106129,32694,11695,102067,79,32,38,24
2021-04-13T23:59:59+02:00,7,12,5000,6188,14402,20796,14013,20572,13149,25326,15964,24593,21421,26498,32087,43607,8373,16491,1942,1795,4833,6303,4486,7483,4855,10452,5650,9825,3639,4503,12263,17240,6245,12929,176424,103741,31820,10578,100186,69,32,37,24
2021-04-12T23:59:59+02:00,7,11,4936,6122,14185,20599,13708,20309,12763,24912,15385,24040,19828,24556,31797,43247,8332,16417,1812,1705,4650,6144,4336,7307,4692,10259,5513,9666,3520,4348,11832,16730,6134,12766,172064,102054,30767,9240,98254,67,32,37,22
2021-04-11T23:59:59+02:00,7,11,4867,6047,13961,20401,13412,20098,12349,24561,14824,23531,18320,22782,31536,42905,8289,16337,1775,1669,4530,6031,4225,7184,4570,10128,5379,9535,3405,4229,11341,16120,6003,12559,167781,100307,29808,8262,96582,65,31,36,19
2021-04-10T23:59:59+02:00,7,11,4862,6039,13942,20387,13403,20087,12332,24543,14800,23512,17632,21860,31245,42487,8271,16310,1771,1657,4518,6020,4210,7170,4557,10114,5326,9469,3302,4116,10784,15285,5874,12361,166712,98162,29781,8262,95172,63,29,36,19
2021-04-09T23:59:59+02:00,7,11,4849,6022,13905,20338,13359,20039,12285,24489,14540,23258,16114,19971,30840,41842,8237,16267,1747,1646,4495,6004,4184,7143,4516,10079,5288,9420,3217,3997,9917,14297,5725,12163,164095,95719,29439,8014,92777,61,27,35,18
2021-04-08T23:59:59+02:00,7,11,4806,5994,13804,20263,13278,19959,12185,24385,14204,22899,14346,17762,30223,40833,8179,16146,1726,1633,4463,5951,4132,7058,4452,9999,5216,9343,3109,3894,9439,13696,5521,11918,160268,93875,28410,7579,90554,60,19,33,18
2021-04-07T23:59:59+02:00,7,11,4775,5965,13699,20180,13183,19873,12081,24283,13823,22539,12839,15910,29579,39860,8124,16048,1707,1621,4410,5884,4047,6984,4363,9915,5126,9243,3022,3799,8694,12602,5286,11513,155852,91325,27534,6806,89342,50,18,33,18
2021-04-06T23:59:59+02:00,7,11,4746,5939,13600,20113,13101,19812,12005,24218,13447,22188,11207,13905,28917,38890,8092,15977,1647,1567,4280,5756,3939,6860,4244,9767,5023,9114,2906,3677,7989,11672,5014,11148,151839,88939,26652,5584,87635,48,16,33,17
2021-04-05T23:59:59+02:00,7,10,4708,5911,13523,20046,13034,19744,11950,24138,13175,21934,9597,11960,28189,37838,8057,15915,1576,1498,4125,5606,3771,6704,4090,9618,4868,8986,2774,3560,7181,10710,4743,10759,148643,86570,25635,3923,85410,45,15,33,17
2021-04-04T23:59:59+02:00,7,10,4694,5894,13512,20026,13026,19726,11942,24118,13078,21864,8574,10700,27742,37198,8032,15858,1574,1495,4117,5600,3769,6699,4085,9613,4866,8978,2769,3551,6945,10244,4659,10634,146918,85610,25631,3923,83407,39,12,33,15
2021-04-03T23:59:59+02:00,7,10,4691,5884,13495,20006,13016,19716,11932,24108,13064,21846,7670,9632,26859,35956,7983,15746,1570,1491,4115,5595,3767,6696,4077,9601,4852,8965,2762,3539,6807,9982,4620,10553,144442,85005,25623,3923,81513,39,11,32,15
2021-04-02T23:59:59+02:00,7,10,4686,5866,13458,19980,12977,19673,11888,24060,12990,21779,7157,8884,25275,33856,7837,15477,1561,1475,4089,5571,3741,6655,4041,9540,4729,8678,2634,3384,6432,9587,4471,10351,139991,83180,25285,3697,80544,39,9,31,15
2021-04-01T23:59:59+02:00,6,9,4638,5807,13364,19835,12860,19522,11739,23904,12392,21331,6594,8178,23771,31885,7711,15240,1495,1429,3980,5447,3674,6584,3973,9474,4651,8574,2540,3243,5919,8902,4301,10077,135800,80916,24148,3292,78801,34,8,29,14
2021-03-31T23:59:59+02:00,6,9,4587,5752,13239,19682,12728,19368,11550,23725,12131,21071,6275,7807,22294,29934,7561,15011,1482,1418,3956,5424,3642,6556,3933,9427,4612,8521,2477,3168,5437,8256,4127,9838,131873,79148,23061,3075,77762,34,5,29,13
2021-03-30T23:59:59+02:00,6,9,4523,5687,13101,19532,12615,19193,11419,23560,11961,20932,6085,7590,20908,28206,7417,14808,1465,1382,3915,5391,3578,6486,3845,9313,4481,8350,2342,2963,5017,7701,3984,9582,128518,76926,22135,2833,76870,22,2,27,13
2021-03-29T23:59:59+02:00,6,9,4483,5649,12982,19439,12548,19109,11337,23458,11812,20797,5927,7392,19492,26526,7289,14607,1406,1341,3860,5347,3504,6416,3727,9169,4331,8160,2220,2822,4454,7032,3830,9306,124943,74270,21270,2621,76620,21,2,27,12
2021-03-28T23:59:59+02:00,6,9,4436,5585,12861,19301,12462,19015,11236,23361,11706,20696,5776,7186,18314,25019,7170,14412,1373,1297,3762,5239,3310,6190,3640,9052,4281,8104,2166,2758,3695,6011,3645,9038,121946,71214,20480,2322,76097,13,2,26,11
2021-03-27T23:59:59+01:00,6,9,4404,5534,12754,19136,12346,18850,11122,23156,11599,20546,5710,7104,18028,24673,7159,14397,1367,1294,3757,5235,3307,6183,3354,8703,4083,7806,2160,2755,3681,5978,3611,8977,120110,69909,20440,2322,75955,8,2,26,11
2021-03-26T23:59:59+01:00,6,8,4368,5481,12643,18945,12213,18648,10969,22926,11438,20335,5547,6890,17424,23878,7060,14247,1366,1293,3752,5228,3284,6165,3335,8683,3870,7357,1983,2349,3417,5694,3460,8744,117012,67647,20101,2315,75886,7,1,26,11
2021-03-25T23:59:59+01:00,6,8,4300,5393,12445,18706,12008,18319,10755,22599,11197,20008,5335,6606,16395,22571,6932,14058,1357,1283,3731,5202,3250,6137,3284,8645,3824,7313,1911,2236,2983,5012,3302,8439,113033,65680,19029,2214,75552,4,1,26,11
2021-03-24T23:59:59+01:00,6,8,4220,5282,12231,18254,11789,17906,10533,22208,10963,19635,5066,6260,15355,21354,6793,13834,1334,1270,3707,5156,3214,6074,3229,8575,3770,7240,1858,2177,2676,4678,3150,8164,109927,64286,17936,1971,73807,4,1,26,11
2021-03-23T23:59:59+01:00,6,8,4164,5218,12064,17911,11590,17553,10341,21844,10743,19347,4933,6064,14715,20539,6653,13661,1319,1264,3692,5138,3193,6055,3204,8524,3733,7197,1823,2118,2447,4409,2941,7843,107579,62957,17210,1929,72538,3,1,26,11
2021-03-22T23:59:59+01:00,6,8,4115,5140,11865,17578,11401,17225,10115,21516,10528,19041,4781,5858,14096,19824,6520,13475,1306,1255,3665,5105,3161,6018,3175,8468,3696,7152,1779,2062,2248,4159,2746,7510,105716,61702,16492,1789,70857,3,1,26,11
2021-03-21T23:59:59+01:00,6,8,4041,5017,11583,17167,11120,16818,9844,21061,10271,18689,4667,5687,13400,19033,6379,13267,1298,1254,3648,5089,3140,5985,3152,8438,3676,7130,1760,2035,2083,3997,2574,7242,103837,60704,15193,1784,69001,3,1,26,10
2021-03-20T23:59:59+01:00,5,8,4011,4948,11440,16832,10995,16500,9701,20758,10095,18406,4540,5527,12770,18082,6242,13052,1297,1253,3648,5087,3137,5984,3149,8432,3671,7126,1756,2030,2052,3936,2551,7201,101641,60513,15188,1784,67056,3,1,26,10
2021-03-19T23:59:59+01:00,5,7,3967,4867,11272,16471,10813,16145,9528,20378,9881,18046,4380,5333,11746,16871,6081,12841,1288,1246,3630,5059,3107,5907,3104,8339,3569,6951,1631,1917,1978,3872,2439,6993,98944,59237,14778,1780,64884,3,1,25,10
2021-03-18T23:59:59+01:00,5,7,3880,4764,11026,16045,10544,15701,9249,19909,9658,17703,4236,5167,11122,16004,5853,12574,1284,1235,3613,5024,3087,5863,3082,8283,3542,6904,1612,1884,1939,3802,2316,6783,97144,58551,13771,1689,62506,3,1,25,10
2021-03-17T23:59:59+01:00,5,7,3709,4649,10731,15625,10278,15341,9006,19547,9407,17355,4117,5000,10308,14761,5591,12151,1283,1232,3599,5006,3081,5843,3072,8249,3524,6880,1611,1860,1915,3773,2206,6596,94497,58042,12228,1675,60837,3,1,25,10
2021-03-16T23:59:59+01:00,5,7,3567,4524,10392,15160,10004,14971,8731,19103,9111,16991,3974,4834,9491,13637,5310,11792,1269,1229,3595,4999,3070,5839,3066,8238,3517,6866,1587,1836,1876,3722,2086,6418,92163,57605,11038,1595,58378,3,1,24,10
2021-03-15T23:59:59+01:00,5,7,3419,4408,10077,14692,9712,14512,8434,18629,8823,16578,3828,4664,8783,12572,5086,11471,1259,1221,3575,4987,3058,5815,3046,8199,3497,6823,1572,1823,1859,3689,1971,6233,90199,57021,9674,1594,55805,3,0,22,10
2021-03-14T23:59:59+01:00,5,7,3349,4319,9811,14259,9457,14110,8116,18137,8543,16183,3665,4478,7982,11337,4778,11016,1245,1215,3554,4969,3037,5774,3024,8119,3469,6755,1546,1773,1798,3562,1806,5844,87890,56494,8656,984,52987,3,0,19,10
2021-03-13T23:59:59+01:00,5,7,3272,4064,9499,13588,9214,13529,7891,17562,8338,15749,3556,4376,7791,11043,4730,10928,1245,1215,3554,4969,3037,5774,3023,8119,3467,6753,1542,1772,1796,3558,1805,5843,87235,56477,8656,984,49232,2,0,19,10
2021-03-12T23:59:59+01:00,5,7,3211,3927,9253,13048,8976,12999,7658,16926,7981,14998,3393,4206,7408,10635,4592,10739,1241,1212,3549,4955,3034,5771,3016,8111,3463,6747,1515,1743,1775,3540,1705,5665,85462,56048,8410,983,46071,2,0,19,10
2021-03-11T23:59:59+01:00,5,7,3060,3659,8878,12288,8672,12323,7325,16142,7639,14353,3236,4004,6853,9916,4402,10427,1222,1202,3515,4911,2991,5694,2981,7987,3412,6649,1471,1690,1696,3340,1507,5151,83014,55303,7965,106,42192,1,0,18,10
2021-03-10T23:59:59+01:00,5,7,2995,3552,8378,11777,7995,11840,7004,15651,7338,13762,3076,3847,6293,9220,4231,10153,1211,1188,3485,4853,2960,5618,2945,7847,3358,6527,1433,1650,1638,3244,1391,4872,81194,54128,7414,83,38499,0,0,17,10
2021-03-09T23:59:59+01:00,5,6,2890,3376,7694,11325,7098,11353,6585,15039,6973,13155,2846,3546,5785,8589,4075,9877,1206,1184,3463,4806,2933,5553,2928,7795,3340,6481,1418,1626,1603,3201,1286,4674,78900,53441,6058,49,35242,0,0,17,8
2021-03-08T23:59:59+01:00,5,6,2717,3141,7052,10780,6284,10874,6184,14510,6578,12588,2635,3335,5182,7850,3929,9609,1199,1178,3442,4740,2908,5477,2889,7701,3308,6405,1411,1617,1600,3193,1281,4671,76074,52966,4920,47,32249,0,0,16,8
2021-03-07T23:59:59+01:00,5,6,2605,3008,6721,10279,5873,10332,5888,14060,6338,12199,2537,3244,4417,6787,3712,9326,1196,1175,3439,4735,2903,5465,2885,7684,3300,6392,1406,1604,1579,3153,1266,4630,72820,52760,4089,45,30413,0,0,15,8
2021-03-06T23:59:59+01:00,5,5,2560,2866,6537,9825,5673,9915,5412,13204,5963,11459,2516,3217,4411,6776,3711,9324,1196,1174,3436,4730,2901,5464,2884,7683,3299,6389,1404,1601,1579,3151,1265,4630,71592,52734,4089,45,27683,0,0,15,8
2021-03-05T23:59:59+01:00,5,5,2468,2611,6324,9241,5459,9517,5235,12636,5578,10481,2291,2752,4032,6394,3572,9109,1184,1171,3418,4714,2896,5451,2876,7665,3288,6370,1390,1594,1578,3147,1260,4626,69262,52577,3856,45,24577,0,0,15,7
2021-03-04T23:59:59+01:00,5,5,2392,2406,6109,8805,5296,9175,5054,12215,5403,10102,2199,2582,3478,5570,3406,8771,1173,1156,3375,4615,2863,5384,2844,7567,3255,6296,1370,1587,1564,3133,1252,4615,67213,52000,3415,45,22330,0,0,15,5
2021-03-03T23:59:59+01:00,4,5,2335,2355,5939,8390,5125,8814,4840,11763,5213,9656,2117,2474,3075,5132,3247,8476,1153,1148,3340,4567,2826,5319,2804,7468,3207,6222,1350,1562,1545,3102,1246,4598,65786,51412,3172,42,19987,0,0,15,4
2021-03-02T23:59:59+01:00,4,5,2281,2267,5777,8056,4967,8557,4677,11361,5052,9338,2051,2383,2770,4775,3030,8155,1148,1139,3322,4546,2811,5293,2787,7419,3199,6194,1345,1551,1527,3085,1243,4592,64434,51156,2911,42,18146,0,0,15,4
2021-03-01T23:59:59+01:00,4,5,2255,2240,5673,7840,4867,8411,4593,11209,4951,9164,1996,2306,2474,4453,2842,7839,1142,1136,3308,4528,2799,5264,2771,7373,3185,6166,1339,1548,1520,3076,1240,4588,63169,50938,2690,42,17248,0,0,15,4
2021-02-28T23:59:59+01:00,3,5,2203,2197,5494,7579,4691,8190,4457,11023,4844,9037,1958,2243,2179,4151,2639,7530,1133,1130,3293,4518,2792,5257,2765,7359,3178,6152,1334,1545,1513,3060,1239,4556,62058,50779,2388,42,15962,0,0,15,4
2021-02-27T23:59:59+01:00,3,5,2116,1888,5317,7154,4593,7878,4374,10674,4772,8787,1930,2182,2151,4106,2619,7476,1129,1126,3291,4517,2787,5255,2761,7356,3173,6149,1332,1545,1513,3059,1238,4555,61826,50744,2388,39,13796,0,0,15,4
2021-02-26T23:59:59+01:00,3,5,2059,1810,5170,6915,4446,7618,4223,10409,4563,8504,1801,2074,2090,4068,2512,7296,1108,1113,3274,4483,2775,5215,2748,7303,3151,6095,1326,1534,1509,3051,1237,4553,60498,50434,2382,38,12671,0,0,15,4
2021-02-25T23:59:59+01:00,3,5,1942,1711,4844,6513,4018,7157,3937,9895,4328,8122,1743,2016,2056,4007,2402,7102,1092,1098,3237,4440,2745,5163,2702,7196,3111,6002,1316,1518,1495,3011,1224,4494,60022,49805,2275,36,9490,0,0,14,4
2021-02-24T23:59:59+01:00,3,5,1913,1651,4727,6299,3913,6942,3815,9652,4203,7962,1721,1984,2024,3965,2290,6904,1079,1093,3210,4378,2709,5097,2677,7112,3082,5931,1300,1501,1470,2963,1212,4425,59475,49211,2029,25,8455,0,0,14,4
2021-02-23T23:59:59+01:00,3,5,1688,1504,4353,5809,3632,6549,3595,9273,4048,7676,1692,1953,1980,3918,2177,6721,1060,1081,3172,4350,2681,5039,2651,7036,3047,5872,1280,1481,1443,2928,1202,4375,59022,48685,1982,11,5558,0,0,14,3
2021-02-22T23:59:59+01:00,3,5,1679,1485,4302,5750,3596,6486,3531,9180,3987,7581,1660,1926,1954,3867,2060,6524,1056,1068,3151,4305,2661,5000,2626,6976,3018,5819,1268,1467,1434,2918,1194,4366,58481,48319,1840,6,5241,0,0,14,3
2021-02-21T23:59:59+01:00,3,5,1667,1481,4272,5717,3553,6448,3490,9126,3943,7531,1651,1919,1949,3858,1940,6361,1050,1057,3130,4267,2632,4950,2611,6907,2989,5731,1254,1451,1414,2858,1170,4289,58138,47752,1834,6,4929,0,0,13,3
2021-02-20T23:59:59+01:00,3,5,1666,1480,4267,5714,3551,6447,3490,9125,3942,7530,1646,1917,1947,3854,1939,6361,1050,1057,3128,4265,2632,4950,2610,6906,2989,5731,1254,1450,1413,2858,1170,4289,58123,47744,1834,6,4914,0,0,13,3
2021-02-19T23:59:59+01:00,3,5,1648,1473,4254,5694,3540,6433,3479,9115,3932,7515,1620,1888,1926,3836,1839,6181,1049,1056,3127,4264,2631,4949,2610,6904,2986,5729,1254,1449,1413,2857,1170,4289,57704,47729,1829,6,4837,0,0,11,3
2021-02-18T23:59:59+01:00,3,5,1604,1442,4158,5583,3469,6331,3391,8951,3847,7374,1598,1853,1892,3767,1709,5984,1003,1013,2988,4039,2505,4677,2499,6567,2879,5465,1223,1406,1381,2771,1144,4140,57060,45693,1739,6,4151,0,0,11,2
2021-02-17T23:59:59+01:00,3,4,1582,1413,4062,5433,3384,6181,3273,8716,3720,7173,1546,1785,1820,3666,1592,5679,946,963,2835,3817,2388,4364,2372,6156,2750,5153,1174,1346,1335,2664,1097,3978,55851,43330,1728,6,3442,0,0,11,2
2021-02-16T23:59:59+01:00,3,4,1508,1346,3902,5235,3247,6000,3165,8484,3598,7007,1522,1760,1785,3636,1479,5472,860,931,2704,3660,2289,4153,2246,5834,2619,4899,1118,1254,1190,2363,843,3366,55161,40324,1711,3,2272,0,0,9,2
2021-02-15T23:59:59+01:00,3,4,1493,1328,3856,5149,3188,5913,3108,8369,3531,6901,1511,1746,1770,3613,1471,5452,825,909,2623,3531,2213,3973,2162,5556,2531,4686,1075,1190,1104,2189,779,3151,54696,38495,1709,1,1992,0,0,9,1
2021-02-14T23:59:59+01:00,3,4,1427,1300,3771,5072,3145,5804,3052,8215,3487,6792,1491,1715,1718,3486,1416,5205,816,903,2574,3463,2174,3905,2108,5436,2465,4579,1048,1154,1019,2017,708,2916,54453,37283,1098,1,1543,0,0,9,1
2021-02-13T23:59:59+01:00,3,4,1425,1299,3763,5067,3138,5803,3049,8213,3484,6790,1490,1711,1718,3484,1414,5205,816,903,2574,3463,2174,3905,2106,5435,2464,4579,1046,1153,1019,2017,708,2916,54433,37278,1097,0,1521,0,0,9,0
2021-02-12T23:59:59+01:00,3,3,1392,1283,3725,5033,3116,5783,3027,8180,3465,6745,1474,1701,1708,3467,1405,5186,809,895,2541,3410,2140,3860,2076,5381,2446,4548,1045,1152,1018,2017,707,2914,54206,36959,1095,0,1386,0,0,9,0
2021-02-11T23:59:59+01:00,3,3,1345,1240,3611,4861,3025,5611,2929,7869,3365,6533,1414,1641,1641,3289,1321,4860,772,832,2286,2966,1914,3382,1845,4636,2175,4019,962,1083,932,1825,658,2645,53576,32932,129,0,849,0,0,7,0
2021-02-10T23:59:59+01:00,3,3,1325,1217,3552,4751,2959,5507,2887,7719,3311,6402,1397,1624,1614,3250,1308,4823,695,775,1994,2557,1704,2932,1606,4028,1918,3557,852,936,769,1453,530,2155,52929,28461,127,0,590,0,0,6,0
2021-02-09T23:59:59+01:00,3,2,1312,1199,3497,4681,2929,5438,2867,7624,3274,6334,1390,1610,1586,3228,1298,4810,647,697,1733,2201,1510,2543,1421,3528,1746,3192,820,902,746,1381,509,2042,52619,25618,122,0,335,0,0,6,0
2021-02-08T23:59:59+01:00,3,2,1298,1195,3468,4651,2909,5401,2846,7572,3255,6304,1380,1603,1577,3202,1296,4792,634,663,1582,1964,1369,2289,1287,3220,1586,2932,781,881,698,1275,477,1873,52320,23511,96,0,332,0,0,6,0
2021-02-07T23:59:59+01:00,3,2,1166,1152,3361,4596,2855,5359,2819,7533,3230,6266,1369,1587,1569,3180,1291,4760,487,517,1313,1608,1128,1839,1079,2630,1358,2411,675,755,616,1116,432,1657,52026,19621,68,0,0,0,0,4,0
2021-02-06T23:59:59+01:00,3,2,1162,1150,3359,4594,2851,5356,2812,7530,3226,6262,1367,1585,1568,3177,1290,4759,363,368,1113,1356,991,1535,935,2216,1192,1992,586,653,588,1099,429,1654,51981,17070,68,0,0,0,0,4,0
2021-02-05T23:59:59+01:00,3,1,1151,1139,3343,4573,2844,5329,2801,7485,3207,6216,1361,1577,1565,3170,1289,4759,261,206,928,1038,842,1163,759,1763,1014,1583,469,547,561,1079,426,1650,51741,14289,68,0,0,0,0,4,0
2021-02-04T23:59:59+01:00,3,1,1135,1122,3298,4525,2803,5253,2758,7354,3159,6132,1347,1562,1552,3139,1280,4732,133,81,623,664,551,740,517,1151,672,989,288,364,461,933,388,1499,51105,10054,46,0,0,0,0,4,0
2021-02-03T23:59:59+01:00,3,1,1113,1116,3272,4480,2774,5210,2737,7302,3129,6075,1337,1553,1528,3099,1275,4687,115,65,495,513,420,597,415,909,514,744,240,284,361,732,304,1168,50643,7876,44,0,0,0,0,4,0
2021-02-02T23:59:59+01:00,3,1,1092,1103,3233,4449,2744,5156,2711,7227,3095,6011,1314,1525,1494,3042,1250,4597,105,56,412,415,348,519,367,820,461,662,219,261,316,662,279,1048,50000,6950,43,0,0,0,0,4,0
2021-02-01T23:59:59+01:00,3,1,1076,1092,3213,4397,2713,5095,2679,7100,3065,5914,1294,1497,1470,3006,1234,4534,78,41,314,310,256,394,274,611,327,497,181,213,250,525,217,817,49337,5305,43,0,0,0,0,3,0
2021-01-31T23:59:59+01:00,3,1,1071,1082,3198,4368,2689,5051,2664,7044,3051,5870,1283,1480,1450,2942,1211,4456,68,40,288,286,231,347,253,570,297,458,162,195,210,429,176,661,48868,4671,43,0,0,0,0,3,0
2021-01-30T23:59:59+01:00,3,1,1070,1082,3195,4364,2688,5051,2663,7043,3051,5869,1283,1479,1449,2942,1211,4456,68,37,281,272,218,331,248,559,293,452,161,192,209,429,176,661,48857,4587,40,0,0,0,0,3,0
2021-01-29T23:59:59+01:00,3,1,1069,1081,3194,4360,2688,5049,2663,7041,3048,5867,1283,1479,1449,2941,1211,4456,64,33,263,258,195,311,232,542,282,444,155,188,205,423,175,659,48840,4429,40,0,0,0,0,3,0
2021-01-28T23:59:59+01:00,3,1,1049,1062,3127,4255,2634,4938,2605,6885,2981,5736,1269,1457,1435,2875,1189,4336,55,18,166,154,129,187,162,357,207,281,124,145,159,264,102,382,47798,2892,37,0,0,0,0,2,0
2021-01-27T23:59:59+01:00,3,1,1004,1024,3041,4111,2553,4758,2510,6602,2897,5536,1239,1415,1399,2786,1156,4196,26,7,100,71,58,92,83,209,117,147,94,113,115,195,77,274,46202,1778,27,0,0,0,0,2,0
2021-01-26T23:59:59+01:00,2,1,927,994,2925,3976,2474,4573,2428,6422,2826,5381,1213,1365,1308,2632,942,3797,26,7,95,70,57,91,81,209,115,146,92,112,115,195,77,274,44168,1762,16,0,0,0,0,2,0
2021-01-25T23:59:59+01:00,2,1,911,977,2846,3847,2428,4425,2367,6225,2767,5230,1195,1343,1294,2607,932,3764,26,7,94,70,55,91,81,209,115,144,92,112,115,195,77,274,43149,1757,11,0,0,0,0,1,0
2021-01-24T23:59:59+01:00,2,1,901,973,2826,3832,2418,4393,2341,6186,2734,5169,1182,1337,1285,2585,919,3730,26,7,94,70,55,91,81,209,114,144,91,112,115,195,77,274,42805,1755,8,0,0,0,0,1,0
2021-01-23T23:59:59+01:00,2,1,901,973,2826,3831,2418,4393,2340,6185,2733,5169,1180,1336,1285,2585,919,3730,26,7,94,70,55,91,81,209,114,144,91,112,115,195,77,273,42800,1754,7,0,0,0,0,0,0
2021-01-22T23:59:59+01:00,2,1,895,966,2794,3785,2384,4328,2309,6110,2712,5122,1179,1335,1284,2584,918,3727,26,7,94,70,55,91,81,209,114,144,91,112,115,195,77,273,42428,1754,7,0,0,0,0,0,0
2021-01-21T23:59:59+01:00,2,1,880,898,2536,3369,2183,3910,2129,5501,2488,4636,1128,1289,1240,2463,888,3575,22,7,83,64,51,74,68,169,94,133,81,97,98,145,65,212,39109,1463,7,0,0,0,0,0,0
2021-01-20T23:59:59+01:00,2,1,805,836,2224,2963,1976,3443,1897,4892,2232,4159,1016,1149,1082,2117,775,3112,22,7,83,64,51,73,68,169,93,133,81,97,98,145,64,212,34674,1460,7,0,0,0,0,0,0
2021-01-19T23:59:59+01:00,2,1,745,758,1933,2516,1733,2981,1661,4234,1989,3687,943,1054,962,1843,678,2763,11,3,50,45,32,45,35,100,44,77,36,37,48,77,39,137,30477,816,6,0,0,0,0,0,0
2021-01-18T23:59:59+01:00,2,1,675,702,1704,2118,1495,2505,1413,3548,1733,3181,862,969,864,1639,626,2497,5,2,19,11,13,20,17,54,17,33,19,22,25,53,28,75,26531,413,3,0,0,0,0,0,0
2021-01-17T23:59:59+01:00,1,1,495,542,1387,1715,1214,1971,1157,2813,1454,2558,723,817,716,1359,516,2128,0,1,3,2,0,0,0,0,0,0,0,0,0,0,0,0,21565,6,2,0,0,0,0,0,0
2021-01-16T23:59:59+01:00,1,0,372,395,1205,1468,1094,1684,1016,2414,1297,2151,636,719,688,1343,514,2127,0,0,0,0,0,0,0,0,0,0,0,0,0,0,0,0,19123,0,1,0,0,0,0,0,0
2021-01-15T23:59:59+01:00,1,0,266,232,1021,1166,945,1337,847,1965,1117,1750,519,609,650,1310,503,2087,0,0,0,0,0,0,0,0,0,0,0,0,0,0,0,0,16324,0,1,0,0,0,0,0,0
2021-01-14T23:59:59+01:00,0,0,151,102,705,778,652,866,611,1306,752,1131,333,422,541,1128,453,1863,0,0,0,0,0,0,0,0,0,0,0,0,0,0,0,0,11794,0,0,0,0,0,0,0,0
2021-01-13T23:59:59+01:00,0,0,127,81,594,608,528,698,494,1050,594,866,280,348,455,960,395,1595,0,0,0,0,0,0,0,0,0,0,0,0,0,0,0,0,9673,0,0,0,0,0,0,0,0
2021-01-12T23:59:59+01:00,0,0,116,65,511,520,449,596,430,920,523,763,246,299,371,768,329,1247,0,0,0,0,0,0,0,0,0,0,0,0,0,0,0,0,8153,0,0,0,0,0,0,0,0
2021-01-11T23:59:59+01:00,0,0,87,52,417,421,365,485,344,743,416,590,212,248,311,639,270,1050,0,0,0,0,0,0,0,0,0,0,0,0,0,0,0,0,6650,0,0,0,0,0,0,0,0
2021-01-10T23:59:59+01:00,0,0,73,45,352,348,299,404,288,646,346,523,186,220,251,507,213,819,0,0,0,0,0,0,0,0,0,0,0,0,0,0,0,0,5520,0,0,0,0,0,0,0,0
2021-01-09T23:59:59+01:00,0,0,73,43,337,328,275,382,280,630,338,516,185,219,250,505,213,819,0,0,0,0,0,0,0,0,0,0,0,0,0,0,0,0,5393,0,0,0,0,0,0,0,0
2021-01-08T23:59:59+01:00,0,0,69,37,303,296,229,341,253,588,311,477,167,199,225,447,192,720,0,0,0,0,0,0,0,0,0,0,0,0,0,0,0,0,4854,0,0,0,0,0,0,0,0
2021-01-07T23:59:59+01:00,0,0,58,25,213,198,160,242,194,421,240,341,138,160,171,290,121,449,0,0,0,0,0,0,0,0,0,0,0,0,0,0,0,0,3421,0,0,0,0,0,0,0,0
2021-01-06T23:59:59+01:00,0,0,47,16,163,120,113,161,144,294,177,241,108,128,130,224,82,316,0,0,0,0,0,0,0,0,0,0,0,0,0,0,0,0,2464,0,0,0,0,0,0,0,0
2021-01-05T23:59:59+01:00,0,0,29,8,97,72,58,94,86,212,116,149,98,118,121,206,81,295,0,0,0,0,0,0,0,0,0,0,0,0,0,0,0,0,1840,0,0,0,0,0,0,0,0
2021-01-04T23:59:59+01:00,0,0,27,8,97,71,55,92,86,212,116,147,98,117,121,206,81,295,0,0,0,0,0,0,0,0,0,0,0,0,0,0,0,0,1829,0,0,0,0,0,0,0,0
2021-01-03T23:59:59+01:00,0,0,27,8,97,71,55,92,86,212,115,147,97,117,121,206,81,295,0,0,0,0,0,0,0,0,0,0,0,0,0,0,0,0,1827,0,0,0,0,0,0,0,0
2021-01-02T23:59:59+01:00,0,0,27,8,97,71,55,92,86,212,114,147,97,117,121,206,81,294,0,0,0,0,0,0,0,0,0,0,0,0,0,0,0,0,1825,0,0,0,0,0,0,0,0
2021-01-01T23:59:59+01:00,0,0,27,8,97,71,55,92,86,212,113,146,97,117,121,206,81,294,0,0,0,0,0,0,0,0,0,0,0,0,0,0,0,0,1823,0,0,0,0,0,0,0,0
2020-12-31T23:59:59+01:00,0,0,27,8,97,71,55,92,86,212,112,146,97,117,121,206,81,294,0,0,0,0,0,0,0,0,0,0,0,0,0,0,0,0,1822,0,0,0,0,0,0,0,0
2020-12-30T23:59:59+01:00,0,0,27,8,97,71,54,92,86,212,112,146,97,117,121,206,80,294,0,0,0,0,0,0,0,0,0,0,0,0,0,0,0,0,1820,0,0,0,0,0,0,0,0
2020-12-29T23:59:59+01:00,0,0,15,2,65,53,32,61,50,138,64,89,47,51,68,121,51,199,0,0,0,0,0,0,0,0,0,0,0,0,0,0,0,0,1106,0,0,0,0,0,0,0,0
2020-12-28T23:59:59+01:00,0,0,5,2,36,26,19,30,21,67,25,41,20,22,26,47,28,74,0,0,0,0,0,0,0,0,0,0,0,0,0,0,0,0,489,0,0,0,0,0,0,0,0
2020-12-27T23:59:59+01:00,0,0,0,0,7,5,7,2,1,5,0,2,0,1,2,2,4,6,0,0,0,0,0,0,0,0,0,0,0,0,0,0,0,0,44,0,0,0,0,0,0,0,0
