Datum,<15_1_m,<15_1_w,15-24_1_m,15-24_1_w,25-34_1_m,25-34_1_w,35-44_1_m,35-44_1_w,45-54_1_m,45-54_1_w,55-64_1_m,55-64_1_w,65-74_1_m,65-74_1_w,75-84_1_m,75-84_1_w,>84_1_m,>84_1_w,<15_2_m,<15_2_w,15-24_2_m,15-24_2_w,25-34_2_m,25-34_2_w,35-44_2_m,35-44_2_w,45-54_2_m,45-54_2_w,55-64_2_m,55-64_2_w,65-74_2_m,65-74_2_w,75-84_2_m,75-84_2_w,>84_2_m,>84_2_w,bp_1,bp_2,mo_1,mo_2,az_1,az_2,ja,unb_1,unb_2
2021-11-16T23:59:59+01:00,14555,13733,77631,76459,119196,114758,106899,105423,101309,106060,98076,99503,57894,71712,44930,62428,11138,22669,11144,10635,67915,67920,108881,104994,98564,97214,94700,99501,93461,95017,55988,69382,43737,60595,10678,21538,904415,830477,139362,133598,158947,146033,101459,276,297
2021-11-15T23:59:59+01:00,14304,13518,77178,76051,118731,114287,106505,105091,101056,105828,97921,99354,57826,71645,44906,62384,11131,22661,11087,10604,67768,67780,108697,104832,98420,97087,94597,99406,93381,94952,55957,69340,43712,60571,10674,21527,900611,829177,139255,133513,158944,146028,101377,276,297
2021-11-14T23:59:59+01:00,13935,13160,76702,75678,118241,113856,106175,104758,100799,105578,97770,99210,57766,71568,44882,62362,11129,22649,11013,10553,67626,67663,108535,104677,98305,96974,94500,99317,93315,94881,55917,69307,43699,60551,10670,21522,896656,827957,139128,133438,158935,146023,101310,275,297
2021-11-13T23:59:59+01:00,13813,13049,76406,75411,117957,113636,105954,104553,100644,105461,97703,99138,57749,71548,44879,62354,11129,22648,10982,10530,67524,67555,108427,104579,98221,96900,94444,99267,93281,94854,55909,69298,43697,60545,10670,21520,894637,827280,139066,133393,158927,146020,101213,275,297
2021-11-12T23:59:59+01:00,13643,12883,76059,75100,117670,113376,105683,104341,100440,105295,97579,99034,57722,71519,44869,62339,11128,22648,10931,10489,67403,67423,108312,104486,98119,96803,94352,99185,93231,94808,55897,69280,43692,60538,10669,21520,892056,826325,139003,133348,158925,146014,101154,275,297
2021-11-11T23:59:59+01:00,13426,12682,75588,74691,117234,112944,105312,103968,100188,105055,97422,98883,57655,71424,44851,62279,11121,22630,10773,10365,67198,67253,108160,104293,97966,96635,94240,99058,93160,94730,55862,69245,43668,60508,10666,21497,888308,824646,138883,133274,158915,146004,101056,275,297
2021-11-10T23:59:59+01:00,13299,12569,75195,74390,116883,112608,105028,103701,100002,104854,97280,98764,57602,71358,44829,62237,11114,22615,10698,10301,67039,67103,108015,104148,97859,96494,94148,98955,93086,94663,55818,69203,43649,60477,10659,21483,885517,823342,138774,133221,158901,145995,100943,275,297
2021-11-09T23:59:59+01:00,13188,12451,74705,74049,116417,112284,104751,103437,99768,104648,97132,98638,57549,71309,44805,62204,11110,22603,10588,10210,66870,66966,107858,103995,97722,96387,94074,98866,93026,94600,55788,69169,43636,60456,10652,21473,882447,822060,138668,133161,158897,145978,100841,275,296
2021-11-08T23:59:59+01:00,13067,12358,74199,73715,115993,111904,104435,103147,99538,104453,97000,98518,57490,71245,44779,62170,11104,22589,10546,10155,66733,66848,107707,103865,97627,96277,94005,98775,92977,94530,55750,69123,43627,60432,10649,21468,879349,821015,138548,133086,158887,145972,100725,275,296
2021-11-07T23:59:59+01:00,12968,12252,73773,73426,115569,111532,104099,102855,99321,104263,96864,98393,57436,71189,44749,62142,11100,22580,10494,10113,66601,66719,107554,103707,97513,96144,93930,98679,92912,94463,55717,69076,43603,60409,10645,21459,876408,819860,138413,133013,158882,145957,100612,275,296
2021-11-06T23:59:59+01:00,12878,12180,73526,73178,115259,111321,103883,102656,99150,104133,96788,98326,57423,71167,44742,62128,11099,22580,10469,10089,66515,66633,107441,103635,97441,96083,93889,98630,92884,94444,55713,69067,43600,60402,10643,21458,874483,819288,138348,132984,158879,145957,100511,275,296
2021-11-05T23:59:59+01:00,12763,12069,73272,72945,114987,111067,103648,102440,98962,103974,96683,98234,57406,71139,44734,62114,11098,22577,10388,10020,66407,66524,107333,103526,97359,95992,93818,98554,92837,94405,55703,69051,43596,60397,10642,21456,872353,818408,138278,132943,158876,145953,100408,275,296
2021-11-04T23:59:59+01:00,12655,11964,73084,72702,114725,110832,103439,102229,98779,103814,96577,98137,57367,71099,44724,62087,11095,22569,10291,9931,66268,66389,107210,103360,97263,95861,93729,98462,92764,94331,55672,69018,43583,60362,10638,21448,870284,817142,138207,132875,158872,145949,100318,275,296
2021-11-03T23:59:59+01:00,12592,11906,72927,72555,114488,110637,103284,102093,98672,103686,96489,98063,57339,71071,44711,62066,11092,22558,10247,9891,66122,66275,107092,103229,97159,95757,93651,98408,92709,94276,55654,68988,43566,60330,10632,21432,868764,816117,138162,132821,158870,145947,100237,274,296
2021-11-02T23:59:59+01:00,12554,11868,72726,72417,114232,110435,103084,101957,98519,103580,96400,97980,57313,71036,44699,62050,11088,22543,10126,9799,65944,66141,106934,103086,97057,95638,93568,98330,92648,94213,55628,68958,43553,60295,10628,21415,867210,814859,138089,132750,158868,145939,100117,274,296
2021-11-01T23:59:59+01:00,12469,11794,72509,72260,113993,110249,102869,101812,98354,103463,96319,97923,57293,71001,44688,62032,11085,22535,10066,9736,65783,65994,106790,102949,96940,95540,93487,98244,92586,94156,55604,68923,43540,60275,10625,21404,865602,813754,137997,132672,158865,145934,99986,274,296
2021-10-31T23:59:59+01:00,12432,11772,72384,72178,113837,110174,102717,101724,98266,103406,96280,97893,57282,70995,44686,62028,11085,22534,10033,9715,65693,65952,106705,102893,96872,95500,93448,98220,92563,94140,55597,68918,43538,60273,10622,21400,864787,813348,137955,132639,158864,145930,99869,274,296
2021-10-30T23:59:59+02:00,12401,11753,72269,72097,113642,110085,102581,101636,98154,103305,96217,97866,57270,70979,44681,62022,11084,22531,10004,9708,65613,65895,106621,102837,96801,95451,93403,98172,92538,94129,55591,68913,43537,60269,10619,21397,863842,812936,137918,132587,158863,145927,99752,274,296
2021-10-29T23:59:59+02:00,12362,11714,72089,71971,113392,109913,102357,101489,97996,103208,96132,97814,57257,70968,44676,62012,11084,22527,9967,9675,65483,65783,106475,102735,96689,95362,93314,98096,92481,94087,55577,68900,43534,60264,10619,21397,862512,812146,137851,132532,158861,145925,99539,274,296
2021-10-28T23:59:59+02:00,12271,11656,71876,71791,113097,109664,102127,101323,97823,103061,96027,97731,57235,70936,44666,61997,11082,22522,9897,9617,65286,65575,106279,102530,96529,95192,93194,97977,92398,94040,55551,68849,43526,60245,10618,21390,860801,810765,137769,132455,158857,145917,99260,274,296
2021-10-27T23:59:59+02:00,12219,11597,71715,71630,112906,109467,101962,101185,97703,102949,95940,97671,57210,70894,44647,61973,11080,22517,9813,9551,65131,65413,106147,102402,96418,95096,93105,97886,92341,93984,55519,68810,43514,60222,10612,21378,859423,809677,137689,132362,158855,145907,99100,274,296
2021-10-26T23:59:59+02:00,12146,11512,71491,71416,112678,109268,101778,101054,97564,102842,95867,97607,57178,70868,44635,61957,11079,22509,9743,9465,64939,65219,105976,102251,96288,94959,93009,97802,92269,93918,55496,68773,43499,60190,10609,21366,857897,808372,137596,132288,158849,145906,98909,274,296
2021-10-25T23:59:59+02:00,12104,11490,71371,71325,112561,109166,101688,100979,97484,102776,95833,97575,57172,70860,44634,61949,11077,22506,9728,9450,64859,65153,105910,102203,96254,94926,92970,97776,92246,93905,55490,68766,43498,60188,10609,21362,857129,808012,137558,132265,158848,145903,98817,274,296
2021-10-24T23:59:59+02:00,12033,11428,71189,71156,112299,108989,101511,100816,97332,102646,95754,97497,57144,70823,44622,61941,11076,22503,9667,9395,64663,64963,105715,102046,96108,94799,92866,97675,92190,93847,55458,68729,43490,60164,10607,21358,855660,806806,137493,132178,158848,145900,98560,274,296
2021-10-23T23:59:59+02:00,12008,11401,71087,71073,112176,108891,101418,100733,97272,102597,95709,97474,57132,70810,44621,61940,11076,22503,9632,9356,64584,64874,105621,101986,96047,94745,92811,97622,92159,93820,55441,68718,43489,60161,10606,21358,854977,806263,137448,132122,158847,145898,98451,274,296
2021-10-22T23:59:59+02:00,11934,11359,70927,70941,111958,108737,101260,100617,97158,102498,95649,97422,57121,70793,44619,61932,11076,22501,9544,9271,64414,64693,105441,101844,95916,94628,92715,97536,92105,93767,55428,68707,43486,60148,10605,21356,853842,805144,137387,132046,158847,145891,98227,274,296
2021-10-21T23:59:59+02:00,11803,11232,70737,70789,111787,108555,101096,100454,97010,102386,95564,97360,57099,70761,44604,61909,11071,22487,9447,9153,64196,64474,105251,101629,95762,94431,92591,97423,92032,93693,55403,68671,43473,60119,10603,21346,852299,803542,137321,131937,158844,145881,98041,274,296
2021-10-20T23:59:59+02:00,11757,11183,70617,70661,111643,108421,100985,100368,96921,102306,95503,97306,57070,70726,44589,61890,11066,22470,9326,9057,64001,64291,105127,101466,95649,94292,92494,97316,91958,93641,55376,68616,43447,60086,10587,21317,851245,802072,137270,131877,158842,145876,97926,274,296
2021-10-19T23:59:59+02:00,11656,11092,70474,70527,111515,108295,100900,100290,96853,102247,95448,97254,57047,70690,44581,61869,11062,22455,9232,8964,63783,64087,104961,101305,95533,94170,92415,97220,91908,93584,55344,68574,43429,60045,10577,21302,850185,800662,137219,131792,158837,145869,97815,274,295
2021-10-18T23:59:59+02:00,11607,11055,70357,70440,111390,108196,100810,100214,96799,102197,95400,97208,57022,70663,44564,61846,11055,22443,9181,8914,63639,63938,104841,101141,95438,94055,92349,97138,91850,93527,55318,68542,43417,60019,10573,21299,849375,799576,137137,131720,158832,145865,97723,274,295
2021-10-17T23:59:59+02:00,11563,11014,70207,70310,111268,108082,100704,100138,96749,102143,95361,97156,57000,70642,44558,61831,11053,22438,9127,8863,63407,63683,104679,100999,95311,93918,92252,97055,91793,93465,55295,68510,43408,60002,10569,21293,848478,798229,137087,131625,158830,145857,97623,274,295
2021-10-16T23:59:59+02:00,11544,10993,70151,70262,111214,108038,100680,100113,96716,102116,95343,97147,56999,70639,44557,61829,11051,22438,9098,8831,63312,63596,104614,100944,95264,93856,92221,97024,91772,93447,55290,68504,43406,59999,10569,21292,848148,797738,137077,131574,158830,145856,97576,274,295
2021-10-15T23:59:59+02:00,11489,10953,70039,70176,111103,107948,100612,100037,96660,102063,95314,97116,56992,70637,44557,61823,11050,22438,9048,8755,63175,63410,104504,100828,95172,93756,92143,96941,91724,93409,55281,68482,43401,59988,10569,21290,847452,796753,137054,131501,158829,145854,97473,274,295
2021-10-14T23:59:59+02:00,11386,10855,69858,69995,110964,107806,100496,99944,96563,101981,95260,97058,56971,70602,44545,61799,11047,22432,8922,8618,62877,63125,104351,100617,95026,93558,92022,96810,91650,93332,55243,68431,43383,59961,10565,21282,846195,794881,136977,131379,158820,145848,97370,274,295
2021-10-13T23:59:59+02:00,11287,10788,69711,69881,110852,107699,100403,99850,96483,101896,95211,97001,56936,70558,44530,61770,11042,22416,8884,8581,62715,62976,104216,100478,94921,93412,91934,96724,91590,93261,55205,68388,43362,59931,10556,21272,845164,793740,136906,131304,158816,145839,97228,274,295
2021-10-12T23:59:59+02:00,11146,10679,69531,69745,110754,107584,100305,99757,96422,101837,95169,96955,56922,70526,44520,61755,11038,22410,8822,8534,62554,62815,104085,100350,94805,93292,91846,96654,91531,93205,55153,68353,43350,59908,10552,21260,844090,792589,136840,131242,158812,145833,97113,273,292
2021-10-11T23:59:59+02:00,11075,10617,69386,69628,110637,107477,100219,99679,96360,101762,95114,96915,56894,70497,44500,61734,11033,22397,8784,8501,62379,62647,103959,100226,94710,93194,91774,96567,91480,93157,55116,68310,43335,59882,10543,21252,843125,791528,136772,131155,158809,145823,97018,273,292
2021-10-10T23:59:59+02:00,11004,10566,69230,69517,110499,107340,100125,99589,96293,101685,95068,96878,56876,70476,44494,61722,11025,22394,8747,8467,62191,62498,103799,100065,94604,93060,91684,96462,91402,93115,55090,68286,43326,59869,10540,21243,842190,790385,136723,131095,158805,145813,96863,273,292
2021-10-09T23:59:59+02:00,10979,10548,69144,69459,110434,107296,100087,99548,96257,101653,95053,96864,56870,70470,44493,61721,11025,22394,8712,8426,62102,62420,103714,99989,94547,93002,91642,96417,91381,93094,55084,68275,43321,59861,10539,21242,841811,789844,136694,131036,158803,145809,96787,273,292
2021-10-08T23:59:59+02:00,10905,10493,69001,69362,110297,107191,100015,99455,96193,101604,95006,96818,56858,70454,44490,61718,11025,22393,8651,8339,61932,62231,103581,99839,94433,92884,91558,96323,91333,93054,55067,68262,43315,59852,10537,21241,840981,788741,136645,130949,158802,145802,96649,273,291
2021-10-07T23:59:59+02:00,10825,10416,68801,69182,110117,107013,99879,99313,96105,101485,94933,96751,56836,70417,44477,61697,11021,22380,8521,8215,61650,61977,103386,99620,94285,92668,91451,96188,91259,92981,55035,68213,43300,59821,10530,21231,839586,786934,136575,130826,158800,145794,96486,273,291
2021-10-06T23:59:59+02:00,10755,10359,68629,69036,109988,106870,99784,99205,96021,101423,94888,96702,56799,70375,44466,61677,11018,22366,8478,8165,61465,61806,103251,99473,94174,92550,91376,96088,91184,92905,55004,68173,43286,59794,10525,21214,838522,785747,136508,130761,158799,145783,96329,273,291
2021-10-05T23:59:59+02:00,10650,10271,68457,68897,109842,106725,99672,99076,95958,101343,94843,96649,56781,70347,44457,61641,11013,22353,8444,8122,61267,61632,103100,99286,94059,92400,91281,96003,91123,92834,54977,68129,43273,59777,10522,21201,837354,784485,136438,130694,158798,145778,96182,273,291
2021-10-04T23:59:59+02:00,10612,10241,68283,68728,109678,106570,99571,98963,95864,101256,94789,96591,56745,70300,44442,61611,11012,22331,8411,8089,61112,61450,102957,99146,93926,92279,91190,95908,91061,92784,54941,68087,43249,59744,10516,21181,836265,783381,136366,130634,158796,145767,95958,272,291
2021-10-03T23:59:59+02:00,10548,10186,68073,68546,109510,106414,99448,98855,95777,101156,94724,96537,56714,70266,44434,61586,11012,22326,8350,8054,60910,61294,102769,98969,93789,92120,91091,95796,90986,92727,54905,68043,43232,59719,10514,21173,835097,782117,136293,130547,158792,145758,95728,272,291
2021-10-02T23:59:59+02:00,10522,10160,67970,68447,109421,106344,99384,98793,95726,101108,94702,96516,56703,70248,44434,61585,11011,22324,8310,8020,60793,61179,102696,98895,93722,92054,91044,95747,90960,92705,54898,68026,43231,59715,10513,21173,834550,781526,136230,130500,158790,145738,95626,272,291
2021-10-01T23:59:59+02:00,10437,10057,67816,68279,109234,106201,99260,98680,95645,101038,94645,96475,56686,70230,44431,61573,11009,22322,8198,7911,60594,60948,102527,98740,93590,91911,90938,95638,90898,92648,54881,67997,43227,59705,10512,21170,833459,780234,136172,130413,158788,145698,95397,272,291
2021-09-30T23:59:59+02:00,10359,9984,67587,68054,109025,105964,99080,98484,95509,100894,94552,96371,56650,70184,44413,61542,11005,22307,8089,7790,60341,60683,102321,98530,93403,91700,90797,95489,90809,92554,54854,67948,43212,59672,10502,21155,831826,778546,136082,130294,158782,145649,95069,272,291
2021-09-29T23:59:59+02:00,10280,9927,67388,67864,108829,105765,98925,98321,95384,100783,94468,96300,56609,70128,44397,61507,11000,22288,8031,7731,60160,60514,102133,98349,93267,91533,90683,95381,90738,92473,54820,67900,43193,59626,10499,21140,830406,777296,136018,130215,158778,145614,94756,272,290
2021-09-28T23:59:59+02:00,10196,9850,67198,67657,108621,105597,98776,98165,95274,100670,94383,96221,56569,70089,44385,61469,10993,22261,7981,7684,59971,60330,101943,98195,93134,91397,90559,95252,90659,92403,54789,67863,43176,59598,10490,21125,829007,776119,135956,130129,158776,145581,94430,272,290
2021-09-27T23:59:59+02:00,10067,9718,66952,67408,108410,105425,98642,98015,95185,100558,94305,96149,56541,70042,44371,61439,10988,22250,7943,7630,59764,60142,101755,98058,92994,91256,90457,95138,90587,92326,54752,67807,43154,59572,10482,21114,827600,775038,135870,130049,158775,145539,94015,272,290
2021-09-26T23:59:59+02:00,9946,9624,66711,67177,108180,105232,98475,97869,95065,100434,94221,96068,56503,70008,44357,61416,10983,22237,7890,7584,59519,59946,101551,97876,92848,91091,90349,95020,90514,92249,54723,67779,43140,59544,10477,21099,826160,773893,135790,129954,158769,145480,93582,272,290
2021-09-25T23:59:59+02:00,9908,9584,66591,67054,108077,105142,98401,97809,95008,100381,94190,96039,56499,70000,44355,61413,10982,22237,7850,7545,59404,59829,101449,97783,92767,91021,90307,94954,90478,92227,54711,67768,43136,59540,10477,21099,825606,773339,135728,129902,158769,145452,93362,272,290
2021-09-24T23:59:59+02:00,9847,9523,66430,66871,107906,104969,98253,97660,94887,100276,94121,95985,56484,69983,44347,61400,10982,22235,7752,7433,59184,59599,101264,97589,92638,90873,90197,94847,90393,92161,54690,67746,43134,59535,10476,21096,824581,772144,135656,129836,158769,145390,92947,272,290
2021-09-23T23:59:59+02:00,9755,9400,66106,66533,107640,104712,98058,97430,94726,100112,94018,95875,56438,69924,44323,61371,10976,22206,7636,7313,58888,59317,101019,97355,92449,90663,90062,94694,90295,92054,54641,67697,43112,59507,10475,21073,822775,770590,135535,129726,158763,145321,92323,272,290
2021-09-22T23:59:59+02:00,9685,9320,65771,66208,107433,104496,97861,97224,94570,99977,93889,95777,56391,69855,44289,61327,10965,22184,7580,7272,58709,59136,100840,97186,92270,90526,89946,94575,90187,91978,54607,67652,43084,59475,10469,21057,821018,769556,135422,129649,158758,145238,91816,272,290
2021-09-21T23:59:59+02:00,9598,9232,65542,65960,107225,104316,97687,97065,94455,99868,93809,95707,56342,69804,44271,61284,10958,22170,7542,7235,58516,58952,100648,97028,92128,90393,89857,94486,90096,91904,54568,67594,43064,59437,10460,21039,819562,768500,135340,129554,158755,145175,91428,272,290
2021-09-20T23:59:59+02:00,9537,9175,65258,65651,107024,104132,97528,96897,94348,99768,93743,95631,56302,69761,44250,61241,10953,22159,7485,7180,58324,58797,100463,96883,91977,90239,89716,94386,90015,91833,54521,67556,43037,59401,10454,21022,818136,767495,135260,129472,158749,145028,91004,272,290
2021-09-19T23:59:59+02:00,9486,9131,64977,65476,106795,103939,97378,96729,94208,99667,93640,95555,56273,69708,44240,61217,10951,22148,7447,7138,58083,58602,100218,96708,91792,90072,89532,94215,89897,91749,54484,67495,43019,59367,10453,21009,816808,766292,135177,129354,158745,144765,90579,272,290
2021-09-18T23:59:59+02:00,9453,9086,64883,65373,106675,103843,97267,96641,94142,99597,93606,95527,56265,69699,44236,61212,10949,22147,7407,7097,57960,58482,100111,96609,91670,89991,89461,94152,89861,91719,54474,67490,43012,59364,10451,21005,816235,765656,135086,129289,158743,144753,90328,272,290
2021-09-17T23:59:59+02:00,9374,8999,64686,65212,106497,103685,97098,96487,94013,99499,93534,95451,56249,69672,44225,61206,10943,22141,7316,6998,57753,58246,99921,96448,91515,89871,89344,94046,89784,91657,54459,67464,43004,59357,10451,21002,815130,764522,134997,129192,158739,144736,89896,272,290
2021-09-16T23:59:59+02:00,9284,8891,64408,64908,106217,103428,96863,96250,93826,99322,93432,95359,56198,69617,44212,61178,10936,22127,7225,6887,57503,57974,99650,96218,91321,89658,89169,93884,89682,91569,54413,67413,42982,59336,10446,20991,813318,763014,134908,129055,158729,144673,89291,272,288
2021-09-15T23:59:59+02:00,9214,8836,64055,64614,106017,103216,96657,96056,93692,99161,93331,95273,56161,69560,44177,61148,10931,22100,7176,6838,57326,57814,99457,96057,91151,89500,89064,93772,89578,91504,54381,67366,42957,59304,10442,20971,811575,761958,134853,128938,158725,144639,88835,272,288
2021-09-14T23:59:59+02:00,9172,8787,63766,64405,105778,102998,96460,95876,93561,99022,93215,95187,56116,69502,44152,61111,10926,22084,7134,6802,57123,57632,99278,95871,90983,89337,88932,93661,89498,91432,54345,67326,42935,59277,10437,20956,810039,760917,134783,128847,158717,144540,88368,272,287
2021-09-13T23:59:59+02:00,9136,8753,63470,64140,105549,102767,96291,95709,93417,98887,93129,95090,56065,69448,44135,61077,10919,22072,7102,6765,56916,57447,99080,95680,90830,89181,88799,93555,89412,91358,54308,67280,42915,59248,10434,20939,808532,759820,134693,128733,158707,144498,87911,272,287
2021-09-12T23:59:59+02:00,9083,8705,63157,63895,105302,102519,96079,95482,93254,98759,93032,95009,56014,69398,44118,61046,10915,22061,7064,6735,56716,57286,98837,95472,90661,89012,88667,93438,89315,91282,54265,67223,42894,59219,10430,20922,806993,758792,134593,128604,158703,144427,87328,272,287
2021-09-11T23:59:59+02:00,9036,8672,63037,63762,105158,102401,95976,95373,93168,98680,92993,94977,55999,69383,44113,61034,10915,22060,7011,6709,56568,57195,98686,95367,90562,88915,88568,93372,89278,91256,54255,67203,42890,59209,10430,20921,806308,758198,134538,128524,158701,144408,86979,272,286
2021-09-10T23:59:59+02:00,8942,8561,62796,63497,104958,102188,95803,95183,93023,98554,92898,94905,55964,69354,44099,61016,10915,22058,6931,6631,56321,56986,98488,95182,90380,88730,88435,93242,89192,91185,54233,67182,42877,59190,10430,20917,804918,757033,134474,128407,158698,144393,86413,272,286
2021-09-09T23:59:59+02:00,8844,8462,62478,63219,104681,101867,95565,94894,92844,98329,92763,94789,55923,69289,44078,60987,10905,22037,6828,6528,56067,56761,98234,94932,90148,88497,88273,93088,89049,91101,54190,67133,42856,59161,10424,20911,802935,755611,134369,128221,158694,144319,85745,272,285
2021-09-08T23:59:59+02:00,8783,8411,62254,62983,104456,101627,95371,94670,92675,98157,92646,94657,55888,69222,44044,60948,10892,22013,6797,6498,55906,56604,98043,94722,89988,88301,88113,92943,88931,90996,54152,67071,42820,59121,10412,20877,801428,754592,134261,128072,158683,144232,85114,272,285
2021-09-07T23:59:59+02:00,8732,8358,62015,62765,104232,101387,95187,94479,92531,98016,92545,94579,55854,69173,44015,60893,10883,21990,6751,6462,55709,56437,97825,94527,89802,88138,87981,92833,88834,90906,54110,67025,42795,59090,10407,20858,799935,753505,134155,127944,158678,144102,84655,272,284
2021-09-06T23:59:59+02:00,8690,8315,61806,62590,104024,101213,95046,94317,92413,97884,92458,94503,55796,69114,43993,60864,10876,21957,6708,6425,55537,56269,97622,94362,89631,87980,87854,92706,88736,90825,54057,66976,42775,59045,10397,20834,798682,752395,134064,127809,158668,144017,84234,272,284
2021-09-05T23:59:59+02:00,8629,8265,61590,62383,103855,101026,94890,94147,92287,97770,92381,94435,55768,69073,43983,60843,10871,21950,6655,6369,55331,56066,97424,94163,89443,87817,87711,92579,88653,90739,54009,66927,42758,59022,10392,20818,797481,751226,133983,127638,158665,143921,83807,271,284
2021-09-04T23:59:59+02:00,8578,8235,61471,62272,103765,100928,94788,94060,92229,97702,92346,94409,55758,69062,43976,60833,10871,21949,6627,6325,55206,55951,97303,94037,89326,87718,87643,92498,88603,90705,53994,66916,42752,59011,10392,20817,796878,750574,133935,127515,158661,143903,83548,271,284
2021-09-03T23:59:59+02:00,8500,8160,61277,62087,103591,100770,94636,93912,92123,97589,92274,94358,55730,69035,43968,60818,10869,21941,6560,6259,54997,55766,97103,93820,89135,87523,87498,92328,88510,90627,53962,66882,42741,58992,10388,20814,795751,749323,133881,127288,158653,143867,83143,271,284
2021-09-02T23:59:59+02:00,8379,8068,61015,61838,103332,100523,94434,93688,91933,97420,92154,94257,55682,68977,43945,60783,10864,21919,6461,6177,54727,55505,96804,93536,88887,87248,87274,92117,88366,90511,53917,66800,42710,58941,10378,20777,794067,747652,133769,126931,158641,143746,82523,271,284
2021-09-01T23:59:59+02:00,8314,7986,60802,61623,103132,100352,94285,93533,91813,97291,92047,94181,55638,68927,43927,60759,10856,21900,6404,6114,54470,55283,96576,93313,88691,87034,87096,91952,88224,90400,53852,66710,42672,58898,10369,20756,792799,746198,133693,126671,158625,143627,82038,271,280
2021-08-31T23:59:59+02:00,8232,7910,60591,61368,102926,100164,94105,93371,91689,97173,91920,94099,55591,68874,43901,60720,10845,21884,6342,6044,54216,55019,96303,93066,88473,86799,86938,91792,88061,90294,53808,66637,42646,58843,10361,20737,791403,744697,133613,126364,158614,143516,81522,271,280
2021-08-30T23:59:59+02:00,8136,7834,60385,61181,102745,100016,93983,93234,91571,97070,91850,94020,55557,68843,43885,60686,10840,21868,6270,5979,53963,54824,96059,92831,88257,86568,86757,91649,87934,90169,53750,66557,42605,58780,10344,20708,790277,743254,133555,126051,158607,143368,81053,271,278
2021-08-29T23:59:59+02:00,8060,7756,60109,60940,102505,99818,93798,93059,91431,96953,91760,93930,55512,68793,43861,60656,10838,21859,6162,5868,53611,54514,95740,92539,87966,86310,86523,91453,87780,90042,53682,66482,42575,58740,10338,20691,788912,741341,133464,125715,158590,143222,80460,271,278
2021-08-28T23:59:59+02:00,8003,7690,59968,60828,102397,99709,93695,92975,91346,96879,91714,93900,55498,68780,43853,60652,10837,21857,6123,5801,53433,54365,95578,92406,87832,86199,86412,91366,87711,89999,53665,66461,42566,58733,10336,20690,788287,740521,133425,125610,158586,143196,80071,271,278
2021-08-27T23:59:59+02:00,7937,7604,59784,60632,102225,99541,93554,92847,91233,96773,91627,93841,55476,68751,43844,60635,10836,21854,6044,5730,53190,54117,95282,92128,87609,85991,86234,91208,87603,89899,53623,66425,42551,58707,10331,20687,787293,738935,133363,125409,158548,143159,79578,271,278
2021-08-26T23:59:59+02:00,7851,7505,59542,60383,101994,99321,93334,92622,91053,96592,91521,93744,55425,68687,43811,60607,10830,21842,5972,5663,52848,53828,94913,91774,87271,85681,85992,90948,87446,89767,53558,66336,42505,58664,10324,20675,785800,737001,133265,125000,158525,143026,78862,271,276
2021-08-25T23:59:59+02:00,7778,7415,59311,60185,101821,99180,93182,92439,90933,96470,91412,93664,55386,68635,43777,60563,10825,21819,5900,5603,52541,53577,94607,91517,87045,85435,85793,90760,87314,89641,53491,66252,42457,58596,10318,20645,784579,735262,133183,124690,158514,142957,78308,270,275
2021-08-24T23:59:59+02:00,7728,7363,59091,59967,101635,99007,93016,92277,90821,96342,91327,93592,55348,68581,43751,60520,10819,21794,5855,5536,52217,53315,94255,91233,86742,85185,85584,90570,87162,89481,53406,66157,42410,58530,10310,20623,783440,733445,133092,124386,158507,142736,77729,270,275
2021-08-23T23:59:59+02:00,7672,7309,58883,59757,101465,98849,92886,92115,90726,96257,91250,93506,55310,68537,43722,60494,10815,21775,5792,5474,51894,53043,93913,90951,86498,84909,85389,90399,87026,89354,53326,66066,42376,58480,10303,20605,782277,731541,133019,124098,158497,142561,77324,270,274
2021-08-22T23:59:59+02:00,7600,7254,58688,59573,101261,98688,92727,91979,90631,96141,91170,93438,55274,68490,43708,60470,10809,21761,5711,5391,51522,52691,93510,90548,86186,84603,85152,90172,86856,89229,53246,65960,42344,58419,10295,20584,781245,729216,132916,123784,158485,142344,76805,270,270
2021-08-21T23:59:59+02:00,7547,7216,58552,59449,101125,98583,92621,91875,90532,96080,91112,93403,55254,68468,43700,60453,10807,21758,5519,5203,51186,52389,93342,90399,86015,84445,85005,90045,86770,89166,53215,65936,42334,58403,10294,20578,780566,727683,132840,123555,158484,142302,76434,270,270
2021-08-20T23:59:59+02:00,7495,7164,58397,59274,100953,98428,92472,91740,90416,95955,91034,93341,55232,68443,43690,60436,10805,21753,5393,5101,50850,52039,93080,90126,85751,84211,84790,89840,86637,89054,53184,65895,42311,58379,10287,20571,779610,725707,132790,123346,158478,142236,75940,269,270
2021-08-19T23:59:59+02:00,7428,7103,58146,59039,100677,98201,92265,91548,90256,95789,90906,93238,55189,68384,43665,60405,10798,21739,5276,4976,50406,51599,92647,89721,85345,83804,84478,89525,86422,88870,53113,65787,42272,58317,10277,20553,778242,722992,132656,122901,158471,142029,75197,269,269
2021-08-18T23:59:59+02:00,7364,7048,57958,58878,100490,98020,92118,91384,90115,95666,90805,93142,55122,68320,43636,60360,10788,21719,5181,4876,50051,51226,92268,89390,85020,83472,84199,89275,86231,88696,52999,65672,42201,58225,10262,20524,777076,720583,132567,122510,158464,141789,74617,268,269
2021-08-17T23:59:59+02:00,7302,6997,57769,58719,100295,97844,91951,91234,89991,95534,90708,93050,55083,68273,43612,60332,10786,21704,5060,4743,49555,50801,91816,88969,84617,83113,83868,88978,86024,88493,52896,65547,42143,58148,10256,20500,775952,717549,132463,122100,158451,141499,74110,267,269
2021-08-16T23:59:59+02:00,7242,6931,57584,58540,100092,97669,91803,91074,89850,95415,90593,92953,55031,68211,43582,60281,10779,21690,4850,4559,48984,50218,91341,88512,84148,82712,83535,88682,85794,88288,52792,65432,42084,58070,10247,20462,774775,713991,132372,121656,158444,141273,73521,267,269
2021-08-15T23:59:59+02:00,7176,6883,57361,58349,99906,97485,91644,90931,89725,95309,90505,92894,54994,68170,43562,60252,10775,21683,4451,4160,47862,49071,90697,87820,83591,82167,83141,88294,85506,88082,52684,65309,42040,58011,10238,20443,773685,708165,132260,121026,158436,141093,73015,267,268
2021-08-14T23:59:59+02:00,7144,6850,57238,58260,99763,97384,91537,90854,89637,95240,90454,92849,54978,68153,43557,60245,10774,21682,4422,4137,47706,48927,90465,87646,83374,81957,83016,88193,85436,88038,52656,65278,42031,58000,10237,20441,773152,707342,132203,120702,158431,141043,72605,267,268
2021-08-13T23:59:59+02:00,7097,6805,57082,58126,99604,97256,91407,90715,89531,95125,90373,92785,54948,68102,43543,60221,10772,21675,4363,4076,47398,48603,89982,87237,82970,81579,82752,87959,85264,87897,52612,65210,42009,57975,10234,20429,772313,705097,132143,120143,158424,140962,72081,265,266
2021-08-12T23:59:59+02:00,7062,6755,56876,57962,99389,97079,91230,90548,89385,94980,90278,92704,54911,68049,43517,60187,10764,21658,4311,4013,46977,48207,89331,86665,82386,81028,82375,87631,85033,87716,52537,65107,41956,57916,10224,20411,771239,702105,132039,119304,158412,140712,71438,265,265
2021-08-11T23:59:59+02:00,7026,6700,56688,57790,99178,96898,91072,90408,89253,94862,90167,92602,54860,67988,43485,60148,10754,21643,4237,3964,46557,47744,88700,86012,81801,80518,82036,87323,84762,87473,52448,64965,41883,57791,10205,20362,770105,698910,131940,118347,158389,140375,70885,262,264
2021-08-10T23:59:59+02:00,6965,6652,56501,57623,98955,96747,90915,90257,89125,94748,90083,92525,54816,67941,43469,60108,10750,21630,4172,3899,46117,47265,88052,85380,81193,79973,81625,86942,84516,87254,52327,64855,41823,57708,10191,20331,769036,695542,131845,117404,158370,140057,70356,262,264
2021-08-09T23:59:59+02:00,6913,6593,56328,57462,98762,96590,90759,90119,88984,94650,89972,92461,54776,67892,43444,60073,10743,21615,4103,3821,45547,46695,87218,84701,80504,79385,81211,86591,84223,87028,52216,64722,41767,57607,10177,20289,768000,691689,131772,116342,158360,139711,69802,261,261
2021-08-08T23:59:59+02:00,6842,6524,56104,57273,98549,96400,90576,89953,88847,94528,89877,92386,54721,67844,43418,60039,10736,21595,4047,3760,44941,46080,86145,83757,79598,78572,80663,86112,83890,86727,52082,64568,41703,57517,10164,20263,766774,686535,131657,115157,158340,139398,69239,260,260
2021-08-07T23:59:59+02:00,6798,6473,55960,57149,98408,96284,90444,89851,88752,94470,89815,92345,54702,67817,43415,60029,10733,21590,3586,3385,44099,45187,85805,83416,79120,78131,80301,85760,83709,86582,52019,64484,41682,57481,10159,20254,766100,682794,131595,114010,158335,139294,68803,260,259
2021-08-06T23:59:59+02:00,6742,6424,55768,56996,98176,96098,90291,89720,88625,94355,89717,92274,54662,67789,43406,60002,10730,21586,3202,2986,43177,44292,85333,82947,78533,77575,79911,85374,83518,86435,51967,64419,41656,57449,10151,20241,765127,678813,131496,112730,158328,139157,68208,260,258
2021-08-05T23:59:59+02:00,6675,6352,55448,56745,97872,95826,90026,89499,88410,94161,89546,92138,54597,67699,43377,59950,10721,21568,2685,2538,41926,43118,84594,82261,77746,76773,79313,84807,83159,86133,51836,64260,41596,57346,10136,20208,763454,673208,131368,111088,158315,138611,67271,260,257
2021-08-04T23:59:59+02:00,6594,6302,55202,56554,97604,95611,89835,89331,88266,94022,89427,92039,54544,67648,43339,59903,10717,21558,2613,2478,41439,42619,83350,81209,76395,75629,78822,84351,82839,85885,51695,64122,41538,57258,10120,20182,762145,667985,131260,109574,158301,138140,66588,260,257
2021-08-03T23:59:59+02:00,6528,6236,54944,56359,97369,95417,89656,89165,88122,93877,89281,91917,54466,67567,43302,59845,10709,21550,2558,2436,40998,42186,82103,80069,74969,74438,78212,83783,82290,85392,51480,63918,41437,57102,10107,20146,760759,662142,131155,107873,158277,137435,65917,260,257
2021-08-02T23:59:59+02:00,6466,6173,54705,56157,97106,95193,89431,88990,87950,93735,89138,91804,54383,67494,43269,59792,10706,21530,2507,2372,40513,41682,80772,78956,73414,73228,77581,83218,81747,84907,51310,63714,41362,56981,10090,20112,759321,656029,131005,106112,158254,136829,65241,259,255
2021-08-01T23:59:59+02:00,6399,6088,54434,55891,96837,94923,89194,88814,87744,93589,88973,91693,54314,67408,43232,59740,10699,21523,2428,2319,39992,41183,79477,77872,72000,72125,76682,82465,81161,84440,51119,63476,41274,56876,10079,20088,757705,649830,130809,104209,158228,136214,64553,256,250
2021-07-31T23:59:59+02:00,6363,6050,54311,55797,96715,94828,89091,88747,87653,93517,88928,91657,54302,67398,43226,59736,10699,21522,1903,1869,39030,40154,79026,77430,71463,71570,76298,82137,81046,84344,51100,63442,41258,56864,10079,20085,757219,645137,130639,103335,158225,136119,64257,256,250
2021-07-30T23:59:59+02:00,6308,6015,54133,55650,96556,94650,88932,88598,87521,93402,88845,91587,54265,67367,43213,59718,10697,21520,1436,1419,38015,39091,78317,76771,70702,70835,75784,81610,80644,84019,51023,63353,41224,56804,10073,20073,756313,638918,130323,102195,158220,135909,63922,255,249
2021-07-29T23:59:59+02:00,6257,5956,53895,55465,96294,94423,88719,88389,87349,93226,88705,91459,54206,67303,43190,59679,10688,21499,949,953,36763,37847,77256,75896,69650,69884,74975,80848,80106,83590,50890,63188,41157,56708,10056,20046,755063,631126,129841,100638,158203,135352,63397,254,249
2021-07-28T23:59:59+02:00,6220,5903,53691,55293,96086,94216,88567,88208,87236,93085,88592,91361,54147,67228,43156,59631,10678,21469,908,903,36148,37237,76083,74916,68369,68781,74212,80131,79614,83129,50747,62986,41089,56603,10040,20005,753875,624760,129396,99222,158186,134560,63112,254,247
2021-07-27T23:59:59+02:00,6170,5861,53455,55070,95825,94006,88383,88022,87078,92929,88468,91263,54093,67152,43115,59568,10664,21421,847,847,35486,36465,74618,73665,66915,67561,73345,79285,79068,82606,50573,62773,41010,56482,10015,19963,752452,617417,128965,97768,158163,133328,62765,254,246
2021-07-26T23:59:59+02:00,6113,5808,53234,54862,95581,93815,88185,87851,86914,92792,88339,91161,54033,67072,43086,59511,10657,21399,791,788,34714,35623,73096,72332,65542,66321,72298,78291,78474,82074,50401,62557,40931,56332,9993,19918,751099,609313,128541,96237,158145,132249,62431,253,246
2021-07-25T23:59:59+02:00,6075,5764,53026,54656,95325,93585,88009,87657,86756,92660,88230,91063,53981,67007,43058,59467,10647,21364,679,679,34009,34857,71747,71122,64431,65306,71297,77378,77998,81619,50281,62368,40866,56244,9987,19883,749683,602318,128266,94678,158123,131448,62061,253,246
2021-07-24T23:59:59+02:00,5988,5707,52750,54359,95015,93272,87763,87448,86580,92503,88130,90982,53952,66973,43046,59444,10647,21358,630,628,33497,34358,70877,70424,63764,64748,70418,76678,77794,81468,50226,62325,40844,56219,9987,19881,747805,597879,128212,93742,158122,131319,61580,253,246
2021-07-23T23:59:59+02:00,5935,5651,52476,54087,94611,92984,87460,87230,86398,92325,87988,90889,53916,66925,43038,59426,10644,21352,577,583,32964,33695,69810,69561,62981,64077,69511,75827,77392,81138,50150,62226,40812,56180,9980,19867,745739,592215,128138,92583,158116,131143,61144,253,246
2021-07-22T23:59:59+02:00,5865,5588,52057,53685,94128,92533,87073,86892,86088,92024,87776,90702,53831,66831,43009,59366,10636,21326,502,520,32247,32959,68494,68565,61933,63198,67893,74469,76736,80622,49998,62018,40720,56065,9959,19827,742672,585730,127905,89828,158090,130376,60546,252,245
2021-07-21T23:59:59+02:00,5812,5534,51684,53297,93692,92116,86763,86592,85833,91779,87602,90514,53746,66746,42950,59299,10625,21298,452,462,31626,32298,67158,67522,60841,62304,65852,72775,75830,79876,49708,61708,40559,55877,9935,19771,739855,579423,127666,85501,158059,129281,60104,252,245
2021-07-20T23:59:59+02:00,5753,5470,51294,52902,93229,91646,86395,86265,85565,91523,87379,90317,53654,66612,42901,59241,10618,21273,405,418,30959,31634,65691,66326,59710,61339,64674,71713,75213,79317,49502,61477,40453,55717,9911,19708,736879,572346,127444,83816,158004,128248,59512,252,245
2021-07-19T23:59:59+02:00,5676,5396,50821,52441,92757,91166,86024,85932,85316,91310,87173,90137,53561,66491,42865,59161,10600,21238,361,365,30410,31046,64526,65268,58793,60480,63520,70676,74611,78800,49328,61280,40362,55570,9883,19664,733599,566550,127215,82006,157968,127057,59085,252,245
2021-07-18T23:59:59+02:00,5607,5326,49995,51624,91680,90111,85292,85318,84834,90876,86880,89845,53455,66344,42802,59065,10590,21207,324,321,29862,30456,63334,64195,57868,59562,62343,69647,74060,78301,49180,61117,40304,55486,9871,19635,727121,560698,126884,79976,157951,126250,58698,251,244
2021-07-17T23:59:59+02:00,5433,5139,49642,51290,91537,89976,85097,85159,84675,90738,86772,89763,53435,66317,42791,59053,10589,21204,272,266,29472,30068,62689,63593,57307,59138,61589,68911,73751,78058,49069,60999,40265,55428,9861,19624,725942,557657,126706,79008,157947,125634,57817,251,244
2021-07-16T23:59:59+02:00,5332,5048,49317,50993,91273,89751,84849,84961,84476,90554,86634,89656,53393,66284,42773,59039,10586,21199,237,231,28968,29559,61746,62678,56460,58450,60535,67872,73250,77637,48907,60810,40218,55359,9856,19615,724558,552676,126533,77686,157940,124892,56890,250,244
2021-07-15T23:59:59+02:00,5196,4914,48836,50578,90871,89368,84490,84582,84173,90276,86410,89487,53310,66193,42719,58969,10576,21171,188,197,28238,28925,60427,61607,55327,57463,59121,66558,72512,77047,48674,60547,40129,55227,9840,19560,722069,546827,126114,75479,157905,123216,55821,249,244
2021-07-14T23:59:59+02:00,5090,4799,48479,50199,90567,89071,84198,84267,83925,90039,86210,89329,53221,66085,42661,58880,10559,21141,169,174,27702,28350,59328,60610,54358,56616,58244,65706,71902,76458,48405,60269,40023,55052,9817,19516,719892,541383,125755,74555,157861,121515,55003,248,243
2021-07-13T23:59:59+02:00,4978,4682,48069,49815,90170,88715,83891,83958,83655,89777,86002,89161,53110,65980,42606,58816,10553,21120,153,164,27031,27666,57955,59421,53163,55625,57253,64792,71175,75819,48127,59944,39893,54873,9785,19464,717511,535015,125382,73438,157805,119458,54150,248,242
2021-07-12T23:59:59+02:00,4807,4512,47511,49294,89774,88375,83495,83637,83405,89515,85812,89000,53029,65885,42559,58753,10541,21105,144,156,26394,27000,56451,58069,51876,54563,56030,63646,70429,75197,47751,59514,39718,54649,9743,19399,714774,527702,125014,72416,157744,117103,53267,248,241
2021-07-11T23:59:59+02:00,4413,4138,46561,48365,89343,87940,83080,83250,83094,89227,85616,88850,52941,65792,42533,58697,10530,21088,132,148,25788,26433,55073,56809,50579,53517,54990,62614,69835,74645,47403,59131,39593,54474,9718,19357,710798,521069,124541,71408,157704,115313,52209,244,240
2021-07-10T23:59:59+02:00,4400,4125,46229,48017,88889,87458,82749,82939,82988,89127,85551,88793,52920,65769,42524,58683,10529,21084,129,140,25298,25892,53981,55861,49717,52932,54390,62046,69619,74459,47035,58712,39493,54370,9713,19346,710126,516738,124073,71323,157528,113991,50841,243,240
2021-07-09T23:59:59+02:00,4380,4113,45805,47573,88267,86895,82372,82595,82739,88937,85437,88700,52884,65740,42517,58670,10525,21075,123,125,24594,25115,52653,54628,48773,52051,53610,61194,69196,74053,46676,58302,39405,54280,9706,19334,708697,510547,123485,70917,157364,112640,49474,241,240
2021-07-08T23:59:59+02:00,4350,4086,45252,47069,87404,86181,81837,82078,82485,88692,85243,88546,52816,65673,42485,58623,10514,21059,115,108,23597,24165,50708,53044,47387,50899,52470,60064,68503,73417,46155,57743,39268,54116,9678,19266,706559,502774,122590,69637,157075,110100,47953,240,239
2021-07-07T23:59:59+02:00,4327,4059,44670,46473,86559,85416,81278,81595,82200,88395,85034,88382,52738,65573,42442,58559,10506,21039,103,93,22698,23246,48754,51354,45869,49762,51226,58882,67798,72882,45417,56999,39072,53878,9645,19208,704025,494561,121589,68526,156820,106986,46576,237,237
2021-07-06T23:59:59+02:00,4294,4038,44121,45948,85691,84678,80661,81000,81829,88064,84857,88206,52649,65493,42404,58497,10497,21014,94,83,21856,22366,46747,49571,44480,48511,49943,57541,67054,72162,44586,56224,38887,53639,9627,19153,701355,485557,120569,67446,156520,104020,45264,235,237
2021-07-05T23:59:59+02:00,4272,4002,42957,44949,84173,83575,79934,80379,81370,87640,84579,87941,52534,65357,42353,58419,10483,20986,83,71,20662,21291,44783,47966,43460,47550,48914,56578,66355,71544,43823,55362,38713,53414,9602,19113,698009,479547,119512,66574,156155,100930,41996,233,237
2021-07-04T23:59:59+02:00,4244,3979,41592,43717,82531,82263,79206,79776,80898,87215,84305,87737,52442,65232,42310,58367,10470,20957,80,64,19308,20077,42990,46449,42759,46805,48099,55724,65775,70974,43078,54509,38550,53223,9582,19066,694869,474875,118357,65638,155732,98311,38052,233,236
2021-07-03T23:59:59+02:00,3777,3564,40008,42149,81660,81604,78719,79290,80454,86738,84088,87565,52374,65131,42291,58314,10467,20951,76,63,18499,19382,42069,45753,42341,46428,47693,55324,65611,70808,42490,53780,38487,53123,9575,19056,691085,472932,117049,65539,155647,96719,35132,233,236
2021-07-02T23:59:59+02:00,3219,2992,38449,40643,80923,80878,78050,78583,79934,86235,83846,87361,52323,65045,42263,58267,10455,20938,67,55,17726,18645,40910,44788,41605,45729,46858,54541,65090,70356,41536,52573,38357,52935,9559,19037,686019,467836,115646,65068,155497,94214,33014,230,235
2021-07-01T23:59:59+02:00,2570,2445,36724,38971,79940,80002,77211,77750,79228,85598,83531,87084,52198,64889,42200,58166,10437,20908,56,43,16833,17704,39363,43546,40390,44668,45554,53408,64345,69773,40644,51432,38207,52725,9542,19005,679654,461377,113918,63416,155277,91436,30775,230,234
2021-06-30T23:59:59+02:00,2528,2415,35706,37945,78096,78498,75513,76261,78582,85049,83246,86791,52067,64727,42140,58069,10425,20881,47,33,15790,16713,37683,42320,39189,43563,44398,52343,63589,69141,40099,50745,38088,52525,9520,18969,673775,455213,112179,62075,155065,89543,27692,230,232
2021-06-29T23:59:59+02:00,2491,2383,34868,37035,76490,77006,73899,74847,77782,84332,82700,86298,51884,64508,42064,57938,10408,20845,34,24,14953,15800,36367,41175,38276,42737,43177,51287,62871,68556,39387,49807,37952,52306,9498,18925,667389,450005,110303,60242,154796,87592,25062,230,231
2021-06-28T23:59:59+02:00,2450,2348,34039,36208,74873,75594,72216,73451,76761,83545,82096,85799,51709,64280,41987,57832,10395,20813,25,19,14201,15035,35311,40149,37454,42006,42049,50291,62216,68007,38508,48719,37785,52083,9478,18880,660888,445136,108343,58728,154200,85384,22737,230,231
2021-06-27T23:59:59+02:00,2435,2333,33299,35454,73306,74224,70808,72242,75364,82425,81418,85244,51512,64063,41922,57714,10385,20784,20,19,13561,14393,34348,39389,36796,41406,41111,49440,61674,67564,37642,47686,37633,51904,9463,18849,654665,441208,106411,57960,153247,83120,20381,229,229
2021-06-26T23:59:59+02:00,1797,1725,32253,34338,72944,73903,70342,71778,75072,82114,81325,85166,51492,64036,41907,57704,10384,20781,20,18,13366,14181,33679,38845,36149,40983,40588,49105,60681,66554,36645,46550,37464,51691,9449,18816,649848,435204,105473,57905,153243,81178,20270,228,227
2021-06-25T23:59:59+02:00,1177,1129,31123,33148,72441,73370,69729,71084,74644,81664,80945,84840,51430,63949,41874,57661,10379,20767,17,16,13025,13784,32825,38051,35281,40163,39630,48264,59467,65319,36131,45851,37272,51390,9426,18775,643474,426754,104279,57456,153238,80115,20136,228,226
2021-06-24T23:59:59+02:00,564,570,29774,31817,71652,72611,68856,70201,73969,81031,80496,84477,51322,63820,41822,57591,10368,20734,14,13,12352,13067,31643,36752,34058,38895,38491,47146,57829,63944,35651,45334,37115,51200,9407,18716,635613,417367,102793,55894,153126,78226,19917,227,223
2021-06-23T23:59:59+02:00,537,537,29264,31252,70536,71627,67586,69060,73219,80342,80046,84071,51210,63646,41764,57495,10352,20702,12,12,11852,12529,30647,35512,33121,37670,37466,46265,55884,62223,35098,44768,36947,50974,9386,18651,629355,407560,101212,54833,153023,76972,19430,227,222
2021-06-22T23:59:59+02:00,514,520,28739,30646,69361,70591,66379,68032,72541,79637,79632,83699,51103,63519,41717,57410,10343,20676,10,11,11499,12107,29730,34581,32166,36776,36506,45360,53905,60381,34711,44292,36809,50732,9357,18593,622990,398990,99747,53259,152889,75851,19207,227,219
2021-06-21T23:59:59+02:00,482,486,28066,29954,68043,69411,65191,66902,71784,78857,79237,83306,50996,63408,41659,57322,10329,20635,9,11,11203,11787,29104,33992,31615,36207,35898,44769,52058,58722,34000,43489,36513,50309,9328,18517,616146,391396,98246,52063,152767,75170,18684,226,218
2021-06-20T23:59:59+02:00,397,405,27430,29282,66813,68271,64174,65968,70978,78116,78887,82967,50919,63280,41610,57255,10324,20602,5,10,10912,11516,28552,33489,31157,35715,35384,44246,50209,56923,33457,42807,36316,49975,9298,18457,609746,383953,96786,51311,152668,74697,18253,226,214
2021-06-19T23:59:59+02:00,365,370,27040,28905,66080,67701,63647,65461,70179,77462,78735,82843,50898,63254,41594,57239,10323,20602,5,9,10776,11315,28298,33168,30901,35389,35159,43984,48760,55528,33197,42458,36232,49835,9290,18429,605775,378533,95844,51299,152668,74501,18186,226,214
2021-06-18T23:59:59+02:00,337,336,26576,28427,65062,66959,62908,64849,69255,76623,78346,82512,50835,63180,41567,57203,10320,20594,5,9,10557,11071,27900,32742,30570,34977,34766,43585,47016,53846,32843,41942,36095,49624,9270,18395,600335,371649,94600,51009,152662,74275,18067,226,213
2021-06-17T23:59:59+02:00,307,305,25927,27804,63790,65962,61908,64040,67665,75215,77822,82106,50734,63026,41504,57122,10307,20567,5,9,10133,10705,27108,32042,29827,34297,33927,42879,45499,52347,32392,41308,35931,49367,9239,18345,594215,364173,91942,49863,152500,73884,17230,225,210
2021-06-16T23:59:59+02:00,272,266,25388,27195,62485,64829,60798,63072,65400,73287,76978,81450,50521,62817,41412,57010,10288,20534,5,7,9807,10435,26455,31367,29123,33674,33195,42242,44902,51777,32119,40942,35785,49168,9218,18304,587913,360450,87428,49154,152089,72360,16351,222,210
2021-06-15T23:59:59+02:00,233,235,24733,26468,61074,63600,59719,62090,64244,72198,76470,81030,50397,62667,41362,56915,10281,20505,5,7,9534,10151,25850,30630,28487,32919,32514,41518,43342,50143,31667,40385,35613,48934,9188,18239,580719,353708,85800,48255,151635,71106,15847,221,210
2021-06-14T23:59:59+02:00,210,203,24249,25860,59965,62553,58844,61246,63167,71193,75995,80639,50309,62544,41312,56844,10266,20480,4,7,9237,9849,25100,29741,27726,32082,31726,40703,42052,48798,31295,39884,35477,48713,9158,18187,574828,347547,84085,47236,151430,69431,15316,221,209
2021-06-13T23:59:59+02:00,205,188,23835,25388,59022,61646,58073,60458,62060,70224,75529,80217,50219,62428,41261,56785,10255,20450,4,7,8949,9542,24389,28897,27017,31242,30968,39846,40491,47208,30828,39270,35276,48406,9128,18097,569807,340467,82230,46455,151205,67654,14781,221,208
2021-06-12T23:59:59+02:00,192,170,23571,25098,58459,61139,57714,60178,61415,69587,75328,80104,50194,62396,41249,56771,10252,20446,4,7,8828,9421,23912,28318,26494,30664,30437,39284,39391,46233,30659,39091,35181,48240,9124,18086,566836,336206,81274,46452,151198,65773,14735,221,208
2021-06-11T23:59:59+02:00,173,155,23195,24655,57707,60319,57038,59549,60506,68656,74982,79799,50119,62321,41223,56735,10250,20440,4,6,8682,9223,23395,27644,25962,30006,29850,38644,38312,45220,30393,38734,35038,48019,9111,18059,561780,331338,79984,46193,151185,63910,14654,220,207
2021-06-10T23:59:59+02:00,158,138,22651,24064,56562,59380,56110,58732,59243,67482,74441,79398,50047,62214,41199,56686,10235,20411,4,6,8415,8966,22522,26700,25000,29065,28728,37705,36922,44056,30036,38253,34758,47585,9044,17983,556180,324420,77772,45485,150945,61602,14035,220,206
2021-06-09T23:59:59+02:00,138,123,22015,23459,55302,58274,55032,57818,58292,66572,73979,79004,49959,62114,41147,56624,10221,20380,4,5,8114,8703,21589,25832,24070,28184,27694,36750,35201,42263,29646,37750,34572,47315,9002,17892,550361,316964,76310,44752,150594,59695,12970,219,205
2021-06-08T23:59:59+02:00,116,105,21332,22733,53991,57142,53913,56835,57333,65717,73434,78571,49870,61991,41092,56533,10203,20350,3,4,7846,8452,20696,24944,23015,27318,26654,35787,33836,40956,29290,37246,34251,46856,8951,17808,543655,310646,75374,43980,150154,57225,11859,219,203
2021-06-07T23:59:59+02:00,99,88,20674,22093,52547,55883,52654,55855,56178,64729,72880,78166,49784,61882,41046,56469,10190,20324,2,3,7587,8227,19857,24126,21994,26509,25618,34913,32900,40171,29006,36851,34002,46430,8900,17717,536341,306008,74470,43160,149745,54676,10766,219,203
2021-06-06T23:59:59+02:00,92,83,20160,21558,51399,54771,51542,54875,55213,63778,72369,77760,49695,61803,41010,56406,10182,20308,2,3,7372,8030,19074,23230,21094,25636,24547,33927,31982,39351,28717,36509,33748,46039,8849,17643,529996,301446,73444,42417,149408,51752,9938,218,200
2021-06-05T23:59:59+02:00,86,75,19883,21244,50613,54012,50889,54371,54740,63302,72239,77648,49685,61789,41005,56403,10179,20308,2,3,7140,7617,18431,22167,20370,24524,23675,32671,30943,38031,28382,36043,33623,45864,8842,17623,525622,295148,73438,42379,149335,48367,9858,218,199
2021-06-04T23:59:59+02:00,76,69,19428,20655,49544,52995,50068,53504,54082,62514,71898,77321,49657,61752,40985,56388,10177,20303,2,2,6913,7297,17800,21318,19681,23524,22735,31388,29718,36688,28093,35675,33509,45688,8830,17602,519124,288660,73109,42310,149319,45648,9647,217,198
2021-06-03T23:59:59+02:00,66,58,18742,19953,48020,51691,48847,52370,53105,61486,71395,76862,49589,61649,40947,56340,10164,20278,2,2,6619,6897,17063,20267,18879,22375,21728,29957,28550,35198,27551,34889,33303,45360,8793,17527,511320,281904,72095,41555,149046,42420,8886,215,195
2021-06-02T23:59:59+02:00,61,54,18357,19429,46996,50696,47961,51604,52352,60723,71144,76649,49550,61614,40929,56311,10156,20264,1,2,6429,6660,16424,19572,17953,21613,20878,29006,27455,33787,27086,34281,33141,45108,8764,17457,505006,275611,72076,41541,149027,39749,8529,212,187
2021-06-01T23:59:59+02:00,51,48,17669,18681,45131,48960,46306,50146,50832,59260,70465,76049,49456,61502,40871,56239,10144,20216,1,1,6148,6340,15269,18671,16440,20646,19658,27751,26227,32387,26526,33583,32890,44756,8718,17355,495882,269093,70707,40968,148480,36374,6750,207,182
2021-05-31T23:59:59+02:00,49,44,17184,18182,43825,47814,45090,49032,49593,58132,69781,75538,49372,61399,40826,56172,10132,20178,1,1,5870,6004,14227,17835,15031,19721,18478,26633,24994,31043,26005,32864,32695,44457,8684,17254,489624,262781,69542,40422,148013,33456,4958,206,180
2021-05-30T23:59:59+02:00,43,43,16849,17786,42857,46873,44182,48127,48583,57133,69229,74993,49266,61243,40754,56056,10116,20135,1,1,5677,5759,13679,17125,14402,19021,17572,25658,23891,29869,25233,31912,32397,44038,8639,17165,483670,256797,68511,39621,147604,31172,4278,205,171
2021-05-29T23:59:59+02:00,43,42,16714,17658,42492,46553,43838,47862,48343,56942,69171,74940,49260,61237,40747,56052,10116,20134,1,1,5513,5516,13169,16324,13756,18172,16728,24490,22774,28568,25073,31677,32332,43943,8636,17158,481686,251191,68388,39621,147598,28582,4268,204,169
2021-05-28T23:59:59+02:00,42,40,16412,17349,41783,45925,43327,47295,47834,56410,68893,74646,49194,61154,40721,56002,10113,20129,1,1,5267,5129,12634,15409,13075,17307,15864,23253,21672,27129,24821,31310,32237,43810,8626,17142,477381,245132,67881,39517,147574,25645,4229,204,164
2021-05-27T23:59:59+02:00,39,37,15880,16794,40629,44935,42309,46400,46845,55518,68314,74208,49071,60993,40667,55930,10102,20090,1,1,5023,4781,11990,14586,12290,16372,14791,22061,20411,25618,24315,30572,32065,43549,8592,17059,471474,237766,66367,38710,146856,23578,3864,200,159
2021-05-26T23:59:59+02:00,37,36,15466,16352,39530,44009,41271,45526,45815,54640,67707,73696,48919,60811,40583,55765,10080,20042,1,1,4829,4579,11435,13825,11573,15523,13779,20928,19011,24021,23729,29783,31847,43203,8538,16957,466305,230488,64346,37838,145868,21511,3566,200,159
2021-05-25T23:59:59+02:00,37,35,15061,15933,38523,43120,40303,44676,44861,53715,67086,73163,48735,60570,40504,55630,10055,19989,1,1,4609,4372,10893,13181,10806,14753,12706,19687,17576,22515,23141,29003,31610,42876,8481,16862,460955,223108,62766,36894,144758,19597,3318,199,156
2021-05-24T23:59:59+02:00,37,33,14711,15602,37685,42380,39436,44002,43999,52924,66551,72679,48611,60392,40441,55506,10035,19944,1,1,4461,4243,10448,12713,10171,14171,11815,18853,16286,21245,22464,28167,31392,42545,8422,16773,456321,216179,61527,35952,144015,18979,2907,198,154
2021-05-23T23:59:59+02:00,33,33,14544,15421,37219,42004,38984,43599,43549,52517,66280,72451,48526,60300,40402,55459,10028,19920,1,1,4272,4100,9980,12237,9550,13567,10868,18035,15085,20178,21990,27593,31138,42253,8371,16687,453116,209155,61145,35870,143993,17910,2818,197,153
2021-05-22T23:59:59+02:00,31,31,14347,15204,36525,41437,38297,43142,42973,52103,65261,71433,48319,60041,40330,55344,10018,19899,1,1,4160,3803,9764,11819,9396,13244,10626,17589,14813,19776,21896,27476,31104,42211,8364,16678,446632,207922,61141,35867,143978,15992,2787,197,153
2021-05-21T23:59:59+02:00,30,30,13959,14791,35454,40526,37236,42220,41904,51199,63904,70141,48089,59705,40250,55195,10001,19866,1,1,4048,3704,9556,11553,9181,12976,10290,17257,14396,19404,21675,27190,31042,42120,8355,16670,437017,205955,60780,35561,143740,14987,2768,195,148
2021-05-20T23:59:59+02:00,27,30,13146,14046,34014,39080,35816,40824,40498,49997,62608,68991,47795,59365,40103,55013,9980,19816,1,1,3890,3526,9029,10948,8528,12264,9588,16407,13641,18438,20854,26068,30847,41821,8316,16583,426775,201573,59077,34711,142720,11935,2384,193,147
2021-05-19T23:59:59+02:00,27,29,12602,13468,32836,37671,34717,39446,39365,49034,60599,67217,47314,58808,39916,54748,9937,19710,1,1,3784,3386,8749,10575,8232,11891,9147,15900,13003,17774,19987,24937,30620,41516,8259,16468,415906,197324,57562,33897,141605,10686,2180,191,143
2021-05-18T23:59:59+02:00,25,29,12173,13006,31795,36659,33636,38533,38324,48100,58533,65349,46960,58362,39760,54508,9905,19650,1,1,3581,3218,8252,9980,7763,11349,8596,15228,12320,17004,19044,23703,30382,41174,8221,16362,407215,193212,55609,33055,140414,7888,1881,188,143
2021-05-17T23:59:59+02:00,23,28,11917,12721,31274,36103,33142,37970,37730,47467,56635,63639,46256,57539,39481,54109,9868,19577,1,1,3493,3107,7984,9702,7464,11050,8194,14813,11746,16397,18119,22566,30146,40853,8186,16287,399619,188818,54479,32309,139605,7256,1590,186,136
2021-05-16T23:59:59+02:00,23,28,11697,12465,30745,35600,32679,37478,37208,46893,54735,61805,45707,56842,39287,53791,9840,19521,1,1,3394,3004,7694,9407,7141,10708,7724,14346,11162,15809,17189,21413,29936,40562,8148,16218,392639,184522,53509,31459,138937,6667,1075,184,134
2021-05-15T23:59:59+02:00,23,28,11536,12257,30466,35267,32441,37158,36979,46629,53165,60324,45456,56537,39210,53652,9834,19493,1,1,3371,2984,7667,9377,7126,10687,7705,14331,11142,15784,17075,21197,29724,40252,8140,16208,386818,183511,53505,31458,138891,6613,1058,183,132
2021-05-14T23:59:59+02:00,23,28,11283,11965,29988,34753,32060,36695,36458,46154,51278,58482,45094,56035,39070,53446,9817,19453,1,1,3341,2958,7596,9303,7064,10612,7641,14269,10958,15583,16336,20126,29438,39761,8123,16168,378965,180551,53174,31119,138755,6471,1006,182,132
2021-05-13T23:59:59+02:00,21,27,10989,11625,29337,34101,31455,36090,35777,45477,49799,56963,44661,55408,38899,53199,9790,19406,1,1,3261,2907,7465,9196,6974,10517,7537,14158,10624,15234,15274,18880,29053,39120,8080,16093,371797,176724,52158,30555,138003,6081,886,180,129
2021-05-12T23:59:59+02:00,20,25,10854,11477,29048,33778,31187,35795,35457,45160,49515,56649,44565,55299,38847,53122,9783,19367,1,0,3247,2880,7430,9160,6942,10481,7505,14116,10451,15075,14892,18443,28746,38633,8058,16046,369089,174633,52070,30544,137846,6036,764,179,129
2021-05-11T23:59:59+02:00,19,22,10488,11142,28187,32958,30362,35036,34593,44373,47773,54870,44108,54699,38673,52834,9745,19264,1,0,3154,2783,7185,8881,6711,10179,7288,13747,9972,14526,13900,17292,28327,38013,8019,15952,362127,170926,50360,29644,135945,4695,536,178,129
2021-05-10T23:59:59+02:00,18,22,10176,10852,27444,32256,29584,34342,33823,43602,46466,53595,43722,54191,38486,52531,9695,19150,1,0,3110,2736,7055,8756,6613,10059,7142,13567,9703,14222,13196,16422,27898,37398,7994,15871,355863,168084,49240,29260,134254,3852,423,175,124
2021-05-09T23:59:59+02:00,17,22,9931,10596,26754,31563,28924,33647,33099,42905,44926,52111,43221,53566,38288,52226,9658,19064,1,0,3062,2688,6928,8617,6508,9920,7026,13352,9390,13907,12397,15522,27530,36855,7974,15815,348736,165210,48168,28707,133108,3115,337,169,123
2021-05-08T23:59:59+02:00,17,22,9838,10523,26372,31261,28469,33327,32630,42597,43872,51281,43067,53403,38249,52166,9655,19058,1,0,3057,2683,6918,8611,6502,9911,7017,13340,9380,13894,12360,15459,26849,35902,7937,15739,344158,163330,48128,28679,133021,3097,331,169,123
2021-05-07T23:59:59+02:00,16,22,9690,10372,25896,30877,28011,32945,32123,42243,42826,50452,42796,53060,38139,52010,9643,19031,1,0,2988,2653,6854,8565,6444,9854,6965,13287,9206,13671,11727,14649,25900,34508,7890,15657,338994,159201,47820,28306,132862,2878,311,165,123
2021-05-06T23:59:59+02:00,14,21,9278,10075,24981,30105,26947,32141,30891,41413,41207,49235,42410,52509,37944,51767,9605,18957,1,0,2912,2604,6724,8420,6324,9724,6816,13098,8931,13365,11071,13779,24932,33123,7855,15595,331115,155383,46741,27346,131189,2128,294,161,123
2021-05-05T23:59:59+02:00,14,20,8897,9874,24097,29499,26091,31486,29806,40623,39224,47417,41962,51960,37736,51483,9548,18844,1,0,2867,2571,6603,8288,6224,9610,6713,12953,8685,13104,10354,12943,23914,31795,7826,15523,323249,151461,45888,26456,129070,1723,213,161,121
2021-05-04T23:59:59+02:00,14,19,8655,9630,23311,28852,25115,30747,28734,39783,37696,45948,41489,51373,37459,51137,9497,18721,1,0,2824,2547,6529,8216,6138,9539,6634,12864,8446,12880,9617,12076,22967,30546,7792,15460,316564,147684,44916,25650,126431,1513,109,160,120
2021-05-03T23:59:59+02:00,14,18,8440,9415,22613,28273,24282,30142,27826,39083,36735,45195,41140,50902,37243,50846,9445,18619,1,0,2775,2511,6456,8138,6058,9469,6544,12780,8218,12662,8856,11174,22047,29326,7761,15409,311685,143905,44140,24827,124180,1269,70,156,114
2021-05-02T23:59:59+02:00,14,18,8271,9250,21976,27696,23549,29549,27009,38462,35916,44556,40882,50573,37131,50659,9410,18562,1,0,2738,2487,6414,8097,6018,9433,6501,12738,8037,12488,8254,10433,21335,28456,7740,15390,306857,140705,43373,24550,123042,1136,61,150,108
2021-05-01T23:59:59+02:00,13,18,8114,9063,21600,27245,23069,28978,26366,37743,35088,43661,40615,50196,37032,50506,9404,18545,1,0,2732,2480,6389,8086,6001,9424,6483,12725,8021,12471,8217,10368,21297,28399,7736,15386,300738,140411,43371,24543,122937,1094,60,150,108
2021-04-30T23:59:59+02:00,13,17,7962,8879,21211,26822,22619,28408,25610,36954,34069,42688,40383,49874,36934,50352,9392,18522,1,0,2708,2466,6363,8068,5979,9404,6454,12703,7986,12438,8176,10299,21247,28316,7733,15376,294390,140096,43364,24466,122754,997,53,148,105
2021-04-29T23:59:59+02:00,12,17,7678,8637,20614,26244,21951,27728,24677,35989,32792,41345,39338,48470,36617,49880,9334,18394,1,0,2672,2428,6271,7958,5890,9302,6359,12562,7781,12162,7549,9570,20837,27798,7709,15301,285623,138016,42579,23232,121320,747,53,142,102
2021-04-28T23:59:59+02:00,11,16,7393,8419,20094,25780,21312,27133,23794,35141,31391,39891,38171,46875,36273,49386,9272,18252,1,0,2598,2379,6155,7835,5778,9168,6254,12405,7557,11885,6851,8718,20419,27215,7669,15230,276935,135525,41801,21925,119676,518,53,139,96
2021-04-27T23:59:59+02:00,10,16,7202,8238,19669,25350,20688,26595,22935,34357,30170,38560,37075,45427,35891,48816,9202,18126,1,0,2571,2355,6054,7736,5725,9070,6186,12279,7343,11690,6245,7982,20018,26713,7649,15207,269083,133431,40933,20976,118121,271,53,137,93
2021-04-26T23:59:59+02:00,9,16,7018,8069,19248,24926,20140,26070,22124,33599,28954,37320,36014,44002,35583,48328,9151,17998,1,0,2557,2344,6008,7694,5680,9031,6148,12234,7155,11527,5632,7248,19643,26268,7626,15179,261365,131464,40108,20130,116915,239,49,132,93
2021-04-25T23:59:59+02:00,9,15,6909,7933,18912,24653,19760,25730,21512,32973,27960,36357,34875,42569,35264,47898,9109,17916,1,0,2542,2335,5990,7667,5661,9012,6128,12207,7116,11500,5503,7064,19306,25803,7610,15134,254130,130825,39391,19386,116654,227,48,131,93
2021-04-24T23:59:59+02:00,9,15,6741,7752,18470,24228,19206,25193,20726,32171,26871,35302,34624,42254,35171,47733,9099,17904,1,0,2538,2328,5978,7657,5650,9002,6123,12203,7106,11493,5428,6949,19210,25661,7607,15126,248152,130364,39386,19345,115752,211,48,131,92
2021-04-23T23:59:59+02:00,9,15,6510,7549,18023,23750,18636,24579,19897,31354,25706,34100,33842,41083,35027,47500,9085,17881,1,0,2532,2309,5951,7636,5611,8962,6076,12157,7060,11441,5264,6671,18670,25030,7507,14955,240550,128509,39055,18997,114763,189,47,131,91
2021-04-22T23:59:59+02:00,8,14,6293,7340,17415,23162,17842,23796,18846,30329,24378,32658,32800,39727,34782,47142,9045,17802,1,0,2516,2293,5903,7583,5560,8876,5997,12078,6983,11370,4977,6248,17953,24154,7386,14759,231489,126324,38126,18024,113589,154,47,128,88
2021-04-21T23:59:59+02:00,8,13,6092,7156,16886,22691,17183,23191,17855,29427,22823,31062,31792,38487,34484,46700,8996,17713,1,0,2492,2276,5859,7525,5500,8801,5931,11976,6888,11289,4816,5975,17252,23301,7270,14576,222580,124223,37351,17250,112454,122,47,127,86
2021-04-20T23:59:59+02:00,7,12,5904,6959,16321,22217,16431,22538,16855,28423,21347,29588,30638,36991,34166,46254,8942,17613,1,0,2478,2262,5810,7485,5456,8755,5884,11907,6810,11225,4699,5818,16648,22525,7143,14395,213528,122528,36462,16532,111044,114,46,126,81
2021-04-19T23:59:59+02:00,7,12,5717,6797,15791,21793,15753,21985,15855,27546,19952,28181,29249,35343,33847,45769,8882,17495,1,0,2467,2245,5786,7451,5419,8722,5845,11861,6729,11147,4570,5658,16002,21806,7035,14233,204788,120875,35681,15865,109339,111,46,120,80
2021-04-18T23:59:59+02:00,6,12,5528,6655,15358,21467,15131,21422,14881,26749,18615,27042,27858,33690,33511,45343,8820,17406,1,0,2417,2199,5655,7325,5303,8609,5738,11707,6622,11029,4450,5472,15412,21140,6919,14051,196214,119221,34848,14597,108268,107,46,118,78
2021-04-17T23:59:59+02:00,6,11,5491,6618,15203,21391,14956,21337,14645,26571,18360,26821,27352,33144,33386,45195,8811,17391,1,0,2390,2160,5555,7171,5198,8453,5638,11520,6534,10898,4397,5409,15166,20845,6909,14037,194989,117465,34843,14593,106693,99,46,118,78
2021-04-16T23:59:59+02:00,6,11,5426,6562,15020,21238,14744,21175,14357,26324,17943,26408,26306,31916,33250,44986,8791,17368,1,0,2346,2110,5440,6982,5057,8271,5488,11277,6332,10674,4194,5173,14515,20051,6812,13892,191622,114209,34557,14193,105488,91,46,118,76
2021-04-15T23:59:59+02:00,6,10,5353,6482,14805,21025,14475,20892,13925,25972,17303,25778,24937,30298,32991,44661,8756,17286,1,0,2273,2025,5244,6746,4861,7955,5282,10957,6118,10387,3992,4921,13681,18968,6697,13725,187041,110383,33747,13248,104004,82,46,117,74
2021-04-14T23:59:59+02:00,6,10,5273,6412,14599,20824,14221,20668,13540,25638,16635,25155,23353,28508,32678,44260,8701,17192,1,0,2079,1903,5024,6485,4675,7706,5055,10708,5884,10097,3857,4714,12948,18047,6568,13511,182427,107272,32876,11793,102209,77,46,115,74
2021-04-13T23:59:59+02:00,6,10,5218,6361,14392,20694,13977,20484,13195,25338,16061,24650,21637,26649,32359,43843,8671,17083,1,0,1992,1850,4855,6295,4488,7479,4855,10453,5674,9858,3714,4546,12428,17432,6441,13348,178163,104845,31996,10677,100308,67,46,115,74
2021-04-12T23:59:59+02:00,6,9,5156,6292,14173,20500,13673,20222,12805,24921,15479,24100,20026,24702,32068,43480,8629,17008,1,0,1864,1755,4672,6134,4337,7302,4693,10259,5537,9699,3594,4389,11994,16921,6329,13186,173779,103150,30941,9334,98371,65,46,112,71
2021-04-11T23:59:59+02:00,6,9,5085,6215,13951,20302,13374,20009,12386,24567,14911,23584,18515,22918,31807,43138,8584,16926,1,0,1825,1716,4550,6022,4226,7176,4570,10128,5401,9568,3478,4268,11500,16310,6196,12978,169470,101386,29981,8353,96685,63,44,107,67
2021-04-10T23:59:59+02:00,6,9,5080,6206,13933,20286,13364,19997,12368,24548,14885,23562,17823,21994,31516,42719,8566,16899,1,0,1820,1702,4535,6011,4210,7161,4557,10114,5348,9500,3373,4153,10944,15479,6065,12780,168388,99231,29953,8353,95272,61,41,107,67
2021-04-09T23:59:59+02:00,6,9,5066,6186,13891,20238,13314,19942,12317,24488,14620,23307,16300,20098,31110,42072,8532,16856,1,0,1793,1683,4512,5994,4183,7134,4513,10076,5311,9452,3286,4032,10075,14490,5916,12581,165740,96766,29612,8103,92857,59,39,104,65
2021-04-08T23:59:59+02:00,6,9,5020,6157,13790,20163,13233,19861,12213,24384,14278,22945,14523,17879,30489,41066,8469,16732,1,0,1768,1668,4482,5941,4132,7048,4448,9994,5237,9375,3177,3927,9596,13882,5710,12334,161882,94901,28580,7668,90622,58,32,101,61
2021-04-07T23:59:59+02:00,6,9,4985,6125,13678,20077,13134,19771,12104,24274,13892,22579,12994,16021,29840,40082,8415,16631,1,0,1748,1654,4428,5872,4045,6974,4358,9910,5148,9274,3086,3833,8834,12782,5470,11927,157389,92314,27699,6890,89400,50,30,99,60
2021-04-06T23:59:59+02:00,6,9,4954,6101,13578,20011,13051,19713,12026,24210,13513,22228,11356,14015,29179,39111,8383,16560,1,0,1684,1599,4297,5743,3935,6851,4239,9760,5043,9141,2970,3713,8126,11847,5195,11560,153369,89921,26821,5647,87689,48,28,97,60
2021-04-05T23:59:59+02:00,6,8,4915,6071,13504,19944,12981,19643,11969,24130,13237,21975,9740,12063,28452,38059,8348,16497,1,0,1614,1531,4143,5590,3766,6694,4087,9609,4888,9011,2839,3596,7308,10878,4925,11169,150152,87537,25807,3983,85467,45,24,92,60
2021-04-04T23:59:59+02:00,6,8,4897,6053,13494,19919,12971,19624,11962,24110,13137,21902,8714,10800,28001,37418,8323,16440,1,0,1611,1528,4135,5584,3765,6689,4082,9605,4886,9002,2834,3587,7069,10407,4842,11043,148407,86569,25802,3982,83458,39,22,90,58
2021-04-03T23:59:59+02:00,6,8,4894,6043,13476,19900,12959,19614,11952,24100,13123,21884,7805,9732,27120,36173,8273,16328,1,0,1607,1524,4133,5579,3764,6686,4074,9593,4872,8988,2827,3573,6927,10140,4803,10961,145928,85953,25794,3982,81558,38,21,89,58
2021-04-02T23:59:59+02:00,6,8,4889,6023,13440,19872,12920,19569,11906,24051,13049,21817,7292,8983,25531,34070,8128,16058,1,0,1596,1508,4108,5554,3739,6646,4038,9532,4750,8703,2698,3416,6552,9740,4654,10755,141467,84122,25452,3754,80586,38,19,88,57
2021-04-01T23:59:59+02:00,5,8,4839,5963,13345,19729,12803,19417,11758,23897,12449,21371,6728,8270,24022,32099,8002,15817,1,0,1532,1460,3996,5433,3673,6574,3970,9465,4671,8598,2601,3274,6036,9056,4476,10477,137267,81842,24313,3345,78839,34,18,85,54
2021-03-31T23:59:59+02:00,5,8,4787,5906,13221,19574,12668,19260,11569,23717,12189,21109,6405,7896,22538,30142,7849,15587,1,0,1519,1449,3971,5409,3640,6546,3933,9418,4631,8541,2536,3197,5546,8407,4297,10238,133321,80048,23218,3128,77791,34,15,85,54
2021-03-30T23:59:59+02:00,5,8,4721,5838,13084,19424,12556,19080,11440,23553,12021,20971,6215,7682,21147,28409,7703,15381,1,0,1502,1413,3930,5375,3575,6474,3842,9304,4499,8371,2397,2993,5122,7848,4154,9982,129951,77812,22290,2885,76904,22,10,83,53
2021-03-29T23:59:59+02:00,5,8,4680,5795,12963,19329,12487,18996,11359,23444,11869,20838,6056,7483,19717,26727,7576,15178,1,0,1444,1372,3875,5328,3501,6404,3722,9160,4344,8178,2273,2853,4556,7173,3997,9705,126345,75136,21424,2669,76649,21,9,83,51
2021-03-28T23:59:59+02:00,5,8,4632,5726,12841,19187,12403,18903,11256,23342,11759,20732,5904,7275,18533,25220,7456,14980,1,0,1411,1329,3776,5220,3307,6177,3633,9042,4291,8121,2220,2787,3798,6155,3811,9434,123328,72072,20629,2371,76116,14,9,80,47
2021-03-27T23:59:59+01:00,5,8,4599,5676,12732,19023,12287,18741,11139,23138,11650,20585,5837,7188,18244,24873,7445,14962,1,0,1404,1326,3771,5216,3304,6170,3348,8691,4092,7823,2214,2784,3785,6120,3774,9369,121488,70757,20589,2371,75967,10,9,79,45
2021-03-26T23:59:59+01:00,5,7,4560,5619,12619,18830,12152,18540,10987,22907,11487,20371,5671,6973,17634,24080,7346,14811,1,0,1402,1324,3766,5209,3280,6152,3328,8671,3878,7372,2035,2377,3521,5833,3622,9130,118378,68476,20248,2364,75888,8,8,77,45
2021-03-25T23:59:59+01:00,5,7,4484,5526,12422,18588,11951,18218,10778,22579,11246,20045,5455,6685,16602,22772,7218,14620,1,0,1393,1312,3747,5184,3246,6125,3276,8633,3830,7330,1963,2264,3085,5148,3460,8822,114406,66496,19172,2265,75540,6,8,75,44
2021-03-24T23:59:59+01:00,5,7,4401,5413,12201,18134,11732,17804,10553,22186,11013,19671,5184,6336,15559,21554,7076,14392,1,0,1370,1298,3722,5140,3210,6061,3222,8561,3778,7256,1908,2207,2776,4813,3307,8548,111290,65100,18078,2023,73770,6,8,75,41
2021-03-23T23:59:59+01:00,5,7,4344,5344,12033,17792,11529,17449,10361,21818,10784,19380,5045,6137,14916,20736,6936,14217,1,0,1353,1290,3705,5119,3189,6044,3196,8510,3737,7213,1870,2148,2544,4538,3095,8219,108905,63736,17346,1981,72499,5,8,75,41
2021-03-22T23:59:59+01:00,5,7,4292,5266,11833,17457,11342,17125,10137,21494,10570,19076,4894,5927,14297,20020,6804,14033,1,0,1340,1280,3674,5086,3157,6007,3169,8453,3700,7168,1825,2093,2347,4284,2897,7881,107036,62470,16625,1840,70836,4,8,74,40
2021-03-21T23:59:59+01:00,5,7,4219,5141,11549,17043,11060,16723,9867,21039,10312,18719,4780,5755,13601,19228,6660,13826,1,0,1331,1279,3657,5070,3136,5974,3146,8426,3681,7144,1804,2063,2178,4121,2725,7609,105147,61462,15325,1835,68981,4,7,74,37
2021-03-20T23:59:59+01:00,4,7,4190,5071,11407,16713,10937,16409,9726,20743,10137,18437,4651,5594,12972,18282,6519,13610,1,0,1330,1278,3656,5068,3133,5973,3143,8421,3675,7139,1800,2058,2146,4059,2699,7566,102950,61262,15320,1835,67058,4,7,74,37
2021-03-19T23:59:59+01:00,4,6,4144,4989,11239,16350,10752,16056,9549,20362,9917,18078,4492,5398,11944,17075,6357,13399,1,0,1322,1271,3639,5039,3103,5895,3098,8326,3570,6962,1674,1947,2070,3993,2589,7357,100241,59977,14910,1831,64882,4,7,71,37
2021-03-18T23:59:59+01:00,4,6,4056,4883,10991,15923,10489,15610,9268,19895,9692,17735,4346,5232,11317,16204,6126,13132,1,0,1318,1260,3622,5004,3083,5851,3077,8270,3543,6913,1654,1914,2034,3925,2462,7146,98433,59291,13902,1739,62497,4,7,70,36
2021-03-17T23:59:59+01:00,4,6,3877,4767,10692,15510,10230,15252,9026,19532,9438,17386,4225,5065,10500,14962,5862,12707,1,0,1317,1257,3608,4985,3075,5831,3067,8236,3526,6890,1651,1890,2010,3895,2350,6961,95773,58782,12355,1725,60838,4,5,70,34
2021-03-16T23:59:59+01:00,4,6,3732,4641,10356,15047,9961,14882,8749,19087,9141,17019,4085,4897,9679,13836,5581,12349,1,0,1304,1254,3604,4978,3065,5826,3061,8224,3518,6876,1624,1864,1971,3844,2229,6779,93441,58333,11161,1647,58378,4,4,68,34
2021-03-15T23:59:59+01:00,4,6,3585,4521,10041,14585,9669,14425,8450,18612,8851,16610,3938,4729,8961,12769,5353,12023,1,0,1294,1246,3583,4966,3053,5802,3039,8185,3498,6834,1609,1850,1952,3812,2112,6591,91464,57742,9797,1644,55805,4,3,63,34
2021-03-14T23:59:59+01:00,4,6,3513,4429,9784,14156,9418,14028,8130,18121,8569,16216,3775,4541,8153,11529,5042,11558,1,0,1280,1239,3562,4948,3032,5760,3017,8106,3470,6766,1582,1796,1891,3684,1944,6192,89132,57210,8774,1021,53004,4,1,61,34
2021-03-13T23:59:59+01:00,4,6,3430,4171,9469,13490,9168,13445,7901,17537,8358,15776,3663,4434,7958,11232,4990,11466,1,0,1280,1239,3562,4948,3031,5759,3016,8105,3467,6764,1579,1795,1889,3680,1943,6191,88455,57190,8773,1021,49208,4,1,61,33
2021-03-12T23:59:59+01:00,4,6,3364,4022,9221,12957,8930,12919,7667,16900,7998,15024,3498,4263,7570,10822,4850,11276,1,0,1276,1236,3557,4934,3028,5754,3009,8097,3463,6758,1552,1766,1867,3663,1845,6010,86659,56759,8523,1019,46048,4,1,60,33
2021-03-11T23:59:59+01:00,4,6,3205,3749,8840,12200,8625,12245,7333,16112,7650,14374,3335,4058,7007,10100,4654,10969,1,0,1257,1225,3525,4890,2983,5675,2974,7974,3411,6659,1506,1712,1783,3457,1641,5475,84190,55997,8068,118,42153,3,1,54,29
2021-03-10T23:59:59+01:00,4,6,3136,3641,8350,11696,7947,11768,7013,15618,7350,13779,3176,3896,6437,9402,4477,10692,1,0,1246,1211,3495,4833,2950,5598,2938,7836,3357,6536,1464,1669,1721,3359,1519,5188,82336,54798,7512,95,38486,0,1,53,27
2021-03-09T23:59:59+01:00,4,5,3028,3462,7675,11250,7068,11292,6595,15007,6984,13173,2940,3596,5924,8761,4319,10408,1,0,1241,1208,3472,4787,2923,5533,2921,7784,3338,6490,1450,1645,1685,3317,1407,4982,80016,54098,6142,60,35279,0,1,53,25
2021-03-08T23:59:59+01:00,4,5,2854,3223,7045,10708,6259,10813,6193,14486,6586,12602,2725,3385,5317,8023,4169,10136,1,0,1235,1201,3450,4723,2898,5456,2882,7689,3306,6415,1443,1636,1682,3307,1402,4979,77186,53621,4993,58,32303,0,1,50,25
2021-03-07T23:59:59+01:00,4,5,2741,3089,6716,10211,5851,10271,5897,14039,6341,12210,2625,3292,4555,6961,3953,9852,1,0,1231,1198,3446,4718,2893,5444,2878,7672,3298,6401,1437,1622,1659,3266,1385,4935,73927,53403,4161,55,30479,0,1,45,25
2021-03-06T23:59:59+01:00,4,5,2696,2946,6532,9764,5652,9855,5422,13179,5964,11473,2603,3264,4549,6950,3950,9849,1,0,1231,1197,3442,4712,2891,5443,2877,7671,3297,6398,1436,1619,1659,3264,1384,4935,72696,53377,4161,55,27756,0,1,43,24
2021-03-05T23:59:59+01:00,4,5,2597,2686,6319,9187,5437,9462,5244,12612,5584,10489,2374,2796,4168,6568,3812,9628,1,0,1217,1194,3426,4696,2886,5430,2867,7653,3285,6379,1422,1611,1658,3260,1379,4931,70355,53217,3925,55,24648,0,1,43,22
2021-03-04T23:59:59+01:00,4,5,2515,2476,6106,8757,5279,9122,5062,12187,5406,10112,2278,2626,3608,5742,3641,9282,1,0,1205,1178,3382,4598,2854,5362,2835,7556,3254,6304,1402,1603,1644,3246,1369,4920,68283,52639,3478,54,22404,0,1,42,19
2021-03-03T23:59:59+01:00,3,5,2456,2419,5934,8345,5109,8757,4846,11737,5218,9666,2195,2520,3200,5300,3480,8986,1,0,1184,1168,3347,4552,2816,5296,2793,7457,3205,6228,1382,1576,1624,3215,1363,4902,66846,52042,3233,50,20055,0,1,41,16
2021-03-02T23:59:59+01:00,3,5,2399,2325,5776,8013,4951,8503,4680,11338,5054,9346,2125,2430,2895,4940,3261,8660,1,0,1179,1157,3328,4530,2801,5269,2776,7408,3197,6200,1377,1566,1606,3195,1360,4897,65469,51782,2973,49,18221,0,0,41,16
2021-03-01T23:59:59+01:00,3,5,2372,2294,5670,7796,4852,8358,4594,11185,4952,9171,2068,2352,2595,4616,3070,8340,1,0,1173,1154,3313,4512,2789,5240,2759,7362,3181,6172,1371,1563,1599,3186,1357,4891,64191,51558,2749,49,17314,0,0,39,16
2021-02-28T23:59:59+01:00,2,5,2319,2248,5487,7535,4679,8137,4456,10999,4841,9041,2028,2287,2297,4314,2866,8024,1,0,1164,1148,3299,4502,2782,5233,2754,7348,3174,6158,1366,1560,1591,3166,1356,4858,63062,51396,2443,49,16021,0,0,39,15
2021-02-27T23:59:59+01:00,2,5,2229,1936,5314,7111,4580,7829,4374,10653,4768,8791,2000,2228,2266,4268,2844,7972,1,0,1160,1144,3297,4500,2777,5231,2750,7345,3169,6154,1365,1560,1590,3163,1355,4857,62822,51357,2443,46,13866,0,0,39,15
2021-02-26T23:59:59+01:00,2,5,2162,1857,5169,6876,4433,7570,4222,10387,4558,8505,1871,2120,2206,4228,2735,7789,1,0,1139,1131,3281,4466,2765,5191,2739,7293,3148,6100,1359,1549,1586,3155,1354,4855,61487,51052,2437,45,12732,0,0,39,15
2021-02-25T23:59:59+01:00,2,5,2029,1753,4845,6470,4005,7119,3937,9870,4324,8123,1812,2061,2175,4170,2618,7594,1,0,1120,1113,3241,4420,2735,5140,2693,7187,3108,6007,1347,1533,1569,3114,1340,4796,61005,50408,2331,43,9538,0,0,38,13
2021-02-24T23:59:59+01:00,2,5,1995,1687,4728,6256,3901,6907,3816,9628,4201,7964,1789,2028,2144,4127,2503,7394,1,0,1107,1108,3211,4357,2700,5075,2667,7102,3079,5936,1331,1516,1545,3064,1328,4727,60455,49811,2086,31,8496,0,0,38,12
2021-02-23T23:59:59+01:00,2,5,1765,1543,4358,5770,3620,6521,3594,9247,4044,7681,1758,1995,2099,4079,2389,7209,1,0,1088,1096,3175,4329,2672,5017,2642,7026,3043,5877,1311,1496,1518,3029,1318,4672,59988,49281,2039,17,5614,0,0,38,12
2021-02-22T23:59:59+01:00,2,5,1755,1524,4308,5711,3584,6459,3527,9151,3983,7586,1724,1968,2073,4028,2268,7011,1,0,1082,1082,3153,4285,2652,4978,2617,6967,3013,5825,1299,1482,1507,3018,1310,4663,59439,48912,1898,10,5293,0,0,37,12
2021-02-21T23:59:59+01:00,2,5,1743,1518,4278,5677,3540,6421,3487,9098,3939,7535,1713,1960,2068,4018,2144,6844,1,0,1074,1071,3132,4245,2622,4926,2602,6899,2984,5738,1286,1466,1483,2957,1281,4582,59082,48329,1892,8,4980,0,0,36,12
2021-02-20T23:59:59+01:00,2,5,1739,1517,4271,5674,3537,6419,3487,9096,3936,7534,1708,1958,2066,4014,2143,6844,1,0,1074,1071,3129,4243,2622,4926,2601,6898,2984,5738,1286,1465,1482,2957,1281,4582,59063,48320,1892,8,4960,0,0,35,12
2021-02-19T23:59:59+01:00,2,5,1710,1507,4257,5655,3526,6405,3476,9086,3927,7518,1681,1929,2045,3996,2043,6660,1,0,1073,1069,3127,4241,2621,4925,2601,6895,2981,5736,1286,1464,1482,2955,1281,4582,58638,48301,1886,8,4870,0,0,34,11
2021-02-18T23:59:59+01:00,2,5,1658,1474,4163,5543,3454,6301,3388,8921,3839,7375,1658,1894,2012,3924,1910,6460,1,0,1024,1027,2987,4023,2494,4657,2491,6557,2873,5471,1253,1421,1450,2868,1252,4427,57981,46258,1796,8,4172,0,0,32,10
2021-02-17T23:59:59+01:00,2,4,1635,1444,4066,5394,3370,6148,3270,8686,3713,7173,1603,1822,1934,3819,1784,6145,0,0,966,978,2839,3801,2378,4348,2367,6147,2744,5159,1202,1358,1402,2755,1202,4249,56738,43878,1786,7,3458,0,0,30,10
2021-02-16T23:59:59+01:00,2,4,1558,1377,3904,5204,3235,5967,3161,8453,3591,7010,1579,1797,1899,3790,1663,5934,0,0,879,947,2706,3646,2281,4138,2242,5826,2614,4907,1145,1264,1254,2450,935,3618,56041,40840,1770,4,2290,0,0,27,8
2021-02-15T23:59:59+01:00,2,4,1539,1358,3855,5119,3175,5881,3104,8339,3525,6905,1567,1782,1884,3767,1654,5911,0,0,843,924,2627,3517,2207,3959,2162,5548,2526,4697,1100,1199,1161,2271,864,3388,55571,38984,1766,2,2007,0,0,27,7
2021-02-14T23:59:59+01:00,2,4,1474,1329,3774,5045,3132,5776,3049,8186,3482,6796,1547,1750,1830,3636,1595,5652,0,0,834,918,2576,3449,2167,3891,2108,5428,2460,4591,1072,1160,1071,2094,788,3138,55329,37737,1137,2,1566,0,0,27,6
2021-02-13T23:59:59+01:00,2,4,1470,1328,3765,5039,3125,5775,3045,8184,3479,6794,1546,1746,1830,3634,1593,5652,0,0,834,918,2576,3449,2167,3890,2106,5427,2459,4591,1069,1159,1070,2094,788,3138,55306,37732,1136,0,1542,0,0,27,3
2021-02-12T23:59:59+01:00,2,3,1432,1309,3728,5006,3102,5755,3023,8151,3460,6750,1530,1736,1820,3617,1584,5631,0,0,826,911,2543,3396,2133,3845,2076,5374,2441,4560,1068,1157,1069,2092,787,3136,55080,37412,1133,0,1400,0,0,26,2
2021-02-11T23:59:59+01:00,2,3,1378,1261,3613,4836,3010,5580,2925,7843,3361,6538,1470,1676,1750,3433,1492,5285,0,0,786,846,2287,2950,1905,3370,1845,4629,2168,4029,978,1085,971,1893,728,2853,54439,33323,140,0,853,0,0,24,0
2021-02-10T23:59:59+01:00,2,3,1352,1238,3551,4732,2946,5475,2882,7693,3308,6405,1451,1658,1722,3395,1478,5246,0,0,703,786,1994,2541,1694,2926,1608,4020,1909,3570,866,939,800,1514,583,2329,53789,28782,138,0,589,0,0,21,0
2021-02-09T23:59:59+01:00,2,2,1340,1219,3496,4663,2917,5406,2861,7601,3271,6336,1443,1642,1694,3372,1468,5233,0,0,653,706,1731,2193,1502,2540,1423,3520,1737,3209,834,906,775,1436,561,2213,53478,25939,133,0,334,0,0,21,0
2021-02-08T23:59:59+01:00,2,2,1326,1215,3467,4632,2898,5367,2840,7550,3251,6307,1431,1635,1684,3346,1466,5214,0,0,638,669,1580,1957,1361,2283,1291,3212,1579,2946,794,885,727,1329,528,2038,53176,23817,107,0,331,0,0,19,0
2021-02-07T23:59:59+01:00,2,2,1193,1172,3363,4577,2844,5324,2813,7512,3226,6269,1421,1618,1675,3323,1459,5181,0,0,493,523,1312,1600,1120,1833,1079,2622,1350,2423,690,756,646,1168,482,1810,52879,19907,79,0,0,0,0,16,0
2021-02-06T23:59:59+01:00,2,2,1189,1170,3361,4575,2840,5322,2806,7509,3222,6266,1420,1616,1674,3319,1458,5180,0,0,370,372,1112,1353,984,1529,937,2215,1184,2007,602,657,618,1150,480,1807,52836,17377,79,0,0,0,0,16,0
2021-02-05T23:59:59+01:00,2,1,1177,1159,3346,4553,2833,5295,2796,7467,3204,6220,1414,1608,1671,3313,1457,5180,0,0,270,213,927,1038,838,1159,762,1766,1009,1597,486,552,591,1130,477,1803,52601,14618,79,0,0,0,0,16,0
2021-02-04T23:59:59+01:00,2,1,1161,1140,3300,4502,2793,5220,2754,7338,3156,6136,1400,1593,1657,3279,1447,5152,0,0,141,86,626,669,548,741,523,1160,668,999,305,371,486,982,432,1639,51959,10376,56,0,0,0,0,16,0
2021-02-03T23:59:59+01:00,2,1,1139,1134,3273,4460,2764,5179,2731,7289,3126,6080,1390,1582,1631,3239,1440,5099,0,0,120,70,496,517,416,598,418,914,512,752,252,291,381,767,334,1275,51493,8113,51,0,0,0,0,15,0
2021-02-02T23:59:59+01:00,2,1,1117,1120,3237,4429,2732,5126,2706,7215,3091,6017,1365,1554,1595,3183,1414,5003,0,0,111,61,414,418,345,519,368,824,459,670,232,268,335,694,306,1139,50843,7163,50,0,0,0,0,14,0
2021-02-01T23:59:59+01:00,2,1,1101,1109,3217,4377,2704,5065,2675,7089,3060,5922,1345,1525,1569,3145,1397,4938,0,0,83,46,314,313,253,392,276,617,328,505,193,219,263,554,238,892,50178,5486,50,0,0,0,0,13,0
2021-01-31T23:59:59+01:00,2,1,1094,1099,3202,4347,2679,5021,2659,7034,3047,5878,1333,1508,1546,3079,1369,4853,0,0,73,44,288,289,228,345,254,573,298,465,172,200,217,453,195,724,49688,4818,50,0,0,0,0,13,0
2021-01-30T23:59:59+01:00,2,1,1093,1099,3198,4342,2678,5020,2658,7033,3047,5877,1333,1507,1545,3079,1369,4853,0,0,72,40,279,275,215,330,249,562,294,459,171,197,216,453,195,724,49674,4731,47,0,0,0,0,13,0
2021-01-29T23:59:59+01:00,2,1,1092,1097,3196,4339,2678,5018,2658,7031,3044,5875,1333,1507,1545,3078,1369,4853,0,0,65,36,261,260,192,310,233,545,283,448,165,193,212,447,194,722,49656,4566,47,0,0,0,0,13,0
2021-01-28T23:59:59+01:00,2,1,1070,1078,3129,4237,2624,4910,2600,6875,2978,5744,1317,1485,1529,3010,1346,4727,0,0,55,19,165,156,128,187,164,360,208,284,132,150,166,284,117,433,48607,3008,44,0,0,0,0,11,0
2021-01-27T23:59:59+01:00,2,1,1024,1039,3046,4095,2543,4732,2505,6593,2894,5543,1285,1440,1488,2916,1309,4575,0,0,26,7,101,73,59,92,85,211,119,150,101,118,122,214,90,313,46985,1881,34,0,0,0,0,11,0
2021-01-26T23:59:59+01:00,1,1,947,1011,2928,3961,2464,4548,2423,6414,2824,5388,1258,1390,1398,2763,1085,4169,0,0,25,7,96,72,58,91,83,211,117,149,99,117,121,214,90,313,44942,1863,22,0,0,0,0,9,0
2021-01-25T23:59:59+01:00,1,1,929,994,2847,3833,2420,4401,2363,6219,2765,5238,1239,1368,1384,2736,1072,4133,0,0,25,7,94,71,56,89,83,211,117,147,99,116,121,214,90,313,43920,1853,15,0,0,0,0,8,0
2021-01-24T23:59:59+01:00,1,1,919,990,2827,3817,2409,4369,2337,6180,2732,5177,1226,1361,1375,2712,1058,4099,0,0,25,7,94,71,56,88,83,210,116,147,98,116,121,214,90,313,43571,1849,11,0,0,0,0,8,0
2021-01-23T23:59:59+01:00,1,1,919,990,2827,3816,2409,4368,2335,6179,2731,5177,1223,1360,1374,2712,1058,4099,0,0,25,6,94,71,56,88,83,210,116,147,98,116,121,214,90,311,43565,1846,9,0,0,0,0,5,0
2021-01-22T23:59:59+01:00,1,1,912,983,2796,3770,2375,4303,2303,6104,2710,5130,1221,1357,1373,2709,1057,4096,0,0,25,6,94,70,56,88,83,210,116,147,98,116,121,214,90,311,43190,1845,9,0,0,0,0,2,0
2021-01-21T23:59:59+01:00,1,1,896,915,2538,3359,2173,3886,2122,5493,2485,4647,1164,1311,1323,2589,1021,3938,0,0,21,6,83,64,52,72,70,170,96,134,88,100,101,154,74,235,39852,1520,9,0,0,0,0,1,0
2021-01-20T23:59:59+01:00,1,1,815,850,2228,2952,1967,3425,1891,4885,2230,4172,1050,1171,1151,2235,886,3414,0,0,21,6,83,64,52,71,69,170,95,134,88,100,101,154,72,235,35315,1515,9,0,0,0,0,0,0
2021-01-19T23:59:59+01:00,1,1,752,771,1934,2505,1728,2968,1657,4225,1986,3698,976,1074,1023,1946,778,3032,0,0,10,3,50,46,33,44,35,100,44,77,40,37,50,83,44,152,31048,848,7,0,0,0,0,0,0
2021-01-18T23:59:59+01:00,1,1,677,711,1704,2109,1489,2495,1411,3541,1733,3194,890,988,917,1730,722,2749,0,0,5,2,19,11,13,21,17,54,17,33,20,22,26,56,31,82,27058,429,4,0,0,0,0,0,0
2021-01-17T23:59:59+01:00,0,1,499,550,1387,1707,1211,1963,1157,2808,1451,2571,749,831,763,1438,598,2354,0,0,0,1,4,2,0,0,0,0,0,0,1,0,0,0,0,0,22035,8,3,0,0,0,0,0,0
2021-01-16T23:59:59+01:00,0,0,379,400,1205,1463,1091,1676,1017,2411,1293,2164,662,734,735,1421,596,2353,0,0,0,0,0,0,0,0,0,0,0,0,0,0,0,0,0,0,19598,0,2,0,0,0,0,0,0
2021-01-15T23:59:59+01:00,0,0,276,239,1020,1165,942,1331,849,1966,1116,1762,543,623,696,1386,583,2312,0,0,0,0,0,0,0,0,0,0,0,0,0,0,0,0,0,0,16808,0,1,0,0,0,0,0,0
2021-01-14T23:59:59+01:00,0,0,159,106,706,783,650,864,614,1309,752,1141,353,434,571,1199,523,2061,0,0,0,0,0,0,0,0,0,0,0,0,0,0,0,0,0,0,12225,0,0,0,0,0,0,0,0
2021-01-13T23:59:59+01:00,0,0,133,86,596,616,526,698,497,1051,595,875,297,358,482,1014,450,1756,0,0,0,0,0,0,0,0,0,0,0,0,0,0,0,0,0,0,10030,0,0,0,0,0,0,0,0
2021-01-12T23:59:59+01:00,0,0,123,70,512,525,450,597,431,921,524,769,262,309,394,817,376,1371,0,0,0,0,0,0,0,0,0,0,0,0,0,0,0,0,0,0,8451,0,0,0,0,0,0,0,0
2021-01-11T23:59:59+01:00,0,0,94,57,416,431,365,485,345,745,419,596,228,258,327,684,307,1158,0,0,0,0,0,0,0,0,0,0,0,0,0,0,0,0,0,0,6915,0,0,0,0,0,0,0,0
2021-01-10T23:59:59+01:00,0,0,79,49,352,358,298,402,292,648,349,528,199,227,262,544,245,903,0,0,0,0,0,0,0,0,0,0,0,0,0,0,0,0,0,0,5735,0,0,0,0,0,0,0,0
2021-01-09T23:59:59+01:00,0,0,78,47,336,337,274,381,284,632,341,521,198,226,261,542,245,903,0,0,0,0,0,0,0,0,0,0,0,0,0,0,0,0,0,0,5606,0,0,0,0,0,0,0,0
2021-01-08T23:59:59+01:00,0,0,72,39,301,302,229,340,255,589,314,480,180,206,236,482,224,799,0,0,0,0,0,0,0,0,0,0,0,0,0,0,0,0,0,0,5048,0,0,0,0,0,0,0,0
2021-01-07T23:59:59+01:00,0,0,58,25,211,200,160,241,196,424,244,343,150,167,181,317,150,513,0,0,0,0,0,0,0,0,0,0,0,0,0,0,0,0,0,0,3580,0,0,0,0,0,0,0,0
2021-01-06T23:59:59+01:00,0,0,46,15,164,121,113,160,145,297,179,244,118,135,139,250,107,367,0,0,0,0,0,0,0,0,0,0,0,0,0,0,0,0,0,0,2600,0,0,0,0,0,0,0,0
2021-01-05T23:59:59+01:00,0,0,28,8,98,74,59,93,88,214,118,152,108,125,130,231,106,341,0,0,0,0,0,0,0,0,0,0,0,0,0,0,0,0,0,0,1973,0,0,0,0,0,0,0,0
2021-01-04T23:59:59+01:00,0,0,26,8,97,72,56,90,88,214,118,150,108,123,129,231,106,341,0,0,0,0,0,0,0,0,0,0,0,0,0,0,0,0,0,0,1957,0,0,0,0,0,0,0,0
2021-01-03T23:59:59+01:00,0,0,26,8,97,71,56,89,88,213,117,150,107,123,129,231,106,341,0,0,0,0,0,0,0,0,0,0,0,0,0,0,0,0,0,0,1952,0,0,0,0,0,0,0,0
2021-01-02T23:59:59+01:00,0,0,26,7,97,71,56,89,87,213,116,150,107,123,129,231,106,340,0,0,0,0,0,0,0,0,0,0,0,0,0,0,0,0,0,0,1948,0,0,0,0,0,0,0,0
2021-01-01T23:59:59+01:00,0,0,26,7,97,71,56,89,87,213,115,149,107,123,129,231,106,340,0,0,0,0,0,0,0,0,0,0,0,0,0,0,0,0,0,0,1946,0,0,0,0,0,0,0,0
2020-12-31T23:59:59+01:00,0,0,26,7,97,71,56,89,87,213,114,149,107,123,129,231,106,340,0,0,0,0,0,0,0,0,0,0,0,0,0,0,0,0,0,0,1945,0,0,0,0,0,0,0,0
2020-12-30T23:59:59+01:00,0,0,26,7,97,71,55,89,86,213,114,149,107,123,129,231,105,340,0,0,0,0,0,0,0,0,0,0,0,0,0,0,0,0,0,0,1942,0,0,0,0,0,0,0,0
2020-12-29T23:59:59+01:00,0,0,14,2,65,54,33,60,50,138,64,91,53,54,74,142,65,232,0,0,0,0,0,0,0,0,0,0,0,0,0,0,0,0,0,0,1191,0,0,0,0,0,0,0,0
2020-12-28T23:59:59+01:00,0,0,5,2,36,26,20,30,21,67,25,41,23,22,27,51,34,82,0,0,0,0,0,0,0,0,0,0,0,0,0,0,0,0,0,0,512,0,0,0,0,0,0,0,0
2020-12-27T23:59:59+01:00,0,0,1,0,8,6,8,2,1,5,0,2,1,1,2,2,4,6,0,0,0,0,0,0,0,0,0,0,0,0,0,0,0,0,0,0,49,0,0,0,0,0,0,0,0
