Datum,<15_m,<15_w,15-24_1_m,15-24_1_w,25-34_1_m,25-34_1_w,35-44_1_m,35-44_1_w,45-54_1_m,45-54_1_w,55-64_1_m,55-64_1_w,65-74_1_m,65-74_1_w,75-84_1_m,75-84_1_w,>84_1_m,>84_1_w,<24_2_m,<24_2_w,25-34_2_m,25-34_2_w,35-44_2_m,35-44_2_w,45-54_2_m,45-54_2_w,55-64_2_m,55-64_2_w,65-74_2_m,65-74_2_w,75-84_2_m,75-84_2_w,>84_2_m,>84_2_w,bp_1,bp_2,mo_1,mo_2,az_1,az_2,ja,unb_1,unb_2
2021-08-12T23:59:59+02:00,6974,6687,55366,55986,98344,96412,90700,90292,88810,94456,89714,92244,54398,67653,43168,59849,10435,21014,45580,46443,88312,85919,81794,80655,81702,86958,84336,87063,51973,64626,41575,57428,9973,19900,763005,694043,131439,118593,158194,139981,69772,92,84
2021-08-11T23:59:59+02:00,6940,6635,55196,55833,98154,96243,90565,90166,88691,94354,89619,92144,54352,67601,43141,59813,10429,21004,45184,46010,87727,85289,81242,80161,81399,86669,84089,86828,51893,64500,41509,57312,9962,19865,761944,690991,131349,117700,158173,139661,69322,92,84
2021-08-10T23:59:59+02:00,6884,6591,55025,55684,97959,96111,90413,90030,88575,94252,89541,92075,54317,67560,43125,59779,10425,20993,44769,45565,87102,84697,80653,79644,81002,86301,83853,86620,51783,64398,41454,57227,9949,19836,760960,687766,131257,116766,158154,139351,68876,92,84
2021-08-09T23:59:59+02:00,6836,6538,54861,55525,97781,95970,90276,89904,88454,94166,89443,92017,54284,67516,43101,59748,10419,20979,44235,45036,86292,84035,79979,79075,80601,85963,83568,86399,51679,64269,41399,57129,9936,19796,760037,684067,131186,115710,158146,139014,68357,92,84
2021-08-08T23:59:59+02:00,6774,6474,54648,55347,97594,95795,90108,89749,88329,94057,89357,91949,54233,67475,43077,59716,10412,20958,43651,44450,85257,83130,79100,78278,80075,85497,83252,86107,51551,64121,41341,57042,9924,19771,758912,679109,131078,114534,158126,138708,67844,92,84
2021-08-07T23:59:59+02:00,6730,6428,54513,55225,97469,95688,89989,89651,88242,93999,89297,91912,54217,67451,43073,59706,10409,20954,42830,43583,84937,82804,78640,77845,79726,85150,83072,85969,51490,64040,41320,57007,9919,19762,758281,675474,131012,113392,158122,138601,67446,92,83
2021-08-06T23:59:59+02:00,6675,6379,54333,55085,97257,95515,89843,89525,88122,93891,89208,91845,54178,67424,43064,59683,10405,20951,41918,42709,84494,82359,78054,77293,79344,84775,82887,85822,51440,63976,41293,56977,9911,19751,757362,671574,130924,112115,158115,138467,66890,92,83
2021-08-05T23:59:59+02:00,6612,6314,54035,54860,96987,95270,89609,89325,87930,93714,89045,91720,54118,67338,43035,59632,10396,20932,40709,41571,83786,81701,77297,76509,78761,84220,82538,85522,51314,63820,41232,56879,9896,19719,755849,666097,130801,110503,158104,137933,66026,92,83
2021-08-04T23:59:59+02:00,6540,6266,53815,54691,96768,95073,89448,89171,87807,93585,88942,91635,54066,67289,43000,59589,10394,20922,40255,41101,82608,80670,75978,75375,78282,83782,82232,85282,51179,63683,41177,56798,9881,19694,754646,660983,130703,109002,158091,137480,65469,92,83
2021-08-03T23:59:59+02:00,6476,6204,53559,54501,96545,94883,89281,89015,87668,93440,88799,91515,53990,67208,42965,59531,10386,20914,39822,40697,81368,79537,74564,74186,77685,83218,81692,84794,50970,63481,41077,56643,9868,19659,753304,655234,130602,107300,158069,136776,64813,92,83
2021-08-02T23:59:59+02:00,6416,6141,53324,54307,96295,94677,89073,88848,87513,93300,88660,91401,53908,67140,42934,59483,10383,20894,39364,40233,80072,78439,73023,72980,77069,82653,81153,84318,50801,63282,41003,56525,9851,19626,751925,649253,130460,105539,158048,136178,64172,92,83
2021-08-01T23:59:59+02:00,6352,6056,53061,54047,96041,94415,88845,88681,87313,93157,88497,91291,53849,67058,42898,59432,10376,20887,38854,39746,78787,77364,71622,71884,76187,81905,80571,83860,50620,63046,40921,56422,9841,19602,750362,643136,130268,103646,158028,135571,63506,92,83
2021-07-31T23:59:59+02:00,6317,6018,52946,53955,95926,94324,88744,88612,87225,93086,88453,91255,53838,67049,42892,59428,10376,20886,37911,38740,78345,76924,71093,71334,75805,81576,80457,83764,50601,63013,40903,56411,9841,19599,749891,638510,130104,102774,158025,135475,63218,92,83
2021-07-30T23:59:59+02:00,6264,5984,52780,53817,95772,94153,88595,88469,87100,92975,88372,91185,53801,67019,42880,59410,10374,20884,36923,37699,77658,76288,70351,70606,75295,81054,80058,83443,50527,62925,40871,56351,9835,19588,749031,632401,129792,101643,158022,135268,62897,92,83
2021-07-29T23:59:59+02:00,6213,5926,52550,53638,95525,93931,88387,88262,86937,92805,88234,91064,53746,66956,42858,59377,10367,20866,35687,36491,76616,75419,69304,69657,74495,80312,79521,83024,50395,62763,40805,56257,9818,19561,747830,624722,129327,100096,158008,134714,62385,92,83
2021-07-28T23:59:59+02:00,6177,5874,52357,53477,95326,93732,88248,88086,86821,92666,88127,90974,53690,66886,42826,59329,10358,20838,35086,35915,75468,74455,68034,68553,73740,79603,79031,82573,50259,62563,40737,56155,9802,19524,746713,618464,128891,98691,157989,133937,62107,92,83
2021-07-27T23:59:59+02:00,6129,5835,52126,53258,95068,93527,88072,87904,86666,92517,88008,90876,53639,66817,42782,59268,10344,20790,34440,35193,74028,73226,66586,67342,72885,78755,78490,82066,50090,62355,40657,56035,9779,19481,745336,611286,128472,97242,157967,132706,61759,92,82
2021-07-26T23:59:59+02:00,6072,5785,51914,53058,94834,93339,87881,87741,86510,92382,87878,90781,53578,66737,42753,59214,10337,20769,33689,34397,72524,71898,65229,66109,71845,77776,77902,81539,49921,62143,40579,55889,9758,19437,744028,603308,128050,95711,157952,131647,61441,92,82
2021-07-25T23:59:59+02:00,6034,5743,51721,52868,94582,93117,87717,87561,86361,92254,87770,90687,53528,66674,42725,59170,10327,20733,32985,33661,71187,70701,64128,65099,70843,76869,77437,81094,49805,61960,40515,55802,9752,19403,742691,596412,127776,94145,157933,130857,61080,92,82
2021-07-24T23:59:59+02:00,5948,5688,51452,52583,94279,92808,87472,87349,86186,92100,87673,90608,53498,66640,42714,59147,10327,20727,32502,33192,70338,70017,63460,64548,69970,76171,77233,80942,49752,61918,40494,55777,9752,19401,740852,592069,127721,93216,157931,130734,60603,92,82
2021-07-23T23:59:59+02:00,5893,5633,51189,52317,93895,92537,87185,87135,86006,91921,87539,90513,53465,66593,42706,59129,10324,20721,32001,32579,69287,69179,62682,63886,69064,75328,76832,80617,49677,61820,40462,55740,9745,19387,738847,586541,127653,92058,157924,130559,60185,92,82
2021-07-22T23:59:59+02:00,5824,5569,50781,51924,93444,92103,86806,86813,85702,91629,87323,90334,53380,66501,42677,59071,10315,20696,31317,31876,67995,68196,61642,63013,67448,73980,76187,80113,49526,61616,40372,55630,9724,19349,735882,580199,127420,89308,157898,129797,59600,92,82
2021-07-21T23:59:59+02:00,5773,5518,50425,51553,93017,91700,86507,86520,85450,91390,87155,90152,53297,66420,42619,59005,10304,20668,30727,31256,66665,67157,60564,62119,65411,72299,75283,79371,49236,61308,40213,55442,9700,19294,733147,573959,127187,85013,157873,128715,59174,92,82
2021-07-20T23:59:59+02:00,5714,5455,50042,51169,92564,91240,86145,86200,85188,91144,86938,89959,53207,66288,42575,58947,10298,20643,30081,30631,65220,65986,59426,61167,64228,71240,74672,78819,49032,61076,40107,55285,9678,19233,730246,566967,126969,83358,157823,127695,58586,92,82
2021-07-19T23:59:59+02:00,5635,5381,49582,50721,92097,90774,85783,85875,84940,90932,86734,89784,53114,66171,42539,58869,10281,20607,29551,30074,64068,64937,58512,60304,63077,70207,74078,78306,48858,60882,40017,55142,9650,19188,727022,561239,126745,81562,157790,126510,58170,92,82
2021-07-18T23:59:59+02:00,5567,5314,48762,49919,91049,89750,85067,85271,84473,90512,86444,89494,53008,66024,42476,58773,10271,20576,29004,29496,62901,63874,57591,59393,61906,69182,73534,77809,48713,60722,39959,55059,9638,19160,720673,555442,126418,79543,157774,125712,57793,92,82
2021-07-17T23:59:59+02:00,5393,5128,48413,49591,90906,89617,84873,85111,84319,90377,86335,89411,52986,65998,42465,58761,10270,20573,28627,29129,62263,63281,57046,58967,61148,68448,73228,77568,48603,60604,39919,55001,9628,19149,719504,552459,126242,78577,157767,125093,56922,92,82
2021-07-16T23:59:59+02:00,5296,5037,48094,49311,90642,89399,84628,84910,84116,90193,86197,89302,52945,65967,42446,58747,10267,20568,28140,28641,61334,62374,56201,58283,60095,67414,72725,77151,48444,60417,39874,54933,9623,19140,718137,547542,126073,77258,157756,124355,56007,92,82
2021-07-15T23:59:59+02:00,5161,4907,47624,48910,90255,89033,84274,84534,83818,89918,85980,89137,52867,65877,42393,58679,10257,20542,27417,28033,60029,61326,55085,57303,58697,66115,72003,76570,48222,60159,39788,54807,9607,19085,715731,541805,125655,75075,157723,122700,54965,92,82
2021-07-14T23:59:59+02:00,5055,4794,47283,48537,89964,88749,83992,84225,83570,89680,85778,88982,52779,65769,42336,58591,10240,20512,26904,27493,58952,60339,54127,56470,57825,65272,71392,75989,47957,59881,39686,54634,9585,19041,713609,536466,125298,74161,157676,121017,54161,92,82
2021-07-13T23:59:59+02:00,4942,4677,46888,48166,89577,88395,83691,83924,83308,89428,85579,88820,52672,65667,42282,58528,10234,20493,26261,26844,57586,59161,52937,55489,56837,64363,70670,75353,47682,59560,39558,54458,9556,18991,711310,530177,124929,73063,157629,118987,53311,92,81
2021-07-12T23:59:59+02:00,4775,4508,46352,47660,89180,88062,83305,83612,83063,89179,85392,88662,52592,65574,42234,58464,10222,20478,25644,26204,56084,57817,51645,54434,55613,63228,69930,74736,47312,59133,39383,54237,9515,18926,708657,522936,124561,72037,157569,116650,52435,92,80
2021-07-11T23:59:59+02:00,4376,4140,45415,46745,88759,87635,82892,83229,82760,88894,85202,88518,52507,65484,42209,58408,10211,20461,25048,25643,54710,56562,50348,53397,54568,62196,69341,74189,46967,58751,39260,54061,9491,18884,704753,516338,124090,71031,157531,114865,51379,92,80
2021-07-10T23:59:59+02:00,4364,4125,45088,46411,88307,87155,82563,82921,82658,88796,85134,88460,52488,65461,42200,58394,10210,20457,24567,25117,53637,55631,49493,52816,53975,61629,69126,74003,46597,58334,39160,53958,9486,18875,704091,512069,123626,70948,157356,113547,50027,92,80
2021-07-09T23:59:59+02:00,4345,4112,44667,45981,87696,86606,82187,82583,82409,88612,85022,88367,52454,65432,42193,58381,10206,20448,23874,24348,52319,54396,48558,51934,53195,60777,68706,73604,46237,57928,39074,53869,9478,18863,702708,505917,123050,70544,157188,112203,48663,92,79
2021-07-08T23:59:59+02:00,4320,4085,44124,45501,86841,85905,81667,82076,82157,88373,84828,88214,52389,65365,42161,58335,10197,20431,22907,23432,50387,52844,47184,50786,52061,59656,68027,72974,45724,57374,38939,53707,9450,18794,700630,498248,122163,69281,156896,109671,47188,92,79
2021-07-07T23:59:59+02:00,4297,4057,43556,44933,86019,85144,81125,81601,81874,88081,84626,88053,52311,65267,42121,58273,10190,20411,22048,22545,48449,51175,45680,49652,50830,58482,67340,72442,44993,56637,38750,53470,9419,18736,698166,490157,121170,68170,156646,106574,45866,91,77
2021-07-06T23:59:59+02:00,4264,4037,43016,44419,85174,84418,80518,81014,81508,87753,84453,87879,52222,65185,42084,58210,10181,20386,21221,21697,46473,49390,44298,48400,49559,57143,66596,71722,44166,55867,38565,53231,9401,18680,695564,481224,120148,67092,156343,103618,44576,90,77
2021-07-05T23:59:59+02:00,4241,4001,41877,43452,83682,83336,79790,80405,81059,87335,84183,87621,52105,65048,42036,58132,10167,20358,20051,20657,44531,47801,43273,47438,48534,56187,65902,71105,43409,55007,38393,53008,9378,18641,692318,475281,119088,66225,155979,100534,41353,90,77
2021-07-04T23:59:59+02:00,4214,3980,40533,42265,82049,82027,79073,79797,80589,86910,83914,87425,52015,64922,41990,58081,10154,20329,18707,19451,42743,46289,42577,46699,47731,55330,65324,70537,42665,54161,38229,52817,9359,18593,689272,470655,117936,65298,155555,97913,37414,90,77
2021-07-03T23:59:59+02:00,3751,3563,38976,40737,81193,81374,78587,79306,80148,86432,83699,87255,51946,64821,41972,58029,10151,20323,17900,18762,41829,45599,42157,46318,47325,54934,65158,70372,42077,53433,38167,52717,9352,18583,685579,468721,116623,65200,155469,96322,34502,90,77
2021-07-02T23:59:59+02:00,3191,2992,37426,39258,80479,80646,77917,78603,79628,85925,83457,87055,51895,64734,41943,57981,10139,20310,17146,18053,40692,44644,41423,45627,46495,54152,64638,69926,41127,52226,38037,52528,9336,18564,680564,463691,115216,64741,155310,93831,32399,90,74
2021-07-01T23:59:59+02:00,2546,2448,35716,37613,79513,79794,77086,77775,78922,85287,83141,86776,51774,64577,41881,57877,10120,20282,16284,17161,39162,43413,40210,44564,45191,53027,63902,69355,40240,51093,37887,52321,9319,18532,674290,457359,113509,63095,155082,91073,30157,90,74
2021-06-30T23:59:59+02:00,2505,2417,34713,36613,77689,78293,75379,76272,78264,84738,82858,86483,51644,64416,41821,57783,10108,20255,15264,16200,37481,42188,39012,43449,44032,51973,63150,68728,39697,50413,37772,52125,9297,18497,668446,451253,111774,61757,154865,89196,27076,90,73
2021-06-29T23:59:59+02:00,2472,2385,33884,35733,76091,76810,73762,74855,77476,84022,82316,85994,51463,64197,41746,57652,10091,20219,14436,15304,36169,41047,38093,42627,42808,50925,62439,68145,38992,49480,37636,51908,9276,18454,662135,446105,109902,59919,154594,87251,24447,90,72
2021-06-28T23:59:59+02:00,2432,2351,33081,34940,74477,75402,72082,73456,76454,83237,81711,85496,51284,63969,41669,57545,10078,20185,13696,14561,35116,40034,37268,41899,41688,49934,61792,67603,38120,48396,37469,51688,9256,18407,655700,441306,107936,58407,153999,85060,22124,90,71
2021-06-27T23:59:59+02:00,2418,2336,32350,34202,72910,74034,70679,72252,75058,82118,81037,84947,51084,63752,41604,57429,10068,20156,13066,13935,34157,39284,36615,41297,40757,49086,61255,67159,37262,47369,37317,51511,9241,18376,649526,437431,105998,57644,153047,82804,19773,90,71
2021-06-26T23:59:59+02:00,1786,1729,31321,33106,72558,73717,70213,71787,74764,81807,80942,84863,51062,63724,41590,57418,10067,20153,12876,13729,33498,38743,35975,40879,40239,48750,60261,66160,36274,46236,37150,51298,9227,18343,644759,431480,105061,57593,153041,80867,19662,84,71
2021-06-25T23:59:59+02:00,1167,1131,30211,31946,72073,73190,69598,71090,74341,81363,80566,84540,51001,63637,41556,57375,10062,20140,12554,13343,32646,37946,35107,40057,39301,47914,59050,64928,35759,45539,36958,50998,9204,18299,638469,423075,103872,57147,153032,79810,19530,84,71
2021-06-24T23:59:59+02:00,567,572,28883,30638,71303,72450,68725,70208,73668,80737,80121,84176,50895,63508,41504,57305,10051,20106,11898,12652,31485,36647,33895,38793,38178,46807,57415,63551,35286,45020,36802,50811,9185,18239,630718,413780,102379,55598,152918,77922,19318,84,70
2021-06-23T23:59:59+02:00,540,538,28382,30099,70200,71471,67449,69073,72922,80049,79671,83774,50784,63334,41443,57209,10034,20075,11411,12128,30488,35401,32966,37570,37168,45929,55481,61841,34735,44456,36635,50584,9164,18174,624516,404052,100805,54537,152816,76667,18826,84,70
2021-06-22T23:59:59+02:00,517,522,27871,29520,69028,70446,66249,68041,72245,79346,79256,83408,50678,63206,41395,57125,10025,20050,11067,11731,29568,34466,32003,36685,36208,45041,53517,60008,34350,43980,36498,50343,9135,18117,618209,395547,99347,52964,152681,75548,18607,84,69
2021-06-21T23:59:59+02:00,485,488,27209,28862,67712,69279,65066,66911,71485,78567,78860,83014,50571,63097,41336,57038,10012,20008,10778,11422,28943,33885,31454,36119,35611,44453,51674,58353,33643,43181,36203,49921,9106,18041,611417,388001,97852,51768,152560,74878,18088,83,69
2021-06-20T23:59:59+02:00,400,406,26572,28205,66494,68148,64048,65969,70682,77827,78504,82679,50493,62972,41288,56969,10007,19975,10492,11162,28397,33384,30998,35627,35103,43931,49838,56570,33101,42501,36006,49588,9076,17981,605046,380608,96386,51016,152462,74415,17661,83,67
2021-06-19T23:59:59+02:00,368,372,26194,27844,65766,67579,63528,65475,69885,77174,78350,82552,50473,62947,41272,56954,10006,19975,10363,10969,28151,33066,30744,35308,34881,43671,48396,55180,32842,42155,35923,49451,9068,17953,601118,375225,95445,51004,152460,74229,17608,83,67
2021-06-18T23:59:59+02:00,341,338,25737,27386,64754,66843,62790,64862,68967,76339,77959,82215,50412,62871,41245,56918,10002,19967,10149,10735,27751,32647,30418,34898,34496,43281,46671,53523,32491,41642,35786,49240,9049,17920,595714,368411,94204,50718,152452,74019,17494,82,67
2021-06-17T23:59:59+02:00,312,307,25108,26786,63502,65845,61798,64052,67376,74939,77436,81815,50312,62719,41182,56835,9989,19939,9738,10385,26960,31961,29678,34220,33660,42582,45168,52033,32047,41014,35623,48986,9017,17870,589661,361005,91555,49579,152294,73643,16661,81,66
2021-06-16T23:59:59+02:00,278,269,24589,26212,62203,64721,60690,63071,65102,73020,76590,81158,50101,62508,41091,56723,9970,19908,9421,10134,26310,31293,28971,33597,32933,41952,44578,51470,31778,40655,35477,48787,8996,17829,583440,357321,87049,48874,151850,72144,15786,79,66
2021-06-15T23:59:59+02:00,239,238,23954,25530,60805,63521,59609,62086,63947,71935,76088,80734,49977,62359,41041,56626,9963,19878,9161,9866,25709,30559,28332,32841,32258,41230,43021,49849,31333,40103,35306,48554,8966,17765,576353,350628,85421,47982,151380,70890,15297,79,66
2021-06-14T23:59:59+02:00,217,206,23490,24948,59702,62465,58732,61238,62875,70930,75613,80342,49890,62238,40991,56554,9947,19852,8875,9567,24957,29671,27569,32007,31467,40415,41738,48513,30965,39605,35169,48330,8936,17714,570504,344502,83703,46959,151176,69212,14768,79,66
2021-06-13T23:59:59+02:00,212,191,23074,24484,58772,61560,57957,60454,61769,69961,75143,79911,49801,62122,40942,56495,9935,19822,8600,9271,24249,28829,26853,31170,30706,39563,40194,46940,30503,38999,34968,48026,8906,17625,565496,337478,81838,46181,150945,67440,14247,79,65
2021-06-12T23:59:59+02:00,199,174,22849,24220,58223,61060,57600,60175,61126,69318,74944,79797,49777,62091,40930,56481,9932,19818,8486,9155,23771,28243,26336,30601,30194,39004,39119,45968,30336,38820,34872,47861,8902,17614,562605,333285,80882,46178,150937,65552,14211,79,65
2021-06-11T23:59:59+02:00,181,158,22498,23809,57487,60250,56922,59547,60221,68388,74592,79487,49703,62018,40905,56445,9929,19812,8355,8966,23262,27571,25808,29946,29614,38372,38048,44961,30068,38466,34730,47638,8889,17588,557610,328462,79593,45919,150923,63698,14147,79,64
2021-06-10T23:59:59+02:00,166,141,21970,23252,56361,59325,55993,58730,58965,67214,74058,79080,49632,61911,40881,56393,9916,19784,8095,8719,22398,26629,24847,29010,28497,37446,36660,43800,29717,37991,34452,47206,8822,17513,552077,321587,77388,45213,150678,61398,13550,79,62
2021-06-09T23:59:59+02:00,145,128,21353,22705,55110,58232,54932,57821,58016,66310,73593,78688,49545,61811,40831,56331,9902,19754,7809,8456,21482,25763,23911,28119,27468,36499,34944,42019,29334,37492,34267,46936,8781,17423,546362,314171,75941,44487,150324,59492,12501,79,60
2021-06-08T23:59:59+02:00,123,110,20685,22025,53805,57104,53814,56849,57061,65451,73048,78254,49458,61687,40776,56239,9882,19723,7545,8223,20569,24868,22853,27256,26437,35546,33595,40716,28977,36984,33947,46484,8728,17340,539723,307878,75022,43722,149881,57026,11389,79,59
2021-06-07T23:59:59+02:00,106,92,20043,21428,52370,55852,52550,55874,55903,64468,72498,77853,49373,61581,40730,56175,9869,19695,7299,8003,19727,24046,21828,26442,25405,34677,32661,39936,28693,36596,33702,46057,8677,17249,532479,303267,74127,42905,149469,54465,10306,79,59
2021-06-06T23:59:59+02:00,99,86,19536,20895,51223,54765,51450,54901,54942,63516,71990,77451,49289,61506,40693,56112,9862,19679,7091,7805,18939,23156,20928,25570,24334,33695,31749,39121,28411,36259,33446,45667,8628,17174,526168,298710,73106,42167,149134,51531,9510,77,59
2021-06-05T23:59:59+02:00,93,78,19271,20604,50453,54015,50797,54396,54467,63022,71855,77335,49274,61489,40690,56108,9859,19679,6866,7395,18300,22087,20209,24455,23462,32461,30727,37806,28083,35798,33322,45494,8621,17154,521863,292424,73101,42129,149004,48192,9440,77,59
2021-06-04T23:59:59+02:00,83,71,18828,20025,49407,53013,49986,53526,53820,62238,71511,77005,49245,61453,40670,56093,9857,19672,6650,7086,17681,21238,19535,23471,22536,31194,29520,36478,27796,35436,33210,45319,8609,17135,515399,286033,72780,42060,148986,45484,9261,77,59
2021-06-03T23:59:59+02:00,72,60,18157,19355,47890,51716,48781,52407,52857,61228,71015,76545,49181,61351,40632,56048,9844,19648,6362,6696,16947,20196,18743,22325,21540,29782,28361,35000,27254,34659,33005,44994,8573,17060,507693,279313,71765,41314,148710,42272,8543,76,58
2021-06-02T23:59:59+02:00,67,56,17790,18855,46880,50739,47922,51666,52119,60481,70768,76333,49144,61315,40613,56020,9836,19634,6181,6458,16302,19517,17839,21575,20712,28844,27271,33600,26788,34055,32846,44744,8544,16990,501458,273061,71750,41299,148686,39585,8269,75,55
2021-06-01T23:59:59+02:00,56,50,17122,18136,45025,49002,46276,50207,50599,59037,70087,75735,49054,61204,40553,55947,9823,19586,5907,6149,15146,18618,16335,20617,19511,27608,26054,32211,26238,33364,32599,44397,8498,16886,492339,266612,70410,40734,148133,36195,6544,73,55
2021-05-31T23:59:59+02:00,54,46,16649,17655,43716,47865,45069,49109,49361,57927,69411,75224,48977,61103,40509,55877,9811,19550,5630,5830,14108,17790,14938,19701,18345,26503,24835,30874,25722,32649,32405,44101,8464,16788,486098,260340,69247,40190,147676,33281,4820,72,54
2021-05-30T23:59:59+02:00,47,45,16326,17263,42740,46931,44164,48204,48369,56931,68850,74679,48870,60948,40438,55764,9796,19507,5442,5589,13562,17092,14317,19007,17459,25538,23739,29702,24953,31701,32112,43684,8419,16699,480118,254388,68212,39391,147268,30986,4202,72,50
2021-05-29T23:59:59+02:00,47,45,16196,17147,42381,46615,43822,47939,48128,56742,68791,74621,48864,60941,40432,55761,9796,19507,5279,5349,13054,16281,13672,18159,16617,24373,22630,28403,24797,31470,32049,43591,8416,16692,478156,248804,68091,39391,147258,28392,4198,72,49
2021-05-28T23:59:59+02:00,46,43,15896,16842,41686,45987,43312,47379,47622,56201,68515,74324,48799,60859,40404,55712,9793,19502,5040,4965,12518,15365,12995,17297,15753,23142,21537,26969,24551,31105,31955,43457,8406,16675,473873,242791,67591,39286,147226,25448,4160,72,47
2021-05-27T23:59:59+02:00,43,39,15379,16323,40541,45009,42296,46498,46638,55315,67930,73892,48678,60699,40350,55640,9782,19461,4817,4629,11878,14537,12211,16362,14686,21953,20280,25462,24047,30364,31783,43195,8373,16593,468060,235459,66080,38482,146506,23391,3795,72,45
2021-05-26T23:59:59+02:00,41,38,14971,15898,39444,44092,41263,45616,45614,54439,67324,73383,48526,60521,40270,55472,9761,19413,4625,4434,11321,13777,11489,15513,13684,20821,18886,23876,23463,29584,31567,42853,8321,16492,462944,228204,64054,37625,145519,21337,3497,72,45
2021-05-25T23:59:59+02:00,41,37,14581,15496,38441,43204,40296,44761,44664,53522,66715,72853,48346,60288,40191,55340,9735,19359,4419,4231,10780,13132,10729,14730,12619,19587,17452,22371,22881,28805,31332,42534,8263,16404,457647,220853,62474,36686,144412,19424,3265,72,43
2021-05-24T23:59:59+02:00,40,36,14239,15173,37612,42470,39425,44092,43801,52739,66185,72370,48221,60111,40127,55217,9715,19315,4276,4106,10334,12672,10089,14144,11739,18756,16166,21114,22211,27975,31115,42206,8204,16314,453031,213967,61246,35746,143683,18812,2856,72,42
2021-05-23T23:59:59+02:00,36,36,14072,15000,37141,42097,38975,43689,43351,52335,65915,72143,48147,60021,40089,55171,9707,19291,4086,3967,9873,12199,9468,13537,10800,17943,14975,20052,21746,27410,30863,41919,8156,16232,449848,206998,60870,35665,143655,17752,2771,72,42
2021-05-22T23:59:59+02:00,34,34,13876,14784,36455,41533,38297,43236,42780,51927,64896,71134,47942,59765,40019,55058,9697,19270,3975,3672,9657,11786,9315,13209,10559,17498,14706,19652,21653,27293,30829,41879,8149,16223,443418,205779,60867,35662,143640,15834,2740,72,42
2021-05-21T23:59:59+02:00,33,33,13497,14382,35383,40617,37235,42307,41716,51030,63541,69852,47712,59428,39938,54911,9680,19237,3869,3576,9450,11522,9105,12945,10229,17171,14298,19283,21433,27007,30769,41789,8140,16215,433819,203840,60514,35356,143404,14843,2724,71,40
2021-05-20T23:59:59+02:00,31,33,12703,13658,33944,39162,35814,40900,40314,49833,62258,68701,47423,59086,39795,54731,9659,19186,3721,3395,8924,10920,8460,12237,9531,16325,13543,18322,20619,25892,30575,41492,8101,16129,423628,199485,58813,34511,142374,11805,2347,69,40
2021-05-19T23:59:59+02:00,31,32,12166,13094,32765,37739,34711,39519,39190,48875,60260,66935,46947,58528,39612,54469,9618,19080,3618,3263,8651,10546,8165,11863,9089,15817,12906,17661,19755,24764,30349,41189,8045,16014,412798,195246,57295,33698,141264,10570,2145,69,38
2021-05-18T23:59:59+02:00,28,32,11744,12651,31721,36719,33619,38604,38150,47940,58202,65078,46592,58079,39458,54230,9586,19021,3420,3100,8157,9941,7694,11318,8548,15150,12225,16892,18816,23533,30112,40846,8008,15909,404145,191162,55335,32856,140068,7776,1839,67,38
2021-05-17T23:59:59+02:00,26,31,11493,12375,31204,36162,33125,38044,37560,47306,56300,63370,45892,57257,39181,53832,9549,18947,3338,2991,7895,9659,7401,11019,8147,14738,11655,16289,17900,22402,29880,40527,7973,15835,396564,186793,54212,32109,139260,7160,1552,66,37
2021-05-16T23:59:59+02:00,26,31,11271,12121,30682,35658,32663,37552,37037,46734,54406,61545,45348,56559,38987,53513,9522,18892,3237,2892,7607,9369,7080,10674,7671,14275,11075,15705,16971,21255,29671,40237,7935,15766,389609,182516,53244,31263,138595,6574,1034,65,35
2021-05-15T23:59:59+02:00,26,31,11117,11918,30404,35325,32426,37232,36808,46471,52836,60067,45098,56253,38910,53375,9516,18864,3216,2874,7582,9340,7065,10653,7653,14262,11058,15684,16862,21040,29462,39930,7927,15756,383805,181530,53241,31262,138549,6523,1017,65,34
2021-05-14T23:59:59+02:00,26,31,10870,11638,29936,34818,32047,36771,36296,45998,50965,58239,44736,55752,38770,53168,9500,18824,3189,2855,7512,9269,7009,10581,7594,14204,10876,15485,16131,19974,29176,39444,7910,15716,376019,178619,52914,30923,138420,6384,967,65,34
2021-05-13T23:59:59+02:00,23,30,10587,11313,29288,34178,31448,36167,35623,45332,49496,56722,44305,55125,38600,52925,9473,18778,3121,2809,7385,9168,6922,10487,7490,14095,10550,15139,15074,18740,28790,38801,7867,15642,368929,174823,51896,30361,137668,6009,856,64,33
2021-05-12T23:59:59+02:00,23,28,10458,11170,29007,33860,31181,35874,35311,45018,49210,56414,44206,55022,38547,52846,9466,18740,3109,2783,7351,9132,6892,10452,7462,14056,10383,14983,14702,18308,28487,38320,7845,15595,366260,172778,51815,30351,137509,5965,734,63,33
2021-05-11T23:59:59+02:00,22,25,10112,10847,28154,33034,30350,35121,34450,44237,47476,54646,43752,54429,38372,52555,9428,18638,3022,2686,7106,8852,6669,10152,7247,13686,9903,14435,13723,17159,28073,37703,7808,15500,359350,169109,50110,29459,135617,4616,508,63,33
2021-05-10T23:59:59+02:00,21,25,9806,10570,27409,32334,29573,34420,33681,43470,46171,53381,43369,53918,38183,52250,9378,18525,2980,2640,6979,8729,6574,10034,7108,13504,9639,14128,13029,16299,27646,37093,7782,15419,353101,166298,48993,29078,133931,3778,399,60,31
2021-05-09T23:59:59+02:00,20,25,9574,10325,26728,31650,28906,33719,32958,42773,44649,51910,42869,53297,37983,51946,9341,18440,2933,2594,6856,8586,6467,9892,6996,13292,9323,13817,12231,15400,27283,36558,7762,15363,346025,163451,47918,28522,132802,3038,312,56,31
2021-05-08T23:59:59+02:00,20,25,9481,10258,26343,31349,28460,33405,32505,42469,43617,51082,42717,53134,37942,51884,9339,18434,2930,2590,6848,8581,6461,9884,6988,13281,9314,13805,12193,15338,26606,35609,7725,15287,341510,161584,47876,28495,132716,3025,306,56,31
2021-05-07T23:59:59+02:00,19,25,9340,10110,25872,30970,28013,33031,31999,42121,42578,50256,42446,52794,37829,51724,9327,18407,2883,2564,6795,8540,6405,9829,6937,13229,9141,13584,11562,14526,25667,34230,7678,15205,336390,157500,47569,28126,132558,2831,288,56,31
2021-05-06T23:59:59+02:00,17,24,8942,9821,24955,30201,26952,32231,30770,41305,40961,49048,42067,52247,37634,51481,9289,18334,2819,2518,6665,8394,6290,9700,6789,13041,8871,13287,10914,13665,24706,32849,7645,15144,328545,153722,46494,27173,130908,2095,277,55,31
2021-05-05T23:59:59+02:00,17,23,8576,9621,24075,29602,26088,31567,29682,40515,38983,47236,41623,51694,37427,51200,9232,18222,2778,2487,6548,8266,6188,9586,6687,12900,8626,13030,10207,12838,23693,31526,7616,15073,320698,149844,45642,26287,128795,1695,193,55,31
2021-05-04T23:59:59+02:00,17,22,8333,9394,23279,28955,25115,30827,28611,39681,37472,45771,41155,51109,37149,50853,9185,18101,2739,2466,6476,8194,6106,9520,6613,12819,8389,12810,9478,11984,22748,30284,7582,15010,314048,146129,44677,25481,126161,1491,88,55,30
2021-05-03T23:59:59+02:00,17,21,8130,9180,22580,28375,24277,30222,27704,38986,36514,45021,40807,50637,36935,50563,9135,17997,2694,2435,6406,8117,6027,9455,6524,12735,8161,12597,8735,11085,21833,29069,7551,14960,309187,142396,43901,24661,123911,1250,48,54,30
2021-05-02T23:59:59+02:00,17,21,7967,9016,21942,27798,23538,29631,26886,38364,35700,44386,40548,50308,36822,50377,9101,17940,2656,2412,6364,8076,5990,9420,6484,12695,7979,12424,8135,10349,21125,28202,7530,14942,304360,139212,43132,24386,122776,1116,41,53,29
2021-05-01T23:59:59+02:00,16,21,7815,8834,21569,27341,23056,29056,26243,37655,34876,43491,40286,49934,36725,50224,9095,17923,2650,2406,6338,8066,5975,9411,6466,12681,7962,12409,8098,10285,21086,28145,7526,14938,298265,138921,43131,24379,122670,1073,41,53,29
2021-04-30T23:59:59+02:00,16,20,7667,8656,21182,26912,22611,28491,25495,36879,33868,42528,40057,49614,36628,50071,9083,17902,2632,2393,6313,8048,5953,9394,6439,12661,7930,12375,8058,10215,21036,28062,7523,14929,291980,138610,43124,24306,122489,982,35,52,29
2021-04-29T23:59:59+02:00,15,20,7398,8416,20589,26340,21940,27808,24563,35914,32593,41192,39013,48211,36310,49596,9026,17774,2600,2359,6221,7938,5869,9292,6345,12519,7728,12100,7435,9492,20630,27546,7501,14855,283241,136549,42340,23079,121055,741,35,47,27
2021-04-28T23:59:59+02:00,14,18,7123,8198,20068,25867,21303,27209,23677,35067,31199,39741,37854,46625,35968,49104,8963,17632,2531,2311,6113,7817,5760,9162,6243,12369,7509,11830,6747,8647,20214,26971,7460,14784,274565,134106,41569,21784,119418,517,35,43,27
2021-04-27T23:59:59+02:00,13,18,6941,8020,19635,25443,20685,26672,22824,34291,29988,38420,36766,45182,35587,48534,8893,17505,2506,2286,6010,7720,5707,9065,6177,12246,7294,11632,6146,7910,19808,26474,7440,14761,266761,132010,40705,20841,117873,270,35,43,27
2021-04-26T23:59:59+02:00,12,18,6759,7855,19217,25019,20143,26147,22021,33535,28773,37187,35706,43760,35280,48050,8843,17381,2494,2276,5967,7678,5662,9025,6141,12202,7108,11467,5532,7179,19437,26026,7416,14734,259080,130050,39880,19997,116672,239,32,42,27
2021-04-25T23:59:59+02:00,12,17,6654,7722,18879,24749,19764,25808,21409,32918,27790,36232,34577,42332,34965,47620,8801,17299,2482,2269,5949,7654,5643,9008,6121,12177,7071,11440,5405,6998,19102,25562,7400,14690,251898,129429,39166,19256,116411,229,31,42,27
2021-04-24T23:59:59+02:00,12,17,6490,7546,18437,24317,19205,25271,20627,32117,26709,35184,34327,42019,34871,47455,8791,17287,2478,2263,5936,7644,5635,8997,6116,12173,7061,11433,5332,6887,19004,25421,7397,14682,245942,128975,39161,19217,115506,211,31,42,26
2021-04-23T23:59:59+02:00,12,17,6267,7346,17989,23844,18635,24660,19802,31303,25553,33990,33551,40846,34727,47219,8777,17264,2472,2245,5909,7620,5598,8958,6071,12129,7015,11381,5166,6610,18466,24795,7297,14513,238376,127132,38833,18870,114521,189,31,41,24
2021-04-22T23:59:59+02:00,11,16,6052,7138,17384,23255,17842,23878,18752,30281,24234,32558,32510,39493,34482,46863,8739,17186,2458,2230,5865,7569,5550,8874,5996,12051,6939,11311,4882,6192,17754,23922,7178,14319,229339,124975,37916,17907,113350,155,31,38,23
2021-04-21T23:59:59+02:00,11,15,5853,6957,16853,22784,17181,23275,17770,29384,22680,30967,31506,38262,34185,46425,8691,17097,2434,2213,5823,7514,5492,8799,5930,11951,6844,11231,4722,5917,17056,23073,7062,14138,220464,122887,37147,17136,112218,123,31,36,23
2021-04-20T23:59:59+02:00,10,14,5670,6763,16297,22309,16440,22616,16775,28383,21212,29498,30360,36774,33869,45990,8640,17007,2421,2198,5774,7476,5452,8754,5882,11885,6765,11166,4603,5764,16455,22299,6936,13959,211481,121203,36265,16420,110815,116,30,36,21
2021-04-19T23:59:59+02:00,10,14,5483,6606,15765,21879,15764,22058,15785,27505,19820,28097,28987,35141,33552,45512,8582,16889,2410,2184,5749,7443,5415,8721,5843,11840,6684,11090,4477,5603,15807,21590,6828,13797,202790,119561,35486,15757,109109,113,30,34,21
2021-04-18T23:59:59+02:00,9,14,5296,6465,15331,21555,15146,21497,14815,26718,18483,26959,27600,33492,33221,45094,8524,16802,2359,2138,5618,7322,5301,8607,5736,11689,6579,10971,4361,5416,15214,20924,6715,13618,194262,117923,34656,14487,108039,109,30,34,20
2021-04-17T23:59:59+02:00,9,13,5260,6430,15177,21480,14970,21412,14580,26539,18229,26738,27093,32951,33095,44946,8515,16787,2332,2098,5518,7168,5194,8448,5636,11501,6489,10838,4309,5353,14973,20630,6705,13605,193044,116165,34651,14483,106465,100,30,34,20
2021-04-16T23:59:59+02:00,9,13,5197,6376,15000,21329,14759,21253,14298,26291,17814,26327,26050,31720,32962,44735,8494,16764,2286,2048,5402,6982,5058,8266,5484,11259,6293,10616,4104,5120,14327,19841,6607,13460,189699,112927,34363,14086,105265,91,30,34,20
2021-04-15T23:59:59+02:00,7,12,5128,6299,14787,21115,14491,20963,13869,25941,17179,25695,24688,30113,32705,44411,8458,16685,2216,1964,5206,6746,4856,7945,5277,10942,6077,10331,3906,4870,13498,18759,6492,13293,185143,109105,33554,13143,103785,81,30,34,20
2021-04-14T23:59:59+02:00,7,12,5048,6228,14583,20914,14237,20739,13479,25607,16513,25077,23112,28328,32393,44008,8405,16591,2027,1844,4988,6483,4667,7695,5050,10693,5843,10046,3770,4661,12771,17841,6365,13079,180542,106011,32680,11688,101995,75,30,34,20
2021-04-13T23:59:59+02:00,7,12,4996,6181,14384,20779,14003,20558,13137,25311,15944,24574,21408,26485,32077,43591,8373,16485,1942,1792,4821,6296,4482,7475,4849,10438,5639,9811,3634,4495,12255,17225,6242,12918,176324,103627,31805,10573,100113,65,30,33,20
2021-04-12T23:59:59+02:00,7,11,4932,6115,14168,20582,13697,20295,12752,24899,15366,24021,19815,24544,31787,43231,8332,16411,1812,1701,4641,6137,4333,7299,4687,10246,5502,9652,3515,4340,11824,16716,6131,12755,171969,101945,30751,9236,98182,63,30,33,18
2021-04-11T23:59:59+02:00,7,11,4863,6040,13944,20384,13401,20084,12338,24548,14805,23512,18309,22770,31526,42889,8289,16331,1775,1665,4521,6024,4222,7176,4565,10115,5368,9522,3401,4221,11333,16106,6000,12548,167687,100198,29792,8258,96511,61,29,32,17
2021-04-10T23:59:59+02:00,7,11,4858,6032,13925,20370,13392,20073,12321,24531,14782,23493,17621,21848,31235,42471,8271,16304,1771,1653,4509,6013,4207,7162,4552,10101,5315,9457,3298,4108,10776,15272,5871,12350,166620,98055,29765,8258,95101,59,27,32,17
2021-04-09T23:59:59+02:00,7,11,4845,6015,13888,20320,13348,20025,12274,24477,14522,23240,16104,19960,30830,41825,8237,16261,1747,1643,4487,5998,4181,7135,4511,10067,5277,9408,3213,3989,9909,14284,5723,12152,164003,95616,29424,8010,92706,58,25,31,16
2021-04-08T23:59:59+02:00,7,11,4802,5987,13787,20246,13267,19945,12174,24373,14187,22881,14337,17751,30213,40816,8179,16140,1726,1630,4455,5945,4129,7050,4447,9987,5205,9331,3105,3886,9431,13683,5518,11907,160178,93771,28396,7575,90483,57,17,29,16
2021-04-07T23:59:59+02:00,7,11,4772,5958,13683,20164,13173,19860,12071,24271,13809,22524,12830,15899,29569,39844,8124,16042,1707,1618,4403,5878,4045,6976,4358,9903,5115,9231,3018,3791,8687,12588,5283,11502,155773,91223,27521,6802,89272,47,16,29,16
2021-04-06T23:59:59+02:00,7,11,4743,5932,13586,20097,13091,19799,11995,24206,13433,22173,11197,13895,28907,38874,8092,15971,1647,1564,4275,5750,3937,6852,4239,9755,5012,9102,2903,3669,7982,11659,5011,11137,151761,88840,26639,5580,87565,45,15,29,15
2021-04-05T23:59:59+02:00,7,10,4705,5904,13509,20031,13024,19731,11940,24126,13161,21919,9587,11951,28180,37825,8057,15909,1576,1495,4120,5600,3769,6696,4085,9606,4857,8974,2771,3552,7176,10698,4740,10748,148568,86474,25623,3919,85342,42,14,29,15
2021-04-04T23:59:59+02:00,7,10,4691,5886,13498,20011,13016,19713,11932,24106,13064,21849,8564,10691,27733,37184,8032,15852,1574,1493,4112,5594,3767,6691,4080,9601,4855,8966,2766,3543,6940,10232,4656,10623,146841,85515,25619,3919,83339,36,11,29,13
2021-04-03T23:59:59+02:00,7,10,4688,5876,13481,19991,13006,19703,11922,24096,13050,21831,7660,9623,26851,35942,7983,15740,1570,1489,4110,5589,3765,6688,4072,9589,4841,8953,2759,3532,6802,9970,4617,10543,144366,84912,25611,3919,81445,36,10,28,13
2021-04-02T23:59:59+02:00,7,10,4683,5858,13444,19966,12967,19660,11878,24048,12975,21764,7147,8876,25267,33843,7837,15472,1561,1473,4084,5566,3739,6647,4036,9528,4720,8666,2631,3377,6427,9576,4468,10342,139916,83091,25273,3693,80477,36,9,27,13
2021-04-01T23:59:59+02:00,6,9,4635,5799,13350,19821,12851,19509,11729,23892,12378,21316,6584,8171,23762,31872,7710,15235,1495,1427,3975,5442,3672,6576,3968,9462,4642,8563,2537,3236,5916,8892,4299,10068,135726,80831,24136,3289,78734,31,8,25,12
2021-03-31T23:59:59+02:00,6,9,4584,5744,13225,19668,12719,19355,11541,23712,12116,21056,6265,7800,22285,29919,7560,15007,1482,1416,3951,5419,3640,6548,3928,9415,4604,8510,2474,3161,5434,8247,4125,9829,131799,79065,23049,3072,77693,31,5,25,11
2021-03-30T23:59:59+02:00,6,9,4520,5679,13087,19518,12606,19180,11410,23547,11946,20917,6075,7585,20899,28192,7416,14804,1465,1380,3910,5386,3576,6478,3840,9301,4473,8339,2339,2956,5014,7692,3982,9573,128445,76843,22124,2830,76802,19,2,23,11
2021-03-29T23:59:59+02:00,6,9,4480,5641,12968,19423,12539,19097,11328,23445,11797,20782,5918,7387,19483,26514,7288,14603,1406,1339,3855,5343,3502,6408,3722,9157,4323,8149,2217,2815,4451,7026,3828,9297,124871,74190,21259,2619,76553,18,2,23,10
2021-03-28T23:59:59+02:00,6,9,4433,5577,12847,19286,12454,19003,11227,23349,11691,20681,5767,7181,18306,25008,7169,14408,1373,1295,3757,5236,3309,6182,3635,9040,4273,8093,2163,2751,3692,6005,3643,9029,121878,71136,20470,2320,76030,10,2,22,9
2021-03-27T23:59:59+01:00,6,9,4401,5526,12740,19121,12339,18838,11113,23144,11584,20532,5702,7099,18020,24662,7158,14393,1367,1292,3752,5232,3306,6175,3349,8691,4075,7795,2157,2748,3678,5972,3609,8968,120042,69831,20431,2320,75890,5,2,22,9
2021-03-26T23:59:59+01:00,6,8,4365,5473,12630,18931,12206,18636,10960,22915,11423,20321,5539,6885,17417,23871,7059,14243,1366,1291,3747,5225,3283,6157,3330,8671,3863,7348,1980,2344,3414,5688,3458,8735,116951,67574,20093,2313,75821,4,1,22,9
2021-03-25T23:59:59+01:00,6,8,4298,5385,12432,18692,12001,18307,10746,22587,11182,19994,5327,6601,16389,22565,6931,14054,1357,1281,3726,5199,3249,6129,3279,8634,3817,7304,1908,2231,2980,5006,3300,8430,112974,65607,19021,2212,75487,2,1,22,9
2021-03-24T23:59:59+01:00,6,8,4218,5274,12220,18240,11783,17894,10526,22197,10949,19622,5058,6255,15349,21348,6792,13830,1334,1268,3702,5154,3213,6067,3224,8564,3763,7231,1855,2172,2673,4672,3148,8155,109868,64215,17928,1969,73750,2,1,22,9
2021-03-23T23:59:59+01:00,6,8,4162,5210,12053,17897,11584,17543,10334,21833,10730,19334,4925,6059,14709,20533,6652,13657,1319,1262,3687,5136,3192,6049,3199,8513,3726,7188,1820,2113,2444,4402,2940,7834,107520,62886,17202,1927,72484,2,1,22,9
2021-03-22T23:59:59+01:00,6,8,4115,5133,11857,17564,11396,17215,10109,21507,10515,19029,4774,5853,14091,19820,6519,13471,1306,1253,3660,5103,3160,6013,3170,8457,3690,7143,1776,2057,2245,4152,2745,7501,105668,61633,16485,1787,70807,2,1,21,9
2021-03-21T23:59:59+01:00,6,8,4041,5010,11575,17153,11115,16808,9839,21053,10259,18676,4660,5682,13395,19029,6378,13263,1298,1252,3643,5087,3139,5980,3147,8427,3670,7121,1758,2030,2080,3990,2573,7233,103788,60635,15186,1782,68954,2,1,21,9
2021-03-20T23:59:59+01:00,5,8,4011,4941,11432,16818,10990,16490,9696,20750,10083,18394,4533,5522,12765,18078,6241,13048,1297,1251,3643,5085,3136,5979,3144,8422,3665,7117,1754,2025,2049,3929,2550,7192,101593,60445,15181,1782,67009,2,1,21,9
2021-03-19T23:59:59+01:00,5,7,3967,4861,11265,16457,10808,16135,9523,20370,9870,18035,4374,5327,11741,16866,6080,12837,1288,1244,3625,5058,3106,5902,3099,8329,3563,6943,1629,1914,1975,3867,2438,6984,98897,59175,14772,1778,64838,2,1,20,9
2021-03-18T23:59:59+01:00,5,7,3880,4758,11019,16031,10540,15691,9245,19901,9647,17693,4230,5161,11117,16000,5852,12570,1284,1233,3608,5023,3086,5858,3077,8273,3536,6897,1610,1881,1936,3797,2315,6774,97098,58489,13765,1688,62463,2,1,20,9
2021-03-17T23:59:59+01:00,5,7,3709,4643,10724,15611,10275,15332,9003,19539,9396,17345,4111,4994,10303,14757,5590,12147,1283,1230,3594,5005,3080,5838,3067,8240,3518,6873,1609,1857,1912,3768,2205,6587,94452,57981,12223,1674,60795,2,1,20,9
2021-03-16T23:59:59+01:00,5,7,3567,4518,10385,15148,10001,14962,8728,19096,9100,16982,3968,4828,9486,13633,5309,11788,1269,1227,3590,4998,3069,5834,3061,8229,3511,6859,1585,1834,1873,3717,2085,6409,92119,57545,11034,1594,58338,2,1,19,9
2021-03-15T23:59:59+01:00,5,7,3419,4402,10071,14680,9710,14503,8431,18622,8812,16569,3822,4658,8779,12569,5085,11467,1259,1219,3570,4986,3057,5810,3041,8190,3491,6816,1570,1821,1856,3684,1970,6224,90158,56961,9671,1593,55765,2,0,17,9
2021-03-14T23:59:59+01:00,5,7,3349,4313,9805,14247,9455,14101,8113,18130,8532,16174,3659,4472,7978,11333,4777,11012,1245,1213,3549,4968,3036,5769,3019,8110,3463,6748,1544,1771,1795,3557,1805,5836,87848,56435,8653,983,52947,2,0,14,9
2021-03-13T23:59:59+01:00,5,7,3273,4061,9494,13579,9212,13523,7888,17558,8328,15742,3552,4370,7787,11040,4729,10924,1245,1213,3549,4968,3036,5769,3018,8110,3462,6746,1540,1770,1793,3553,1804,5835,87195,56418,8653,983,49210,2,0,14,9
2021-03-12T23:59:59+01:00,5,7,3211,3924,9248,13039,8974,12992,7655,16922,7972,14991,3389,4200,7404,10632,4591,10736,1242,1210,3544,4954,3033,5766,3011,8102,3458,6740,1513,1741,1772,3535,1704,5657,85422,55990,8407,982,46049,2,0,14,9
2021-03-11T23:59:59+01:00,5,7,3060,3656,8872,12280,8670,12316,7322,16139,7630,14348,3232,3998,6849,9913,4402,10424,1223,1200,3510,4910,2991,5689,2976,7978,3407,6642,1469,1688,1693,3335,1506,5143,82977,55246,7962,105,42171,1,0,13,9
2021-03-10T23:59:59+01:00,5,7,2995,3549,8373,11769,7993,11833,7001,15648,7330,13757,3072,3841,6289,9219,4231,10150,1212,1186,3480,4852,2960,5613,2940,7838,3353,6520,1431,1648,1635,3239,1390,4864,81160,54071,7411,82,38479,0,0,12,9
2021-03-09T23:59:59+01:00,5,6,2890,3373,7689,11318,7096,11346,6582,15036,6966,13150,2843,3540,5781,8588,4075,9874,1207,1182,3458,4805,2933,5548,2923,7786,3335,6474,1416,1624,1600,3196,1285,4666,78866,53384,6055,48,35225,0,0,12,7
2021-03-08T23:59:59+01:00,5,6,2717,3138,7047,10774,6282,10867,6181,14507,6572,12583,2632,3329,5178,7849,3929,9606,1200,1176,3437,4739,2908,5472,2884,7692,3303,6398,1409,1615,1597,3188,1280,4663,76042,52909,4917,46,32232,0,0,11,7
2021-03-07T23:59:59+01:00,5,6,2605,3006,6716,10273,5871,10326,5885,14057,6332,12194,2534,3238,4413,6786,3712,9323,1197,1173,3434,4734,2903,5460,2880,7675,3295,6385,1404,1602,1576,3148,1265,4622,72789,52703,4086,44,30397,0,0,10,7
2021-03-06T23:59:59+01:00,5,5,2560,2864,6532,9819,5672,9909,5409,13201,5958,11454,2513,3211,4407,6775,3711,9321,1197,1172,3431,4729,2901,5459,2879,7674,3294,6382,1402,1599,1576,3146,1264,4622,71561,52677,4086,44,27669,0,0,10,7
2021-03-05T23:59:59+01:00,5,5,2468,2609,6320,9234,5458,9512,5232,12634,5574,10476,2287,2748,4028,6393,3572,9106,1185,1169,3413,4713,2896,5446,2871,7656,3283,6363,1388,1592,1575,3142,1259,4618,69234,52520,3853,44,24564,0,0,10,6
2021-03-04T23:59:59+01:00,5,5,2392,2404,6105,8798,5295,9171,5051,12213,5399,10097,2195,2578,3475,5569,3406,8768,1173,1155,3370,4615,2863,5380,2839,7558,3250,6289,1368,1585,1561,3128,1251,4607,67186,51945,3413,44,22317,0,0,10,4
2021-03-03T23:59:59+01:00,4,5,2335,2353,5935,8384,5124,8811,4838,11761,5209,9651,2113,2470,3072,5131,3247,8474,1153,1147,3336,4567,2826,5315,2799,7459,3204,6215,1348,1560,1542,3097,1245,4590,65761,51359,3170,42,19976,0,0,10,3
2021-03-02T23:59:59+01:00,4,5,2281,2265,5773,8050,4967,8555,4675,11359,5048,9333,2047,2379,2767,4774,3030,8153,1148,1138,3318,4546,2811,5289,2782,7410,3196,6187,1343,1549,1524,3080,1242,4584,64409,51103,2910,42,18136,0,0,10,3
2021-03-01T23:59:59+01:00,4,5,2255,2238,5669,7834,4867,8410,4591,11207,4948,9159,1992,2302,2471,4452,2842,7837,1142,1135,3304,4528,2799,5260,2766,7364,3182,6159,1337,1546,1517,3071,1239,4580,63146,50885,2689,42,17238,0,0,10,3
2021-02-28T23:59:59+01:00,3,5,2203,2195,5491,7575,4691,8189,4455,11021,4841,9033,1955,2240,2176,4150,2639,7528,1133,1129,3289,4518,2792,5253,2760,7350,3175,6145,1332,1543,1510,3055,1238,4548,62037,50726,2387,42,15956,0,0,10,3
2021-02-27T23:59:59+01:00,3,5,2116,1886,5314,7150,4593,7877,4372,10672,4769,8783,1927,2179,2148,4105,2619,7474,1129,1125,3287,4517,2787,5251,2756,7347,3170,6142,1330,1543,1510,3054,1237,4548,61805,50692,2387,39,13790,0,0,10,3
2021-02-26T23:59:59+01:00,3,5,2059,1808,5167,6912,4446,7617,4221,10407,4560,8500,1798,2072,2087,4068,2512,7294,1108,1112,3270,4483,2775,5211,2743,7294,3148,6088,1324,1532,1506,3046,1236,4546,60479,50382,2381,38,12666,0,0,10,3
2021-02-25T23:59:59+01:00,3,5,1942,1709,4841,6510,4018,7157,3935,9893,4325,8119,1740,2014,2054,4007,2402,7100,1092,1097,3233,4440,2745,5159,2697,7187,3108,5995,1314,1516,1492,3006,1223,4487,60003,49753,2274,36,9487,0,0,10,3
2021-02-24T23:59:59+01:00,3,5,1913,1649,4724,6296,3913,6942,3813,9652,4201,7959,1718,1982,2022,3965,2290,6902,1079,1092,3206,4378,2709,5093,2672,7103,3079,5924,1298,1499,1467,2958,1211,4418,59459,49159,2028,25,8452,0,0,10,3
2021-02-23T23:59:59+01:00,3,5,1688,1502,4350,5807,3632,6548,3592,9273,4046,7674,1689,1951,1978,3918,2177,6719,1060,1081,3168,4350,2681,5036,2648,7027,3044,5865,1278,1479,1440,2923,1201,4368,59004,48636,1981,11,5557,0,0,10,3
2021-02-22T23:59:59+01:00,3,5,1679,1483,4299,5748,3596,6485,3528,9180,3985,7579,1657,1924,1952,3867,2060,6522,1056,1068,3147,4305,2661,4997,2623,6967,3015,5812,1266,1465,1431,2913,1193,4359,58463,48270,1839,6,5240,0,0,10,3
2021-02-21T23:59:59+01:00,3,5,1667,1479,4269,5715,3553,6447,3487,9126,3941,7529,1649,1917,1947,3858,1940,6360,1050,1057,3126,4267,2632,4947,2608,6898,2986,5725,1252,1449,1411,2853,1169,4282,58121,47704,1833,6,4928,0,0,10,3
2021-02-20T23:59:59+01:00,3,5,1666,1478,4264,5712,3551,6446,3487,9125,3940,7528,1644,1915,1945,3854,1939,6360,1050,1057,3124,4265,2632,4947,2607,6897,2986,5725,1252,1448,1410,2853,1169,4282,58106,47696,1833,6,4913,0,0,10,3
2021-02-19T23:59:59+01:00,3,5,1649,1471,4251,5692,3540,6432,3476,9115,3930,7513,1618,1886,1924,3836,1839,6180,1049,1056,3123,4264,2631,4946,2607,6895,2983,5723,1252,1447,1410,2852,1169,4282,57688,47681,1828,6,4836,0,0,8,3
2021-02-18T23:59:59+01:00,3,5,1605,1440,4155,5581,3469,6330,3388,8951,3845,7372,1596,1851,1890,3766,1709,5983,1003,1013,2984,4039,2505,4674,2496,6560,2877,5459,1221,1404,1378,2767,1143,4133,57043,45649,1738,6,4150,0,0,8,2
2021-02-17T23:59:59+01:00,3,4,1583,1411,4059,5431,3384,6180,3270,8716,3718,7171,1544,1783,1818,3665,1592,5678,946,963,2831,3817,2388,4362,2369,6149,2748,5147,1172,1344,1332,2660,1096,3971,55834,43287,1727,6,3441,0,0,8,2
2021-02-16T23:59:59+01:00,3,4,1509,1344,3899,5234,3247,5999,3162,8484,3596,7005,1520,1757,1783,3635,1479,5471,860,931,2700,3660,2289,4151,2243,5827,2617,4893,1116,1253,1187,2359,842,3359,55144,40282,1710,3,2271,0,0,6,2
2021-02-15T23:59:59+01:00,3,4,1494,1326,3853,5148,3188,5912,3105,8369,3529,6899,1509,1743,1768,3612,1471,5451,825,909,2619,3531,2213,3971,2159,5549,2529,4680,1073,1189,1101,2185,778,3144,54679,38453,1708,1,1991,0,0,6,1
2021-02-14T23:59:59+01:00,3,4,1428,1298,3768,5071,3145,5803,3049,8215,3485,6790,1489,1712,1716,3485,1416,5204,816,903,2570,3463,2174,3903,2105,5429,2463,4573,1047,1153,1016,2013,707,2909,54436,37242,1097,1,1542,0,0,6,1
2021-02-13T23:59:59+01:00,3,4,1426,1297,3760,5066,3138,5802,3046,8213,3482,6788,1488,1709,1716,3483,1414,5204,816,903,2570,3463,2174,3903,2104,5429,2462,4573,1045,1152,1016,2013,707,2909,54417,37239,1096,0,1520,0,0,6,0
2021-02-12T23:59:59+01:00,3,3,1393,1281,3722,5032,3116,5782,3024,8180,3463,6743,1472,1699,1706,3466,1405,5185,809,895,2537,3410,2140,3858,2074,5375,2444,4542,1044,1151,1015,2013,706,2907,54190,36920,1094,0,1385,0,0,6,0
2021-02-11T23:59:59+01:00,3,3,1346,1238,3609,4860,3025,5608,2926,7869,3363,6531,1412,1639,1639,3288,1321,4859,772,832,2283,2966,1914,3381,1843,4630,2173,4014,961,1082,929,1821,657,2638,53559,32896,128,0,848,0,0,4,0
2021-02-10T23:59:59+01:00,3,3,1325,1216,3550,4750,2959,5503,2884,7719,3310,6400,1395,1622,1612,3248,1308,4822,695,775,1991,2557,1704,2932,1604,4023,1916,3552,851,935,766,1450,529,2148,52911,28428,126,0,589,0,0,3,0
2021-02-09T23:59:59+01:00,3,2,1312,1198,3495,4681,2929,5434,2864,7623,3273,6332,1388,1609,1584,3226,1298,4809,647,697,1731,2201,1510,2543,1419,3524,1744,3188,820,901,744,1378,508,2035,52601,25590,121,0,335,0,0,3,0
2021-02-08T23:59:59+01:00,3,2,1298,1194,3466,4651,2909,5397,2843,7571,3254,6302,1378,1602,1575,3200,1296,4791,634,663,1580,1964,1369,2289,1285,3216,1584,2928,781,880,696,1272,476,1866,52302,23483,95,0,332,0,0,3,0
2021-02-07T23:59:59+01:00,3,2,1166,1151,3359,4595,2855,5355,2816,7532,3229,6265,1368,1586,1567,3178,1291,4759,487,517,1311,1608,1128,1839,1077,2625,1356,2407,675,754,614,1113,431,1650,52007,19592,67,0,0,0,0,3,0
2021-02-06T23:59:59+01:00,3,2,1162,1149,3357,4593,2851,5352,2809,7529,3225,6261,1366,1584,1566,3175,1290,4759,363,368,1111,1356,991,1535,933,2211,1190,1988,586,652,586,1096,428,1647,51963,17041,67,0,0,0,0,3,0
2021-02-05T23:59:59+01:00,3,1,1151,1138,3341,4572,2844,5325,2798,7484,3206,6215,1360,1576,1563,3168,1289,4759,261,206,926,1038,842,1163,758,1759,1012,1579,469,546,559,1076,425,1643,51723,14262,67,0,0,0,0,3,0
2021-02-04T23:59:59+01:00,3,1,1135,1121,3296,4524,2803,5249,2755,7352,3158,6131,1346,1561,1550,3136,1280,4732,133,81,621,664,551,740,516,1148,670,987,288,363,459,930,387,1492,51085,10030,45,0,0,0,0,3,0
2021-02-03T23:59:59+01:00,3,1,1113,1115,3270,4479,2774,5207,2733,7298,3128,6074,1336,1552,1527,3096,1274,4687,115,65,494,513,420,597,415,908,513,743,240,284,359,730,303,1163,50620,7862,44,0,0,0,0,3,0
2021-02-02T23:59:59+01:00,3,1,1092,1102,3231,4448,2744,5154,2707,7222,3094,6010,1313,1524,1493,3039,1248,4596,105,56,411,415,348,519,367,820,460,661,219,261,314,660,279,1044,49975,6939,43,0,0,0,0,3,0
2021-02-01T23:59:59+01:00,3,1,1076,1091,3210,4395,2713,5093,2676,7095,3064,5913,1293,1496,1469,3003,1232,4533,78,41,314,310,256,394,274,611,326,496,180,211,248,523,217,813,49310,5292,43,0,0,0,0,3,0
2021-01-31T23:59:59+01:00,3,1,1071,1081,3195,4366,2689,5049,2661,7039,3050,5869,1282,1479,1449,2939,1209,4455,68,40,288,286,231,347,253,570,296,457,161,193,208,427,176,657,48841,4658,43,0,0,0,0,3,0
2021-01-30T23:59:59+01:00,3,1,1070,1081,3192,4362,2688,5049,2660,7038,3050,5868,1282,1478,1448,2939,1209,4455,68,37,281,272,218,331,248,559,292,451,160,190,207,427,176,657,48830,4574,40,0,0,0,0,3,0
2021-01-29T23:59:59+01:00,3,1,1069,1080,3191,4358,2688,5047,2660,7036,3047,5866,1282,1478,1448,2938,1209,4455,64,33,263,258,195,311,232,542,281,443,155,188,203,421,175,655,48813,4419,40,0,0,0,0,3,0
2021-01-28T23:59:59+01:00,3,1,1049,1061,3124,4253,2634,4936,2603,6880,2980,5735,1268,1456,1434,2872,1187,4335,55,18,166,154,129,187,162,357,206,280,124,145,157,262,102,378,47772,2882,37,0,0,0,0,2,0
2021-01-27T23:59:59+01:00,3,1,1004,1023,3038,4109,2553,4756,2508,6597,2896,5534,1238,1414,1398,2783,1154,4195,26,7,100,71,58,92,83,209,116,147,94,113,113,193,77,270,46175,1769,27,0,0,0,0,2,0
2021-01-26T23:59:59+01:00,2,1,927,994,2922,3974,2474,4571,2426,6417,2825,5379,1212,1365,1307,2630,940,3796,26,7,95,70,57,91,81,209,114,146,92,112,113,193,77,270,44144,1753,16,0,0,0,0,2,0
2021-01-25T23:59:59+01:00,2,1,911,977,2843,3845,2428,4423,2365,6220,2766,5228,1194,1343,1293,2605,930,3763,26,7,94,70,55,91,81,209,114,144,92,112,113,193,77,270,43125,1748,11,0,0,0,0,1,0
2021-01-24T23:59:59+01:00,2,1,901,973,2823,3830,2418,4391,2339,6181,2733,5167,1182,1337,1284,2583,917,3729,26,7,94,70,55,91,81,209,113,144,91,112,113,193,77,270,42782,1746,8,0,0,0,0,1,0
2021-01-23T23:59:59+01:00,2,1,901,973,2823,3829,2418,4391,2339,6181,2732,5167,1180,1336,1284,2583,917,3729,26,7,94,70,55,91,81,209,113,144,91,112,113,193,77,269,42779,1745,7,0,0,0,0,0,0
2021-01-22T23:59:59+01:00,2,1,895,966,2791,3783,2384,4326,2308,6106,2711,5120,1179,1335,1283,2582,916,3726,26,7,94,70,55,91,81,209,113,144,91,112,113,193,77,269,42407,1745,7,0,0,0,0,0,0
2021-01-21T23:59:59+01:00,2,1,880,898,2533,3367,2183,3909,2128,5497,2487,4634,1127,1287,1239,2461,886,3574,22,7,83,64,51,74,68,169,93,133,81,97,96,143,65,208,39086,1454,7,0,0,0,0,0,0
2021-01-20T23:59:59+01:00,2,1,805,836,2221,2961,1976,3443,1896,4888,2231,4157,1015,1147,1081,2115,773,3111,22,7,83,64,51,73,68,169,93,133,81,97,96,143,64,208,34652,1452,7,0,0,0,0,0,0
2021-01-19T23:59:59+01:00,2,1,745,758,1931,2516,1733,2981,1660,4231,1988,3685,942,1052,961,1842,676,2762,11,3,50,45,32,45,35,100,44,77,36,37,46,75,39,133,30460,808,6,0,0,0,0,0,0
2021-01-18T23:59:59+01:00,2,1,675,702,1703,2118,1495,2505,1412,3545,1732,3179,861,967,862,1636,624,2492,5,2,19,11,13,20,17,54,17,33,19,22,25,53,28,75,26508,413,3,0,0,0,0,0,0
2021-01-17T23:59:59+01:00,1,1,495,542,1386,1715,1214,1971,1156,2809,1453,2556,722,815,714,1357,514,2123,0,1,3,2,0,0,0,0,0,0,0,0,0,0,0,0,21542,6,2,0,0,0,0,0,0
2021-01-16T23:59:59+01:00,1,0,372,395,1204,1468,1094,1684,1015,2409,1296,2149,635,717,686,1341,512,2122,0,0,0,0,0,0,0,0,0,0,0,0,0,0,0,0,19099,0,1,0,0,0,0,0,0
2021-01-15T23:59:59+01:00,1,0,266,232,1020,1166,945,1337,846,1961,1116,1748,518,607,648,1308,501,2082,0,0,0,0,0,0,0,0,0,0,0,0,0,0,0,0,16301,0,1,0,0,0,0,0,0
2021-01-14T23:59:59+01:00,0,0,151,102,704,778,652,866,610,1303,751,1130,332,420,539,1126,451,1858,0,0,0,0,0,0,0,0,0,0,0,0,0,0,0,0,11773,0,0,0,0,0,0,0,0
2021-01-13T23:59:59+01:00,0,0,127,81,593,608,528,698,493,1047,593,865,279,346,453,958,394,1590,0,0,0,0,0,0,0,0,0,0,0,0,0,0,0,0,9653,0,0,0,0,0,0,0,0
2021-01-12T23:59:59+01:00,0,0,116,65,511,520,449,596,430,919,522,762,245,297,369,766,328,1242,0,0,0,0,0,0,0,0,0,0,0,0,0,0,0,0,8137,0,0,0,0,0,0,0,0
2021-01-11T23:59:59+01:00,0,0,87,52,417,421,365,485,344,742,415,589,211,246,309,637,269,1045,0,0,0,0,0,0,0,0,0,0,0,0,0,0,0,0,6634,0,0,0,0,0,0,0,0
2021-01-10T23:59:59+01:00,0,0,73,45,352,348,299,404,288,645,345,522,185,218,249,505,212,814,0,0,0,0,0,0,0,0,0,0,0,0,0,0,0,0,5504,0,0,0,0,0,0,0,0
2021-01-09T23:59:59+01:00,0,0,73,43,337,328,275,382,280,629,337,515,184,217,248,503,212,814,0,0,0,0,0,0,0,0,0,0,0,0,0,0,0,0,5377,0,0,0,0,0,0,0,0
2021-01-08T23:59:59+01:00,0,0,69,37,303,296,229,341,253,588,310,476,167,199,223,445,192,716,0,0,0,0,0,0,0,0,0,0,0,0,0,0,0,0,4844,0,0,0,0,0,0,0,0
2021-01-07T23:59:59+01:00,0,0,58,25,213,198,160,242,194,421,239,340,138,160,169,288,121,445,0,0,0,0,0,0,0,0,0,0,0,0,0,0,0,0,3411,0,0,0,0,0,0,0,0
2021-01-06T23:59:59+01:00,0,0,47,16,163,120,113,161,144,294,176,240,108,128,128,222,82,312,0,0,0,0,0,0,0,0,0,0,0,0,0,0,0,0,2454,0,0,0,0,0,0,0,0
2021-01-05T23:59:59+01:00,0,0,29,8,97,72,58,94,86,212,115,149,98,118,119,204,81,291,0,0,0,0,0,0,0,0,0,0,0,0,0,0,0,0,1831,0,0,0,0,0,0,0,0
2021-01-04T23:59:59+01:00,0,0,27,8,97,71,55,92,86,212,115,147,98,117,119,204,81,291,0,0,0,0,0,0,0,0,0,0,0,0,0,0,0,0,1820,0,0,0,0,0,0,0,0
2021-01-03T23:59:59+01:00,0,0,27,8,97,71,55,92,86,212,114,147,97,117,119,204,81,291,0,0,0,0,0,0,0,0,0,0,0,0,0,0,0,0,1818,0,0,0,0,0,0,0,0
2021-01-02T23:59:59+01:00,0,0,27,8,97,71,55,92,86,212,113,147,97,117,119,204,81,290,0,0,0,0,0,0,0,0,0,0,0,0,0,0,0,0,1816,0,0,0,0,0,0,0,0
2021-01-01T23:59:59+01:00,0,0,27,8,97,71,55,92,86,212,113,146,97,117,119,204,81,290,0,0,0,0,0,0,0,0,0,0,0,0,0,0,0,0,1815,0,0,0,0,0,0,0,0
2020-12-31T23:59:59+01:00,0,0,27,8,97,71,55,92,86,212,112,146,97,117,119,204,81,290,0,0,0,0,0,0,0,0,0,0,0,0,0,0,0,0,1814,0,0,0,0,0,0,0,0
2020-12-30T23:59:59+01:00,0,0,27,8,97,71,54,92,86,212,112,146,97,117,119,204,80,290,0,0,0,0,0,0,0,0,0,0,0,0,0,0,0,0,1812,0,0,0,0,0,0,0,0
2020-12-29T23:59:59+01:00,0,0,15,2,65,53,32,61,50,138,64,89,47,51,66,119,51,195,0,0,0,0,0,0,0,0,0,0,0,0,0,0,0,0,1098,0,0,0,0,0,0,0,0
2020-12-28T23:59:59+01:00,0,0,5,2,36,26,19,30,21,67,25,41,20,22,26,47,28,74,0,0,0,0,0,0,0,0,0,0,0,0,0,0,0,0,489,0,0,0,0,0,0,0,0
2020-12-27T23:59:59+01:00,0,0,0,0,7,5,7,2,1,5,0,2,0,1,2,2,4,6,0,0,0,0,0,0,0,0,0,0,0,0,0,0,0,0,44,0,0,0,0,0,0,0,0
