Datum,<15_m,<15_w,15-24_1_m,15-24_1_w,25-34_1_m,25-34_1_w,35-44_1_m,35-44_1_w,45-54_1_m,45-54_1_w,55-64_1_m,55-64_1_w,65-74_1_m,65-74_1_w,75-84_1_m,75-84_1_w,>84_1_m,>84_1_w,<24_2_m,<24_2_w,25-34_2_m,25-34_2_w,35-44_2_m,35-44_2_w,45-54_2_m,45-54_2_w,55-64_2_m,55-64_2_w,65-74_2_m,65-74_2_w,75-84_2_m,75-84_2_w,>84_2_m,>84_2_w,bp_1,bp_2,mo_1,mo_2,az_1,az_2,ja,unb_1,unb_2
2021-07-21T23:59:59+02:00,5738,5473,50197,51273,92642,91343,86154,86226,85163,91126,86946,89969,53209,66331,42580,58927,10280,20626,30554,31084,66354,66804,60262,61836,65088,71989,75019,79082,49082,61131,40115,55286,9667,19239,730835,571692,126825,84617,157504,128129,58971,68,63
2021-07-20T23:59:59+02:00,5681,5413,49822,50897,92201,90897,85798,85913,84905,90887,86737,89784,53127,66207,42538,58884,10275,20611,29932,30477,64924,65659,59142,60888,63918,70944,74415,78545,48884,60909,40016,55139,9649,19185,728012,564837,126615,82968,157458,127124,58424,68,63
2021-07-19T23:59:59+02:00,5602,5340,49363,50452,91742,90436,85446,85592,84665,90679,86537,89614,53033,66091,42503,58812,10258,20575,29406,29926,63792,64629,58251,60033,62790,69926,73835,78041,48716,60716,39927,54999,9622,19142,724841,559173,126402,81232,157420,125971,58009,68,63
2021-07-18T23:59:59+02:00,5535,5274,48552,49664,90716,89436,84742,84996,84200,90265,86252,89330,52928,65946,42440,58717,10248,20544,28865,29351,62649,63581,57342,59133,61626,68908,73296,77549,48573,60558,39869,54917,9610,19114,718585,553463,126092,79218,157406,125183,57634,68,63
2021-07-17T23:59:59+02:00,5362,5090,48207,49338,90575,89305,84556,84840,84047,90132,86144,89249,52908,65920,42430,58706,10247,20541,28491,28986,62010,62991,56802,58711,60877,68175,72993,77311,48466,60441,39829,54859,9601,19104,717438,550496,125922,78258,157403,124579,56766,68,63
2021-07-16T23:59:59+02:00,5267,5001,47896,49068,90322,89091,84317,84641,83849,89952,86010,89145,52867,65889,42413,58692,10244,20537,28008,28502,61087,62091,55967,58030,59833,67144,72493,76897,48307,60255,39785,54792,9596,19095,716118,545611,125760,76946,157399,123853,55856,68,63
2021-07-15T23:59:59+02:00,5134,4874,47435,48675,89942,88732,83971,84268,83556,89682,85798,88983,52791,65800,42362,58626,10234,20511,27292,27904,59793,61060,54865,57070,58455,65878,71776,76327,48086,60001,39699,54667,9581,19040,713763,539921,125356,74846,157368,122220,54819,68,63
2021-07-14T23:59:59+02:00,5030,4762,47102,48310,89651,88455,83695,83965,83314,89447,85599,88828,52706,65694,42306,58538,10217,20481,26784,27373,58724,60075,53914,56239,57589,65036,71168,75748,47824,59723,39597,54495,9559,18996,711682,534610,125001,73934,157327,120550,54022,68,63
2021-07-13T23:59:59+02:00,4917,4645,46714,47939,89267,88101,83397,83668,83058,89196,85401,88667,52600,65593,42253,58475,10211,20462,26145,26726,57365,58903,52730,55263,56605,64130,70452,75114,47550,59405,39473,54320,9530,18946,709400,528352,124633,72847,157283,118525,53180,68,61
2021-07-12T23:59:59+02:00,4751,4477,46187,47436,88875,87768,83021,83362,82817,88952,85217,88507,52521,65501,42206,58410,10199,20447,25536,26093,55870,57563,51448,54215,55388,62998,69717,74499,47182,58978,39300,54100,9491,18881,706773,521152,124269,71830,157236,116201,52308,68,60
2021-07-11T23:59:59+02:00,4355,4112,45255,46523,88454,87343,82612,82983,82516,88672,85029,88365,52435,65413,42182,58355,10188,20431,24947,25537,54506,56315,50158,53185,54350,61972,69130,73956,46839,58596,39177,53924,9467,18839,702902,514598,123804,70831,157197,114430,51252,68,60
2021-07-10T23:59:59+02:00,4343,4097,44932,46193,88006,86866,82291,82681,82419,88575,84962,88308,52416,65390,42173,58341,10187,20427,24472,25014,53442,55391,49309,52609,53760,61410,68915,73772,46471,58182,39077,53821,9462,18830,702257,510353,123341,70749,157027,113125,49914,68,60
2021-07-09T23:59:59+02:00,4325,4084,44516,45762,87402,86320,81918,82350,82172,88394,84850,88217,52382,65361,42166,58328,10183,20418,23788,24254,52130,54161,48383,51736,52988,60566,68502,73377,46113,57777,38991,53733,9454,18818,700899,504270,122768,70347,156864,111788,48549,68,60
2021-07-08T23:59:59+02:00,4301,4059,43983,45296,86565,85634,81410,81859,81930,88165,84660,88070,52320,65297,42134,58282,10174,20401,22823,23342,50203,52617,47015,50588,51866,59451,67829,72750,45601,57226,38856,53572,9426,18749,698934,496630,121889,69095,156573,109272,47076,68,60
2021-07-07T23:59:59+02:00,4278,4032,43415,44730,85743,84875,80873,81389,81645,87874,84458,87911,52244,65200,42095,58221,10167,20381,21968,22459,48271,50949,45516,49462,50640,58284,67146,72223,44873,56491,38667,53335,9395,18691,696490,488572,120898,67988,156319,106189,45756,68,59
2021-07-06T23:59:59+02:00,4243,4012,42877,44219,84899,84153,80267,80805,81282,87548,84284,87737,52155,65118,42058,58158,10157,20356,21144,21615,46302,49172,44139,48210,49375,56950,66403,71507,44047,55724,38482,53096,9377,18635,693900,479665,119875,66914,156013,103244,44472,68,59
2021-07-05T23:59:59+02:00,4219,3977,41740,43259,83413,83077,79541,80201,80839,87133,84017,87480,52037,64982,42012,58081,10144,20329,19976,20575,44366,47590,43117,47253,48350,55999,65711,70891,43292,54865,38310,52873,9354,18596,690691,473751,118819,66049,155654,100163,41249,68,59
2021-07-04T23:59:59+02:00,4192,3956,40398,42074,81785,81775,78827,79598,80375,86714,83748,87286,51946,64856,41966,58030,10131,20301,18634,19369,42584,46083,42421,46517,47550,55143,65138,70325,42555,54021,38147,52683,9336,18549,687675,469144,117668,65123,155230,97556,37317,68,59
2021-07-03T23:59:59+02:00,3733,3540,38842,40552,80927,81123,78342,79109,79935,86238,83534,87118,51877,64755,41948,57978,10128,20295,17828,18681,41672,45397,42003,46138,47146,54749,64972,70160,41968,53293,38085,52583,9330,18539,683996,467221,116362,65026,155140,95969,34408,68,59
2021-07-02T23:59:59+02:00,3177,2973,37295,39083,80216,80398,77679,78414,79416,85733,83292,86918,51827,64667,41919,57930,10116,20282,17076,17974,40538,44443,41273,45450,46319,53970,64456,69717,41020,52090,37955,52394,9314,18520,679015,462213,114963,64568,154985,93489,32304,68,56
2021-07-01T23:59:59+02:00,2534,2432,35593,37450,79267,79554,76850,77594,78717,85096,82980,86640,51707,64509,41857,57826,10100,20254,16216,17088,39019,43222,40065,44393,45023,52848,63720,69150,40133,50957,37806,52188,9297,18488,672800,455912,113260,62930,154759,90737,30073,68,56
2021-06-30T23:59:59+02:00,2494,2402,34596,36462,77455,78067,75158,76101,78059,84551,82699,86348,51575,64346,41797,57732,10088,20227,15198,16131,37345,41999,38870,43284,43867,51794,62970,68528,39592,50283,37692,51993,9275,18453,667027,449824,111530,61598,154536,88876,26996,68,55
2021-06-29T23:59:59+02:00,2461,2371,33772,35589,75863,76588,73552,74685,77274,83840,82162,85863,51394,64128,41722,57601,10071,20191,14371,15239,36036,40864,37955,42467,42646,50748,62261,67947,38892,49350,37556,51776,9254,18410,660756,444699,109671,59763,154260,86938,24372,68,53
2021-06-28T23:59:59+02:00,2421,2337,32972,34801,74256,75186,71880,73291,76253,83059,81560,85371,51218,63903,41645,57495,10058,20157,13633,14499,34983,39852,37133,41742,41533,49758,61618,67406,38022,48271,37389,51558,9235,18363,654365,439919,107711,58259,153667,84752,22052,68,52
2021-06-27T23:59:59+02:00,2407,2322,32245,34067,72694,73821,70479,72092,74861,81946,80898,84828,51021,63690,41580,57381,10048,20128,13006,13875,34030,39103,36482,41143,40605,48912,61086,66965,37169,47249,37239,51381,9220,18332,648236,436070,105782,57503,152719,82503,19703,68,52
2021-06-26T23:59:59+02:00,1778,1719,31221,32978,72342,73504,70014,71628,74568,81638,80806,84743,51002,63660,41566,57371,10047,20125,12815,13670,33377,38569,35844,40726,40087,48577,60094,65970,36182,46119,37072,51168,9206,18299,643498,430140,104845,57455,152713,80569,19592,62,52
2021-06-25T23:59:59+02:00,1162,1123,30119,31820,71861,72983,69402,70931,74147,81198,80434,84422,50942,63576,41532,57328,10042,20112,12495,13285,32525,37773,34976,39908,39149,47744,58888,64742,35667,45423,36879,50867,9183,18255,637248,421752,103657,57011,152706,79511,19461,62,52
2021-06-24T23:59:59+02:00,564,569,28798,30529,71098,72250,68539,70056,73478,80577,79995,84064,50838,63449,41481,57259,10031,20078,11838,12594,31373,36481,33772,38649,38032,46641,57253,63370,35195,44903,36723,50680,9164,18195,629574,412491,102177,55466,152591,77627,19249,62,52
2021-06-23T23:59:59+02:00,537,536,28300,29993,70002,71278,67268,68929,72733,79890,79548,83662,50728,63274,41419,57164,10014,20048,11353,12071,30377,35239,32844,37436,37027,45766,55322,61662,34644,44342,36556,50452,9143,18130,623407,402789,100609,54412,152488,76373,18757,62,52
2021-06-22T23:59:59+02:00,514,520,27791,29421,68833,70259,66074,67906,72058,79190,79136,83298,50621,63145,41371,57080,10005,20023,11009,11675,29462,34305,31883,36553,36072,44885,53360,59832,34263,43866,36419,50211,9114,18073,617129,394304,99163,52842,152353,75263,18538,62,51
2021-06-21T23:59:59+02:00,482,486,27130,28766,67522,69094,64896,66781,71302,78416,78742,82904,50514,63036,41313,56995,9992,19981,10723,11368,28836,33730,31336,35992,35478,44298,51518,58181,33558,43069,36124,49789,9085,17997,610366,386776,97672,51649,152231,74600,18021,62,51
2021-06-20T23:59:59+02:00,397,403,26494,28111,66311,67969,63883,65843,70503,77677,78387,82569,50436,62912,41265,56926,9987,19948,10436,11109,28298,33229,30881,35500,34972,43777,49688,56400,33016,42393,35928,49458,9055,17937,604017,379404,96215,50896,152132,74142,17595,62,50
2021-06-19T23:59:59+02:00,365,369,26118,27755,65590,67404,63366,65360,69712,77031,78233,82441,50416,62887,41249,56911,9986,19948,10307,10916,28053,32913,30629,35183,34753,43518,48249,55013,32761,42049,35846,49322,9047,17909,600130,374045,95277,50884,152130,73957,17542,62,50
2021-06-18T23:59:59+02:00,338,335,25665,27299,64581,66670,62637,64752,68803,76204,77839,82102,50355,62811,41222,56875,9982,19940,10094,10684,27655,32497,30305,34775,34369,43129,46530,53361,32410,41536,35709,49110,9028,17876,594752,367254,94045,50599,152122,73746,17429,62,50
2021-06-17T23:59:59+02:00,309,304,25037,26706,63336,65680,61653,63945,67219,74807,77325,81704,50256,62660,41160,56792,9969,19913,9685,10334,26868,31820,29569,34101,33537,42434,45030,51876,31967,40910,35546,48856,8996,17825,588745,359871,91404,49466,151964,73376,16601,61,50
2021-06-16T23:59:59+02:00,276,267,24521,26138,62040,64562,60550,62966,64956,72893,76484,81053,50047,62451,41069,56679,9950,19882,9371,10085,26219,31157,28864,33482,32812,41810,44441,51313,31698,40554,35400,48659,8975,17784,582557,356197,86914,48763,151525,71893,15728,60,50
2021-06-15T23:59:59+02:00,237,236,23887,25459,60646,63365,59472,61983,63800,71810,75983,80629,49925,62303,41019,56583,9943,19852,9114,9818,25618,30425,28227,32727,32140,41088,42887,49693,31253,40002,35229,48426,8945,17720,575489,349516,85288,47871,151056,70643,15239,60,50
2021-06-14T23:59:59+02:00,215,205,23425,24878,59550,62313,58600,61139,62732,70810,75508,80241,49838,62182,40969,56512,9927,19826,8828,9521,24867,29538,27467,31899,31352,40276,41606,48361,30886,39504,35093,48203,8915,17669,569669,343405,83577,46855,150852,68969,14712,60,50
2021-06-13T23:59:59+02:00,210,191,23009,24414,58622,61409,57828,60356,61626,69843,75036,79809,49748,62065,40920,56453,9916,19797,8554,9225,24160,28704,26753,31066,30592,39424,40071,46795,30427,38899,34892,47899,8885,17580,564665,336407,81713,46082,150620,67200,14194,60,49
2021-06-12T23:59:59+02:00,197,174,22786,24151,58074,60914,57471,60077,60985,69201,74837,79695,49725,62034,40908,56439,9913,19793,8440,9109,23682,28120,26237,30500,30081,38866,38998,45826,30260,38720,34796,47734,8881,17569,561785,332223,80758,46079,150613,65316,14158,60,49
2021-06-11T23:59:59+02:00,179,158,22437,23743,57342,60102,56793,59449,60079,68270,74483,79384,49649,61962,40883,56403,9910,19787,8309,8921,23176,27453,25711,29846,29503,38237,37930,44822,29994,38366,34654,47511,8868,17543,556794,327419,79472,45820,150593,63468,14094,60,48
2021-06-10T23:59:59+02:00,164,141,21909,23191,56222,59178,55869,58632,58826,67102,73952,78976,49579,61855,40859,56351,9897,19759,8048,8676,22314,26512,24753,28912,28393,37315,36546,43664,29644,37892,34377,47079,8801,17468,551278,320560,77278,45115,150344,61175,13503,59,46
2021-06-09T23:59:59+02:00,143,128,21294,22646,54983,58088,54810,57726,57883,66198,73484,78583,49492,61755,40810,56289,9883,19729,7764,8414,21402,25648,23819,28022,27370,36371,34834,41885,29261,37394,34191,46810,8760,17378,545578,313157,75839,44391,149989,59275,12459,59,46
2021-06-08T23:59:59+02:00,121,110,20628,21967,53684,56965,53694,56759,56928,65340,72943,78149,49405,61632,40754,56196,9863,19698,7504,8181,20490,24758,22762,27159,26341,35418,33486,40585,28906,36888,33873,46359,8707,17295,538957,306871,74923,43629,149543,56817,11354,59,45
2021-06-07T23:59:59+02:00,104,92,19988,21372,52252,55715,52433,55786,55772,64358,72393,77750,49322,61526,40708,56132,9850,19670,7259,7963,19650,23938,21738,26346,25309,34553,32556,39807,28624,36500,33629,45935,8656,17204,531732,302275,74030,42813,149129,54265,10273,59,45
2021-06-06T23:59:59+02:00,97,86,19484,20840,51107,54626,51337,54814,54815,63410,71883,77346,49238,61452,40671,56069,9843,19654,7051,7765,18864,23052,20840,25477,24240,33574,31647,38996,28343,36163,33373,45545,8607,17129,525435,297731,73011,42075,148791,51341,9478,57,45
2021-06-05T23:59:59+02:00,92,78,19217,20542,50334,53870,50680,54300,54340,62912,71745,77225,49221,61433,40668,56065,9840,19654,6828,7365,18232,21994,20125,24375,23368,32351,30628,37690,28017,35705,33249,45372,8600,17109,521134,291455,73006,42037,148608,48064,9411,57,45
2021-06-04T23:59:59+02:00,82,71,18778,19969,49292,52873,49875,53435,53697,62138,71403,76900,49193,61399,40649,56049,9838,19647,6609,7056,17616,21146,19455,23392,22449,31088,29424,36364,27730,35345,33137,45200,8588,17090,514723,285086,72686,41969,148589,45359,9233,57,45
2021-06-03T23:59:59+02:00,71,60,18108,19297,47775,51583,48669,52318,52742,61129,70908,76440,49129,61297,40611,56005,9825,19623,6322,6666,16885,20110,18668,22249,21455,29680,28266,34887,27189,34571,32933,44876,8552,17015,507033,278385,71674,41229,148310,42153,8516,57,44
2021-06-02T23:59:59+02:00,66,56,17744,18798,46768,50610,47813,51581,52008,60384,70662,76226,49091,61261,40592,55977,9817,19609,6144,6432,16244,19433,17769,21504,20635,28746,27179,33491,26724,33967,32774,44626,8523,16945,500819,272172,71661,41214,148284,39469,8243,56,41
2021-06-01T23:59:59+02:00,55,50,17076,18078,44913,48876,46169,50122,50487,58938,69980,75625,49001,61149,40532,55904,9804,19561,5870,6125,15092,18539,16271,20549,19436,27516,25965,32109,26176,33279,32527,44279,8477,16841,491692,265753,70323,40652,147731,36087,6520,54,41
2021-05-31T23:59:59+02:00,53,46,16605,17599,43606,47738,44963,49023,49250,57829,69303,75112,48924,61047,40488,55835,9792,19526,5593,5806,14057,17717,14877,19637,18271,26418,24750,30777,25662,32565,32333,43983,8443,16743,485450,259502,69165,40109,147273,33186,4797,54,40
2021-05-30T23:59:59+02:00,46,45,16283,17209,42630,46808,44059,48117,48259,56833,68743,74563,48816,60892,40417,55723,9777,19483,5406,5565,13513,17023,14257,18947,17390,25456,23656,29609,24893,31619,32040,43568,8399,16655,479472,253563,68131,39311,146862,30901,4184,54,39
2021-05-29T23:59:59+02:00,46,45,16157,17092,42274,46493,43720,47854,48017,56644,68683,74503,48810,60885,40411,55720,9777,19483,5243,5326,13006,16214,13614,18098,16549,24294,22549,28315,24737,31389,31977,43475,8396,16648,477511,247993,68017,39311,146852,28309,4180,54,39
2021-05-28T23:59:59+02:00,45,43,15856,16787,41580,45865,43210,47295,47510,56099,68405,74207,48744,60804,40383,55671,9774,19478,5006,4942,12470,15300,12941,17239,15688,23070,21464,26885,24492,31024,31884,43341,8386,16631,473223,242008,67518,39206,146817,25370,4144,54,37
2021-05-27T23:59:59+02:00,42,39,15340,16268,40438,44887,42194,46414,46527,55215,67821,73776,48622,60645,40329,55599,9763,19437,4784,4606,11832,14480,12161,16305,14627,21882,20209,25379,23991,30287,31712,43081,8353,16549,467411,234699,66009,38402,146102,23322,3780,54,37
2021-05-26T23:59:59+02:00,40,38,14935,15844,39345,43971,41163,45533,45503,54340,67212,73266,48471,60466,40249,55432,9742,19389,4593,4411,11278,13720,11441,15456,13627,20751,18822,23797,23411,29508,31497,42741,8301,16448,462302,227455,63985,37546,145115,21283,3483,54,37
2021-05-25T23:59:59+02:00,40,37,14545,15443,38344,43085,40198,44681,44552,53422,66604,72736,48292,60234,40170,55300,9716,19334,4388,4209,10740,13077,10684,14676,12566,19525,17393,22294,22829,28730,31264,42424,8247,16361,457007,220137,62406,36608,144015,19378,3251,54,35
2021-05-24T23:59:59+02:00,39,37,14202,15121,37519,42351,39327,44011,43693,52642,66073,72252,48166,60057,40106,55178,9696,19290,4245,4084,10294,12618,10046,14093,11691,18697,16115,21045,22164,27900,31048,42101,8189,16275,452393,213292,61182,35670,143289,18769,2842,54,34
2021-05-23T23:59:59+02:00,35,37,14034,14948,37052,41979,38875,43608,43244,52238,65803,72026,48092,59966,40068,55133,9689,19266,4056,3945,9834,12145,9429,13487,10755,17886,14925,19986,21699,27336,30796,41815,8142,16194,449213,206339,60809,35591,143260,17711,2757,54,34
2021-05-22T23:59:59+02:00,33,35,13837,14732,36371,41415,38198,43155,42672,51832,64785,71021,47888,59710,39998,55020,9679,19244,3947,3650,9620,11733,9276,13160,10514,17444,14658,19586,21606,27219,30762,41775,8135,16185,442795,205128,60806,35589,143244,15795,2726,54,34
2021-05-21T23:59:59+02:00,32,34,13458,14332,35299,40503,37135,42226,41610,50937,63432,69740,47658,59373,39917,54873,9662,19211,3841,3555,9413,11470,9067,12896,10186,17118,14251,19218,21387,26933,30703,41685,8126,16177,433208,203195,60455,35283,143006,14807,2710,53,33
2021-05-20T23:59:59+02:00,29,34,12665,13608,33864,39054,35719,40820,40212,49741,62149,68591,47369,59029,39774,54692,9641,19160,3693,3374,8889,10871,8422,12190,9488,16274,13500,18262,20576,25823,30510,41390,8088,16092,423028,198861,58757,34439,141981,11777,2334,51,33
2021-05-19T23:59:59+02:00,29,33,12129,13045,32686,37631,34620,39440,39090,48784,60152,66826,46893,58473,39592,54431,9600,19054,3591,3245,8619,10500,8127,11818,9050,15767,12866,17604,19713,24696,30284,41087,8032,15977,412202,194640,57242,33628,140880,10544,2133,51,33
2021-05-18T23:59:59+02:00,27,33,11708,12602,31642,36615,33531,38527,38052,47851,58097,64969,46538,58025,39439,54192,9568,18995,3393,3081,8127,9897,7658,11273,8511,15103,12186,16837,18774,23470,30048,40744,7996,15872,403562,190565,55284,32789,139687,7757,1828,50,33
2021-05-17T23:59:59+02:00,26,33,11457,12327,31126,36061,33041,37967,37462,47219,56194,63264,45837,57204,39162,53795,9531,18921,3311,2972,7866,9614,7365,10976,8113,14691,11622,16234,17858,22340,29816,40426,7961,15798,395986,186208,54168,32042,138883,7142,1541,49,32
2021-05-16T23:59:59+02:00,26,33,11237,12074,30606,35558,32579,37475,36942,46650,54301,61440,45293,56507,38968,53476,9504,18866,3210,2873,7578,9325,7047,10633,7639,14230,11046,15652,16929,21196,29607,40137,7923,15730,389037,181943,53205,31200,138221,6560,1024,48,30
2021-05-15T23:59:59+02:00,26,33,11083,11871,30329,35224,32342,37155,36714,46387,52732,59963,45043,56201,38891,53338,9498,18838,3190,2855,7554,9298,7032,10612,7621,14217,11030,15631,16820,20983,29398,39832,7915,15720,383236,180963,53202,31199,138175,6512,1007,48,29
2021-05-14T23:59:59+02:00,26,33,10838,11591,29862,34718,31964,36695,36205,45915,50865,58137,44681,55699,38751,53130,9482,18798,3163,2837,7484,9229,6979,10542,7563,14160,10848,15433,16090,19919,29113,39346,7898,15680,375464,178068,52875,30860,138046,6372,957,48,29
2021-05-13T23:59:59+02:00,23,32,10556,11266,29220,34081,31366,36091,35535,45253,49398,56619,44250,55072,38580,52887,9455,18753,3095,2791,7358,9128,6892,10448,7461,14055,10524,15087,15035,18687,28728,38704,7855,15606,368382,174283,51858,30299,137301,5997,849,47,28
2021-05-12T23:59:59+02:00,23,30,10428,11124,28940,33764,31101,35800,35225,44942,49112,56311,44151,54964,38527,52805,9448,18715,3083,2765,7324,9092,6862,10413,7434,14016,10360,14931,14664,18261,28425,38228,7833,15559,365716,172254,51777,30289,137143,5953,727,47,28
2021-05-11T23:59:59+02:00,22,27,10082,10801,28089,32939,30270,35047,34367,44162,47380,54544,43699,54372,38351,52513,9410,18613,2996,2669,7082,8813,6639,10114,7221,13648,9880,14386,13688,17113,28012,37617,7796,15465,358808,168603,50072,29399,135259,4608,502,47,28
2021-05-10T23:59:59+02:00,21,27,9777,10530,27344,32240,29496,34350,33596,43399,46079,53281,43317,53861,38161,52208,9360,18500,2955,2624,6955,8690,6544,9997,7082,13467,9621,14081,12995,16256,27586,37008,7770,15386,352564,165804,48957,29020,133589,3775,393,44,26
2021-05-09T23:59:59+02:00,20,27,9546,10286,26669,31560,28830,33653,32878,42706,44562,51815,42818,53241,37961,51905,9323,18415,2907,2578,6832,8548,6438,9856,6970,13255,9306,13770,12199,15358,27224,36478,7750,15330,345510,162966,47883,28467,132473,3035,306,43,26
2021-05-08T23:59:59+02:00,20,27,9453,10218,26284,31259,28385,33339,32425,42402,43530,50988,42666,53078,37917,51843,9321,18409,2904,2574,6824,8544,6432,9848,6962,13244,9297,13758,12161,15296,26550,35534,7713,15254,340993,161107,47841,28441,132387,3022,300,43,26
2021-05-07T23:59:59+02:00,19,27,9312,10070,25813,30883,27940,32965,31922,42057,42495,50165,42397,52738,37804,51683,9309,18382,2857,2548,6771,8503,6377,9794,6911,13192,9124,13539,11530,14484,25613,34157,7666,15172,335893,157027,47534,28074,132229,2830,282,43,26
2021-05-06T23:59:59+02:00,17,26,8915,9783,24900,30117,26883,32166,30698,41241,40881,48959,42018,52195,37609,51441,9271,18309,2795,2502,6641,8357,6262,9666,6763,13006,8854,13242,10885,13624,24655,32780,7633,15111,328059,153262,46461,27123,130595,2095,271,43,26
2021-05-05T23:59:59+02:00,17,25,8551,9584,24020,29520,26022,31503,29613,40453,38906,47148,41575,51642,37401,51159,9214,18197,2755,2472,6524,8230,6162,9553,6661,12865,8609,12986,10180,12799,23646,31461,7604,15040,320217,149403,45611,26238,128492,1694,187,43,26
2021-05-04T23:59:59+02:00,17,24,8308,9357,23224,28876,25051,30764,28543,39618,37396,45685,41107,51056,37123,50811,9168,18076,2718,2451,6453,8158,6081,9488,6588,12788,8375,12767,9453,11946,22702,30222,7570,14977,313569,145706,44647,25434,125863,1491,82,43,25
2021-05-03T23:59:59+02:00,17,23,8106,9144,22527,28298,24213,30159,27638,38925,36442,44936,40761,50583,36909,50523,9118,17972,2673,2420,6384,8081,6003,9424,6501,12704,8147,12555,8712,11049,21788,29008,7539,14927,308715,141983,43870,24617,123625,1249,42,42,25
2021-05-02T23:59:59+02:00,17,23,7944,8980,21892,27724,23475,29569,26822,38305,35630,44306,40501,50252,36796,50335,9084,17915,2638,2398,6342,8039,5968,9390,6463,12664,7965,12382,8114,10315,21081,28144,7518,14909,303893,138810,43100,24343,122501,1118,35,41,25
2021-05-01T23:59:59+02:00,16,23,7792,8798,21520,27268,22993,28995,26179,37597,34807,43411,40239,49879,36699,50182,9078,17898,2632,2392,6316,8029,5953,9381,6445,12650,7948,12367,8078,10252,21042,28087,7514,14905,297804,138520,43099,24336,122395,1076,35,41,25
2021-04-30T23:59:59+02:00,16,21,7645,8620,21134,26840,22548,28430,25433,36821,33802,42448,40010,49560,36602,50029,9066,17877,2615,2379,6292,8011,5931,9364,6418,12630,7916,12334,8038,10182,20992,28004,7511,14896,291524,138211,43092,24263,122216,986,29,41,25
2021-04-29T23:59:59+02:00,15,21,7376,8381,20545,26270,21880,27749,24502,35858,32528,41112,38967,48158,36285,49557,9009,17749,2583,2346,6200,7901,5847,9262,6324,12488,7715,12061,7417,9462,20585,27489,7489,14822,282801,136158,42308,23037,120785,745,29,39,23
2021-04-28T23:59:59+02:00,14,19,7103,8165,20028,25799,21243,27152,23619,35014,31137,39663,37808,46575,35942,49062,8946,17607,2514,2299,6092,7780,5738,9133,6223,12339,7496,11791,6730,8618,20170,26914,7448,14751,274136,133721,41540,21743,119153,521,29,38,23
2021-04-27T23:59:59+02:00,13,19,6921,7988,19596,25375,20632,26617,22767,34241,29932,38348,36721,45134,35561,48492,8876,17480,2490,2275,5989,7683,5685,9037,6158,12216,7282,11593,6130,7883,19765,26417,7428,14728,266356,131631,40677,20803,117613,274,29,38,23
2021-04-26T23:59:59+02:00,12,19,6739,7824,19179,24954,20091,26093,21967,33490,28720,37117,35663,43716,35255,48010,8827,17356,2479,2266,5948,7642,5640,8998,6122,12173,7096,11429,5515,7153,19395,25969,7404,14701,258698,129676,39852,19963,116418,242,27,37,23
2021-04-25T23:59:59+02:00,12,18,6635,7691,18843,24685,19712,25756,21358,32876,27739,36162,34534,42291,34940,47582,8786,17275,2467,2259,5930,7619,5621,8981,6102,12148,7059,11402,5388,6972,19060,25505,7388,14657,251536,129055,39138,19222,116157,232,27,37,23
2021-04-24T23:59:59+02:00,12,18,6470,7515,18402,24255,19154,25219,20577,32075,26663,35119,34284,41978,34846,47417,8776,17263,2463,2254,5917,7610,5614,8970,6097,12144,7049,11395,5316,6861,18962,25364,7385,14649,245590,128604,39134,19184,115255,214,27,37,22
2021-04-23T23:59:59+02:00,12,18,6249,7318,17954,23784,18588,24610,19755,31262,25511,33927,33510,40807,34702,47180,8762,17240,2457,2236,5890,7586,5577,8932,6053,12100,7003,11343,5150,6586,18424,24739,7285,14480,238046,126764,38806,18839,114274,192,27,36,20
2021-04-22T23:59:59+02:00,11,17,6033,7110,17349,23198,17796,23830,18709,30242,24193,32497,32471,39454,34456,46824,8724,17162,2443,2221,5846,7536,5529,8848,5979,12021,6928,11273,4866,6172,17713,23867,7166,14286,229023,124613,37888,17877,113105,159,27,33,19
2021-04-21T23:59:59+02:00,11,16,5836,6931,16820,22728,17135,23227,17730,29345,22644,30907,31468,38224,34161,46387,8676,17075,2420,2204,5804,7482,5472,8773,5913,11921,6833,11193,4708,5898,17015,23022,7050,14105,220169,122531,37116,17110,111978,127,27,31,19
2021-04-20T23:59:59+02:00,10,15,5653,6739,16266,22255,16396,22571,16741,28348,21178,29441,30324,36740,33847,45957,8628,16987,2408,2190,5755,7445,5432,8728,5865,11855,6754,11130,4589,5745,16415,22248,6925,13926,211217,120855,36235,16394,110587,119,26,31,17
2021-04-19T23:59:59+02:00,10,15,5468,6582,15736,21826,15722,22015,15751,27472,19790,28046,28955,35108,33530,45485,8572,16873,2397,2177,5731,7412,5395,8695,5826,11810,6673,11054,4463,5584,15768,21539,6817,13765,202553,119216,35458,15731,108890,117,26,29,17
2021-04-18T23:59:59+02:00,9,15,5281,6441,15303,21502,15106,21454,14782,26685,18453,26908,27568,33461,33199,45066,8516,16787,2346,2131,5600,7292,5281,8582,5719,11661,6569,10935,4348,5398,15176,20875,6704,13587,194030,117586,34630,14464,107821,113,26,29,16
2021-04-17T23:59:59+02:00,9,14,5246,6407,15149,21427,14931,21369,14547,26506,18199,26687,27061,32921,33073,44918,8507,16772,2319,2091,5500,7139,5174,8423,5620,11473,6479,10803,4296,5336,14936,20581,6694,13574,192814,115833,34625,14460,106249,104,26,29,16
2021-04-16T23:59:59+02:00,9,14,5183,6354,14972,21276,14720,21208,14266,26256,17786,26276,26018,31690,32939,44703,8486,16749,2273,2041,5384,6956,5038,8242,5468,11233,6283,10583,4091,5103,14293,19797,6596,13429,189463,112611,34338,14064,105049,94,26,29,16
2021-04-15T23:59:59+02:00,7,13,5115,6277,14759,21062,14452,20920,13838,25906,17151,25648,24658,30083,32682,44380,8451,16671,2203,1957,5188,6721,4837,7921,5261,10917,6067,10299,3893,4853,13465,18716,6481,13262,184916,108796,33530,13121,103572,83,26,29,16
2021-04-14T23:59:59+02:00,7,13,5034,6207,14555,20863,14199,20699,13448,25571,16486,25031,23083,28298,32365,43975,8400,16577,2015,1837,4970,6460,4648,7672,5035,10669,5833,10015,3758,4646,12742,17801,6355,13049,180316,105719,32655,11668,101785,77,26,29,16
2021-04-13T23:59:59+02:00,7,13,4983,6160,14356,20728,13968,20518,13107,25277,15917,24529,21382,26454,32048,43552,8368,16470,1930,1785,4804,6273,4463,7453,4835,10414,5629,9783,3622,4483,12227,17187,6232,12888,176103,103346,31780,10554,99900,67,26,28,16
2021-04-12T23:59:59+02:00,7,12,4919,6095,14141,20531,13664,20257,12725,24865,15341,23976,19790,24513,31758,43193,8328,16396,1800,1694,4624,6114,4317,7277,4673,10222,5492,9626,3505,4328,11798,16678,6121,12725,171758,101667,30727,9220,97972,66,26,28,16
2021-04-11T23:59:59+02:00,7,12,4850,6019,13917,20333,13369,20047,12313,24514,14781,23468,18287,22742,31495,42854,8285,16317,1763,1658,4504,6001,4207,7154,4551,10091,5358,9497,3391,4209,11309,16070,5990,12519,167480,99926,29769,8243,96308,64,25,28,15
2021-04-10T23:59:59+02:00,7,12,4845,6011,13898,20319,13360,20037,12296,24498,14758,23449,17599,21820,31203,42435,8267,16290,1759,1646,4492,5990,4192,7141,4538,10077,5305,9432,3289,4096,10753,15237,5860,12321,166411,97788,29742,8243,94900,60,23,28,15
2021-04-09T23:59:59+02:00,7,12,4833,5994,13863,20270,13318,19991,12249,24444,14500,23198,16085,19935,30797,41789,8232,16247,1735,1636,4471,5975,4166,7114,4497,10043,5268,9383,3204,3979,9888,14250,5713,12123,163804,95356,29403,7995,92508,59,22,27,14
2021-04-08T23:59:59+02:00,7,12,4791,5966,13762,20196,13238,19911,12151,24341,14165,22840,14319,17727,30181,40781,8174,16126,1715,1623,4439,5922,4114,7030,4434,9964,5196,9306,3096,3876,9410,13650,5508,11878,159985,93514,28376,7560,90286,58,16,25,14
2021-04-07T23:59:59+02:00,7,12,4761,5938,13658,20114,13145,19827,12050,24240,13789,22484,12814,15884,29538,39816,8119,16028,1696,1611,4387,5855,4029,6956,4345,9880,5106,9207,3010,3781,8669,12559,5273,11475,155596,90976,27501,6787,89087,48,15,25,14
2021-04-06T23:59:59+02:00,7,12,4732,5912,13561,20047,13064,19767,11974,24175,13414,22133,11182,13880,28877,38848,8087,15957,1636,1557,4259,5730,3922,6832,4226,9733,5003,9078,2895,3660,7966,11631,5001,11111,151590,88598,26620,5570,87380,46,14,25,13
2021-04-05T23:59:59+02:00,7,11,4695,5885,13484,19981,12998,19699,11919,24095,13142,21879,9573,11938,28151,37799,8052,15895,1565,1488,4104,5580,3754,6676,4073,9584,4848,8950,2763,3543,7162,10671,4730,10723,148400,86236,25606,3910,85159,43,13,25,13
2021-04-04T23:59:59+02:00,7,11,4681,5867,13473,19961,12990,19682,11911,24075,13045,21809,8550,10677,27704,37157,8027,15838,1564,1486,4096,5574,3752,6671,4068,9579,4846,8942,2758,3534,6926,10207,4646,10598,146673,85280,25602,3910,83155,37,10,25,11
2021-04-03T23:59:59+02:00,7,11,4678,5857,13456,19942,12981,19672,11901,24065,13031,21791,7646,9610,26825,35914,7978,15727,1560,1482,4094,5569,3750,6668,4060,9567,4832,8929,2751,3523,6788,9948,4607,10519,144203,84681,25594,3910,81262,37,9,24,11
2021-04-02T23:59:59+02:00,7,11,4673,5839,13419,19918,12942,19629,11859,24017,12956,21723,7133,8863,25242,33814,7832,15459,1552,1467,4069,5547,3724,6627,4024,9506,4712,8644,2623,3368,6413,9555,4459,10321,139755,82871,25257,3685,80293,37,8,23,11
2021-04-01T23:59:59+02:00,6,10,4622,5780,13325,19773,12827,19478,11710,23861,12359,21277,6571,8159,23736,31843,7704,15222,1489,1422,3961,5425,3657,6556,3956,9440,4634,8541,2529,3227,5904,8872,4291,10047,135563,80620,24119,3283,78553,32,7,21,10
2021-03-31T23:59:59+02:00,6,10,4571,5725,13201,19622,12696,19324,11522,23681,12096,21017,6252,7788,22260,29889,7554,14994,1476,1411,3939,5402,3625,6528,3916,9393,4597,8488,2466,3152,5422,8230,4117,9809,131637,78859,23032,3067,77513,32,5,21,9
2021-03-30T23:59:59+02:00,6,10,4510,5662,13063,19473,12584,19148,11391,23516,11926,20879,6062,7573,20873,28162,7410,14790,1459,1375,3898,5369,3561,6459,3828,9279,4466,8317,2332,2948,5003,7678,3975,9555,128287,76647,22107,2826,76623,19,2,19,9
2021-03-29T23:59:59+02:00,6,10,4470,5623,12945,19378,12517,19065,11309,23414,11777,20744,5905,7375,19458,26484,7282,14589,1400,1334,3843,5326,3487,6389,3710,9135,4316,8129,2210,2807,4440,7012,3821,9280,124713,73996,21243,2615,76374,18,2,19,9
2021-03-28T23:59:59+02:00,6,10,4423,5559,12825,19241,12432,18971,11208,23319,11672,20643,5754,7170,18281,24981,7163,14395,1368,1290,3745,5220,3295,6164,3623,9018,4266,8073,2158,2744,3682,5994,3636,9013,121726,70953,20455,2317,75852,10,2,18,8
2021-03-27T23:59:59+01:00,6,10,4391,5509,12718,19077,12318,18806,11095,23115,11565,20495,5689,7088,17997,24635,7152,14380,1362,1287,3740,5216,3292,6157,3337,8670,4068,7775,2152,2741,3668,5961,3602,8953,119892,69650,20417,2317,75717,5,2,18,8
2021-03-26T23:59:59+01:00,6,9,4355,5456,12608,18889,12185,18606,10942,22887,11404,20287,5526,6873,17395,23847,7053,14231,1361,1286,3735,5209,3269,6139,3318,8650,3856,7331,1976,2338,3405,5677,3452,8721,116812,67401,20079,2310,75649,4,1,18,8
2021-03-25T23:59:59+01:00,6,9,4288,5369,12410,18652,11981,18277,10728,22559,11163,19960,5314,6589,16368,22540,6924,14042,1352,1276,3714,5183,3237,6112,3267,8613,3810,7288,1904,2225,2971,4997,3295,8417,112836,65442,19008,2209,75316,2,1,18,8
2021-03-24T23:59:59+01:00,6,9,4209,5258,12199,18202,11764,17866,10512,22170,10931,19589,5046,6244,15332,21326,6785,13819,1329,1263,3690,5139,3203,6050,3212,8543,3756,7215,1851,2166,2664,4663,3143,8142,109742,64053,17918,1966,73588,2,1,18,8
2021-03-23T23:59:59+01:00,6,9,4153,5195,12032,17859,11565,17516,10321,21807,10713,19302,4913,6050,14692,20512,6645,13646,1314,1257,3676,5121,3182,6033,3191,8495,3720,7172,1816,2108,2436,4393,2935,7821,107400,62735,17192,1925,72325,2,1,18,8
2021-03-22T23:59:59+01:00,6,9,4106,5118,11838,17527,11377,17190,10096,21480,10498,19000,4763,5844,14074,19798,6512,13459,1301,1248,3649,5088,3151,5997,3162,8439,3684,7127,1772,2052,2237,4143,2740,7491,105551,61486,16475,1785,70651,2,1,17,8
2021-03-21T23:59:59+01:00,6,9,4032,4995,11557,17115,11097,16786,9827,21027,10243,18650,4649,5673,13381,19009,6370,13251,1293,1247,3632,5073,3130,5964,3139,8409,3665,7105,1754,2025,2074,3982,2569,7223,103677,60494,15177,1780,68805,2,1,17,8
2021-03-20T23:59:59+01:00,5,9,4002,4926,11414,16780,10972,16469,9684,20724,10067,18367,4524,5513,12752,18060,6234,13036,1292,1246,3632,5071,3127,5963,3136,8404,3660,7101,1750,2020,2043,3921,2546,7182,101487,60304,15173,1780,66860,2,1,17,8
2021-03-19T23:59:59+01:00,5,8,3958,4846,11247,16421,10791,16114,9512,20344,9854,18007,4365,5318,11730,16850,6074,12825,1283,1239,3614,5046,3098,5887,3092,8312,3558,6928,1625,1910,1969,3859,2435,6974,98792,59043,14766,1776,64694,2,1,16,8
2021-03-18T23:59:59+01:00,5,8,3873,4744,11001,15995,10523,15671,9235,19875,9631,17666,4221,5152,11108,15984,5846,12558,1279,1228,3597,5011,3078,5843,3070,8256,3530,6882,1606,1878,1930,3789,2312,6763,96995,58356,13759,1686,62325,2,1,16,8
2021-03-17T23:59:59+01:00,5,8,3702,4629,10706,15576,10259,15312,8993,19514,9380,17318,4103,4986,10294,14741,5584,12135,1278,1226,3583,4993,3072,5823,3060,8223,3512,6859,1605,1854,1906,3761,2202,6576,94350,57851,12218,1672,60660,2,1,16,8
2021-03-16T23:59:59+01:00,5,8,3561,4504,10367,15114,9985,14942,8718,19072,9084,16955,3960,4821,9478,13620,5303,11776,1264,1223,3579,4986,3061,5819,3054,8212,3505,6845,1581,1831,1867,3710,2082,6398,92022,57415,11029,1592,58206,2,1,15,8
2021-03-15T23:59:59+01:00,5,8,3413,4388,10053,14646,9695,14484,8422,18598,8797,16543,3814,4651,8771,12558,5079,11454,1254,1215,3559,4974,3049,5795,3034,8173,3485,6802,1566,1818,1850,3677,1967,6213,90062,56831,9666,1591,55636,2,0,15,8
2021-03-14T23:59:59+01:00,5,8,3343,4299,9787,14213,9440,14081,8105,18106,8517,16148,3651,4465,7970,11324,4771,10999,1240,1209,3538,4956,3028,5754,3012,8093,3457,6734,1540,1769,1789,3550,1802,5825,87753,56306,8648,981,52819,2,0,12,8
2021-03-13T23:59:59+01:00,5,8,3269,4055,9483,13559,9200,13515,7881,17544,8316,15722,3544,4365,7779,11034,4723,10912,1240,1209,3538,4956,3028,5754,3011,8093,3456,6732,1536,1768,1787,3546,1801,5824,87105,56289,8648,981,49149,2,0,12,8
2021-03-12T23:59:59+01:00,5,8,3206,3919,9238,13020,8963,12984,7648,16908,7961,14973,3381,4195,7396,10627,4586,10726,1238,1206,3534,4942,3025,5751,3004,8085,3452,6726,1509,1739,1766,3528,1702,5649,85338,55867,8402,980,45992,2,0,12,8
2021-03-11T23:59:59+01:00,5,8,3058,3651,8862,12261,8659,12308,7315,16126,7619,14330,3224,3993,6842,9908,4398,10414,1219,1196,3500,4898,2983,5674,2969,7961,3401,6628,1465,1686,1687,3328,1504,5137,82897,55123,7957,105,42116,1,0,11,8
2021-03-10T23:59:59+01:00,5,7,2993,3544,8363,11750,7984,11824,6994,15635,7321,13740,3064,3836,6282,9216,4227,10140,1208,1182,3470,4840,2952,5599,2933,7821,3347,6506,1427,1646,1629,3232,1388,4858,81082,53949,7406,82,38427,0,0,10,8
2021-03-09T23:59:59+01:00,5,6,2888,3368,7679,11300,7087,11339,6576,15023,6958,13133,2836,3536,5774,8587,4071,9864,1203,1178,3448,4793,2925,5534,2916,7770,3329,6460,1412,1622,1594,3190,1283,4660,78792,53264,6051,48,35177,0,0,10,6
2021-03-08T23:59:59+01:00,5,6,2715,3133,7037,10756,6273,10860,6174,14494,6564,12568,2627,3325,5171,7848,3925,9597,1196,1172,3427,4727,2900,5459,2877,7676,3297,6384,1405,1613,1591,3182,1278,4657,75969,52790,4912,46,32187,0,0,10,6
2021-03-07T23:59:59+01:00,5,6,2603,3001,6706,10256,5862,10319,5879,14045,6324,12182,2531,3235,4406,6787,3708,9315,1193,1169,3424,4722,2895,5447,2873,7659,3289,6371,1400,1600,1570,3142,1263,4616,72722,52584,4081,44,30358,0,0,9,6
2021-03-06T23:59:59+01:00,5,5,2558,2859,6522,9802,5663,9902,5403,13190,5950,11443,2510,3208,4400,6776,3707,9314,1193,1168,3421,4718,2893,5446,2872,7658,3288,6368,1398,1597,1570,3140,1262,4616,71496,52559,4081,44,27631,0,0,9,6
2021-03-05T23:59:59+01:00,5,5,2467,2604,6311,9218,5449,9505,5226,12625,5567,10466,2285,2746,4021,6394,3568,9100,1181,1165,3403,4702,2889,5433,2864,7640,3277,6349,1384,1590,1569,3136,1257,4612,69172,52403,3849,44,24532,0,0,9,5
2021-03-04T23:59:59+01:00,5,5,2391,2399,6096,8783,5289,9165,5046,12204,5392,10088,2193,2576,3469,5571,3403,8762,1169,1151,3360,4605,2856,5367,2833,7542,3244,6275,1364,1583,1555,3122,1249,4601,67131,51830,3410,44,22287,0,0,9,3
2021-03-03T23:59:59+01:00,4,5,2334,2349,5926,8370,5118,8805,4834,11752,5202,9643,2111,2468,3066,5134,3244,8468,1149,1143,3326,4557,2819,5302,2793,7443,3198,6201,1344,1558,1536,3091,1243,4584,65709,51244,3167,42,19948,0,0,9,2
2021-03-02T23:59:59+01:00,4,5,2280,2261,5765,8036,4961,8550,4673,11352,5042,9325,2045,2377,2763,4776,3027,8147,1144,1134,3308,4536,2804,5276,2776,7395,3190,6173,1339,1547,1518,3074,1240,4578,64363,50989,2909,42,18108,0,0,9,2
2021-03-01T23:59:59+01:00,4,5,2254,2234,5661,7820,4862,8405,4589,11200,4943,9151,1990,2300,2468,4454,2839,7833,1138,1131,3294,4518,2792,5247,2760,7349,3175,6145,1333,1544,1511,3065,1237,4574,63104,50770,2688,42,17211,0,0,9,2
2021-02-28T23:59:59+01:00,3,5,2202,2191,5483,7562,4686,8185,4454,11015,4836,9025,1953,2238,2175,4151,2637,7524,1129,1125,3279,4508,2785,5240,2754,7335,3168,6131,1328,1541,1504,3050,1236,4542,62001,50612,2385,42,15930,0,0,9,2
2021-02-27T23:59:59+01:00,3,5,2115,1882,5306,7137,4588,7873,4371,10667,4764,8775,1925,2177,2147,4106,2617,7470,1125,1122,3277,4507,2780,5238,2750,7332,3164,6128,1327,1541,1504,3049,1235,4542,61769,50581,2385,39,13765,0,0,9,2
2021-02-26T23:59:59+01:00,3,5,2058,1804,5160,6900,4442,7613,4220,10403,4555,8494,1796,2070,2086,4069,2511,7291,1104,1109,3260,4473,2768,5199,2737,7279,3142,6074,1321,1530,1500,3041,1234,4540,60449,50272,2379,38,12643,0,0,9,2
2021-02-25T23:59:59+01:00,3,5,1941,1705,4834,6497,4014,7153,3934,9889,4320,8113,1738,2012,2053,4008,2401,7097,1088,1094,3223,4431,2738,5147,2692,7173,3102,5981,1311,1514,1486,3002,1221,4481,59972,49647,2272,36,9464,0,0,9,2
2021-02-24T23:59:59+01:00,3,5,1912,1647,4717,6283,3909,6939,3812,9648,4196,7953,1716,1980,2021,3966,2289,6899,1075,1089,3196,4369,2702,5081,2667,7089,3073,5910,1295,1497,1461,2954,1209,4412,59429,49053,2026,25,8431,0,0,9,2
2021-02-23T23:59:59+01:00,3,5,1686,1500,4346,5795,3628,6545,3591,9269,4041,7669,1687,1949,1977,3919,2176,6716,1056,1078,3158,4341,2674,5024,2643,7013,3038,5851,1275,1477,1435,2919,1199,4362,58974,48531,1979,11,5540,0,0,9,2
2021-02-22T23:59:59+01:00,3,5,1677,1481,4296,5736,3592,6482,3527,9175,3980,7574,1655,1922,1950,3868,2059,6519,1052,1066,3138,4296,2654,4985,2618,6955,3009,5799,1263,1463,1426,2909,1191,4353,58431,48170,1837,6,5224,0,0,9,2
2021-02-21T23:59:59+01:00,3,5,1665,1477,4266,5703,3549,6444,3486,9120,3936,7523,1647,1915,1945,3859,1939,6357,1047,1055,3117,4258,2625,4935,2603,6887,2980,5713,1249,1447,1406,2849,1167,4276,58087,47607,1831,6,4912,0,0,9,2
2021-02-20T23:59:59+01:00,3,5,1664,1476,4261,5700,3547,6443,3486,9119,3935,7522,1642,1914,1943,3855,1938,6357,1047,1055,3115,4256,2625,4935,2602,6886,2980,5713,1249,1446,1405,2849,1167,4276,58073,47599,1831,6,4897,0,0,9,2
2021-02-19T23:59:59+01:00,3,5,1648,1469,4249,5681,3536,6429,3475,9109,3925,7507,1616,1885,1922,3836,1838,6178,1046,1054,3114,4255,2624,4934,2602,6884,2977,5711,1249,1446,1405,2848,1167,4276,57657,47585,1826,6,4821,0,0,7,2
2021-02-18T23:59:59+01:00,3,5,1604,1438,4153,5570,3465,6327,3387,8945,3841,7367,1594,1850,1888,3766,1708,5981,1000,1011,2975,4030,2499,4663,2491,6550,2871,5449,1218,1403,1374,2763,1141,4127,57012,45558,1736,6,4137,0,0,7,2
2021-02-17T23:59:59+01:00,3,4,1582,1409,4057,5420,3380,6177,3270,8709,3714,7167,1542,1782,1816,3665,1591,5676,943,961,2822,3808,2382,4351,2364,6140,2742,5137,1170,1343,1328,2656,1094,3965,55799,43198,1725,6,3433,0,0,7,2
2021-02-16T23:59:59+01:00,3,4,1508,1342,3896,5224,3243,5996,3162,8476,3592,7001,1518,1756,1781,3635,1478,5469,858,929,2691,3652,2283,4140,2238,5820,2611,4883,1115,1252,1183,2356,840,3353,55104,40199,1708,3,2267,0,0,5,2
2021-02-15T23:59:59+01:00,3,4,1493,1324,3851,5139,3185,5909,3105,8361,3525,6895,1507,1742,1766,3612,1470,5449,824,907,2610,3524,2207,3960,2155,5542,2523,4670,1072,1188,1097,2182,776,3138,54639,38373,1706,1,1990,0,0,5,1
2021-02-14T23:59:59+01:00,3,4,1427,1296,3766,5062,3142,5800,3049,8207,3481,6786,1487,1711,1713,3485,1415,5201,815,901,2561,3456,2168,3892,2102,5422,2457,4564,1046,1152,1013,2010,705,2904,54394,37166,1095,1,1541,0,0,5,1
2021-02-13T23:59:59+01:00,3,4,1425,1295,3758,5058,3135,5799,3046,8205,3478,6784,1486,1708,1713,3483,1413,5201,815,901,2561,3456,2168,3892,2101,5422,2456,4564,1044,1151,1013,2010,705,2904,54376,37163,1094,0,1519,0,0,5,0
2021-02-12T23:59:59+01:00,3,3,1392,1279,3720,5024,3113,5779,3024,8172,3459,6740,1470,1698,1703,3466,1404,5182,808,893,2528,3403,2134,3847,2071,5368,2438,4533,1043,1150,1012,2010,704,2902,54149,36844,1092,0,1385,0,0,5,0
2021-02-11T23:59:59+01:00,3,3,1345,1236,3607,4853,3022,5605,2926,7862,3359,6528,1410,1638,1636,3288,1320,4858,771,830,2275,2959,1908,3371,1841,4625,2167,4005,960,1081,926,1818,655,2633,53520,32825,128,0,848,0,0,3,0
2021-02-10T23:59:59+01:00,3,3,1324,1214,3548,4743,2956,5500,2884,7712,3306,6397,1393,1621,1609,3247,1307,4821,695,774,1983,2553,1699,2923,1602,4018,1910,3543,850,934,763,1447,527,2144,52871,28365,126,0,589,0,0,2,0
2021-02-09T23:59:59+01:00,3,2,1311,1196,3493,4674,2926,5431,2863,7616,3269,6329,1386,1608,1581,3226,1297,4808,647,697,1724,2198,1506,2534,1418,3519,1738,3179,819,900,742,1375,506,2032,52561,25534,121,0,335,0,0,2,0
2021-02-08T23:59:59+01:00,3,2,1297,1192,3464,4644,2906,5393,2842,7564,3250,6299,1376,1601,1572,3200,1295,4790,634,663,1573,1961,1366,2282,1284,3211,1578,2919,780,879,694,1269,474,1863,52261,23430,95,0,332,0,0,2,0
2021-02-07T23:59:59+01:00,3,2,1164,1149,3357,4588,2851,5350,2815,7525,3225,6260,1366,1585,1564,3178,1290,4758,487,517,1304,1605,1126,1832,1076,2622,1351,2400,674,753,612,1110,429,1648,51961,19546,67,0,0,0,0,2,0
2021-02-06T23:59:59+01:00,3,2,1160,1147,3355,4586,2847,5347,2808,7522,3221,6256,1364,1583,1563,3175,1289,4758,363,368,1104,1353,989,1528,932,2208,1185,1981,585,651,585,1093,426,1645,51917,16996,67,0,0,0,0,2,0
2021-02-05T23:59:59+01:00,3,1,1149,1137,3339,4565,2839,5320,2797,7477,3202,6210,1358,1575,1560,3168,1288,4758,261,206,920,1035,841,1156,757,1756,1007,1572,468,545,558,1073,423,1641,51677,14219,67,0,0,0,0,2,0
2021-02-04T23:59:59+01:00,3,1,1133,1120,3294,4518,2798,5245,2755,7345,3154,6125,1344,1560,1547,3136,1279,4731,133,81,615,661,550,735,515,1145,665,982,288,362,458,927,385,1490,51041,9992,45,0,0,0,0,2,0
2021-02-03T23:59:59+01:00,3,1,1111,1114,3266,4472,2769,5200,2733,7290,3123,6067,1334,1551,1523,3095,1273,4686,115,65,490,511,419,595,414,905,511,739,240,284,359,728,301,1161,50565,7837,44,0,0,0,0,2,0
2021-02-02T23:59:59+01:00,3,1,1090,1101,3227,4441,2739,5147,2707,7214,3089,6001,1311,1523,1490,3038,1247,4594,105,56,407,413,348,517,366,818,458,660,219,261,314,658,277,1043,49918,6920,43,0,0,0,0,2,0
2021-02-01T23:59:59+01:00,3,1,1074,1091,3206,4387,2708,5084,2675,7088,3059,5904,1291,1495,1466,3002,1231,4531,78,41,310,309,256,393,273,609,324,495,180,211,248,521,215,813,49251,5276,43,0,0,0,0,2,0
2021-01-31T23:59:59+01:00,3,1,1069,1081,3191,4358,2684,5040,2660,7033,3045,5861,1280,1478,1446,2937,1208,4453,68,40,285,285,231,346,252,568,294,456,161,193,208,426,174,657,48783,4644,43,0,0,0,0,2,0
2021-01-30T23:59:59+01:00,3,1,1069,1081,3188,4354,2683,5040,2659,7032,3045,5860,1280,1477,1445,2937,1208,4453,68,37,278,271,218,330,247,557,290,450,160,190,207,426,174,657,48773,4560,40,0,0,0,0,2,0
2021-01-29T23:59:59+01:00,3,1,1068,1080,3187,4351,2683,5038,2659,7030,3042,5858,1280,1477,1445,2936,1208,4453,64,33,260,257,195,310,231,540,279,442,155,188,203,420,173,655,48757,4405,40,0,0,0,0,2,0
2021-01-28T23:59:59+01:00,3,1,1048,1061,3120,4245,2629,4927,2602,6874,2975,5727,1266,1455,1432,2870,1186,4333,55,18,163,154,129,186,161,355,204,279,124,145,157,261,101,378,47715,2870,37,0,0,0,0,2,0
2021-01-27T23:59:59+01:00,3,1,1003,1023,3034,4101,2548,4748,2507,6592,2891,5526,1236,1413,1396,2781,1153,4193,26,7,98,71,58,91,82,207,114,146,94,113,113,193,76,270,46120,1759,27,0,0,0,0,2,0
2021-01-26T23:59:59+01:00,2,1,926,994,2918,3966,2469,4563,2425,6412,2820,5371,1210,1364,1305,2628,939,3794,26,7,93,70,57,90,80,207,112,145,92,112,113,193,76,270,44089,1743,16,0,0,0,0,2,0
2021-01-25T23:59:59+01:00,2,1,911,977,2839,3837,2423,4415,2364,6216,2761,5220,1192,1342,1291,2603,929,3761,26,7,92,70,55,90,80,207,112,143,92,112,113,193,76,270,43072,1738,11,0,0,0,0,1,0
2021-01-24T23:59:59+01:00,2,1,901,973,2819,3822,2413,4383,2338,6177,2728,5160,1180,1336,1282,2581,916,3727,26,7,92,70,55,90,80,207,112,143,91,112,113,193,76,270,42730,1737,8,0,0,0,0,1,0
2021-01-23T23:59:59+01:00,2,1,901,973,2819,3821,2413,4383,2338,6177,2727,5160,1178,1335,1282,2581,916,3727,26,7,92,70,55,90,80,207,112,143,91,112,113,193,76,269,42727,1736,7,0,0,0,0,0,0
2021-01-22T23:59:59+01:00,2,1,895,966,2787,3775,2379,4318,2307,6102,2706,5113,1177,1334,1281,2580,915,3724,26,7,92,70,55,90,80,207,112,143,91,112,113,193,76,269,42355,1736,7,0,0,0,0,0,0
2021-01-21T23:59:59+01:00,2,1,880,898,2529,3359,2178,3902,2127,5494,2482,4627,1125,1286,1237,2459,885,3572,22,7,81,64,51,73,67,167,92,132,81,97,96,143,64,208,39036,1445,7,0,0,0,0,0,0
2021-01-20T23:59:59+01:00,2,1,805,836,2217,2955,1971,3436,1895,4885,2226,4150,1013,1147,1079,2113,772,3109,22,7,81,64,51,72,67,167,92,132,81,97,96,143,64,208,34605,1444,7,0,0,0,0,0,0
2021-01-19T23:59:59+01:00,2,1,745,758,1928,2513,1729,2975,1660,4228,1983,3678,940,1052,959,1840,675,2760,11,3,48,45,32,44,34,98,43,76,36,37,46,75,39,133,30420,800,6,0,0,0,0,0,0
2021-01-18T23:59:59+01:00,2,1,675,702,1699,2115,1491,2499,1411,3542,1726,3171,859,967,860,1634,623,2490,5,2,18,11,13,20,17,53,17,33,19,22,25,53,28,75,26464,411,3,0,0,0,0,0,0
2021-01-17T23:59:59+01:00,1,1,495,543,1382,1712,1210,1966,1155,2806,1448,2550,720,815,713,1355,513,2122,0,1,3,2,0,0,0,0,0,0,0,0,0,0,0,0,21505,6,2,0,0,0,0,0,0
2021-01-16T23:59:59+01:00,1,0,372,395,1200,1465,1090,1679,1014,2406,1291,2143,633,717,685,1339,511,2121,0,0,0,0,0,0,0,0,0,0,0,0,0,0,0,0,19061,0,1,0,0,0,0,0,0
2021-01-15T23:59:59+01:00,1,0,266,232,1016,1162,942,1332,845,1958,1111,1742,516,607,647,1306,500,2081,0,0,0,0,0,0,0,0,0,0,0,0,0,0,0,0,16263,0,1,0,0,0,0,0,0
2021-01-14T23:59:59+01:00,0,0,151,102,700,774,650,861,609,1300,747,1125,331,420,538,1124,450,1857,0,0,0,0,0,0,0,0,0,0,0,0,0,0,0,0,11739,0,0,0,0,0,0,0,0
2021-01-13T23:59:59+01:00,0,0,127,81,589,605,526,693,492,1044,590,860,278,346,452,957,393,1589,0,0,0,0,0,0,0,0,0,0,0,0,0,0,0,0,9622,0,0,0,0,0,0,0,0
2021-01-12T23:59:59+01:00,0,0,116,66,508,518,448,594,429,918,520,758,244,297,369,765,327,1241,0,0,0,0,0,0,0,0,0,0,0,0,0,0,0,0,8118,0,0,0,0,0,0,0,0
2021-01-11T23:59:59+01:00,0,0,87,53,415,420,364,484,343,741,413,585,210,246,309,636,268,1044,0,0,0,0,0,0,0,0,0,0,0,0,0,0,0,0,6618,0,0,0,0,0,0,0,0
2021-01-10T23:59:59+01:00,0,0,73,45,351,347,298,403,287,644,343,518,185,218,249,505,211,814,0,0,0,0,0,0,0,0,0,0,0,0,0,0,0,0,5491,0,0,0,0,0,0,0,0
2021-01-09T23:59:59+01:00,0,0,73,43,336,327,274,381,279,628,335,511,184,217,248,503,211,814,0,0,0,0,0,0,0,0,0,0,0,0,0,0,0,0,5364,0,0,0,0,0,0,0,0
2021-01-08T23:59:59+01:00,0,0,69,37,302,295,228,340,252,587,308,474,167,199,223,445,191,717,0,0,0,0,0,0,0,0,0,0,0,0,0,0,0,0,4834,0,0,0,0,0,0,0,0
2021-01-07T23:59:59+01:00,0,0,58,25,212,197,159,241,193,420,237,338,138,160,169,288,120,446,0,0,0,0,0,0,0,0,0,0,0,0,0,0,0,0,3401,0,0,0,0,0,0,0,0
2021-01-06T23:59:59+01:00,0,0,47,16,162,119,113,160,143,293,174,238,108,128,128,222,81,313,0,0,0,0,0,0,0,0,0,0,0,0,0,0,0,0,2445,0,0,0,0,0,0,0,0
2021-01-05T23:59:59+01:00,0,0,29,8,96,72,58,93,85,211,113,148,98,118,119,204,80,291,0,0,0,0,0,0,0,0,0,0,0,0,0,0,0,0,1823,0,0,0,0,0,0,0,0
2021-01-04T23:59:59+01:00,0,0,27,8,96,71,55,91,85,211,113,146,98,117,119,204,80,291,0,0,0,0,0,0,0,0,0,0,0,0,0,0,0,0,1812,0,0,0,0,0,0,0,0
2021-01-03T23:59:59+01:00,0,0,27,8,96,71,55,91,85,211,113,146,97,117,119,204,80,291,0,0,0,0,0,0,0,0,0,0,0,0,0,0,0,0,1811,0,0,0,0,0,0,0,0
2021-01-02T23:59:59+01:00,0,0,27,8,96,71,55,91,85,211,112,146,97,117,119,204,80,290,0,0,0,0,0,0,0,0,0,0,0,0,0,0,0,0,1809,0,0,0,0,0,0,0,0
2021-01-01T23:59:59+01:00,0,0,27,8,96,71,55,91,85,211,112,145,97,117,119,204,80,290,0,0,0,0,0,0,0,0,0,0,0,0,0,0,0,0,1808,0,0,0,0,0,0,0,0
2020-12-31T23:59:59+01:00,0,0,27,8,96,71,55,91,85,211,111,145,97,117,119,204,80,290,0,0,0,0,0,0,0,0,0,0,0,0,0,0,0,0,1807,0,0,0,0,0,0,0,0
2020-12-30T23:59:59+01:00,0,0,27,8,96,71,54,91,85,211,111,145,97,117,119,204,80,290,0,0,0,0,0,0,0,0,0,0,0,0,0,0,0,0,1806,0,0,0,0,0,0,0,0
2020-12-29T23:59:59+01:00,0,0,15,2,64,53,32,61,50,138,64,88,47,51,66,119,51,195,0,0,0,0,0,0,0,0,0,0,0,0,0,0,0,0,1096,0,0,0,0,0,0,0,0
2020-12-28T23:59:59+01:00,0,0,5,2,36,26,19,30,21,67,25,41,20,22,26,47,28,74,0,0,0,0,0,0,0,0,0,0,0,0,0,0,0,0,489,0,0,0,0,0,0,0,0
2020-12-27T23:59:59+01:00,0,0,0,0,7,5,7,2,1,5,0,2,0,1,2,2,4,6,0,0,0,0,0,0,0,0,0,0,0,0,0,0,0,0,44,0,0,0,0,0,0,0,0
