Datum,<15_m,<15_w,15-24_1_m,15-24_1_w,25-34_1_m,25-34_1_w,35-44_1_m,35-44_1_w,45-54_1_m,45-54_1_w,55-64_1_m,55-64_1_w,65-74_1_m,65-74_1_w,75-84_1_m,75-84_1_w,>84_1_m,>84_1_w,<24_2_m,<24_2_w,25-34_2_m,25-34_2_w,35-44_2_m,35-44_2_w,45-54_2_m,45-54_2_w,55-64_2_m,55-64_2_w,65-74_2_m,65-74_2_w,75-84_2_m,75-84_2_w,>84_2_m,>84_2_w,bp_1,bp_2,mo_1,mo_2,az_1,az_2,ja,unb_1,unb_2
2021-08-01T23:59:59+02:00,6322,6018,52918,53887,95816,94174,88612,88506,87164,92990,88360,91177,53798,66996,42871,59366,10353,20846,38716,39612,78571,77106,71411,71663,75995,81700,80405,83695,50533,62935,40862,56325,9817,19560,748860,641447,129998,103455,157863,135240,63373,80,73
2021-07-31T23:59:59+02:00,6288,5986,52804,53801,95704,94088,88514,88440,87078,92922,88317,91142,53787,66987,42865,59362,10353,20845,37781,38617,78136,76675,70884,71113,75617,81373,80292,83600,50514,62902,40845,56316,9817,19557,748409,636858,129843,102592,157862,135148,63089,80,73
2021-07-30T23:59:59+02:00,6235,5953,52644,53672,95553,93923,88366,88297,86956,92814,88236,91073,53750,66958,42853,59345,10351,20843,36803,37580,77451,76042,70143,70388,75109,80853,79894,83282,50440,62813,40813,56256,9811,19546,747576,630783,129538,101463,157859,134943,62769,80,73
2021-07-29T23:59:59+02:00,6187,5897,52423,53497,95310,93710,88166,88097,86796,92655,88104,90958,53698,66897,42834,59318,10347,20832,35575,36381,76423,75192,69103,69448,74316,80121,79361,82866,50310,62651,40749,56164,9794,19522,746438,623199,129104,99919,157844,134391,62260,80,73
2021-07-28T23:59:59+02:00,6151,5845,52238,53339,95116,93523,88034,87926,86685,92520,88001,90871,53648,66832,42805,59275,10339,20807,34979,35810,75284,74227,67841,68349,73566,79415,78877,82418,50179,62455,40685,56065,9779,19488,745364,616958,128675,98529,157826,133623,62010,80,73
2021-07-27T23:59:59+02:00,6103,5807,52013,53122,94866,93326,87866,87747,86533,92378,87888,90778,53600,66764,42762,59218,10325,20759,34341,35095,73852,73007,66409,67149,72717,78573,78347,81915,50011,62248,40608,55949,9757,19445,744027,609818,128264,97098,157804,132414,61680,80,73
2021-07-26T23:59:59+02:00,6047,5757,51805,52923,94642,93143,87679,87590,86381,92248,87765,90684,53541,66686,42733,59165,10318,20738,33604,34310,72362,71703,65065,65954,71695,77627,77768,81405,49844,62038,40530,55808,9737,19401,742755,602021,127856,95583,157791,131358,61363,80,73
2021-07-25T23:59:59+02:00,6013,5715,51612,52736,94398,92927,87524,87412,86233,92126,87659,90592,53491,66624,42706,59125,10308,20709,32904,33575,71031,70514,63971,64954,70699,76726,77306,80964,49731,61859,40467,55725,9731,19370,741454,595178,127601,94024,157774,130580,61001,80,73
2021-07-24T23:59:59+02:00,5931,5663,51344,52459,94100,92625,87285,87204,86063,91978,87564,90514,53463,66590,42695,59103,10308,20703,32422,33106,70185,69833,63305,64405,69828,76031,77103,80812,49678,61817,40446,55700,9731,19368,739662,590851,127553,93097,157774,130457,60523,80,73
2021-07-23T23:59:59+02:00,5876,5609,51083,52201,93721,92359,87007,86996,85886,91804,87435,90423,53431,66545,42687,59085,10305,20697,31924,32499,69141,68997,62530,63747,68924,75191,76704,80487,49602,61720,40414,55663,9724,19354,737705,585351,127492,91940,157767,130284,60106,80,73
2021-07-22T23:59:59+02:00,5808,5546,50679,51815,93271,91932,86635,86683,85592,91522,87224,90247,53348,66454,42658,59027,10296,20672,31244,31802,67859,68020,61496,62881,67310,73851,76066,79984,49451,61517,40324,55553,9703,19316,734789,579056,127268,89193,157744,129524,59528,80,73
2021-07-21T23:59:59+02:00,5757,5496,50329,51446,92848,91531,86339,86395,85344,91287,87056,90069,53266,66373,42600,58961,10285,20645,30656,31186,66531,66991,60423,61992,65281,72173,75163,79243,49161,61209,40165,55365,9679,19261,732083,572846,127040,84906,157719,128443,59105,80,73
2021-07-20T23:59:59+02:00,5698,5435,49952,51063,92399,91076,85979,86076,85085,91044,86842,89878,53176,66242,42557,58904,10279,20620,30018,30562,65092,65831,59289,61040,64101,71116,74553,78695,48958,60979,40059,55208,9658,19200,729207,565891,126828,83253,157670,127425,58520,80,73
2021-07-19T23:59:59+02:00,5619,5362,49492,50617,91936,90613,85620,85752,84840,90832,86639,89704,53083,66126,42521,58829,10262,20584,29488,30007,63947,64792,58381,60179,62953,70088,73963,78184,48785,60785,39969,55066,9631,19155,726001,560197,126607,81460,157637,126246,58106,80,73
2021-07-18T23:59:59+02:00,5551,5296,48675,49817,90899,89596,84910,85151,84374,90413,86351,89415,52978,65980,42458,58733,10252,20553,28943,29431,62787,63733,57466,59271,61783,69067,73420,77689,48642,60626,39911,54983,9619,19127,719687,554430,126283,79442,157622,125453,57730,80,73
2021-07-17T23:59:59+02:00,5378,5111,48327,49488,90758,89463,84720,84994,84221,90279,86242,89332,52958,65954,42447,58722,10251,20550,28567,29066,62148,63141,56924,58848,61025,68334,73114,77449,48534,60509,39871,54925,9610,19117,718526,551454,126111,78476,157616,124841,56862,80,73
2021-07-16T23:59:59+02:00,5281,5021,48007,49211,90496,89247,84477,84794,84019,90096,86104,89224,52917,65923,42428,58708,10248,20545,28082,28580,61223,62237,56081,58165,59974,67301,72612,77033,48375,60322,39826,54857,9605,19108,717170,546552,125943,77158,157605,124105,55948,80,73
2021-07-15T23:59:59+02:00,5146,4893,47543,48812,90112,88883,84126,84419,83721,89822,85890,89060,52839,65834,42377,58641,10238,20519,27361,27977,59921,61192,54970,57191,58583,66006,71893,76453,48153,60067,39740,54731,9589,19053,714785,540834,125527,74980,157573,122465,54910,80,73
2021-07-14T23:59:59+02:00,5042,4780,47208,48440,89821,88604,83847,84113,83474,89588,85690,88905,52752,65727,42321,58553,10221,20489,26849,27441,58845,60205,54015,56358,57715,65163,71283,75872,47889,59789,39638,54559,9567,19009,712689,535506,125171,74068,157529,120785,54106,80,73
2021-07-13T23:59:59+02:00,4929,4663,46816,48068,89437,88252,83548,83814,83218,89336,85491,88743,52646,65625,42268,58490,10215,20470,26208,26793,57485,59028,52828,55380,56730,64258,70563,75237,47615,59469,39512,54383,9538,18959,710400,529233,124803,72971,157482,118760,53264,80,72
2021-07-12T23:59:59+02:00,4762,4494,46286,47564,89045,87921,83171,83506,82974,89089,85305,88585,52566,65532,42220,58426,10203,20455,25593,26156,55984,57685,51542,54329,55508,63123,69825,74620,47245,59042,39339,54162,9498,18894,707759,522010,124437,71947,157438,116425,52390,80,71
2021-07-11T23:59:59+02:00,4365,4126,45354,46650,88625,87494,82759,83126,82674,88806,85116,88443,52480,65444,42195,58371,10192,20438,24998,25598,54612,56432,50246,53295,54465,62094,69237,74075,46901,58660,39216,53986,9474,18852,703877,515428,123968,70943,157399,114643,51334,80,71
2021-07-10T23:59:59+02:00,4353,4111,45027,46320,88176,87016,82434,82819,82572,88709,85048,88385,52461,65421,42186,58357,10191,20434,24518,25075,53543,55506,49393,52717,53872,61530,69022,73889,46531,58245,39116,53883,9469,18843,703222,511172,123505,70860,157225,113329,49988,80,71
2021-07-09T23:59:59+02:00,4335,4098,44606,45889,87569,86469,82056,82484,82324,88525,84936,88293,52426,65392,42179,58344,10187,20425,23829,24309,52227,54273,48464,51836,53093,60680,68605,73491,46172,57840,39030,53794,9461,18831,701844,505046,122930,70457,157059,111985,48624,80,70
2021-07-08T23:59:59+02:00,4311,4072,44064,45410,86715,85770,81537,81980,82073,88286,84743,88140,52361,65325,42147,58298,10178,20408,22863,23395,50295,52724,47094,50688,51964,59560,67926,72863,45659,57288,38895,53632,9433,18762,699776,497387,122045,69197,156767,109459,47150,80,70
2021-07-07T23:59:59+02:00,4288,4045,43496,44844,85894,85009,80999,81508,81789,87995,84541,87981,52284,65227,42108,58236,10171,20388,22005,22510,48361,51057,45595,49559,50736,58388,67241,72333,44928,56552,38706,53395,9402,18704,697325,489316,121053,68088,156517,106369,45828,80,68
2021-07-06T23:59:59+02:00,4253,4025,42959,44333,85051,84287,80395,80922,81425,87668,84368,87807,52194,65146,42071,58173,10162,20363,21179,21663,46389,49276,44216,48307,49467,57049,66498,71615,44102,55784,38521,53156,9384,18648,694740,480398,120031,67009,156212,103419,44539,80,68
2021-07-05T23:59:59+02:00,4230,3989,41819,43366,83559,83208,79667,80318,80979,87251,84100,87549,52077,65009,42023,58095,10148,20336,20009,20622,44450,47689,43192,47346,48442,56096,65805,70999,43346,54924,38349,52933,9361,18609,691502,474466,118974,66143,155853,100337,41314,80,68
2021-07-04T23:59:59+02:00,4203,3968,40477,42180,81931,81901,78951,79712,80512,86829,83831,87355,51987,64883,41977,58044,10135,20307,18666,19416,42666,46178,42496,46608,47641,55240,65228,70432,42602,54079,38186,52742,9343,18562,688472,469846,117823,65216,155428,97721,37380,80,68
2021-07-03T23:59:59+02:00,3743,3553,38920,40655,81073,81250,78467,79223,80072,86352,83617,87187,51918,64782,41959,57992,10132,20301,17859,18728,41753,45492,42076,46229,47237,54845,65062,70267,42015,53351,38124,52642,9337,18552,684788,467919,116517,65118,155339,96132,34472,80,68
2021-07-02T23:59:59+02:00,3186,2985,37373,39179,80361,80522,77802,78525,79553,85846,83375,86987,51867,64695,41930,57944,10120,20288,17105,18019,40617,44538,41344,45539,46409,54065,64544,69821,41066,52146,37994,52453,9321,18533,679796,462896,115117,64660,155179,93649,32366,80,65
2021-07-01T23:59:59+02:00,2543,2442,35668,37539,79405,79675,76971,77702,78851,85209,83061,86707,51747,64538,41868,57840,10102,20260,16244,17128,39092,43313,40133,44478,45108,52942,63808,69251,40179,51012,37845,52246,9304,18501,673562,456581,113412,63018,154950,90893,30124,80,65
2021-06-30T23:59:59+02:00,2503,2411,34668,36546,77591,78185,75273,76204,78193,84661,82779,86413,51615,64374,41808,57746,10090,20233,15225,16169,37414,42089,38938,43366,43950,51888,63057,68627,39638,50337,37731,52051,9282,18466,667764,450486,111684,61683,154723,89030,27042,80,64
2021-06-29T23:59:59+02:00,2470,2379,33842,35669,75998,76705,73664,74786,77407,83949,82238,85928,51434,64156,41733,57615,10073,20197,14397,15275,36103,40950,38020,42547,42729,50840,62346,68045,38937,49404,37595,51834,9261,18423,661477,445347,109825,59847,154447,87090,24414,80,63
2021-06-28T23:59:59+02:00,2430,2345,33041,34878,74386,75301,71992,73389,76385,83166,81635,85433,51257,63929,41656,57509,10060,20163,13658,14533,35050,39938,37196,41819,41611,49849,61699,67504,38067,48323,37428,51616,9242,18376,655069,440558,107861,58337,153853,84901,22092,80,62
2021-06-27T23:59:59+02:00,2416,2330,32313,34143,72823,73932,70590,72189,74991,82050,80972,84889,51058,63715,41591,57394,10050,20134,13030,13908,34095,39189,36546,41217,40680,49002,61165,67063,37212,47299,37276,51439,9227,18345,648924,436702,105931,57575,152903,82648,19742,80,62
2021-06-26T23:59:59+02:00,1784,1726,31285,33051,72472,73614,70123,71725,74697,81742,80878,84802,51037,63686,41577,57384,10049,20131,12839,13703,33438,38652,35908,40799,40162,48667,60172,66066,36224,46168,37109,51226,9213,18312,644166,430763,104994,57525,152898,80712,19631,74,62
2021-06-25T23:59:59+02:00,1166,1130,30179,31892,71987,73090,69511,71026,74276,81299,80503,84482,50976,63600,41543,57341,10044,20118,12519,13318,32586,37856,35040,39980,39224,47831,58962,64834,35709,45472,36917,50926,9190,18268,637893,422366,103807,57080,152890,79655,19499,74,62
2021-06-24T23:59:59+02:00,566,572,28853,30590,71220,72356,68641,70148,73604,80675,80065,84119,50871,63471,41491,57272,10033,20084,11863,12627,31430,36559,33833,38716,38103,46724,57327,63459,35237,44953,36761,50739,9171,18208,630176,413085,102318,55532,152775,77768,19288,74,61
2021-06-23T23:59:59+02:00,539,538,28351,30053,70117,71380,67367,69015,72858,79988,79615,83717,50760,63297,41430,57176,10016,20053,11378,12103,30434,35315,32905,37497,37095,45848,55394,61749,34686,44391,36593,50512,9150,18143,623982,403371,100746,54472,152672,76514,18796,74,61
2021-06-22T23:59:59+02:00,516,522,27842,29478,68945,70359,66169,67987,72180,79286,79200,83351,50654,63169,41382,57092,10007,20028,11034,11707,29513,34381,31942,36614,36140,44962,53432,59918,34303,43915,36456,50271,9121,18086,617687,394873,99292,52901,152537,75402,18577,74,60
2021-06-21T23:59:59+02:00,484,488,27181,28823,67633,69192,64988,66858,71422,78507,78804,82956,50547,63060,41323,57006,9994,19986,10748,11400,28889,33804,31395,36050,35542,44374,51590,58266,33598,43116,36161,49849,9092,18010,610906,387338,97797,51706,152416,74737,18060,73,60
2021-06-20T23:59:59+02:00,399,406,26543,28167,66416,68061,63972,65917,70619,77767,78449,82621,50469,62936,41275,56937,9989,19953,10462,11141,28348,33304,30940,35558,35036,43854,49757,56485,33056,42437,35965,49517,9062,17950,604539,379956,96332,50957,152318,74278,17634,73,59
2021-06-19T23:59:59+02:00,367,372,26165,27807,65690,67493,63454,65426,69824,77115,78295,82493,50449,62911,41259,56922,9988,19953,10333,10948,28103,32987,30686,35240,34814,43595,48318,55098,32801,42092,35883,49381,9054,17922,600621,374589,95392,50945,152316,74093,17581,73,59
2021-06-18T23:59:59+02:00,340,338,25709,27350,64679,66756,62719,64814,68907,76282,77903,82155,50388,62835,41232,56886,9984,19945,10120,10714,27704,32569,30362,34830,34429,43205,46597,53445,32450,41579,35746,49169,9035,17889,595222,367788,94153,50659,152308,73882,17467,72,59
2021-06-17T23:59:59+02:00,311,307,25078,26752,63427,65759,61728,64005,67317,74883,77382,81756,50288,62683,41169,56803,9971,19917,9710,10364,26914,31885,29623,34153,33595,42506,45094,51957,32006,40953,35583,48915,9003,17839,589173,360389,91507,49522,152150,73508,16635,71,58
2021-06-16T23:59:59+02:00,278,269,24560,26180,62131,64636,60620,63024,65044,72966,76537,81100,50077,62472,41078,56690,9952,19886,9396,10114,26265,31222,28917,33532,32870,41880,44505,51395,31737,40596,35437,48717,8982,17798,582962,356714,87004,48818,151703,72021,15762,69,58
2021-06-15T23:59:59+02:00,239,238,23925,25499,60736,63437,59538,62040,63889,71881,76035,80676,49953,62323,41028,56593,9945,19856,9138,9847,25664,30489,28279,32777,32197,41158,42950,49775,31292,40044,35266,48484,8952,17734,575880,350029,85376,47926,151233,70770,15273,69,58
2021-06-14T23:59:59+02:00,217,207,23461,24918,59637,62384,58662,61195,62819,70878,75560,80287,49866,62202,40978,56522,9929,19830,8852,9548,24912,29602,27516,31946,31408,40344,41668,48440,30925,39546,35130,48260,8922,17683,570052,343909,83659,46905,151028,69095,14744,69,58
2021-06-13T23:59:59+02:00,212,192,23045,24454,58709,61480,57888,60411,61713,69910,75089,79856,49778,62085,40929,56463,9918,19801,8578,9252,24206,28767,26801,31112,30647,39493,40130,46870,30463,38941,34929,47956,8892,17594,565045,336903,81795,46130,150798,67324,14226,69,57
2021-06-12T23:59:59+02:00,199,175,22821,24190,58160,60982,57531,60131,61070,69267,74890,79742,49754,62054,40917,56449,9915,19797,8464,9136,23728,28182,26285,30543,30136,38934,39056,45900,30296,38762,34833,47791,8888,17583,562156,332714,80839,46127,150790,65438,14190,69,57
2021-06-11T23:59:59+02:00,181,159,22470,23781,57424,60171,56852,59504,60165,68337,74537,79431,49680,61981,40892,56413,9912,19791,8333,8947,23221,27513,25759,29889,29555,38302,37986,44894,30029,38408,34691,47568,8875,17557,557163,327898,79551,45868,150772,63587,14126,69,56
2021-06-10T23:59:59+02:00,166,142,21943,23226,56298,59247,55924,58685,58909,67166,74005,79022,49609,61874,40868,56361,9899,19763,8073,8700,22357,26572,24800,28954,28441,37381,36600,43734,29678,37933,34413,47136,8808,17482,551633,321032,77349,45162,150524,61290,13532,69,54
2021-06-09T23:59:59+02:00,145,129,21326,22681,55051,58155,54864,57778,57962,66262,73537,78630,49522,61774,40818,56299,9885,19733,7787,8437,21444,25708,23866,28065,27416,36435,34888,41954,29295,37435,34227,46867,8767,17392,545924,313626,75903,44437,150169,59388,12486,69,54
2021-06-08T23:59:59+02:00,123,111,20658,22001,53752,57031,53747,56807,57007,65404,72994,78196,49435,61650,40762,56206,9865,19702,7524,8204,20532,24816,22808,27202,26385,35482,33539,40654,28940,36928,33908,46416,8714,17309,539298,307337,74984,43674,149724,56927,11376,69,53
2021-06-07T23:59:59+02:00,106,93,20017,21406,52320,55782,52485,55834,55849,64421,72444,77796,49351,61544,40716,56141,9852,19674,7278,7985,19691,23994,21783,26389,25353,34615,32606,39874,28657,36540,33664,45992,8663,17218,532069,302730,74089,42858,149310,54371,10294,69,53
2021-06-06T23:59:59+02:00,99,87,19511,20873,51174,54695,51385,54861,54889,63471,71935,77392,49267,61470,40679,56078,9845,19658,7070,7787,18904,23105,20884,25517,24283,33634,31695,39062,28375,36203,33408,45602,8614,17143,525762,298178,73069,42120,148973,51441,9498,67,53
2021-06-05T23:59:59+02:00,94,79,19245,20578,50402,53943,50732,54352,54414,62976,71798,77272,49251,61453,40676,56074,9842,19658,6846,7382,18269,22041,20165,24409,23411,32403,30674,37752,28048,35743,33284,45429,8607,17123,521463,291895,73064,42082,148817,48132,9428,67,53
2021-06-04T23:59:59+02:00,84,72,18802,20001,49358,52944,49924,53483,53766,62195,71455,76944,49222,61418,40656,56059,9840,19651,6629,7073,17652,21192,19493,23426,22489,31139,29469,36425,27761,35381,33172,45257,8595,17104,515016,285519,72744,42014,148798,45425,9249,67,53
2021-06-03T23:59:59+02:00,73,61,18131,19331,47839,51648,48718,52365,52805,61185,70959,76484,49158,61317,40618,56014,9827,19627,6342,6683,16919,20152,18705,22281,21493,29728,28311,34948,27219,34605,32968,44933,8559,17029,507311,278811,71730,41270,148522,42214,8531,66,52
2021-06-02T23:59:59+02:00,68,57,17765,18831,46831,50674,47861,51626,52069,60439,70713,76271,49121,61281,40599,55986,9819,19613,6162,6447,16276,19474,17804,21534,20673,28792,27224,33551,26753,34001,32809,44683,8530,16959,501087,272584,71717,41255,148497,39529,8258,65,49
2021-06-01T23:59:59+02:00,57,51,17097,18112,44976,48937,46217,50169,50550,58994,70032,75672,49031,61169,40539,55913,9806,19565,5888,6138,15121,18579,16302,20577,19472,27559,26008,32164,26204,33312,32562,44336,8484,16855,491969,266146,70377,40691,147944,36143,6534,63,49
2021-05-31T23:59:59+02:00,55,47,16624,17632,43668,47799,45011,49068,49313,57884,69354,75159,48954,61067,40495,55844,9794,19530,5611,5819,14086,17754,14906,19664,18306,26458,24791,30828,25689,32598,32368,44040,8450,16757,485726,259887,69214,40147,147486,33235,4810,62,48
2021-05-30T23:59:59+02:00,48,46,16301,17241,42692,46866,44107,48162,48320,56888,68794,74611,48846,60912,40424,55731,9779,19487,5424,5578,13540,17057,14285,18973,17422,25494,23697,29659,24920,31651,32075,43625,8406,16669,479745,253943,68180,39348,147075,30946,4193,62,47
2021-05-29T23:59:59+02:00,48,46,16172,17125,42335,46551,43766,47898,48079,56699,68735,74552,48840,60905,40418,55728,9779,19487,5261,5338,13033,16247,13641,18124,16580,24330,22588,28362,24764,31421,32012,43532,8403,16662,477786,248366,68061,39348,147065,28351,4189,62,46
2021-05-28T23:59:59+02:00,47,44,15873,16820,41640,45923,43257,47339,47573,56157,68458,74255,48775,60823,40390,55679,9776,19482,5022,4954,12497,15332,12967,17264,15718,23105,21499,26930,24518,31057,31919,43398,8393,16645,473501,242371,67562,39243,147033,25409,4153,62,44
2021-05-27T23:59:59+02:00,44,40,15357,16301,40498,44945,42242,46458,46590,55273,67875,73823,48653,60663,40336,55607,9765,19441,4800,4618,11858,14508,12183,16329,14654,21916,20243,25424,24016,30318,31747,43137,8360,16563,467690,235052,66052,38438,146318,23355,3789,62,42
2021-05-26T23:59:59+02:00,42,39,14950,15876,39403,44029,41210,45577,45565,54397,67268,73313,48502,60484,40256,55439,9744,19393,4609,4423,11302,13748,11462,15480,13655,20784,18850,23840,23434,29539,31531,42797,8308,16462,462578,227801,64027,37581,145328,21310,3492,62,42
2021-05-25T23:59:59+02:00,42,38,14560,15475,38400,43142,40244,44723,44613,53479,66658,72783,48323,60252,40177,55307,9718,19339,4403,4221,10762,13104,10703,14699,12593,19554,17421,22336,22852,28761,31298,42480,8254,16375,457282,220475,62447,36642,144222,19401,3260,62,40
2021-05-24T23:59:59+02:00,41,38,14217,15152,37573,42408,39373,44052,43751,52697,66126,72300,48198,60075,40113,55185,9698,19295,4260,4096,10316,12645,10065,14115,11717,18724,16141,21082,22185,27931,31082,42156,8196,16289,452666,213618,61219,35703,143494,18791,2851,62,39
2021-05-23T23:59:59+02:00,37,38,14049,14979,37105,42035,38923,43649,43302,52293,65856,72074,48124,59985,40075,55140,9691,19271,4071,3957,9856,12172,9448,13510,10779,17913,14951,20022,21720,27366,30830,41870,8149,16208,449488,206662,60845,35624,143465,17733,2766,62,39
2021-05-22T23:59:59+02:00,35,36,13852,14763,36421,41471,38246,43196,42730,51886,64838,71068,47920,59729,40005,55027,9681,19249,3962,3662,9640,11759,9295,13183,10538,17469,14683,19622,21627,27249,30796,41830,8142,16199,443064,205446,60842,35622,143450,15816,2735,62,39
2021-05-21T23:59:59+02:00,34,35,13474,14362,35349,40557,37184,42268,41667,50989,63484,69785,47690,59392,39924,54880,9664,19216,3856,3566,9433,11495,9085,12919,10210,17142,14275,19254,21407,26963,30736,41740,8133,16191,433470,203510,60490,35316,143214,14825,2719,61,37
2021-05-20T23:59:59+02:00,31,35,12680,13638,33913,39105,35765,40859,40267,49792,62202,68635,47401,59050,39781,54700,9643,19165,3708,3385,8908,10894,8440,12213,9512,16297,13521,18297,20595,25851,30543,41444,8095,16106,423286,199169,58789,34472,142186,11791,2342,59,37
2021-05-19T23:59:59+02:00,31,34,12144,13074,32733,37681,34665,39479,39144,48835,60204,66869,46925,58493,39598,54439,9602,19059,3605,3255,8636,10522,8145,11839,9070,15790,12885,17637,19731,24722,30317,41141,8039,15991,412457,194936,57271,33659,141081,10556,2141,59,35
2021-05-18T23:59:59+02:00,28,34,11723,12631,31689,36662,33574,38566,38107,47900,58148,65012,46570,58044,39445,54200,9570,19000,3407,3091,8144,9918,7674,11294,8530,15125,12205,16868,18792,23495,30081,40798,8003,15886,403811,190855,55313,32820,139886,7768,1835,58,35
2021-05-17T23:59:59+02:00,26,33,11472,12355,31172,36107,33082,38006,37517,47266,56246,63306,45869,57222,39168,53803,9533,18926,3325,2982,7882,9635,7381,10995,8130,14713,11638,16265,17876,22363,29849,40479,7968,15812,396231,186487,54193,32073,139080,7153,1548,57,34
2021-05-16T23:59:59+02:00,26,33,11252,12101,30652,35604,32620,37514,36994,46695,54353,61482,45325,56524,38974,53484,9506,18871,3224,2883,7594,9346,7061,10651,7654,14252,11060,15681,16947,21216,29640,40190,7930,15744,389279,182215,53227,31228,138417,6569,1031,56,32
2021-05-15T23:59:59+02:00,26,33,11098,11898,30374,35271,32383,37194,36765,46432,52784,60005,45075,56218,38897,53346,9500,18843,3204,2865,7570,9318,7046,10630,7636,14239,11043,15660,16838,21003,29431,39883,7922,15734,383477,181233,53224,31227,138371,6519,1014,56,31
2021-05-14T23:59:59+02:00,26,33,10852,11617,29907,34765,32004,36733,36255,45960,50914,58178,44713,55717,38757,53138,9484,18803,3177,2847,7500,9248,6992,10559,7577,14181,10861,15462,16108,19938,29145,39397,7905,15694,375697,178330,52897,30888,138242,6380,964,56,31
2021-05-13T23:59:59+02:00,23,32,10570,11292,29260,34128,31405,36129,35584,45295,49445,56661,44283,55090,38587,52896,9457,18757,3109,2801,7373,9147,6905,10465,7474,14073,10536,15116,15052,18705,28759,38754,7862,15620,368613,174538,51880,30326,137492,6005,854,55,30
2021-05-12T23:59:59+02:00,23,30,10441,11150,28979,33811,31139,35836,35274,44982,49160,56353,44184,54984,38534,52816,9450,18719,3097,2775,7339,9111,6875,10430,7447,14034,10370,14960,14680,18276,28456,38276,7840,15573,365946,172501,51799,30316,137333,5961,732,55,30
2021-05-11T23:59:59+02:00,22,27,10095,10827,28127,32986,30308,35083,34413,44202,47426,54586,43731,54392,38358,52525,9412,18617,3010,2679,7096,8831,6652,10131,7232,13664,9890,14413,13703,17127,28043,37663,7803,15479,359037,168842,50094,29426,135445,4613,506,55,30
2021-05-10T23:59:59+02:00,21,27,9789,10551,27381,32286,29533,34385,33644,43438,46121,53322,43349,53881,38168,52220,9362,18504,2968,2634,6969,8708,6557,10014,7093,13483,9628,14106,13009,16269,27617,37054,7777,15399,352789,166037,48978,29047,133766,3777,397,52,28
2021-05-09T23:59:59+02:00,20,27,9558,10306,26704,31605,28867,33687,32923,42742,44602,51854,42848,53261,37968,51916,9325,18419,2920,2588,6846,8565,6451,9873,6981,13271,9313,13795,12212,15371,27254,36521,7757,15343,345724,163194,47902,28493,132645,3037,310,51,28
2021-05-08T23:59:59+02:00,20,27,9465,10238,26319,31304,28421,33373,32470,42438,43570,51026,42696,53098,37926,51854,9323,18413,2917,2584,6838,8560,6445,9865,6973,13260,9304,13783,12174,15309,26579,35573,7720,15267,341207,161330,47860,28466,132559,3024,304,51,28
2021-05-07T23:59:59+02:00,19,27,9324,10090,25848,30926,27976,32999,31965,42092,42534,50202,42425,52758,37813,51694,9311,18386,2870,2558,6785,8519,6389,9810,6922,13208,9131,13564,11544,14497,25641,34196,7673,15185,336098,157250,47553,28097,132401,2832,286,51,28
2021-05-06T23:59:59+02:00,17,26,8926,9801,24932,30158,26918,32200,30741,41276,40919,48993,42046,52214,37619,51452,9273,18313,2807,2512,6655,8373,6274,9682,6774,13022,8861,13267,10896,13637,24682,32817,7640,15124,328263,153481,46479,27144,130756,2096,275,51,28
2021-05-05T23:59:59+02:00,17,25,8560,9601,24052,29560,26055,31536,29654,40486,38944,47181,41603,51661,37411,51170,9216,18201,2767,2482,6538,8245,6173,9568,6672,12881,8616,13010,10191,12812,23672,31497,7611,15053,320417,149614,45628,26259,128646,1697,191,51,28
2021-05-04T23:59:59+02:00,17,24,8317,9374,23256,28914,25083,30797,28584,39651,37434,45718,41135,51076,37133,50823,9170,18080,2729,2461,6466,8173,6091,9503,6598,12803,8380,12790,9463,11959,22728,30256,7577,14990,313771,145909,44664,25453,126014,1493,86,51,27
2021-05-03T23:59:59+02:00,17,23,8114,9161,22557,28335,24245,30192,27677,38958,36477,44967,40788,50603,36919,50533,9120,17976,2684,2430,6397,8096,6013,9438,6510,12719,8152,12578,8721,11061,21814,29042,7546,14940,308910,142181,43887,24636,123769,1252,46,50,27
2021-05-02T23:59:59+02:00,17,23,7951,8997,21920,27759,23507,29601,26860,38336,35663,44336,40528,50272,36806,50347,9086,17919,2646,2407,6355,8054,5978,9403,6472,12679,7970,12405,8122,10327,21106,28175,7525,14922,304084,139003,43118,24361,122638,1117,39,49,27
2021-05-01T23:59:59+02:00,16,23,7799,8815,21547,27303,23025,29026,26217,37628,34839,43441,40265,49898,36709,50194,9080,17902,2640,2401,6329,8044,5963,9394,6454,12665,7953,12390,8086,10264,21067,28118,7521,14918,297990,138713,43117,24354,122532,1075,39,49,27
2021-04-30T23:59:59+02:00,16,21,7652,8637,21160,26874,22580,28461,25470,36852,33833,42478,40036,49579,36612,50041,9068,17881,2622,2388,6305,8026,5941,9377,6427,12645,7921,12356,8046,10194,21017,28035,7518,14909,291708,138402,43110,24281,122351,985,33,49,27
2021-04-29T23:59:59+02:00,15,21,7383,8398,20569,26303,21910,27779,24538,35889,32559,41142,38992,48175,36294,49568,9011,17753,2590,2354,6213,7916,5857,9275,6333,12503,7720,12083,7424,9472,20610,27520,7496,14835,282977,136345,42326,23055,120919,744,33,44,25
2021-04-28T23:59:59+02:00,14,19,7108,8181,20049,25832,21273,27181,23653,35042,31165,39692,37831,46589,35951,49073,8948,17611,2521,2307,6105,7795,5748,9145,6232,12354,7501,11813,6737,8628,20194,26945,7455,14764,274301,133907,41555,21760,119283,520,33,40,25
2021-04-27T23:59:59+02:00,13,19,6926,8003,19617,25408,20658,26644,22800,34269,29957,38373,36743,45147,35570,48503,8878,17484,2497,2282,6002,7698,5695,9049,6166,12231,7287,11615,6136,7893,19789,26448,7435,14741,266505,131815,40692,20819,117742,273,33,40,25
2021-04-26T23:59:59+02:00,12,19,6744,7839,19199,24985,20116,26121,21999,33515,28744,37142,35685,43726,35264,48020,8829,17360,2486,2272,5959,7656,5650,9010,6130,12188,7101,11450,5522,7163,19419,26000,7411,14714,258838,129857,39867,19978,116545,242,30,39,25
2021-04-25T23:59:59+02:00,12,18,6640,7706,18861,24716,19737,25783,21388,32901,27761,36187,34556,42299,34949,47592,8788,17279,2474,2265,5941,7633,5631,8993,6110,12163,7064,11423,5395,6982,19084,25536,7395,14670,251667,129236,39153,19237,116284,232,30,39,25
2021-04-24T23:59:59+02:00,12,18,6475,7530,18420,24285,19179,25246,20605,32100,26683,35141,34306,41986,34855,47427,8778,17267,2470,2259,5928,7624,5623,8982,6105,12159,7054,11416,5322,6871,18986,25395,7392,14662,245715,128783,39149,19198,115380,214,30,39,24
2021-04-23T23:59:59+02:00,12,18,6253,7332,17972,23813,18611,24637,19781,31287,25529,33949,33531,40814,34711,47190,8764,17244,2464,2241,5901,7600,5586,8943,6060,12115,7008,11364,5156,6595,18448,24770,7292,14493,238162,126941,38821,18852,114397,192,30,38,22
2021-04-22T23:59:59+02:00,11,17,6038,7124,17367,23225,17818,23855,18731,30265,24209,32519,32492,39462,34466,46834,8726,17166,2450,2226,5857,7550,5538,8859,5986,12037,6932,11294,4872,6180,17736,23897,7173,14299,229130,124789,37904,17889,113226,158,30,35,21
2021-04-21T23:59:59+02:00,11,16,5839,6944,16836,22754,17156,23252,17752,29368,22655,30928,31488,38232,34169,46398,8678,17078,2427,2209,5815,7495,5481,8784,5920,11937,6837,11214,4713,5906,17038,23050,7057,14118,220264,122704,37133,17121,112094,126,30,33,21
2021-04-20T23:59:59+02:00,10,15,5656,6751,16281,22282,16417,22596,16760,28369,21190,29462,30342,36747,33856,45968,8630,16990,2415,2195,5766,7458,5441,8739,5872,11871,6758,11151,4594,5753,16437,22276,6932,13939,211308,121027,36251,16405,110701,118,29,33,19
2021-04-19T23:59:59+02:00,10,15,5471,6595,15749,21853,15742,22039,15770,27493,19802,28064,28971,35114,33540,45495,8574,16876,2404,2182,5741,7425,5404,8706,5833,11826,6677,11075,4468,5592,15789,21567,6824,13778,202644,119387,35473,15742,108996,115,29,31,19
2021-04-18T23:59:59+02:00,9,15,5284,6454,15316,21529,15126,21478,14801,26706,18465,26926,27585,33467,33209,45077,8518,16790,2353,2136,5610,7305,5290,8593,5726,11677,6572,10956,4352,5405,15196,20901,6711,13599,194124,117752,34644,14473,107927,111,29,31,18
2021-04-17T23:59:59+02:00,9,14,5249,6419,15162,21454,14950,21393,14566,26527,18211,26705,27078,32927,33083,44929,8509,16775,2326,2096,5510,7151,5183,8434,5626,11489,6482,10823,4300,5343,14956,20607,6701,13586,192907,115996,34639,14469,106354,102,29,31,18
2021-04-16T23:59:59+02:00,9,14,5186,6365,14985,21301,14739,21232,14284,26277,17798,26294,26035,31696,32950,44718,8488,16752,2280,2046,5394,6967,5047,8253,5474,11249,6286,10602,4095,5110,14311,19820,6603,13441,189558,112767,34351,14072,105154,93,29,31,18
2021-04-15T23:59:59+02:00,7,13,5117,6288,14772,21088,14471,20944,13855,25927,17163,25666,24674,30089,32693,44395,8453,16674,2210,1962,5198,6732,4845,7932,5267,10932,6070,10318,3897,4860,13483,18738,6488,13274,185012,108949,33542,13129,103675,82,29,31,18
2021-04-14T23:59:59+02:00,7,13,5036,6218,14568,20888,14217,20720,13465,25593,16498,25049,23098,28305,32380,43992,8402,16580,2022,1842,4980,6471,4656,7683,5040,10683,5836,10033,3762,4653,12757,17821,6361,13060,180415,105863,32668,11675,101886,76,29,31,18
2021-04-13T23:59:59+02:00,7,13,4985,6171,14369,20753,13984,20539,13122,25298,15929,24546,21396,26461,32063,43570,8370,16473,1937,1790,4814,6284,4471,7464,4840,10428,5632,9801,3626,4489,12242,17206,6238,12899,176198,103488,31793,10561,99999,66,29,30,18
2021-04-12T23:59:59+02:00,7,12,4921,6106,14153,20556,13680,20276,12737,24886,15352,23993,19803,24520,31773,43210,8330,16399,1807,1699,4634,6125,4325,7288,4678,10236,5495,9643,3509,4334,11812,16697,6127,12736,171847,101809,30740,9226,98068,65,29,30,17
2021-04-11T23:59:59+02:00,7,12,4852,6030,13929,20358,13385,20065,12325,24535,14792,23484,18298,22749,31510,42871,8287,16320,1770,1663,4514,6012,4214,7165,4556,10105,5361,9514,3395,4215,11323,16088,5996,12530,167567,100066,29781,8249,96403,63,28,30,16
2021-04-10T23:59:59+02:00,7,12,4847,6022,13910,20344,13376,20055,12308,24519,14769,23465,17610,21827,31218,42453,8269,16293,1766,1651,4502,6001,4199,7151,4543,10091,5308,9449,3293,4102,10767,15254,5866,12332,166499,97926,29754,8249,94995,59,26,30,16
2021-04-09T23:59:59+02:00,7,12,4834,6005,13874,20295,13332,20008,12261,24465,14509,23213,16093,19942,30812,41807,8235,16250,1742,1641,4480,5986,4173,7124,4502,10057,5271,9400,3208,3983,9902,14266,5718,12134,163885,95490,29413,8001,92603,58,24,29,15
2021-04-08T23:59:59+02:00,7,12,4791,5977,13773,20221,13252,19928,12162,24361,14174,22854,14326,17734,30195,40798,8177,16129,1721,1628,4448,5933,4121,7040,4438,9977,5199,9323,3100,3880,9424,13666,5513,11889,160062,93647,28385,7566,90381,57,16,27,15
2021-04-07T23:59:59+02:00,7,12,4761,5949,13669,20139,13159,19843,12061,24260,13797,22498,12821,15890,29552,39830,8122,16031,1702,1616,4396,5866,4036,6966,4349,9893,5109,9224,3014,3785,8681,12573,5278,11486,155668,91105,27510,6793,89181,47,15,27,15
2021-04-06T23:59:59+02:00,7,12,4732,5923,13572,20072,13078,19783,11985,24195,13422,22147,11188,13886,28891,38860,8090,15960,1642,1562,4268,5740,3928,6842,4230,9745,5006,9095,2899,3664,7976,11644,5006,11121,151659,88724,26629,5572,87474,45,14,27,14
2021-04-05T23:59:59+02:00,7,11,4695,5895,13495,20006,13011,19715,11930,24115,13150,21893,9579,11944,28165,37811,8055,15898,1571,1493,4113,5590,3760,6686,4077,9596,4851,8967,2767,3547,7171,10683,4735,10732,148468,86359,25615,3912,85252,42,13,27,14
2021-04-04T23:59:59+02:00,7,11,4681,5877,13484,19986,13003,19698,11922,24095,13053,21823,8556,10684,27718,37169,8030,15841,1570,1491,4105,5584,3758,6681,4072,9591,4849,8959,2762,3538,6935,10219,4651,10607,146741,85403,25611,3912,83249,36,10,27,12
2021-04-03T23:59:59+02:00,7,11,4678,5867,13467,19967,12993,19688,11912,24085,13039,21805,7652,9616,26837,35928,7981,15730,1566,1487,4103,5579,3756,6678,4064,9579,4835,8946,2755,3527,6797,9958,4612,10527,144270,84801,25603,3912,81355,36,9,26,12
2021-04-02T23:59:59+02:00,7,11,4673,5849,13430,19942,12954,19645,11869,24037,12964,21738,7139,8869,25253,33828,7835,15462,1557,1471,4077,5556,3730,6637,4028,9518,4714,8659,2627,3372,6422,9565,4464,10329,139821,82985,25265,3686,80386,36,8,25,12
2021-04-01T23:59:59+02:00,6,10,4623,5790,13336,19797,12839,19494,11720,23881,12367,21292,6576,8164,23747,31857,7707,15225,1493,1425,3968,5433,3663,6566,3960,9452,4636,8556,2533,3231,5912,8882,4296,10055,135629,80729,24127,3284,78645,31,7,23,11
2021-03-31T23:59:59+02:00,6,10,4572,5735,13212,19644,12708,19340,11532,23701,12104,21032,6257,7793,22271,29904,7557,14997,1480,1414,3946,5410,3631,6538,3920,9405,4599,8503,2470,3156,5430,8239,4122,9817,131703,78967,23040,3068,77604,31,5,23,10
2021-03-30T23:59:59+02:00,6,10,4511,5671,13074,19495,12596,19165,11401,23536,11934,20894,6066,7578,20885,28177,7413,14794,1463,1378,3905,5377,3567,6468,3832,9291,4468,8332,2336,2952,5010,7685,3979,9561,128354,76748,22116,2826,76713,19,2,21,10
2021-03-29T23:59:59+02:00,6,10,4471,5632,12955,19400,12529,19082,11319,23434,11785,20758,5909,7380,19470,26499,7285,14593,1404,1337,3850,5334,3493,6398,3714,9147,4318,8143,2214,2811,4447,7019,3825,9286,124778,74097,21252,2615,76464,18,2,21,9
2021-03-28T23:59:59+02:00,6,10,4424,5568,12834,19264,12444,18988,11218,23338,11679,20657,5757,7175,18293,24994,7166,14398,1371,1293,3752,5228,3300,6173,3627,9030,4268,8087,2161,2747,3688,5999,3640,9019,121785,71047,20464,2317,75942,10,2,20,8
2021-03-27T23:59:59+01:00,6,10,4392,5517,12727,19100,12330,18823,11104,23134,11572,20508,5692,7093,18009,24648,7155,14383,1365,1290,3747,5224,3297,6166,3341,8682,4070,7789,2155,2744,3674,5966,3606,8959,119951,69744,20425,2317,75805,5,2,20,8
2021-03-26T23:59:59+01:00,6,9,4356,5464,12617,18912,12197,18623,10951,22906,11411,20299,5529,6879,17406,23858,7056,14234,1364,1289,3742,5217,3274,6148,3322,8662,3858,7343,1978,2340,3410,5682,3456,8727,116869,67490,20087,2310,75736,4,1,20,8
2021-03-25T23:59:59+01:00,6,9,4289,5376,12419,18674,11992,18294,10737,22578,11170,19972,5317,6595,16378,22552,6927,14045,1355,1279,3721,5191,3242,6120,3271,8625,3812,7300,1906,2227,2976,5000,3299,8423,112891,65528,19015,2209,75403,2,1,20,8
2021-03-24T23:59:59+01:00,6,9,4210,5265,12208,18223,11774,17881,10519,22188,10937,19600,5049,6250,15339,21335,6788,13821,1332,1266,3697,5146,3206,6058,3216,8555,3758,7227,1853,2168,2669,4666,3147,8148,109787,64136,17924,1966,73670,2,1,20,8
2021-03-23T23:59:59+01:00,6,9,4154,5202,12041,17880,11575,17531,10327,21825,10718,19313,4916,6055,14700,20521,6648,13648,1317,1260,3682,5128,3185,6041,3193,8506,3722,7184,1818,2110,2440,4396,2939,7827,107445,62813,17198,1925,72405,2,1,20,8
2021-03-22T23:59:59+01:00,6,9,4107,5124,11847,17548,11387,17204,10102,21499,10503,19011,4766,5849,14082,19808,6515,13462,1304,1251,3655,5095,3154,6005,3164,8450,3686,7139,1774,2054,2241,4146,2744,7495,105597,61562,16481,1785,70731,2,1,19,8
2021-03-21T23:59:59+01:00,6,9,4033,5001,11565,17137,11106,16797,9833,21045,10248,18661,4652,5678,13388,19018,6374,13254,1296,1250,3638,5080,3133,5972,3141,8420,3667,7117,1756,2027,2076,3985,2572,7227,103724,60567,15182,1780,68879,2,1,19,8
2021-03-20T23:59:59+01:00,5,9,4003,4932,11422,16802,10981,16480,9690,20742,10072,18379,4527,5518,12759,18068,6238,13039,1295,1249,3638,5078,3130,5971,3138,8415,3662,7113,1752,2022,2045,3924,2549,7186,101533,60377,15178,1780,66935,2,1,19,8
2021-03-19T23:59:59+01:00,5,8,3959,4852,11255,16442,10800,16125,9516,20362,9860,18020,4368,5323,11737,16857,6077,12828,1286,1242,3620,5052,3101,5895,3094,8323,3560,6939,1627,1912,1971,3862,2437,6978,98839,59113,14770,1776,64766,2,1,18,8
2021-03-18T23:59:59+01:00,5,8,3873,4749,11009,16016,10532,15682,9239,19894,9637,17679,4224,5157,11114,15991,5849,12561,1282,1231,3603,5017,3081,5851,3072,8267,3532,6893,1608,1880,1932,3792,2314,6767,97041,58426,13763,1686,62396,2,1,18,8
2021-03-17T23:59:59+01:00,5,8,3702,4634,10714,15597,10267,15323,8997,19532,9386,17331,4106,4990,10300,14748,5587,12138,1281,1229,3589,4999,3075,5831,3062,8234,3514,6870,1607,1856,1908,3763,2204,6580,94396,57920,12221,1672,60729,2,1,18,8
2021-03-16T23:59:59+01:00,5,8,3561,4509,10375,15135,9993,14953,8722,19089,9090,16968,3963,4825,9484,13626,5306,11779,1267,1226,3585,4992,3064,5827,3056,8223,3507,6856,1583,1833,1869,3712,2084,6402,92066,57484,11032,1592,58275,2,1,17,8
2021-03-15T23:59:59+01:00,5,8,3413,4393,10061,14667,9703,14494,8426,18615,8802,16555,3817,4655,8777,12564,5082,11458,1257,1218,3565,4980,3052,5803,3036,8184,3487,6813,1568,1820,1852,3679,1969,6217,90106,56900,9669,1591,55704,2,0,16,8
2021-03-14T23:59:59+01:00,5,8,3343,4304,9795,14233,9448,14092,8108,18123,8522,16160,3654,4469,7976,11330,4774,11003,1243,1212,3544,4962,3031,5762,3014,8104,3459,6745,1542,1771,1791,3552,1804,5829,87797,56375,8651,981,52886,2,0,13,8
2021-03-13T23:59:59+01:00,5,8,3268,4057,9488,13569,9205,13519,7884,17554,8320,15732,3547,4368,7785,11038,4726,10915,1243,1212,3544,4962,3031,5762,3013,8104,3458,6743,1538,1770,1789,3548,1803,5828,87145,56358,8651,981,49179,2,0,13,8
2021-03-12T23:59:59+01:00,5,8,3207,3921,9242,13030,8968,12988,7651,16918,7964,14981,3384,4198,7402,10631,4589,10729,1240,1209,3540,4948,3028,5759,3006,8096,3454,6737,1511,1741,1768,3530,1704,5652,85377,55934,8405,980,46021,2,0,13,8
2021-03-11T23:59:59+01:00,5,8,3058,3653,8866,12271,8664,12312,7318,16135,7622,14338,3227,3996,6847,9912,4401,10417,1221,1199,3506,4904,2986,5682,2971,7972,3403,6639,1467,1688,1689,3330,1506,5140,82935,55190,7960,105,42143,1,0,12,8
2021-03-10T23:59:59+01:00,5,7,2993,3546,8367,11760,7988,11828,6997,15644,7324,13747,3067,3839,6287,9219,4230,10143,1210,1185,3476,4846,2955,5607,2935,7832,3349,6517,1429,1648,1631,3234,1390,4861,81119,54016,7409,82,38452,0,0,11,8
2021-03-09T23:59:59+01:00,5,6,2888,3370,7683,11309,7091,11342,6578,15032,6961,13140,2838,3539,5779,8589,4074,9867,1205,1181,3454,4800,2928,5542,2918,7781,3331,6471,1415,1624,1596,3192,1285,4663,78826,53333,6054,48,35200,0,0,11,6
2021-03-08T23:59:59+01:00,5,6,2715,3135,7041,10765,6277,10863,6176,14503,6567,12573,2629,3328,5176,7850,3928,9600,1198,1175,3433,4734,2903,5466,2879,7687,3299,6395,1408,1615,1593,3184,1280,4660,76003,52858,4915,46,32209,0,0,10,6
2021-03-07T23:59:59+01:00,5,6,2603,3003,6710,10264,5866,10322,5881,14053,6327,12186,2532,3237,4411,6788,3711,9318,1195,1172,3430,4729,2898,5454,2875,7670,3291,6382,1403,1602,1572,3144,1265,4619,72752,52652,4084,44,30378,0,0,9,6
2021-03-06T23:59:59+01:00,5,5,2558,2861,6526,9810,5667,9905,5405,13197,5953,11447,2511,3210,4405,6777,3710,9317,1195,1171,3427,4724,2896,5453,2874,7669,3290,6379,1401,1599,1572,3142,1264,4619,71526,52626,4084,44,27650,0,0,9,6
2021-03-05T23:59:59+01:00,5,5,2466,2606,6314,9225,5453,9508,5228,12630,5569,10469,2285,2747,4026,6395,3571,9103,1183,1168,3409,4708,2892,5440,2866,7651,3279,6360,1387,1592,1571,3138,1259,4615,69200,52470,3851,44,24545,0,0,9,5
2021-03-04T23:59:59+01:00,5,5,2390,2401,6099,8790,5290,9167,5047,12209,5394,10091,2193,2577,3474,5572,3406,8765,1171,1154,3366,4610,2859,5374,2834,7553,3246,6286,1367,1585,1557,3124,1251,4604,67155,51895,3412,44,22299,0,0,9,3
2021-03-03T23:59:59+01:00,4,5,2333,2350,5929,8376,5119,8807,4835,11757,5204,9646,2111,2469,3071,5134,3247,8471,1151,1146,3332,4562,2822,5309,2794,7454,3200,6212,1347,1560,1538,3093,1245,4587,65730,51309,3169,42,19960,0,0,9,2
2021-03-02T23:59:59+01:00,4,5,2279,2262,5767,8042,4962,8552,4673,11356,5044,9328,2045,2378,2766,4777,3030,8150,1146,1137,3314,4541,2807,5283,2777,7406,3192,6184,1342,1549,1520,3076,1242,4581,64382,51054,2909,42,18120,0,0,9,2
2021-03-01T23:59:59+01:00,4,5,2253,2235,5663,7826,4863,8407,4589,11204,4945,9154,1990,2301,2470,4455,2842,7834,1140,1134,3300,4523,2795,5254,2761,7360,3177,6156,1336,1546,1513,3067,1239,4577,63120,50835,2688,42,17223,0,0,9,2
2021-02-28T23:59:59+01:00,3,5,2201,2192,5485,7568,4687,8187,4454,11019,4838,9028,1953,2239,2175,4152,2639,7525,1131,1128,3285,4513,2788,5247,2755,7346,3170,6142,1331,1543,1506,3051,1238,4545,62014,50676,2385,42,15942,0,0,9,2
2021-02-27T23:59:59+01:00,3,5,2114,1883,5308,7143,4589,7875,4371,10670,4766,8778,1925,2178,2147,4107,2619,7471,1127,1125,3283,4512,2783,5245,2751,7343,3166,6139,1329,1543,1506,3050,1237,4545,61782,50644,2385,39,13776,0,0,9,2
2021-02-26T23:59:59+01:00,3,5,2057,1805,5162,6906,4443,7615,4220,10405,4557,8496,1796,2071,2086,4070,2512,7291,1106,1112,3266,4478,2771,5206,2738,7290,3144,6085,1323,1532,1502,3042,1236,4543,60458,50335,2379,38,12654,0,0,9,2
2021-02-25T23:59:59+01:00,3,5,1940,1706,4836,6504,4015,7155,3934,9891,4322,8115,1738,2013,2053,4008,2402,7097,1090,1097,3229,4435,2741,5154,2693,7183,3104,5992,1313,1516,1488,3003,1223,4484,59981,49708,2272,36,9475,0,0,9,2
2021-02-24T23:59:59+01:00,3,5,1911,1648,4719,6290,3910,6941,3812,9650,4198,7955,1716,1981,2021,3966,2290,6899,1077,1092,3202,4373,2705,5088,2668,7099,3075,5921,1297,1499,1463,2955,1211,4415,59438,49114,2026,25,8442,0,0,9,2
2021-02-23T23:59:59+01:00,3,5,1686,1501,4347,5802,3629,6547,3591,9271,4043,7670,1687,1950,1977,3919,2177,6716,1058,1081,3164,4345,2677,5031,2644,7023,3040,5862,1277,1479,1437,2920,1201,4365,58983,48592,1979,11,5550,0,0,9,2
2021-02-22T23:59:59+01:00,3,5,1677,1482,4297,5743,3593,6484,3527,9178,3982,7575,1655,1923,1951,3868,2060,6519,1054,1068,3143,4300,2657,4992,2619,6964,3011,5810,1265,1465,1428,2910,1193,4356,58442,48228,1837,6,5234,0,0,9,2
2021-02-21T23:59:59+01:00,3,5,1665,1478,4267,5710,3550,6446,3486,9123,3938,7525,1647,1916,1946,3859,1940,6357,1049,1057,3122,4262,2628,4942,2604,6896,2982,5723,1251,1449,1408,2850,1169,4279,58099,47664,1831,6,4922,0,0,9,2
2021-02-20T23:59:59+01:00,3,5,1664,1477,4262,5707,3548,6445,3486,9122,3937,7524,1642,1915,1944,3855,1939,6357,1049,1057,3120,4260,2628,4942,2603,6895,2982,5723,1251,1448,1407,2850,1169,4279,58085,47656,1831,6,4907,0,0,9,2
2021-02-19T23:59:59+01:00,3,5,1647,1470,4250,5687,3537,6431,3475,9112,3927,7509,1616,1886,1923,3836,1839,6178,1048,1056,3119,4259,2627,4941,2603,6893,2979,5721,1251,1447,1407,2849,1169,4279,57668,47641,1826,6,4830,0,0,7,2
2021-02-18T23:59:59+01:00,3,5,1603,1439,4154,5576,3466,6329,3387,8948,3842,7369,1594,1851,1889,3766,1709,5981,1002,1013,2980,4034,2502,4670,2492,6558,2873,5457,1220,1404,1376,2764,1143,4130,57023,45611,1736,6,4145,0,0,7,2
2021-02-17T23:59:59+01:00,3,4,1581,1410,4058,5426,3381,6178,3269,8712,3715,7168,1542,1783,1817,3665,1592,5676,945,963,2827,3812,2385,4358,2365,6148,2744,5145,1172,1344,1330,2657,1096,3968,55811,43251,1725,6,3437,0,0,7,2
2021-02-16T23:59:59+01:00,3,4,1507,1343,3897,5229,3244,5997,3161,8479,3593,7002,1519,1757,1782,3635,1479,5469,859,931,2696,3656,2286,4147,2239,5826,2613,4891,1116,1253,1185,2357,842,3356,55120,40248,1708,3,2267,0,0,5,2
2021-02-15T23:59:59+01:00,3,4,1492,1325,3852,5144,3186,5910,3104,8365,3526,6896,1508,1743,1767,3612,1471,5449,825,909,2615,3527,2210,3967,2156,5547,2525,4678,1073,1189,1099,2183,778,3141,54656,38420,1706,1,1990,0,0,5,1
2021-02-14T23:59:59+01:00,3,4,1426,1297,3767,5067,3143,5801,3048,8211,3482,6787,1488,1712,1714,3485,1416,5201,816,903,2566,3459,2171,3899,2103,5427,2459,4572,1047,1153,1015,2011,707,2907,54411,37213,1095,1,1541,0,0,5,1
2021-02-13T23:59:59+01:00,3,4,1424,1296,3759,5062,3136,5800,3045,8209,3479,6785,1487,1709,1714,3483,1414,5201,816,903,2566,3459,2171,3899,2102,5427,2458,4572,1045,1152,1015,2011,707,2907,54392,37210,1094,0,1519,0,0,5,0
2021-02-12T23:59:59+01:00,3,3,1391,1280,3721,5028,3114,5780,3023,8176,3460,6741,1471,1699,1704,3466,1405,5182,809,895,2533,3406,2137,3854,2072,5373,2440,4541,1044,1151,1014,2011,706,2905,54165,36891,1092,0,1385,0,0,5,0
2021-02-11T23:59:59+01:00,3,3,1344,1237,3608,4856,3023,5605,2925,7865,3360,6529,1411,1639,1637,3288,1321,4858,772,832,2279,2962,1911,3378,1842,4629,2169,4013,961,1082,928,1819,657,2636,53533,32870,128,0,848,0,0,3,0
2021-02-10T23:59:59+01:00,3,3,1323,1215,3549,4746,2957,5500,2883,7715,3307,6398,1394,1622,1610,3247,1308,4821,695,775,1987,2554,1701,2930,1603,4022,1912,3551,851,935,765,1448,529,2147,52884,28405,126,0,589,0,0,2,0
2021-02-09T23:59:59+01:00,3,2,1310,1197,3494,4677,2927,5431,2862,7619,3270,6330,1387,1609,1582,3226,1298,4808,647,697,1727,2199,1507,2541,1419,3523,1740,3187,820,901,743,1376,508,2034,52574,25569,121,0,335,0,0,2,0
2021-02-08T23:59:59+01:00,3,2,1296,1193,3465,4647,2907,5394,2841,7567,3251,6300,1377,1602,1573,3200,1296,4790,634,663,1576,1962,1366,2287,1285,3215,1580,2927,781,880,695,1270,476,1865,52275,23462,95,0,332,0,0,2,0
2021-02-07T23:59:59+01:00,3,2,1164,1150,3358,4591,2852,5352,2814,7528,3226,6263,1367,1586,1565,3178,1291,4758,487,517,1307,1606,1126,1836,1077,2624,1353,2406,675,754,613,1111,431,1650,51979,19573,67,0,0,0,0,2,0
2021-02-06T23:59:59+01:00,3,2,1160,1148,3356,4589,2848,5349,2807,7525,3222,6259,1365,1584,1564,3175,1290,4758,363,368,1107,1354,989,1532,933,2210,1187,1987,586,652,586,1094,428,1647,51935,17023,67,0,0,0,0,2,0
2021-02-05T23:59:59+01:00,3,1,1149,1138,3340,4568,2840,5322,2796,7480,3203,6213,1359,1576,1561,3168,1289,4758,261,206,923,1036,841,1160,758,1758,1009,1578,469,546,559,1074,425,1643,51695,14246,67,0,0,0,0,2,0
2021-02-04T23:59:59+01:00,3,1,1133,1121,3295,4520,2799,5247,2754,7348,3155,6129,1345,1561,1548,3136,1280,4731,133,81,618,662,550,738,516,1147,667,986,288,363,459,928,387,1492,51059,10015,45,0,0,0,0,2,0
2021-02-03T23:59:59+01:00,3,1,1111,1115,3268,4474,2770,5205,2732,7293,3124,6072,1335,1552,1525,3095,1274,4686,115,65,492,512,419,596,415,907,512,743,240,284,359,729,303,1163,50589,7854,44,0,0,0,0,2,0
2021-02-02T23:59:59+01:00,3,1,1090,1102,3229,4443,2740,5152,2706,7217,3090,6008,1312,1524,1491,3038,1248,4595,105,56,409,414,348,518,367,820,459,661,219,261,314,659,279,1044,49944,6933,43,0,0,0,0,2,0
2021-02-01T23:59:59+01:00,3,1,1074,1091,3208,4390,2709,5090,2675,7090,3060,5911,1292,1496,1467,3002,1232,4532,78,41,312,310,256,393,274,611,325,496,180,211,248,522,217,813,49278,5287,43,0,0,0,0,2,0
2021-01-31T23:59:59+01:00,3,1,1069,1081,3193,4361,2685,5046,2660,7035,3046,5867,1281,1479,1447,2938,1209,4454,68,40,287,286,231,346,253,570,295,457,161,193,208,426,176,657,48810,4654,43,0,0,0,0,2,0
2021-01-30T23:59:59+01:00,3,1,1069,1081,3190,4357,2684,5046,2659,7034,3046,5866,1281,1478,1446,2938,1209,4454,68,37,280,272,218,330,248,559,291,451,160,190,207,426,176,657,48800,4570,40,0,0,0,0,2,0
2021-01-29T23:59:59+01:00,3,1,1068,1080,3189,4354,2684,5044,2659,7032,3043,5864,1281,1478,1446,2937,1209,4454,64,33,262,258,195,310,232,542,280,443,155,188,203,420,175,655,48784,4415,40,0,0,0,0,2,0
2021-01-28T23:59:59+01:00,3,1,1048,1061,3122,4249,2630,4933,2602,6876,2976,5733,1267,1456,1433,2871,1187,4334,55,18,165,154,129,186,162,357,205,280,124,145,157,261,102,378,47743,2878,37,0,0,0,0,2,0
2021-01-27T23:59:59+01:00,3,1,1003,1023,3036,4105,2549,4754,2507,6594,2892,5532,1237,1414,1397,2782,1154,4194,26,7,100,71,58,91,83,209,115,147,94,113,113,193,77,270,46148,1767,27,0,0,0,0,2,0
2021-01-26T23:59:59+01:00,2,1,926,994,2920,3970,2470,4569,2425,6414,2821,5377,1211,1365,1306,2629,940,3795,26,7,95,70,57,90,81,209,113,146,92,112,113,193,77,270,44117,1751,16,0,0,0,0,2,0
2021-01-25T23:59:59+01:00,2,1,911,977,2841,3840,2424,4421,2364,6217,2762,5226,1193,1343,1292,2604,930,3762,26,7,94,70,55,90,81,209,113,144,92,112,113,193,77,270,43098,1746,11,0,0,0,0,1,0
2021-01-24T23:59:59+01:00,2,1,901,973,2821,3825,2414,4389,2338,6178,2729,5166,1181,1337,1283,2582,917,3728,26,7,94,70,55,90,81,209,113,144,91,112,113,193,77,270,42756,1745,8,0,0,0,0,1,0
2021-01-23T23:59:59+01:00,2,1,901,973,2821,3824,2414,4389,2338,6178,2728,5166,1179,1336,1283,2582,917,3728,26,7,94,70,55,90,81,209,113,144,91,112,113,193,77,269,42753,1744,7,0,0,0,0,0,0
2021-01-22T23:59:59+01:00,2,1,895,966,2789,3778,2380,4324,2307,6103,2707,5119,1178,1335,1282,2581,916,3725,26,7,94,70,55,90,81,209,113,144,91,112,113,193,77,269,42381,1744,7,0,0,0,0,0,0
2021-01-21T23:59:59+01:00,2,1,880,898,2531,3362,2179,3908,2127,5494,2483,4633,1126,1287,1238,2460,886,3573,22,7,83,64,51,73,68,169,93,133,81,97,96,143,65,208,39061,1453,7,0,0,0,0,0,0
2021-01-20T23:59:59+01:00,2,1,805,836,2219,2957,1972,3442,1895,4885,2227,4156,1014,1147,1080,2114,773,3110,22,7,83,64,51,72,68,169,93,133,81,97,96,143,64,208,34628,1451,7,0,0,0,0,0,0
2021-01-19T23:59:59+01:00,2,1,745,758,1929,2514,1729,2981,1660,4228,1984,3684,941,1052,960,1841,676,2761,11,3,50,45,32,44,35,100,44,77,36,37,46,75,39,133,30440,807,6,0,0,0,0,0,0
2021-01-18T23:59:59+01:00,2,1,675,702,1701,2116,1491,2504,1412,3543,1728,3178,860,967,861,1635,624,2491,5,2,19,11,13,20,17,54,17,33,19,22,25,53,28,75,26488,413,3,0,0,0,0,0,0
2021-01-17T23:59:59+01:00,1,1,495,542,1384,1713,1210,1970,1156,2807,1450,2555,721,815,714,1356,514,2123,0,1,3,2,0,0,0,0,0,0,0,0,0,0,0,0,21525,6,2,0,0,0,0,0,0
2021-01-16T23:59:59+01:00,1,0,372,395,1202,1466,1090,1683,1015,2407,1293,2148,634,717,686,1340,512,2122,0,0,0,0,0,0,0,0,0,0,0,0,0,0,0,0,19082,0,1,0,0,0,0,0,0
2021-01-15T23:59:59+01:00,1,0,266,232,1018,1163,942,1336,846,1959,1113,1747,517,607,648,1307,501,2082,0,0,0,0,0,0,0,0,0,0,0,0,0,0,0,0,16284,0,1,0,0,0,0,0,0
2021-01-14T23:59:59+01:00,0,0,151,102,702,775,650,865,610,1301,749,1129,331,420,539,1125,451,1858,0,0,0,0,0,0,0,0,0,0,0,0,0,0,0,0,11758,0,0,0,0,0,0,0,0
2021-01-13T23:59:59+01:00,0,0,127,81,591,606,526,697,493,1045,592,864,278,346,453,958,394,1590,0,0,0,0,0,0,0,0,0,0,0,0,0,0,0,0,9641,0,0,0,0,0,0,0,0
2021-01-12T23:59:59+01:00,0,0,116,65,510,519,448,595,430,919,521,761,244,297,369,766,328,1242,0,0,0,0,0,0,0,0,0,0,0,0,0,0,0,0,8130,0,0,0,0,0,0,0,0
2021-01-11T23:59:59+01:00,0,0,87,52,416,421,364,484,344,742,414,588,210,246,309,637,269,1045,0,0,0,0,0,0,0,0,0,0,0,0,0,0,0,0,6628,0,0,0,0,0,0,0,0
2021-01-10T23:59:59+01:00,0,0,73,45,352,348,298,403,288,645,344,521,185,218,249,505,212,815,0,0,0,0,0,0,0,0,0,0,0,0,0,0,0,0,5501,0,0,0,0,0,0,0,0
2021-01-09T23:59:59+01:00,0,0,73,43,337,328,274,381,280,629,336,514,184,217,248,503,212,815,0,0,0,0,0,0,0,0,0,0,0,0,0,0,0,0,5374,0,0,0,0,0,0,0,0
2021-01-08T23:59:59+01:00,0,0,69,37,303,296,228,340,253,588,309,475,167,199,223,445,192,717,0,0,0,0,0,0,0,0,0,0,0,0,0,0,0,0,4841,0,0,0,0,0,0,0,0
2021-01-07T23:59:59+01:00,0,0,58,25,213,198,159,241,194,421,238,339,138,160,169,288,121,446,0,0,0,0,0,0,0,0,0,0,0,0,0,0,0,0,3408,0,0,0,0,0,0,0,0
2021-01-06T23:59:59+01:00,0,0,47,16,163,120,113,160,144,294,175,239,108,128,128,222,82,313,0,0,0,0,0,0,0,0,0,0,0,0,0,0,0,0,2452,0,0,0,0,0,0,0,0
2021-01-05T23:59:59+01:00,0,0,29,8,97,72,58,93,86,212,114,149,98,118,119,204,81,291,0,0,0,0,0,0,0,0,0,0,0,0,0,0,0,0,1829,0,0,0,0,0,0,0,0
2021-01-04T23:59:59+01:00,0,0,27,8,97,71,55,91,86,212,114,147,98,117,119,204,81,291,0,0,0,0,0,0,0,0,0,0,0,0,0,0,0,0,1818,0,0,0,0,0,0,0,0
2021-01-03T23:59:59+01:00,0,0,27,8,97,71,55,91,86,212,114,147,97,117,119,204,81,291,0,0,0,0,0,0,0,0,0,0,0,0,0,0,0,0,1817,0,0,0,0,0,0,0,0
2021-01-02T23:59:59+01:00,0,0,27,8,97,71,55,91,86,212,113,147,97,117,119,204,81,290,0,0,0,0,0,0,0,0,0,0,0,0,0,0,0,0,1815,0,0,0,0,0,0,0,0
2021-01-01T23:59:59+01:00,0,0,27,8,97,71,55,91,86,212,113,146,97,117,119,204,81,290,0,0,0,0,0,0,0,0,0,0,0,0,0,0,0,0,1814,0,0,0,0,0,0,0,0
2020-12-31T23:59:59+01:00,0,0,27,8,97,71,55,91,86,212,112,146,97,117,119,204,81,290,0,0,0,0,0,0,0,0,0,0,0,0,0,0,0,0,1813,0,0,0,0,0,0,0,0
2020-12-30T23:59:59+01:00,0,0,27,8,97,71,54,91,86,212,112,146,97,117,119,204,80,290,0,0,0,0,0,0,0,0,0,0,0,0,0,0,0,0,1811,0,0,0,0,0,0,0,0
2020-12-29T23:59:59+01:00,0,0,15,2,65,53,32,61,50,138,64,89,47,51,66,119,51,195,0,0,0,0,0,0,0,0,0,0,0,0,0,0,0,0,1098,0,0,0,0,0,0,0,0
2020-12-28T23:59:59+01:00,0,0,5,2,36,26,19,30,21,67,25,41,20,22,26,47,28,74,0,0,0,0,0,0,0,0,0,0,0,0,0,0,0,0,489,0,0,0,0,0,0,0,0
2020-12-27T23:59:59+01:00,0,0,0,0,7,5,7,2,1,5,0,2,0,1,2,2,4,6,0,0,0,0,0,0,0,0,0,0,0,0,0,0,0,0,44,0,0,0,0,0,0,0,0
