Datum,<15_m,<15_w,15-24_1_m,15-24_1_w,25-34_1_m,25-34_1_w,35-44_1_m,35-44_1_w,45-54_1_m,45-54_1_w,55-64_1_m,55-64_1_w,65-74_1_m,65-74_1_w,75-84_1_m,75-84_1_w,>84_1_m,>84_1_w,<24_2_m,<24_2_w,25-34_2_m,25-34_2_w,35-44_2_m,35-44_2_w,45-54_2_m,45-54_2_w,55-64_2_m,55-64_2_w,65-74_2_m,65-74_2_w,75-84_2_m,75-84_2_w,>84_2_m,>84_2_w,bp_1,bp_2,mo_1,mo_2,az_1,az_2,ja,unb_1,unb_2
2021-08-30T23:59:59+02:00,8026,7770,58857,59208,101701,99408,93528,93027,91118,96623,91367,93617,55096,68509,43548,60371,10519,21239,52501,52933,95010,92110,87708,86219,86200,91073,87339,89588,53262,66144,42267,58364,10109,20231,782466,735375,132974,125402,158491,142807,79492,109,96
2021-08-29T23:59:59+02:00,7950,7695,58604,58978,101500,99226,93376,92866,90992,96511,91284,93530,55053,68462,43524,60343,10518,21232,52176,52641,94730,91838,87454,85978,85984,90885,87192,89467,53198,66070,42238,58328,10106,20219,781149,733554,132888,125075,158477,142670,79021,109,96
2021-08-28T23:59:59+02:00,7894,7630,58472,58868,101394,99119,93275,92785,90908,96437,91239,93501,55039,68449,43516,60338,10517,21230,52001,52495,94575,91709,87320,85870,85874,90798,87127,89426,53182,66049,42227,58320,10105,20218,780539,732750,132851,124974,158473,142645,78639,109,96
2021-08-27T23:59:59+02:00,7830,7547,58285,58683,101236,98960,93140,92663,90802,96334,91152,93446,55018,68420,43508,60322,10516,21227,51761,52261,94294,91438,87105,85672,85706,90649,87021,89330,53141,66013,42215,58295,10101,20215,779598,731222,132789,124778,158423,142608,78170,109,96
2021-08-26T23:59:59+02:00,7745,7448,58058,58444,101020,98747,92927,92443,90625,96159,91051,93351,54970,68361,43475,60295,10510,21215,51432,51984,93941,91097,86781,85366,85469,90397,86869,89201,53083,65927,42170,58252,10096,20203,778183,729363,132695,124382,158397,142484,77460,109,96
2021-08-25T23:59:59+02:00,7675,7359,57852,58263,100855,98613,92781,92265,90513,96037,90948,93276,54935,68317,43445,60252,10506,21193,51140,51741,93650,90846,86562,85124,85276,90209,86742,89078,53022,65848,42129,58186,10092,20176,777046,727704,132616,124070,158388,142414,76926,109,96
2021-08-24T23:59:59+02:00,7627,7310,57643,58056,100678,98450,92621,92107,90407,95917,90864,93211,54899,68263,43422,60210,10499,21169,50831,51488,93314,90562,86269,84878,85078,90028,86594,88923,52941,65756,42082,58122,10084,20153,775960,725937,132526,123776,158384,142198,76374,109,96
2021-08-23T23:59:59+02:00,7574,7261,57448,57865,100513,98297,92496,91955,90318,95834,90792,93127,54864,68220,43393,60185,10495,21152,50517,51227,92980,90293,86025,84609,84890,89865,86463,88799,52865,65667,42049,58073,10077,20135,774870,724093,132455,123496,158374,142023,75981,109,96
2021-08-22T23:59:59+02:00,7507,7205,57257,57687,100326,98149,92340,91826,90222,95717,90716,93062,54832,68176,43380,60161,10490,21138,50154,50884,92588,89902,85721,84315,84657,89633,86296,88677,52791,65567,42018,58014,10068,20112,773887,721813,132362,123195,158362,141813,75471,109,96
2021-08-21T23:59:59+02:00,7454,7167,57127,57567,100196,98047,92237,91723,90125,95659,90660,93027,54812,68155,43372,60144,10488,21135,49828,50586,92428,89762,85552,84165,84511,89510,86212,88617,52760,65545,42008,57999,10067,20106,773221,720323,132291,122967,158361,141772,75113,109,96
2021-08-20T23:59:59+02:00,7405,7114,56976,57398,100027,97894,92087,91588,90008,95539,90586,92967,54790,68133,43362,60126,10486,21131,49509,50261,92171,89502,85292,83928,84297,89308,86084,88510,52729,65504,41986,57975,10060,20100,772278,718417,132245,122760,158357,141705,74628,109,96
2021-08-19T23:59:59+02:00,7339,7054,56745,57173,99774,97675,91894,91406,89849,95381,90463,92866,54750,68076,43337,60096,10480,21118,49076,49833,91760,89113,84893,83531,83994,89005,85871,88329,52659,65399,41948,57917,10050,20082,770987,715786,132122,122323,158352,141502,73906,109,96
2021-08-18T23:59:59+02:00,7278,7000,56570,57018,99599,97507,91755,91251,89715,95263,90362,92771,54684,68014,43308,60052,10471,21098,48738,49479,91391,88797,84580,83204,83722,88753,85684,88161,52548,65289,41879,57828,10036,20052,769879,713463,132040,121934,158345,141268,73343,109,96
2021-08-17T23:59:59+02:00,7217,6949,56390,56866,99409,97335,91597,91110,89595,95135,90266,92682,54648,67967,43285,60025,10469,21083,48257,49073,90946,88375,84181,82852,83395,88468,85481,87963,52446,65167,41823,57753,10030,20030,768805,710503,131939,121529,158331,140982,72844,109,96
2021-08-16T23:59:59+02:00,7160,6882,56214,56701,99220,97164,91452,90958,89461,95020,90155,92586,54597,67906,43257,59977,10461,21070,47706,48515,90485,87943,83720,82461,83071,88178,85256,87765,52345,65054,41767,57675,10021,19994,767674,707059,131851,121088,158325,140756,72282,109,96
2021-08-15T23:59:59+02:00,7096,6833,56003,56519,99042,96992,91300,90824,89338,94918,90066,92528,54562,67865,43237,59948,10457,21063,46598,47417,89849,87267,83174,81937,82680,87794,84971,87561,52238,64932,41726,57618,10012,19974,766641,701362,131743,120460,158316,140580,71782,109,96
2021-08-14T23:59:59+02:00,7066,6804,55886,56429,98902,96893,91197,90749,89252,94850,90016,92484,54547,67849,43232,59941,10456,21062,46452,47281,89627,87091,82964,81735,82558,87696,84904,87517,52210,64901,41717,57607,10011,19972,766127,700581,131688,120141,158312,140528,71379,109,96
2021-08-13T23:59:59+02:00,7023,6760,55739,56308,98751,96770,91073,90616,89151,94738,89939,92423,54518,67800,43218,59919,10454,21056,46157,46973,89163,86702,82574,81366,82299,87462,84740,87381,52168,64835,41696,57583,10008,19961,765332,698409,131631,119596,158305,140450,70881,107,96
2021-08-12T23:59:59+02:00,6988,6710,55536,56151,98553,96596,90903,90459,89008,94601,89848,92347,54481,67748,43193,59885,10446,21039,45753,46590,88540,86142,82006,80832,81925,87147,84513,87208,52095,64735,41645,57524,9998,19944,764309,695529,131527,118768,158294,140200,70255,107,96
2021-08-11T23:59:59+02:00,6954,6656,55350,55987,98353,96422,90752,90327,88879,94492,89739,92246,54430,67691,43162,59847,10436,21024,45346,46141,87938,85491,81435,80329,81598,86845,84248,86972,52012,64601,41573,57404,9981,19901,763218,692436,131432,117830,158273,139870,69717,107,95
2021-08-10T23:59:59+02:00,6894,6610,55169,55831,98152,96285,90594,90181,88753,94381,89656,92173,54387,67646,43146,59810,10432,21011,44922,45684,87301,84887,80838,79794,81194,86466,84007,86761,51891,64496,41516,57319,9968,19870,762203,689164,131339,116892,158254,139559,69208,107,95
2021-08-09T23:59:59+02:00,6845,6554,55005,55670,97968,96143,90452,90047,88623,94288,89550,92114,54349,67600,43121,59778,10425,20997,44374,45139,86477,84218,80156,79215,80784,86124,83715,86541,51783,64365,41460,57220,9954,19827,761259,685407,131268,115838,158246,139216,68649,107,95
2021-08-08T23:59:59+02:00,6780,6488,54786,55488,97775,95963,90280,89888,88492,94176,89458,92041,54296,67555,43096,59744,10418,20976,43782,44541,85433,83300,79267,78413,80252,85654,83392,86246,51653,64214,41400,57130,9942,19801,760108,680398,131159,114660,158226,138908,68100,107,95
2021-08-07T23:59:59+02:00,6736,6439,54648,55364,97642,95854,90152,89787,88399,94118,89396,92001,54277,67529,43092,59734,10415,20971,42957,43675,85104,82972,78799,77976,79898,85306,83209,86105,51590,64131,41379,57094,9937,19792,759457,676749,131095,113516,158222,138802,67673,107,94
2021-08-06T23:59:59+02:00,6682,6390,54460,55222,97419,95676,90004,89658,88275,94006,89302,91932,54238,67502,43083,59708,10412,20967,42044,42800,84649,82519,78209,77422,79510,84928,83020,85958,51540,64067,41353,57062,9929,19780,758521,672834,131007,112241,158215,138668,67086,107,94
2021-08-05T23:59:59+02:00,6617,6322,54150,54983,97136,95419,89758,89449,88067,93823,89134,91802,54174,67414,43054,59656,10403,20948,40824,41656,83930,81859,77441,76635,78915,84370,82666,85657,51409,63909,41292,56963,9914,19748,756940,667340,130883,110627,158204,138128,66175,107,94
2021-08-04T23:59:59+02:00,6537,6271,53919,54803,96903,95215,89588,89285,87928,93687,89019,91704,54121,67362,43018,59611,10400,20938,40365,41177,82737,80819,76119,75494,78426,83921,82349,85410,51272,63772,41236,56879,9898,19723,755686,662202,130781,109127,158191,137676,65544,107,94
2021-08-03T23:59:59+02:00,6473,6209,53663,54612,96675,95027,89419,89126,87788,93544,88876,91584,54041,67281,42982,59553,10392,20930,39930,40770,81494,79687,74700,74305,77823,83357,81807,84921,51060,63569,41135,56723,9885,19687,754333,656424,130681,107429,158169,136972,64885,107,94
2021-08-02T23:59:59+02:00,6412,6146,53426,54415,96422,94813,89205,88956,87625,93401,88735,91470,53960,67211,42951,59505,10389,20910,39467,40305,80190,78586,73155,73098,77201,82789,81268,84442,50891,63368,41061,56604,9868,19653,752935,650424,130537,105668,158148,136374,64225,107,94
2021-08-01T23:59:59+02:00,6348,6061,53160,54155,96164,94545,88974,88786,87419,93258,88571,91360,53897,67128,42915,59454,10382,20903,38951,39814,78901,77506,71751,71998,76314,82039,80687,83980,50707,63132,40978,56499,9858,19629,751350,644284,130349,103770,158129,135766,63545,107,94
2021-07-31T23:59:59+02:00,6313,6022,53043,54065,96048,94453,88873,88719,87330,93187,88527,91324,53886,67119,42909,59450,10382,20902,38008,38809,78458,77066,71220,71446,75933,81712,80571,83884,50688,63099,40962,56488,9858,19626,750876,639655,130186,102898,158127,135671,63256,107,94
2021-07-30T23:59:59+02:00,6260,5987,52875,53925,95893,94282,88723,88574,87203,93074,88446,91255,53849,67089,42897,59432,10380,20900,37013,37767,77769,76427,70474,70715,75421,81187,80171,83563,50614,63011,40930,56428,9852,19615,750004,633523,129876,101766,158124,135464,62933,107,94
2021-07-29T23:59:59+02:00,6209,5929,52644,53747,95644,94059,88511,88367,87038,92902,88307,91131,53793,67026,42874,59398,10372,20880,35774,36554,76725,75553,69425,69763,74618,80441,79632,83138,50482,62848,40863,56334,9835,19588,748790,625813,129405,100215,158110,134909,62419,107,94
2021-07-28T23:59:59+02:00,6171,5877,52449,53583,95443,93858,88366,88189,86922,92763,88197,91039,53736,66954,42842,59350,10363,20851,35171,35976,75571,74585,68151,68656,73860,79731,79142,82688,50345,62647,40795,56232,9818,19550,747652,619539,128963,98806,158092,134126,62139,107,94
2021-07-27T23:59:59+02:00,6123,5838,52218,53363,95182,93652,88190,88008,86765,92614,88077,90942,53683,66882,42798,59288,10349,20803,34522,35251,74126,73354,66706,67443,73001,78882,78598,82179,50172,62439,40715,56111,9793,19507,746265,612339,128543,97355,158070,132892,61790,107,93
2021-07-26T23:59:59+02:00,6066,5787,52006,53161,94944,93461,87999,87844,86608,92480,87947,90844,53623,66803,42769,59234,10342,20782,33769,34452,72621,72024,65346,66208,71959,77900,78009,81651,50003,62225,40637,55964,9771,19462,744948,604339,128122,95829,158054,131828,61469,107,93
2021-07-25T23:59:59+02:00,6028,5745,51807,52971,94695,93235,87833,87661,86459,92352,87840,90748,53573,66740,42741,59190,10332,20746,33065,33712,71283,70821,64236,65196,70958,76996,77543,81206,49887,62042,40573,55877,9765,19428,743599,597428,127848,94263,158036,131036,61106,107,93
2021-07-24T23:59:59+02:00,5941,5689,51535,52682,94392,92925,87588,87448,86283,92197,87741,90669,53543,66706,42730,59167,10332,20740,32581,33237,70430,70136,63566,64645,70084,76299,77339,81055,49833,62000,40552,55852,9765,19426,741747,593073,127793,93333,158033,130913,60628,107,93
2021-07-23T23:59:59+02:00,5889,5634,51269,52413,94004,92648,87298,87234,86103,92017,87606,90575,53510,66659,42722,59149,10329,20734,32077,32622,69377,69294,62784,63983,69180,75453,76938,80729,49758,61902,40520,55814,9758,19412,739733,587535,127720,92173,158027,130736,60206,107,93
2021-07-22T23:59:59+02:00,5820,5570,50859,52015,93550,92213,86918,86907,85798,91720,87390,90395,53425,66566,42693,59091,10320,20709,31390,31918,68082,68307,61743,63105,67562,74103,76294,80223,49607,61699,40430,55704,9737,19374,736742,581179,127487,89420,158003,129971,59620,107,93
2021-07-21T23:59:59+02:00,5768,5519,50502,51643,93122,91806,86617,86609,85543,91476,87221,90212,53343,66485,42635,59024,10309,20681,30796,31293,66753,67270,60663,62210,65525,72418,75389,79480,49319,61391,40270,55516,9713,19319,733986,574936,127255,85121,157978,128886,59189,107,93
2021-07-20T23:59:59+02:00,5710,5456,50118,51258,92666,91346,86253,86291,85280,91225,87003,90018,53253,66350,42590,58965,10303,20656,30146,30667,65303,66093,59524,61256,64341,71361,74779,78928,49111,61158,40164,55359,9691,19258,731075,567929,127035,83462,157922,127861,58602,107,93
2021-07-19T23:59:59+02:00,5631,5382,49657,50809,92197,90878,85890,85964,85031,91014,86798,89844,53160,66231,42554,58888,10286,20620,29613,30106,64148,65042,58607,60394,63190,70325,74184,78414,48937,60961,40072,55214,9663,19213,727842,562185,126813,81659,157889,126675,58183,107,93
2021-07-18T23:59:59+02:00,5563,5313,48835,50000,91150,89850,85170,85358,84561,90591,86507,89554,53053,66083,42491,58793,10276,20589,29067,29529,62980,63976,57683,59482,62016,69300,73638,77917,48791,60800,40014,55131,9651,19185,721470,556378,126483,79643,157872,125872,57805,107,93
2021-07-17T23:59:59+02:00,5389,5127,48485,49672,91006,89717,84976,85200,84405,90456,86398,89471,53031,66056,42480,58781,10275,20586,28690,29161,62342,63383,57136,59058,61258,68565,73333,77676,48681,60683,39974,55073,9641,19174,720297,553394,126306,78676,157866,125254,56935,107,93
2021-07-16T23:59:59+02:00,5290,5036,48167,49390,90743,89499,84731,85001,84201,90272,86260,89363,52990,66025,42462,58767,10272,20581,28201,28673,61413,62478,56291,58370,60203,67530,72831,77258,48521,60496,39928,55005,9636,19165,718929,548468,126138,77355,157856,124518,56020,107,93
2021-07-15T23:59:59+02:00,5154,4905,47693,48984,90356,89129,84375,84622,83903,89998,86041,89195,52911,65935,42408,58699,10262,20554,27475,28064,60109,61430,55176,57388,58805,66223,72105,76675,48300,60238,39842,54878,9620,19110,716496,542718,125720,75167,157820,122861,54981,107,93
2021-07-14T23:59:59+02:00,5048,4792,47351,48611,90060,88840,84091,84312,83653,89759,85838,89040,52823,65827,42350,58611,10245,20524,26961,27526,59029,60444,54213,56552,57932,65380,71494,76095,48033,59960,39739,54705,9598,19066,714353,537364,125363,74253,157773,121178,54179,107,93
2021-07-13T23:59:59+02:00,4935,4675,46951,48235,89671,88484,83786,84011,83390,89504,85635,88875,52716,65723,42296,58547,10239,20504,26318,26876,57663,59264,53021,55567,56942,64469,70771,75460,47758,59639,39611,54529,9569,19016,712024,531066,124994,73154,157724,119145,53329,106,92
2021-07-12T23:59:59+02:00,4767,4506,46414,47730,89275,88152,83396,83697,83145,89249,85448,88717,52635,65628,42248,58482,10227,20489,25700,26236,56160,57921,51729,54508,55717,63330,70028,74842,47387,59212,39436,54308,9528,18951,709360,523814,124624,72128,157661,116803,52454,106,91
2021-07-11T23:59:59+02:00,4372,4135,45473,46813,88854,87724,82982,83313,82839,88963,85257,88571,52550,65538,42223,58426,10216,20472,25104,25674,54789,56663,50433,53468,54672,62299,69439,74293,47042,58830,39312,54133,9503,18909,705439,517210,124153,71120,157622,115018,51401,106,91
2021-07-10T23:59:59+02:00,4360,4120,45143,46478,88403,87246,82650,83002,82737,88866,85189,88513,52530,65515,42214,58412,10215,20468,24620,25149,53713,55728,49575,52887,54077,61731,69222,74106,46671,58411,39212,54028,9498,18898,704776,512923,123689,71036,157446,113698,50044,106,91
2021-07-09T23:59:59+02:00,4341,4107,44724,46046,87795,86696,82274,82664,82487,88682,85074,88420,52496,65486,42207,58399,10211,20459,23925,24383,52399,54493,48640,52007,53300,60880,68801,73707,46311,58005,39126,53938,9490,18886,703385,506776,123111,70632,157281,112353,48685,106,90
2021-07-08T23:59:59+02:00,4316,4081,44178,45566,86938,85997,81755,82157,82233,88444,84879,88267,52431,65419,42176,58353,10200,20443,22955,23465,50468,52938,47266,50858,52166,59758,68121,73074,45797,57453,38991,53775,9462,18817,701303,499096,122224,69367,156992,109823,47208,106,90
2021-07-07T23:59:59+02:00,4292,4053,43611,44997,86114,85234,81214,81681,81949,88152,84677,88106,52353,65320,42136,58291,10193,20423,22094,22576,48528,51263,45760,49723,50933,58582,67434,72541,45068,56717,38802,53537,9431,18759,698831,490987,121231,68254,156741,106726,45888,105,88
2021-07-06T23:59:59+02:00,4260,4033,43071,44482,85267,84503,80607,81093,81581,87824,84504,87932,52264,65238,42098,58228,10184,20398,21266,21725,46549,49479,44376,48473,49661,57249,66690,71822,44241,55947,38617,53298,9413,18703,696216,482052,120209,67174,156441,103774,44597,104,88
2021-07-05T23:59:59+02:00,4237,3997,41931,43514,83774,83423,79876,80482,81131,87407,84232,87671,52147,65101,42049,58150,10170,20370,20094,20684,44608,47889,43351,47511,48633,56290,65994,71206,43484,55086,38445,53075,9389,18664,692953,476096,119151,66306,156076,100688,41378,104,88
2021-07-04T23:59:59+02:00,4210,3976,40584,42322,82140,82109,79157,79874,80661,86982,83963,87476,52057,64975,42003,58099,10157,20341,18750,19481,42823,46378,42653,46772,47826,55433,65415,70639,42742,54243,38281,52883,9370,18616,689886,471465,117997,65379,155655,98072,37444,104,88
2021-07-03T23:59:59+02:00,3746,3561,39027,40796,81284,81458,78673,79384,80218,86505,83747,87306,51989,64874,41985,58047,10154,20335,17942,18793,41910,45688,42235,46391,47421,55034,65251,70474,42154,53517,38219,52784,9363,18606,686192,469536,116689,65279,155571,96483,34533,104,88
2021-07-02T23:59:59+02:00,3187,2989,37480,39318,80568,80733,78002,78685,79698,86003,83505,87106,51939,64788,41956,58000,10142,20322,17188,18080,40770,44734,41502,45699,46587,54251,64731,70027,41205,52312,38089,52595,9347,18587,681187,464499,115285,64818,155417,93992,32428,104,87
2021-07-01T23:59:59+02:00,2546,2445,35770,37671,79601,79876,77171,77856,78995,85367,83191,86827,51818,64630,41893,57896,10123,20294,16326,17191,39240,43500,40288,44634,45281,53124,63995,69454,40318,51176,37939,52388,9330,18555,674904,458160,113578,63167,155191,91228,30193,104,87
2021-06-30T23:59:59+02:00,2504,2414,34769,36670,77775,78376,75466,76357,78337,84820,82906,86534,51688,64470,41833,57801,10111,20267,15305,16230,37558,42274,39090,43523,44121,52071,63243,68829,39773,50494,37824,52193,9308,18520,669061,452054,111844,61827,154976,89352,27113,104,86
2021-06-29T23:59:59+02:00,2471,2381,33940,35787,76178,76891,73849,74939,77547,84101,82362,86045,51506,64251,41756,57670,10094,20231,14475,15334,36245,41135,38171,42702,42896,51020,62532,68245,39068,49560,37688,51975,9286,18477,662736,446900,109969,59990,154706,87404,24484,104,85
2021-06-28T23:59:59+02:00,2431,2348,33137,34991,74558,75483,72170,73539,76523,83313,81756,85547,51327,64024,41679,57563,10081,20197,13734,14591,35190,40117,37344,41970,41772,50025,61884,67700,38195,48473,37521,51754,9266,18430,656288,442080,108004,58476,154111,85206,22160,104,84
2021-06-27T23:59:59+02:00,2417,2333,32405,34251,72990,74114,70767,72333,75126,82193,81080,84995,51127,63807,41614,57446,10071,20168,13102,13964,34232,39365,36687,41365,40839,49177,61347,67256,37336,47444,37369,51577,9251,18399,650102,438192,106066,57714,153158,82948,19807,104,84
2021-06-26T23:59:59+02:00,1785,1726,31375,33155,72639,73797,70302,71868,74832,81881,80986,84913,51105,63779,41600,57436,10070,20165,12909,13758,33571,38823,36046,40945,40320,48842,60351,66254,36349,46309,37202,51363,9237,18366,645336,432228,105129,57662,153153,81009,19696,100,84
2021-06-25T23:59:59+02:00,1167,1128,30264,31994,72154,73272,69686,71171,74408,81437,80610,84590,51044,63693,41566,57393,10065,20151,12586,13372,32717,38025,35178,40122,39382,48005,59140,65021,35834,45610,37010,51062,9214,18323,639045,423816,103939,57216,153145,79951,19564,100,84
2021-06-24T23:59:59+02:00,567,569,28932,30685,71383,72528,68813,70287,73737,80809,80164,84226,50938,63564,41514,57324,10054,20117,11930,12678,31556,36725,33964,38854,38256,46896,57506,63645,35359,45090,36854,50874,9195,18263,631281,414503,102447,55666,153031,78065,19352,100,83
2021-06-23T23:59:59+02:00,540,536,28430,30145,70278,71547,67537,69151,72990,80122,79715,83824,50827,63390,41453,57228,10037,20086,11443,12152,30557,35477,33034,37630,37243,46018,55567,61935,34809,44525,36687,50647,9174,18198,625075,404764,100875,54600,152926,76811,18860,100,82
2021-06-22T23:59:59+02:00,517,520,27919,29567,69104,70520,66334,68121,72311,79417,79299,83458,50721,63263,41405,57144,10028,20061,11099,11756,29636,34541,32070,36743,36283,45129,53601,60102,34422,44050,36549,50406,9145,18141,618761,396254,99415,53027,152792,75688,18641,100,81
2021-06-21T23:59:59+02:00,485,486,27256,28908,67786,69353,65150,66989,71550,78638,78903,83065,50613,63154,41346,57057,10015,20019,10808,11446,29012,33958,31520,36176,35683,44541,51754,58445,33714,43250,36254,49984,9116,18065,611963,388696,97920,51829,152671,75017,18120,99,81
2021-06-20T23:59:59+02:00,400,405,26619,28250,66568,68220,64127,66047,70746,77897,78548,82730,50535,63029,41297,56989,10010,19986,10521,11185,28466,33458,31064,35683,35174,44018,49915,56656,33172,42569,36057,49649,9086,18005,605585,381291,96453,51076,152573,74552,17693,99,78
2021-06-19T23:59:59+02:00,368,371,26241,27885,65837,67649,63602,65551,69950,77244,78395,82605,50514,63004,41281,56973,10009,19986,10392,10992,28219,33140,30810,35362,34952,43757,48470,55262,32912,42221,35973,49512,9078,17977,601645,375895,95510,51064,152571,74364,17640,99,78
2021-06-18T23:59:59+02:00,341,337,25781,27427,64825,66915,62864,64938,69030,76407,78005,82268,50453,62928,41254,56937,10005,19978,10178,10757,27815,32716,30484,34951,34566,43366,46744,53602,32561,41709,35836,49301,9059,17943,596239,369065,94267,50777,152563,74154,17526,98,78
2021-06-17T23:59:59+02:00,312,306,25151,26825,63572,65915,61871,64125,67439,75005,77482,81868,50353,62775,41191,56854,9992,19950,9763,10404,27022,32031,29743,34272,33729,42664,45241,52110,32116,41082,35673,49047,9027,17893,590175,361652,91615,49637,152406,73770,16693,97,77
2021-06-16T23:59:59+02:00,278,268,24630,26248,62277,64789,60763,63143,65166,73086,76636,81212,50141,62564,41100,56742,9973,19919,9443,10153,26370,31360,29035,33650,33000,42030,44649,51546,31846,40722,35527,48848,9006,17852,583949,357957,87105,48931,151969,72265,15817,95,77
2021-06-15T23:59:59+02:00,239,237,23993,25566,60876,63586,59680,62159,64011,72001,76134,80791,50018,62416,41050,56645,9966,19889,9183,9885,25769,30625,28396,32892,32323,41307,43092,49921,31400,40169,35356,48615,8976,17788,576854,351258,85476,48039,151505,71006,15327,95,77
2021-06-14T23:59:59+02:00,217,205,23526,24981,59773,62530,58805,61309,62937,70993,75660,80398,49931,62293,41000,56573,9950,19863,8897,9586,25015,29735,27629,32057,31532,40491,41809,48584,31032,39670,35219,48390,8946,17737,570994,345124,83755,47015,151303,69325,14797,95,77
2021-06-13T23:59:59+02:00,212,190,23109,24516,58843,61625,58029,60525,61829,70022,75193,79968,49843,62177,40951,56514,9938,19833,8621,9288,24306,28893,26913,31216,30768,39641,40263,47008,30569,39062,35018,48086,8916,17648,565985,338092,81891,46235,151074,67550,14272,95,76
2021-06-12T23:59:59+02:00,199,173,22883,24252,58294,61125,57670,60246,61187,69379,74993,79855,49819,62146,40939,56500,9935,19829,8506,9172,23827,28307,26396,30647,30252,39082,39186,46034,30401,38883,34922,47921,8912,17637,563096,333891,80934,46232,151066,65662,14233,95,76
2021-06-11T23:59:59+02:00,181,158,22532,23841,57555,60313,56995,59617,60282,68447,74642,79547,49746,62073,40913,56464,9932,19823,8374,8984,23318,27635,25863,29990,29671,38448,38115,45026,30131,38528,34780,47698,8899,17611,558102,329055,79643,45973,151052,63807,14169,95,75
2021-06-10T23:59:59+02:00,166,141,22001,23283,56427,59385,56065,58799,59026,67275,74107,79142,49675,61966,40889,56413,9919,19795,8113,8737,22452,26690,24897,29051,28553,37520,36725,43861,29778,38051,34500,47265,8832,17536,552563,322162,77438,45265,150810,61501,13568,95,73
2021-06-09T23:59:59+02:00,145,127,21381,22735,55172,58290,54999,57889,58074,66370,73643,78749,49588,61866,40839,56351,9905,19765,7827,8473,21534,25823,23960,28157,27520,36572,35008,42077,29394,37551,34315,46995,8791,17446,546831,314730,75988,44539,150457,59594,12517,95,71
2021-06-08T23:59:59+02:00,123,109,20711,22054,53862,57160,53880,56914,57119,65512,73096,78314,49501,61742,40784,56259,9885,19734,7559,8240,20621,24927,22901,27293,26487,35615,33659,40775,29036,37043,33995,46543,8738,17363,540177,308429,75069,43773,150013,57124,11405,95,70
2021-06-07T23:59:59+02:00,106,91,20067,21459,52425,55907,52617,55937,55960,64528,72545,77914,49416,61636,40738,56195,9872,19706,7313,8021,19778,24103,21876,26479,25454,34744,32725,39994,28752,36653,33750,46116,8687,17272,532928,303812,74174,42956,149601,54562,10321,95,70
2021-06-06T23:59:59+02:00,99,85,19560,20924,51278,54818,51516,54961,54998,63574,72037,77511,49331,61560,40701,56132,9865,19690,7105,7822,18990,23210,20976,25606,24383,33761,31813,39178,28467,36315,33494,45726,8638,17197,526603,299250,73153,42217,149267,51624,9524,93,70
2021-06-05T23:59:59+02:00,93,77,19297,20634,50508,54071,50865,54460,54524,63087,71904,77396,49319,61545,40698,56128,9862,19690,6878,7412,18350,22134,20254,24491,23507,32519,30789,37861,28136,35852,33370,45552,8631,17177,522299,292951,73148,42178,149164,48264,9454,93,70
2021-06-04T23:59:59+02:00,83,71,18854,20053,49462,53069,50054,53592,53876,62302,71561,77067,49290,61508,40678,56114,9860,19683,6660,7102,17729,21284,19578,23504,22579,31251,29580,36529,27849,35491,33258,45377,8619,17157,515840,286542,72826,42109,149145,45556,9273,93,70
2021-06-03T23:59:59+02:00,72,60,18182,19380,47944,51772,48848,52472,52912,61289,71065,76607,49224,61404,40640,56069,9847,19659,6372,6712,16994,20242,18785,22358,21580,29838,28420,35051,27304,34712,33052,45052,8583,17082,508117,279815,71812,41363,148870,42338,8555,92,69
2021-06-02T23:59:59+02:00,67,56,17813,18879,46931,50793,47986,51728,52172,60540,70816,76395,49188,61368,40621,56041,9839,19645,6190,6473,16346,19562,17879,21608,20750,28900,27326,33650,26838,34108,32893,44802,8554,17012,501867,273550,71795,41348,148846,39650,8280,90,66
2021-06-01T23:59:59+02:00,56,50,17144,18160,45078,49057,46344,50272,50654,59099,70141,75795,49098,61257,40562,55968,9826,19596,5916,6164,15187,18661,16370,20648,19544,27658,26102,32259,26287,33417,32644,44455,8508,16908,492764,267071,70454,40782,148296,36256,6555,88,66
2021-05-31T23:59:59+02:00,54,46,16669,17678,43769,47919,45136,49173,49417,57989,69464,75287,49020,61154,40518,55899,9814,19560,5639,5845,14147,17831,14971,19730,18375,26551,24882,30919,25771,32702,32450,44158,8474,16809,486522,260786,69291,40238,147835,33336,4831,87,65
2021-05-30T23:59:59+02:00,47,45,16345,17287,42792,46986,44232,48268,48424,56992,68906,74742,48913,60999,40447,55787,9799,19517,5451,5602,13599,17132,14348,19036,17489,25586,23780,29747,25001,31754,32156,43740,8429,16720,480548,254822,68256,39439,147426,31038,4212,86,61
2021-05-29T23:59:59+02:00,47,45,16214,17170,42433,46669,43889,48002,48183,56803,68848,74685,48908,60992,40441,55784,9799,19517,5288,5362,13089,16321,13702,18188,16647,24420,22670,28447,24844,31523,32093,43647,8426,16713,478585,249233,68133,39439,147417,28442,4208,86,60
2021-05-28T23:59:59+02:00,46,43,15914,16865,41737,46040,43378,47441,47677,56262,68575,74389,48843,60911,40413,55735,9796,19512,5049,4978,12553,15404,13024,17325,15782,23185,21572,27013,24596,31156,31999,43513,8416,16696,474302,243207,67631,39334,147388,25494,4170,86,58
2021-05-27T23:59:59+02:00,43,39,15395,16345,40589,45061,42359,46558,46690,55376,67990,73956,48721,60751,40359,55663,9785,19471,4825,4642,11912,14576,12239,16387,14713,21993,20312,25506,24092,30415,31827,43251,8383,16614,468475,235862,66118,38530,146667,23436,3805,86,56
2021-05-26T23:59:59+02:00,41,38,14987,15919,39491,44145,41323,45676,45664,54499,67384,73448,48569,60573,40279,55495,9764,19423,4632,4446,11355,13814,11516,15538,13709,20859,18916,23918,23506,29634,31611,42908,8330,16513,463353,228602,64092,37668,145680,21374,3507,86,56
2021-05-25T23:59:59+02:00,41,37,14597,15516,38485,43257,40354,44821,44713,53582,66774,72918,48389,60338,40200,55363,9738,19369,4425,4244,10813,13168,10756,14756,12644,19624,17481,22411,22923,28855,31377,42588,8272,16423,458052,221248,62510,36729,144570,19457,3274,86,54
2021-05-24T23:59:59+02:00,40,36,14255,15193,37656,42519,39481,44148,43850,52798,66245,72434,48264,60161,40136,55240,9718,19325,4282,4117,10366,12706,10115,14168,11759,18792,16194,21152,22253,28022,31160,42259,8213,16333,453435,214343,61279,35789,143835,18844,2864,86,53
2021-05-23T23:59:59+02:00,36,36,14087,15020,37187,42146,39031,43743,43398,52394,65975,72206,48189,60070,40098,55194,9710,19301,4092,3977,9902,12230,9491,13559,10819,17976,15000,20087,21786,27454,30908,41969,8163,16250,450244,207349,60901,35707,143811,17778,2779,86,52
2021-05-22T23:59:59+02:00,34,34,13890,14804,36498,41581,38352,43289,42827,51986,64955,71194,47984,59813,40028,55081,9700,19280,3980,3682,9686,11816,9337,13231,10576,17530,14731,19687,21692,27337,30874,41929,8156,16241,443802,206125,60898,35704,143796,15858,2748,86,52
2021-05-21T23:59:59+02:00,33,33,13511,14402,35425,40664,37290,42358,41763,51089,63600,69911,47754,59476,39948,54934,9683,19247,3874,3586,9479,11551,9126,12967,10247,17202,14319,19317,21471,27051,30813,41839,8147,16233,434198,204179,60545,35398,143561,14865,2732,85,50
2021-05-20T23:59:59+02:00,31,33,12717,13677,33986,39206,35868,40950,40359,49890,62315,68761,47465,59134,39805,54752,9662,19196,3726,3405,8953,10949,8479,12258,9550,16355,13564,18353,20654,25933,30619,41541,8108,16146,423991,199813,58844,34553,142534,11824,2355,83,50
2021-05-19T23:59:59+02:00,31,32,12179,13112,32806,37782,34764,39569,39234,48930,60313,66994,46988,58576,39622,54490,9621,19090,3623,3272,8680,10572,8183,11883,9108,15847,12927,17690,19790,24803,30393,41238,8052,16031,413150,195567,57322,33740,141425,10586,2153,83,48
2021-05-18T23:59:59+02:00,28,32,11757,12669,31764,36763,33670,38654,38192,47996,58257,65137,46633,58127,39468,54251,9589,19031,3425,3109,8181,9966,7711,11337,8565,15180,12244,16920,18848,23572,30156,40895,8015,15926,404498,191473,55362,32898,140231,7787,1846,81,48
2021-05-17T23:59:59+02:00,26,31,11506,12393,31245,36204,33174,38094,37602,47363,56357,63427,45932,57304,39192,53853,9552,18958,3343,3000,7917,9684,7418,11038,8164,14767,11674,16317,17931,22439,29923,40576,7980,15852,396917,187098,54236,32151,139421,7171,1559,80,46
2021-05-16T23:59:59+02:00,26,31,11284,12139,30723,35699,32711,37601,37080,46791,54463,61601,45387,56605,38998,53533,9525,18903,3242,2901,7629,9393,7097,10693,7688,14303,11094,15733,17000,21290,29714,40286,7942,15783,389956,182816,53268,31305,138756,6584,1041,79,44
2021-05-15T23:59:59+02:00,26,31,11130,11936,30445,35366,32473,37280,36849,46527,52892,60122,45137,56299,38921,53395,9519,18875,3221,2883,7604,9364,7082,10672,7669,14290,11077,15711,16890,21074,29505,39978,7934,15773,384146,181825,53264,31304,138710,6533,1024,79,43
2021-05-14T23:59:59+02:00,26,31,10882,11656,29975,34857,32093,36816,36336,46054,51021,58292,44776,55798,38781,53188,9503,18835,3194,2864,7534,9291,7026,10600,7610,14231,10894,15511,16158,20006,29219,39492,7917,15733,376350,178908,52936,30964,138581,6393,974,79,43
2021-05-13T23:59:59+02:00,23,30,10599,11331,29327,34217,31494,36212,35663,45387,49551,56775,44347,55172,38610,52944,9476,18789,3126,2818,7407,9190,6939,10506,7506,14122,10568,15165,15099,18770,28833,38848,7874,15659,369259,175108,51919,30401,137828,6018,863,78,42
2021-05-12T23:59:59+02:00,23,28,10470,11188,29045,33899,31227,35919,35351,45072,49266,56467,44249,55067,38558,52866,9469,18751,3114,2792,7373,9154,6909,10471,7476,14083,10401,15009,14726,18337,28529,38365,7852,15612,366590,173057,51838,30391,137670,5974,740,77,42
2021-05-11T23:59:59+02:00,22,25,10124,10864,28191,33072,30396,35165,34490,44289,47532,54697,43794,54472,38383,52576,9431,18649,3027,2694,7128,8874,6685,10170,7261,13713,9921,14462,13746,17188,28115,37748,7815,15517,359672,169386,50133,29499,135776,4624,514,77,42
2021-05-10T23:59:59+02:00,21,25,9818,10587,27445,32370,29618,34463,33720,43520,46226,53432,43412,53961,38195,52271,9381,18536,2985,2648,7001,8751,6589,10050,7122,13531,9656,14155,13050,16328,27687,37137,7789,15436,353417,166570,49016,29116,134090,3786,404,74,40
2021-05-09T23:59:59+02:00,20,25,9586,10341,26763,31684,28950,33762,32997,42824,44701,51960,42911,53342,37995,51967,9344,18451,2937,2602,6878,8607,6482,9908,7010,13319,9340,13844,12253,15427,27323,36602,7769,15380,346335,163720,47941,28559,132960,3046,317,70,40
2021-05-08T23:59:59+02:00,20,25,9493,10274,26378,31383,28504,33448,32542,42520,43669,51131,42759,53179,37955,51905,9342,18445,2934,2598,6870,8602,6476,9900,7002,13307,9330,13832,12215,15365,26645,35653,7732,15304,341818,161850,47899,28532,132874,3033,311,70,40
2021-05-07T23:59:59+02:00,19,25,9351,10126,25907,31003,28052,33074,32036,42171,42629,50306,42487,52839,37842,51745,9330,18418,2887,2572,6817,8561,6420,9845,6951,13255,9157,13610,11583,14552,25705,34268,7684,15222,336688,157757,47593,28161,132716,2839,293,70,40
2021-05-06T23:59:59+02:00,17,24,8952,9837,24990,30234,26988,32268,30807,41353,41013,49094,42106,52291,37648,51502,9292,18345,2823,2526,6686,8414,6305,9716,6803,13067,8884,13312,10935,13689,24740,32887,7650,15161,328832,153972,46518,27207,131061,2099,281,69,40
2021-05-05T23:59:59+02:00,17,23,8586,9637,24107,29635,26124,31604,29719,40561,39034,47280,41661,51739,37441,51221,9235,18233,2782,2495,6567,8285,6203,9602,6701,12926,8639,13054,10225,12860,23726,31563,7621,15090,320979,150086,45666,26319,128946,1699,197,69,39
2021-05-04T23:59:59+02:00,17,22,8343,9410,23311,28987,25150,30864,28647,39727,37522,45814,41193,51156,37164,50873,9188,18112,2743,2473,6494,8213,6121,9535,6627,12844,8402,12834,9494,12005,22780,30320,7587,15027,314331,146363,44699,25513,126309,1494,92,69,38
2021-05-03T23:59:59+02:00,17,21,8140,9196,22611,28407,24310,30259,27740,39030,36563,45063,40845,50683,36949,50584,9138,18008,2698,2440,6423,8136,6041,9470,6537,12760,8174,12621,8751,11106,21864,29104,7556,14977,309464,142623,43922,24693,124058,1253,52,68,38
2021-05-02T23:59:59+02:00,17,21,7976,9031,21973,27828,23571,29668,26921,38407,35749,44428,40586,50354,36837,50398,9104,17951,2660,2417,6381,8095,6004,9435,6497,12719,7992,12449,8151,10368,21155,28237,7535,14959,304636,139437,43152,24417,122920,1119,45,67,37
2021-05-01T23:59:59+02:00,16,21,7823,8848,21600,27370,23089,29093,26277,37695,34925,43532,40323,49979,36739,50246,9098,17934,2654,2411,6355,8085,5989,9426,6479,12705,7975,12434,8114,10304,21116,28180,7531,14955,298530,139146,43151,24410,122815,1076,45,67,37
2021-04-30T23:59:59+02:00,16,20,7675,8670,21213,26940,22643,28523,25528,36918,33916,42567,40094,49660,36642,50092,9086,17913,2636,2398,6330,8067,5967,9409,6452,12685,7943,12400,8074,10234,21065,28097,7528,14946,292236,138834,43144,24337,122631,985,39,66,37
2021-04-29T23:59:59+02:00,15,20,7406,8430,20619,26365,21972,27839,24596,35953,32640,41232,39049,48258,36325,49616,9029,17785,2604,2364,6238,7957,5882,9307,6358,12543,7739,12124,7450,9510,20658,27581,7506,14872,283490,136770,42362,23107,121197,743,39,61,35
2021-04-28T23:59:59+02:00,14,18,7131,8212,20098,25891,21334,27239,23710,35106,31245,39780,37888,46670,35983,49124,8966,17643,2534,2316,6129,7835,5772,9176,6256,12393,7520,11853,6762,8665,20242,27006,7465,14801,274808,134322,41590,21812,119559,518,39,56,35
2021-04-27T23:59:59+02:00,13,18,6947,8034,19663,25466,20712,26702,22855,34326,30029,38457,36799,45227,35600,48553,8896,17516,2508,2291,6026,7738,5719,9077,6190,12270,7305,11654,6160,7926,19836,26508,7445,14778,266983,132221,40727,20867,118008,270,39,56,35
2021-04-26T23:59:59+02:00,12,18,6765,7869,19244,25042,20168,26175,22049,33569,28813,37220,35739,43804,35294,48068,8846,17392,2496,2281,5982,7696,5674,9037,6153,12226,7119,11489,5546,7195,19464,26060,7421,14751,259289,130258,39901,20023,116807,239,36,54,35
2021-04-25T23:59:59+02:00,12,17,6660,7735,18906,24772,19787,25835,21436,32952,27827,36264,34608,42375,34979,47638,8804,17310,2484,2274,5964,7672,5655,9020,6132,12201,7082,11462,5419,7014,19129,25596,7405,14707,252096,129637,39187,19282,116546,229,35,53,34
2021-04-24T23:59:59+02:00,12,17,6496,7559,18463,24340,19228,25298,20653,32150,26746,35215,34356,42061,34885,47473,8794,17298,2480,2268,5951,7662,5646,9009,6127,12197,7072,11455,5346,6903,19031,25455,7402,14699,246133,129183,39182,19242,115641,211,35,53,33
2021-04-23T23:59:59+02:00,12,17,6273,7358,18015,23866,18659,24686,19828,31336,25588,34018,33579,40887,34742,47238,8780,17275,2474,2250,5924,7638,5609,8970,6082,12153,7026,11403,5180,6626,18492,24828,7302,14530,238561,127339,38855,18894,114654,189,35,52,31
2021-04-22T23:59:59+02:00,11,16,6058,7150,17410,23279,17866,23903,18778,30311,24267,32586,32537,39533,34498,46882,8742,17197,2460,2235,5880,7585,5559,8886,6006,12075,6951,11332,4896,6208,17778,23954,7183,14336,229519,125176,37938,17929,113483,155,35,49,30
2021-04-21T23:59:59+02:00,11,15,5859,6969,16879,22808,17204,23300,17792,29413,22713,30994,31533,38302,34201,46444,8693,17109,2436,2218,5837,7530,5501,8811,5940,11975,6856,11252,4736,5934,17080,23104,7067,14154,220637,123085,37169,17159,112351,123,35,47,30
2021-04-20T23:59:59+02:00,10,14,5676,6774,16323,22333,16463,22641,16796,28411,21245,29524,30387,36812,33886,46008,8642,17017,2423,2203,5788,7492,5460,8766,5892,11909,6777,11187,4617,5778,16479,22330,6941,13975,211646,121399,36287,16443,110948,115,34,47,27
2021-04-19T23:59:59+02:00,10,14,5489,6617,15790,21903,15786,22081,15803,27533,19852,28122,29012,35176,33569,45530,8584,16899,2412,2188,5764,7459,5423,8732,5853,11863,6696,11111,4491,5617,15830,21619,6833,13813,202943,119754,35508,15777,109240,113,34,45,27
2021-04-18T23:59:59+02:00,9,14,5301,6476,15356,21579,15167,21520,14832,26745,18514,26984,27625,33525,33238,45111,8525,16812,2361,2142,5632,7337,5308,8618,5746,11712,6591,10991,4375,5430,15236,20953,6720,13634,194406,118112,34678,14506,108170,109,34,45,26
2021-04-17T23:59:59+02:00,9,13,5265,6441,15202,21503,14991,21435,14597,26566,18260,26763,27118,32983,33112,44963,8516,16797,2334,2102,5532,7183,5201,8459,5646,11524,6502,10858,4323,5367,14995,20659,6710,13621,193188,116354,34673,14502,106594,101,34,45,26
2021-04-16T23:59:59+02:00,9,13,5202,6387,15026,21353,14779,21275,14315,26319,17845,26352,26074,31752,32978,44753,8495,16774,2288,2052,5416,6996,5064,8276,5493,11281,6305,10635,4115,5133,14348,19865,6612,13476,189845,113100,34385,14103,105392,93,34,45,26
2021-04-15T23:59:59+02:00,7,12,5133,6310,14813,21139,14510,20985,13886,25967,17208,25720,24713,30144,32722,44430,8459,16694,2218,1968,5220,6759,4862,7955,5286,10964,6089,10350,3916,4883,13518,18782,6497,13309,185285,109275,33577,13159,103912,83,34,44,26
2021-04-14T23:59:59+02:00,7,12,5053,6239,14608,20938,14256,20761,13497,25633,16542,25102,23136,28357,32410,44027,8407,16600,2029,1848,5002,6496,4673,7704,5058,10714,5854,10065,3779,4673,12790,17864,6370,13095,180683,106176,32702,11703,102122,76,34,44,26
2021-04-13T23:59:59+02:00,7,12,5001,6191,14406,20806,14022,20581,13156,25338,15972,24599,21432,26512,32094,43612,8377,16494,1943,1795,4835,6307,4488,7483,4857,10459,5650,9829,3643,4507,12273,17248,6247,12934,176466,103787,31828,10586,100241,66,34,43,26
2021-04-12T23:59:59+02:00,7,11,4937,6125,14189,20608,13717,20317,12770,24922,15392,24046,19838,24570,31804,43251,8335,16420,1813,1705,4652,6148,4338,7307,4694,10266,5513,9670,3524,4352,11840,16737,6136,12771,172099,102099,30774,9246,98309,64,34,43,24
2021-04-11T23:59:59+02:00,7,11,4868,6050,13965,20409,13421,20105,12356,24572,14831,23537,18330,22796,31544,42908,8291,16340,1776,1669,4532,6035,4227,7184,4572,10135,5379,9539,3409,4232,11348,16127,6005,12564,167818,100350,29814,8268,96634,62,33,42,21
2021-04-10T23:59:59+02:00,7,11,4863,6042,13946,20395,13412,20094,12339,24554,14807,23518,17640,21874,31253,42490,8273,16313,1772,1657,4520,6024,4212,7170,4559,10121,5326,9473,3306,4119,10791,15292,5876,12366,166748,98205,29787,8268,95223,60,31,42,21
2021-04-09T23:59:59+02:00,7,11,4850,6025,13909,20346,13368,20046,12292,24500,14547,23264,16121,19985,30848,41844,8239,16270,1748,1646,4497,6008,4186,7143,4518,10086,5288,9424,3221,4000,9924,14304,5727,12168,164131,95762,29445,8020,92826,58,29,41,20
2021-04-08T23:59:59+02:00,7,11,4807,5997,13808,20271,13287,19966,12192,24396,14211,22905,14353,17774,30231,40835,8181,16149,1727,1633,4465,5955,4134,7058,4454,10006,5216,9347,3113,3897,9446,13703,5523,11923,160304,93918,28416,7585,90601,57,21,39,20
2021-04-07T23:59:59+02:00,7,11,4776,5968,13703,20188,13191,19880,12088,24294,13830,22545,12845,15921,29586,39862,8126,16051,1708,1621,4412,5888,4048,6984,4365,9922,5126,9247,3025,3802,8701,12609,5287,11518,155887,91366,27539,6812,89389,47,19,38,20
2021-04-06T23:59:59+02:00,7,11,4747,5942,13604,20121,13109,19819,12012,24229,13454,22194,11212,13913,28924,38892,8094,15980,1648,1567,4282,5760,3940,6860,4246,9772,5023,9118,2909,3680,7996,11678,5015,11153,151872,88979,26657,5588,87681,45,17,37,19
2021-04-05T23:59:59+02:00,7,10,4709,5914,13527,20054,13042,19751,11957,24149,13182,21942,9602,11966,28197,37840,8059,15918,1577,1498,4127,5610,3772,6704,4092,9623,4868,8989,2777,3563,7186,10716,4744,10764,148677,86608,25642,3926,85454,42,16,37,19
2021-04-04T23:59:59+02:00,7,10,4695,5897,13516,20034,13034,19733,11949,24129,13085,21872,8579,10706,27750,37200,8034,15861,1575,1495,4119,5604,3770,6699,4087,9618,4866,8981,2772,3554,6950,10250,4660,10639,146952,85648,25638,3926,83451,36,13,37,17
2021-04-03T23:59:59+02:00,7,10,4692,5887,13499,20014,13024,19723,11939,24119,13071,21854,7675,9638,26867,35958,7985,15749,1571,1491,4117,5599,3768,6696,4079,9606,4852,8968,2765,3541,6812,9987,4621,10558,144476,85041,25630,3926,81557,36,12,36,17
2021-04-02T23:59:59+02:00,7,10,4687,5869,13462,19988,12984,19680,11895,24071,12997,21787,7162,8890,25283,33858,7839,15480,1562,1475,4090,5575,3742,6655,4043,9545,4729,8681,2637,3386,6437,9591,4472,10356,140024,83215,25292,3699,80588,36,10,35,17
2021-04-01T23:59:59+02:00,6,9,4639,5810,13369,19842,12867,19529,11745,23915,12399,21339,6600,8184,23777,31887,7713,15243,1496,1429,3980,5451,3675,6584,3975,9479,4651,8577,2542,3245,5923,8905,4302,10082,135833,80947,24154,3294,78845,31,9,32,16
2021-03-31T23:59:59+02:00,6,9,4588,5755,13244,19689,12735,19375,11556,23736,12138,21079,6281,7813,22301,29936,7563,15014,1483,1418,3956,5428,3643,6556,3935,9432,4612,8524,2479,3170,5440,8257,4128,9842,131906,79177,23068,3075,77806,31,6,32,15
2021-03-30T23:59:59+02:00,6,9,4524,5690,13106,19539,12621,19200,11425,23571,11968,20940,6091,7596,20914,28208,7419,14811,1466,1382,3915,5395,3579,6486,3847,9318,4481,8353,2344,2965,5020,7702,3985,9586,128549,76955,22142,2833,76914,19,3,30,15
2021-03-29T23:59:59+02:00,6,9,4484,5652,12986,19446,12554,19116,11343,23469,11819,20805,5933,7398,19497,26528,7291,14610,1407,1341,3860,5351,3505,6416,3729,9174,4331,8163,2222,2824,4456,7033,3831,9310,124973,74299,21277,2621,76664,18,2,30,14
2021-03-28T23:59:59+02:00,6,9,4437,5588,12865,19308,12468,19022,11241,23372,11713,20704,5782,7192,18319,25021,7172,14415,1374,1297,3762,5243,3311,6190,3642,9057,4281,8107,2168,2760,3697,6012,3646,9042,121976,71243,20487,2322,76140,10,2,29,13
2021-03-27T23:59:59+01:00,6,9,4405,5537,12758,19143,12351,18857,11127,23167,11605,20554,5716,7110,18033,24675,7161,14400,1368,1294,3757,5239,3308,6183,3356,8708,4083,7809,2162,2757,3683,5979,3612,8981,120140,69938,20447,2322,75996,5,2,29,13
2021-03-26T23:59:59+01:00,6,8,4369,5484,12647,18952,12218,18655,10973,22937,11444,20343,5553,6896,17429,23880,7062,14250,1367,1293,3752,5232,3285,6165,3337,8688,3870,7360,1985,2351,3419,5695,3461,8747,117041,67675,20108,2315,75927,4,1,29,13
2021-03-25T23:59:59+01:00,6,8,4301,5396,12449,18713,12013,18326,10760,22609,11203,20016,5340,6612,16400,22573,6934,14061,1358,1283,3731,5206,3251,6137,3286,8651,3824,7316,1913,2238,2985,5013,3303,8442,113061,65708,19036,2214,75593,2,1,29,13
2021-03-24T23:59:59+01:00,6,8,4221,5285,12233,18260,11794,17912,10538,22217,10969,19643,5071,6266,15360,21356,6794,13837,1335,1270,3707,5160,3215,6074,3231,8581,3770,7243,1860,2179,2678,4679,3151,8167,109951,64314,17943,1971,73846,2,1,29,13
2021-03-23T23:59:59+01:00,6,8,4165,5220,12066,17916,11595,17558,10345,21852,10747,19354,4937,6070,14720,20541,6654,13664,1320,1264,3692,5141,3194,6056,3206,8530,3733,7200,1825,2120,2449,4410,2942,7845,107599,62983,17217,1929,72572,2,1,29,13
2021-03-22T23:59:59+01:00,6,8,4116,5142,11867,17583,11406,17230,10119,21524,10532,19048,4785,5863,14101,19827,6521,13478,1307,1255,3665,5108,3162,6019,3177,8474,3696,7155,1781,2064,2250,4160,2747,7512,105737,61728,16499,1789,70891,2,1,28,13
2021-03-21T23:59:59+01:00,6,8,4042,5019,11585,17172,11125,16823,9848,21069,10275,18695,4671,5692,13404,19036,6380,13270,1299,1254,3648,5092,3140,5986,3154,8444,3676,7133,1762,2037,2085,3998,2575,7244,103857,60729,15199,1784,69035,2,1,28,12
2021-03-20T23:59:59+01:00,5,8,4012,4950,11442,16837,11000,16505,9706,20766,10098,18411,4544,5532,12774,18086,6243,13055,1298,1253,3648,5090,3137,5985,3151,8438,3671,7128,1758,2032,2053,3936,2551,7203,101662,60534,15194,1784,67089,2,1,28,12
2021-03-19T23:59:59+01:00,5,7,3968,4869,11274,16476,10818,16150,9532,20386,9884,18051,4384,5337,11750,16875,6082,12844,1289,1246,3630,5062,3107,5908,3106,8344,3569,6953,1633,1919,1979,3872,2439,6995,98964,59257,14784,1780,64916,2,1,27,12
2021-03-18T23:59:59+01:00,5,7,3881,4766,11028,16050,10549,15706,9253,19917,9661,17708,4240,5171,11126,16007,5854,12577,1285,1235,3613,5027,3087,5864,3084,8288,3542,6906,1614,1886,1940,3802,2316,6785,97164,58571,13776,1689,62538,2,1,27,12
2021-03-17T23:59:59+01:00,5,7,3710,4651,10733,15630,10283,15346,9010,19555,9410,17360,4121,5004,10312,14764,5592,12154,1284,1232,3599,5009,3081,5844,3074,8254,3524,6882,1613,1862,1916,3773,2206,6598,94517,58062,12233,1675,60869,2,1,27,12
2021-03-16T23:59:59+01:00,5,7,3568,4526,10394,15165,10010,14976,8735,19111,9114,16996,3978,4838,9495,13640,5311,11795,1270,1229,3595,5002,3070,5840,3068,8243,3517,6868,1589,1838,1877,3722,2086,6420,92184,57625,11043,1595,58410,2,1,26,12
2021-03-15T23:59:59+01:00,5,7,3420,4410,10079,14697,9718,14517,8438,18637,8826,16583,3831,4668,8787,12575,5087,11474,1260,1221,3575,4990,3058,5816,3047,8204,3497,6825,1574,1825,1860,3689,1971,6235,90220,57040,9679,1594,55836,2,0,24,12
2021-03-14T23:59:59+01:00,5,7,3350,4321,9813,14263,9463,14114,8120,18145,8546,16188,3668,4482,7986,11340,4779,11019,1246,1215,3554,4972,3037,5775,3025,8124,3469,6757,1548,1775,1800,3562,1806,5846,87911,56513,8661,985,53016,2,0,21,12
2021-03-13T23:59:59+01:00,5,7,3272,4066,9501,13591,9217,13531,7893,17567,8340,15753,3558,4378,7795,11046,4731,10931,1246,1215,3554,4972,3037,5775,3024,8124,3468,6755,1544,1774,1798,3558,1805,5845,87255,56496,8661,985,49245,2,0,21,12
2021-03-12T23:59:59+01:00,5,7,3211,3929,9254,13051,8979,13001,7660,16931,7983,15002,3395,4208,7412,10638,4593,10742,1242,1212,3549,4958,3034,5772,3017,8116,3464,6749,1517,1745,1777,3540,1705,5667,85481,56067,8415,984,46084,2,0,21,12
2021-03-11T23:59:59+01:00,5,7,3060,3661,8878,12291,8675,12325,7327,16147,7641,14357,3237,4006,6857,9919,4403,10430,1223,1202,3516,4914,2991,5695,2982,7992,3413,6651,1473,1692,1698,3340,1507,5153,83031,55323,7970,107,42205,1,0,20,12
2021-03-10T23:59:59+01:00,5,7,2995,3554,8378,11780,7997,11842,7006,15656,7340,13766,3077,3849,6297,9222,4232,10155,1212,1188,3486,4856,2960,5619,2946,7852,3359,6529,1435,1652,1640,3244,1391,4874,81209,54148,7419,84,38511,0,0,19,12
2021-03-09T23:59:59+01:00,5,6,2890,3378,7694,11328,7100,11354,6587,15042,6975,13159,2847,3548,5789,8591,4076,9879,1207,1184,3464,4809,2933,5554,2929,7799,3341,6483,1420,1628,1605,3201,1286,4676,78915,53460,6061,50,35253,0,0,19,10
2021-03-08T23:59:59+01:00,5,6,2717,3142,7052,10783,6285,10875,6186,14513,6580,12591,2636,3337,5185,7852,3930,9611,1200,1178,3443,4743,2908,5478,2890,7704,3309,6407,1413,1619,1602,3193,1281,4673,76087,52984,4922,48,32259,0,0,18,10
2021-03-07T23:59:59+01:00,5,6,2605,3009,6721,10282,5874,10333,5890,14063,6340,12202,2538,3246,4420,6789,3713,9328,1197,1175,3440,4738,2903,5466,2886,7687,3301,6394,1408,1606,1581,3153,1266,4632,72833,52778,4091,46,30423,0,0,17,10
2021-03-06T23:59:59+01:00,5,5,2560,2867,6537,9828,5674,9916,5414,13207,5965,11462,2517,3219,4414,6778,3712,9326,1197,1174,3437,4733,2901,5465,2885,7686,3300,6391,1406,1603,1581,3151,1265,4632,71605,52752,4091,46,27693,0,0,17,10
2021-03-05T23:59:59+01:00,5,5,2468,2612,6324,9244,5460,9518,5237,12639,5580,10484,2291,2754,4035,6396,3573,9110,1185,1171,3419,4717,2896,5452,2877,7668,3288,6372,1392,1595,1580,3147,1260,4628,69273,52594,3858,46,24587,0,0,17,8
2021-03-04T23:59:59+01:00,5,5,2392,2407,6109,8808,5297,9176,5056,12218,5405,10106,2199,2584,3481,5572,3407,8772,1174,1156,3376,4618,2863,5385,2845,7570,3255,6297,1372,1588,1566,3133,1252,4617,67225,52016,3417,46,22340,0,0,17,6
2021-03-03T23:59:59+01:00,4,5,2335,2355,5939,8392,5126,8815,4842,11766,5215,9660,2117,2476,3077,5134,3248,8477,1154,1148,3341,4570,2826,5320,2805,7471,3207,6223,1352,1563,1547,3102,1246,4600,65798,51428,3173,43,19995,0,0,17,5
2021-03-02T23:59:59+01:00,4,5,2281,2267,5777,8057,4968,8558,4679,11364,5054,9341,2051,2385,2772,4777,3031,8155,1149,1139,3323,4549,2811,5294,2788,7422,3199,6195,1347,1552,1529,3085,1243,4594,64444,51172,2912,43,18153,0,0,17,5
2021-03-01T23:59:59+01:00,4,5,2255,2240,5673,7841,4868,8412,4595,11212,4953,9167,1996,2308,2476,4455,2843,7839,1143,1136,3309,4531,2799,5265,2772,7376,3185,6167,1341,1549,1522,3076,1240,4590,63179,50954,2691,43,17255,0,0,17,5
2021-02-28T23:59:59+01:00,3,5,2203,2197,5494,7580,4692,8191,4459,11026,4845,9040,1958,2245,2181,4153,2640,7530,1134,1130,3294,4521,2792,5258,2766,7362,3178,6153,1336,1546,1515,3060,1239,4558,62068,50795,2389,43,15968,0,0,17,5
2021-02-27T23:59:59+01:00,3,5,2116,1888,5317,7155,4593,7879,4376,10677,4773,8789,1930,2184,2152,4107,2619,7476,1130,1126,3292,4519,2787,5256,2762,7359,3173,6150,1334,1546,1515,3059,1238,4557,61831,50759,2389,40,13802,0,0,17,5
2021-02-26T23:59:59+01:00,3,5,2059,1810,5170,6916,4446,7619,4226,10411,4564,8506,1801,2076,2091,4068,2512,7296,1109,1113,3275,4485,2775,5216,2749,7306,3151,6096,1328,1535,1511,3051,1237,4555,60502,50449,2383,39,12677,0,0,17,5
2021-02-25T23:59:59+01:00,3,5,1942,1711,4844,6514,4018,7158,3940,9896,4329,8123,1743,2018,2058,4007,2402,7102,1093,1098,3238,4442,2745,5164,2703,7199,3111,6003,1318,1519,1495,3011,1224,4496,60026,49819,2276,37,9494,0,0,17,4
2021-02-24T23:59:59+01:00,3,5,1913,1651,4727,6300,3913,6943,3818,9653,4204,7963,1721,1986,2026,3965,2290,6904,1080,1093,3211,4380,2709,5098,2678,7115,3082,5932,1302,1502,1470,2963,1212,4427,59479,49225,2030,26,8459,0,0,17,4
2021-02-23T23:59:59+01:00,3,5,1689,1504,4353,5810,3632,6550,3596,9274,4049,7677,1692,1955,1982,3918,2177,6721,1061,1081,3173,4352,2681,5040,2652,7039,3047,5873,1282,1482,1443,2928,1202,4377,59026,48699,1983,12,5562,0,0,16,3
2021-02-22T23:59:59+01:00,3,5,1680,1485,4302,5751,3596,6487,3531,9181,3988,7582,1660,1928,1956,3867,2060,6524,1057,1068,3152,4307,2661,5001,2627,6979,3018,5820,1270,1468,1434,2918,1194,4368,58484,48333,1841,7,5245,0,0,16,3
2021-02-21T23:59:59+01:00,3,5,1668,1481,4272,5718,3553,6449,3490,9127,3944,7532,1651,1921,1951,3858,1940,6361,1051,1057,3131,4269,2632,4951,2612,6910,2989,5732,1256,1452,1414,2858,1170,4291,58141,47766,1835,7,4933,0,0,15,3
2021-02-20T23:59:59+01:00,3,5,1667,1480,4267,5715,3551,6448,3490,9126,3943,7531,1646,1919,1949,3854,1939,6361,1051,1057,3129,4267,2632,4951,2611,6909,2989,5732,1256,1451,1413,2858,1170,4291,58126,47758,1835,7,4918,0,0,15,3
2021-02-19T23:59:59+01:00,3,5,1649,1473,4254,5695,3540,6434,3479,9116,3933,7516,1620,1890,1928,3836,1839,6181,1050,1056,3128,4266,2631,4950,2611,6907,2986,5730,1256,1450,1413,2857,1170,4291,57707,47743,1830,7,4841,0,0,13,3
2021-02-18T23:59:59+01:00,3,5,1605,1442,4158,5584,3469,6332,3391,8952,3847,7376,1598,1855,1894,3767,1709,5984,1004,1013,2989,4041,2505,4678,2500,6569,2879,5465,1225,1407,1381,2771,1144,4142,57064,45705,1740,7,4154,0,0,13,2
2021-02-17T23:59:59+01:00,3,4,1583,1413,4062,5434,3384,6182,3273,8717,3720,7175,1546,1787,1822,3666,1592,5679,947,963,2836,3818,2388,4365,2373,6158,2750,5153,1176,1347,1335,2664,1097,3980,55857,43341,1729,7,3443,0,0,13,2
2021-02-16T23:59:59+01:00,3,4,1509,1346,3902,5236,3247,6001,3165,8485,3598,7009,1522,1762,1787,3636,1479,5472,861,931,2705,3661,2289,4154,2247,5836,2619,4899,1120,1255,1190,2363,843,3368,55167,40335,1712,4,2273,0,0,11,2
2021-02-15T23:59:59+01:00,3,4,1494,1328,3856,5150,3188,5914,3108,8370,3531,6903,1511,1748,1772,3613,1471,5452,826,909,2624,3532,2213,3974,2163,5558,2531,4686,1077,1191,1104,2189,779,3153,54702,38506,1710,2,1993,0,0,11,1
2021-02-14T23:59:59+01:00,3,4,1427,1300,3771,5073,3145,5805,3052,8216,3487,6794,1491,1717,1720,3486,1416,5205,817,903,2575,3464,2174,3906,2109,5438,2465,4579,1050,1155,1019,2017,708,2918,54459,37294,1099,2,1543,0,0,11,1
2021-02-13T23:59:59+01:00,3,4,1425,1299,3763,5068,3138,5804,3049,8214,3484,6792,1490,1713,1720,3484,1414,5205,817,903,2575,3464,2174,3905,2107,5437,2464,4579,1048,1154,1019,2017,708,2918,54439,37289,1098,0,1521,0,0,11,0
2021-02-12T23:59:59+01:00,3,3,1392,1283,3725,5034,3116,5784,3027,8181,3465,6747,1474,1702,1710,3467,1405,5186,810,895,2542,3411,2140,3860,2077,5383,2446,4548,1047,1153,1018,2017,707,2916,54212,36970,1096,0,1386,0,0,10,0
2021-02-11T23:59:59+01:00,3,3,1345,1240,3611,4863,3025,5612,2929,7869,3365,6535,1414,1642,1643,3289,1321,4860,773,832,2287,2966,1914,3382,1845,4638,2175,4019,963,1083,932,1825,658,2647,53582,32939,130,0,849,0,0,8,0
2021-02-10T23:59:59+01:00,3,3,1325,1217,3552,4753,2959,5508,2887,7719,3311,6404,1397,1625,1616,3250,1308,4823,696,775,1995,2557,1704,2932,1606,4030,1918,3557,853,936,769,1453,530,2157,52935,28468,128,0,590,0,0,7,0
2021-02-09T23:59:59+01:00,3,2,1312,1199,3497,4683,2929,5439,2867,7624,3274,6336,1390,1611,1588,3228,1298,4810,648,697,1734,2201,1510,2543,1421,3530,1746,3192,821,902,746,1381,509,2044,52625,25625,123,0,335,0,0,7,0
2021-02-08T23:59:59+01:00,3,2,1298,1195,3468,4653,2909,5402,2846,7572,3255,6306,1380,1604,1579,3202,1296,4792,635,663,1583,1964,1369,2289,1287,3222,1586,2932,782,881,698,1275,477,1875,52326,23518,97,0,332,0,0,7,0
2021-02-07T23:59:59+01:00,3,2,1166,1152,3361,4598,2855,5360,2819,7533,3230,6267,1370,1588,1571,3180,1291,4760,488,517,1314,1608,1128,1839,1079,2631,1358,2411,676,755,616,1116,432,1659,52032,19627,69,0,0,0,0,5,0
2021-02-06T23:59:59+01:00,3,2,1162,1150,3359,4596,2851,5357,2812,7530,3226,6263,1368,1586,1570,3177,1290,4759,364,368,1114,1356,991,1535,935,2217,1192,1992,587,653,588,1099,429,1656,51987,17076,69,0,0,0,0,5,0
2021-02-05T23:59:59+01:00,3,1,1151,1139,3343,4575,2844,5330,2801,7485,3207,6217,1362,1578,1567,3170,1289,4759,262,206,929,1038,842,1163,759,1764,1014,1583,470,547,561,1079,426,1652,51747,14295,69,0,0,0,0,5,0
2021-02-04T23:59:59+01:00,3,1,1135,1122,3298,4527,2803,5254,2758,7354,3159,6133,1349,1563,1553,3139,1280,4732,134,81,624,664,551,740,517,1152,672,989,288,364,461,933,388,1501,51111,10059,47,0,0,0,0,5,0
2021-02-03T23:59:59+01:00,3,1,1113,1116,3272,4482,2774,5211,2737,7302,3129,6076,1339,1554,1529,3099,1275,4687,116,65,496,513,420,597,415,910,514,744,240,284,361,732,304,1170,50649,7881,45,0,0,0,0,5,0
2021-02-02T23:59:59+01:00,3,1,1092,1103,3234,4451,2744,5157,2711,7227,3095,6012,1316,1526,1495,3042,1250,4598,106,56,412,415,348,519,367,821,461,662,219,261,316,662,279,1049,50008,6953,44,0,0,0,0,5,0
2021-02-01T23:59:59+01:00,3,1,1076,1092,3214,4399,2713,5096,2679,7100,3065,5915,1296,1498,1471,3006,1234,4535,79,41,314,310,256,394,274,612,327,497,181,213,250,525,217,818,49345,5308,44,0,0,0,0,4,0
2021-01-31T23:59:59+01:00,3,1,1071,1082,3199,4370,2689,5052,2664,7044,3051,5871,1285,1481,1451,2942,1211,4457,69,40,288,286,231,347,253,571,297,458,162,195,210,429,176,662,48876,4674,44,0,0,0,0,4,0
2021-01-30T23:59:59+01:00,3,1,1070,1082,3196,4366,2688,5052,2663,7043,3051,5870,1285,1480,1450,2942,1211,4457,69,37,281,272,218,331,248,560,293,452,161,192,209,429,176,662,48865,4590,41,0,0,0,0,4,0
2021-01-29T23:59:59+01:00,3,1,1069,1081,3195,4362,2688,5050,2663,7041,3048,5868,1285,1480,1450,2941,1211,4457,65,33,263,258,195,311,232,543,282,444,155,188,205,423,175,660,48848,4432,41,0,0,0,0,4,0
2021-01-28T23:59:59+01:00,3,1,1049,1062,3128,4257,2634,4939,2605,6885,2981,5737,1271,1458,1435,2875,1189,4337,55,18,166,154,129,187,162,358,207,281,124,145,159,264,102,383,47806,2894,38,0,0,0,0,2,0
2021-01-27T23:59:59+01:00,3,1,1004,1024,3042,4113,2553,4759,2510,6603,2897,5537,1241,1416,1399,2786,1156,4197,26,7,100,71,58,92,83,209,117,147,94,113,115,195,77,275,46211,1779,28,0,0,0,0,2,0
2021-01-26T23:59:59+01:00,2,1,927,994,2926,3978,2474,4574,2428,6423,2826,5381,1215,1366,1308,2632,942,3798,26,7,95,70,57,91,81,209,115,146,92,112,115,195,77,275,44176,1763,17,0,0,0,0,2,0
2021-01-25T23:59:59+01:00,2,1,911,977,2847,3849,2428,4426,2368,6226,2767,5230,1197,1344,1294,2607,932,3765,26,7,94,70,55,91,81,209,115,144,92,112,115,195,77,275,43158,1758,12,0,0,0,0,1,0
2021-01-24T23:59:59+01:00,2,1,901,973,2827,3834,2418,4394,2342,6187,2734,5169,1184,1338,1285,2585,919,3731,26,7,94,70,55,91,81,209,114,144,91,112,115,195,77,275,42814,1756,9,0,0,0,0,1,0
2021-01-23T23:59:59+01:00,2,1,901,973,2827,3833,2418,4394,2341,6186,2733,5169,1182,1337,1285,2585,919,3731,26,7,94,70,55,91,81,209,114,144,91,112,115,195,77,273,42809,1754,8,0,0,0,0,0,0
2021-01-22T23:59:59+01:00,2,1,895,966,2795,3787,2384,4329,2310,6111,2712,5122,1181,1336,1284,2584,918,3728,26,7,94,70,55,91,81,209,114,144,91,112,115,195,77,273,42437,1754,8,0,0,0,0,0,0
2021-01-21T23:59:59+01:00,2,1,880,898,2537,3371,2183,3911,2130,5502,2488,4636,1130,1290,1240,2463,888,3576,22,7,83,64,51,74,68,169,94,133,81,97,98,145,65,212,39118,1463,8,0,0,0,0,0,0
2021-01-20T23:59:59+01:00,2,1,805,836,2225,2965,1976,3444,1898,4893,2232,4159,1018,1150,1082,2117,775,3113,22,7,83,64,51,73,68,169,93,133,81,97,98,145,64,212,34683,1460,8,0,0,0,0,0,0
2021-01-19T23:59:59+01:00,2,1,745,758,1934,2518,1733,2982,1662,4235,1989,3687,945,1055,962,1843,678,2764,11,3,50,45,32,45,35,100,44,77,36,37,48,77,39,137,30486,816,7,0,0,0,0,0,0
2021-01-18T23:59:59+01:00,2,1,675,702,1705,2119,1495,2506,1414,3549,1733,3181,863,969,864,1639,626,2498,5,2,19,11,13,20,17,54,17,33,19,22,25,53,28,75,26537,413,4,0,0,0,0,0,0
2021-01-17T23:59:59+01:00,1,1,495,542,1388,1716,1214,1972,1158,2814,1454,2558,724,817,716,1359,516,2129,0,1,3,2,0,0,0,0,0,0,0,0,0,0,0,0,21571,6,3,0,0,0,0,0,0
2021-01-16T23:59:59+01:00,1,0,372,395,1206,1469,1094,1685,1017,2415,1297,2151,637,719,688,1343,514,2128,0,0,0,0,0,0,0,0,0,0,0,0,0,0,0,0,19129,0,2,0,0,0,0,0,0
2021-01-15T23:59:59+01:00,1,0,266,232,1022,1167,945,1337,848,1966,1117,1750,520,609,650,1310,503,2088,0,0,0,0,0,0,0,0,0,0,0,0,0,0,0,0,16330,0,1,0,0,0,0,0,0
2021-01-14T23:59:59+01:00,0,0,151,102,706,779,652,866,612,1307,752,1131,333,422,541,1128,453,1864,0,0,0,0,0,0,0,0,0,0,0,0,0,0,0,0,11799,0,0,0,0,0,0,0,0
2021-01-13T23:59:59+01:00,0,0,127,81,595,609,528,698,495,1051,594,866,280,348,455,960,395,1596,0,0,0,0,0,0,0,0,0,0,0,0,0,0,0,0,9678,0,0,0,0,0,0,0,0
2021-01-12T23:59:59+01:00,0,0,116,65,511,521,449,596,430,921,523,763,246,299,371,768,329,1248,0,0,0,0,0,0,0,0,0,0,0,0,0,0,0,0,8156,0,0,0,0,0,0,0,0
2021-01-11T23:59:59+01:00,0,0,87,52,417,422,365,485,344,744,416,590,212,248,311,639,270,1051,0,0,0,0,0,0,0,0,0,0,0,0,0,0,0,0,6653,0,0,0,0,0,0,0,0
2021-01-10T23:59:59+01:00,0,0,73,45,352,349,299,404,288,647,346,523,186,220,251,507,213,820,0,0,0,0,0,0,0,0,0,0,0,0,0,0,0,0,5523,0,0,0,0,0,0,0,0
2021-01-09T23:59:59+01:00,0,0,73,43,337,329,275,382,280,631,338,516,185,219,250,505,213,820,0,0,0,0,0,0,0,0,0,0,0,0,0,0,0,0,5396,0,0,0,0,0,0,0,0
2021-01-08T23:59:59+01:00,0,0,69,37,303,296,229,341,253,589,311,477,167,199,225,447,192,720,0,0,0,0,0,0,0,0,0,0,0,0,0,0,0,0,4855,0,0,0,0,0,0,0,0
2021-01-07T23:59:59+01:00,0,0,58,25,213,198,160,242,194,422,240,341,138,160,171,290,121,449,0,0,0,0,0,0,0,0,0,0,0,0,0,0,0,0,3422,0,0,0,0,0,0,0,0
2021-01-06T23:59:59+01:00,0,0,47,16,163,120,113,161,144,295,177,241,108,128,130,224,82,316,0,0,0,0,0,0,0,0,0,0,0,0,0,0,0,0,2465,0,0,0,0,0,0,0,0
2021-01-05T23:59:59+01:00,0,0,29,8,97,72,58,94,86,212,116,149,98,118,121,206,81,295,0,0,0,0,0,0,0,0,0,0,0,0,0,0,0,0,1840,0,0,0,0,0,0,0,0
2021-01-04T23:59:59+01:00,0,0,27,8,97,71,55,92,86,212,116,147,98,117,121,206,81,295,0,0,0,0,0,0,0,0,0,0,0,0,0,0,0,0,1829,0,0,0,0,0,0,0,0
2021-01-03T23:59:59+01:00,0,0,27,8,97,71,55,92,86,212,115,147,97,117,121,206,81,295,0,0,0,0,0,0,0,0,0,0,0,0,0,0,0,0,1827,0,0,0,0,0,0,0,0
2021-01-02T23:59:59+01:00,0,0,27,8,97,71,55,92,86,212,114,147,97,117,121,206,81,294,0,0,0,0,0,0,0,0,0,0,0,0,0,0,0,0,1825,0,0,0,0,0,0,0,0
2021-01-01T23:59:59+01:00,0,0,27,8,97,71,55,92,86,212,113,146,97,117,121,206,81,294,0,0,0,0,0,0,0,0,0,0,0,0,0,0,0,0,1823,0,0,0,0,0,0,0,0
2020-12-31T23:59:59+01:00,0,0,27,8,97,71,55,92,86,212,112,146,97,117,121,206,81,294,0,0,0,0,0,0,0,0,0,0,0,0,0,0,0,0,1822,0,0,0,0,0,0,0,0
2020-12-30T23:59:59+01:00,0,0,27,8,97,71,54,92,86,212,112,146,97,117,121,206,80,294,0,0,0,0,0,0,0,0,0,0,0,0,0,0,0,0,1820,0,0,0,0,0,0,0,0
2020-12-29T23:59:59+01:00,0,0,15,2,65,53,32,61,50,138,64,89,47,51,68,121,51,199,0,0,0,0,0,0,0,0,0,0,0,0,0,0,0,0,1106,0,0,0,0,0,0,0,0
2020-12-28T23:59:59+01:00,0,0,5,2,36,26,19,30,21,67,25,41,20,22,26,47,28,74,0,0,0,0,0,0,0,0,0,0,0,0,0,0,0,0,489,0,0,0,0,0,0,0,0
2020-12-27T23:59:59+01:00,0,0,0,0,7,5,7,2,1,5,0,2,0,1,2,2,4,6,0,0,0,0,0,0,0,0,0,0,0,0,0,0,0,0,44,0,0,0,0,0,0,0,0
