Datum,<15_m,<15_w,15-24_1_m,15-24_1_w,25-34_1_m,25-34_1_w,35-44_1_m,35-44_1_w,45-54_1_m,45-54_1_w,55-64_1_m,55-64_1_w,65-74_1_m,65-74_1_w,75-84_1_m,75-84_1_w,>84_1_m,>84_1_w,<24_2_m,<24_2_w,25-34_2_m,25-34_2_w,35-44_2_m,35-44_2_w,45-54_2_m,45-54_2_w,55-64_2_m,55-64_2_w,65-74_2_m,65-74_2_w,75-84_2_m,75-84_2_w,>84_2_m,>84_2_w,bp_1,bp_2,mo_1,mo_2,az_1,az_2,ja,unb_1,unb_2
2021-08-17T23:59:59+02:00,7156,6867,56073,56584,99037,97027,91278,90853,89346,94923,90107,92545,54564,67860,43250,59987,10458,21053,47803,48662,90314,87844,83599,82357,82987,88113,85217,87740,52317,65024,41745,57654,10006,19984,766925,707384,131769,120800,158235,140711,71949,90,82
2021-08-16T23:59:59+02:00,7099,6802,55899,56419,98850,96859,91134,90705,89212,94809,89997,92453,54512,67802,43226,59940,10453,21045,47255,48106,89860,87419,83144,81967,82668,87826,84994,87548,52217,64912,41694,57578,10001,19954,765809,703985,131683,120361,158228,140484,71406,90,82
2021-08-15T23:59:59+02:00,7037,6755,55691,56241,98675,96689,90982,90572,89092,94709,89909,92395,54478,67766,43208,59912,10449,21042,46211,47077,89249,86765,82622,81458,82302,87453,84719,87356,52111,64799,41657,57523,9995,19936,764791,698587,131578,119755,158219,140311,70924,90,82
2021-08-14T23:59:59+02:00,7036,6754,55680,56233,98657,96678,90968,90565,89078,94702,89904,92391,54475,67764,43208,59912,10448,21042,46182,47043,89212,86744,82594,81439,82279,87439,84711,87353,52106,64794,41654,57519,9994,19936,764760,698437,131574,119741,158219,140306,70852,90,82
2021-08-13T23:59:59+02:00,7016,6737,55627,56192,98610,96636,90919,90507,89025,94651,89861,92363,54460,67737,43200,59895,10447,21038,46049,46877,88994,86532,82401,81224,82141,87310,84625,87283,52076,64755,41642,57506,9992,19929,764436,697265,131552,119454,158215,140259,70628,90,82
2021-08-12T23:59:59+02:00,6981,6687,55424,56035,98411,96461,90749,90349,88882,94514,89771,92287,54423,67685,43175,59861,10439,21020,45648,46498,88377,85975,81838,80694,81773,86998,84398,87113,52004,64656,41593,57447,9982,19913,763413,694404,131446,118642,158204,140020,70001,90,82
2021-08-11T23:59:59+02:00,6946,6635,55247,55879,98220,96292,90612,90225,88763,94412,89673,92187,54375,67632,43144,59823,10430,21006,45245,46059,87788,85333,81282,80198,81457,86706,84145,86877,51923,64525,41521,57327,9966,19871,762342,691330,131351,117704,158183,139697,69535,90,82
2021-08-10T23:59:59+02:00,6887,6590,55068,55726,98021,96157,90456,90084,88643,94304,89593,92115,54335,67589,43128,59789,10426,20995,44827,45607,87156,84736,80688,79675,81058,86334,83908,86669,51806,64421,41465,57243,9953,19842,761345,688095,131258,116772,158164,139387,69049,90,82
2021-08-09T23:59:59+02:00,6838,6537,54905,55566,97840,96017,90319,89954,88518,94214,89492,92056,54300,67545,43104,59758,10419,20981,44283,45068,86342,84070,80013,79100,80651,85993,83618,86449,51700,64292,41410,57145,9939,19802,760421,684363,131187,115719,158155,139049,68510,90,82
2021-08-08T23:59:59+02:00,6773,6472,54687,55385,97648,95839,90150,89795,88389,94104,89400,91983,54247,67500,43079,59726,10412,20960,43694,44473,85299,83157,79130,78298,80121,85526,83296,86154,51570,64140,41351,57058,9927,19777,759279,679376,131079,114543,158135,138743,67966,90,82
2021-08-07T23:59:59+02:00,6729,6426,54551,55264,97518,95731,90031,89696,88300,94047,89340,91944,54230,67475,43075,59716,10409,20956,42872,43605,84974,82828,78670,77862,79771,85180,83115,86014,51508,64058,41330,57023,9922,19768,758647,675736,131015,113400,158131,138636,67555,90,81
2021-08-06T23:59:59+02:00,6675,6376,54365,55122,97297,95554,89883,89568,88176,93936,89247,91876,54191,67448,43066,59690,10406,20952,41960,42730,84522,82378,78081,77307,79384,84802,82926,85867,51458,63994,41304,56991,9914,19756,757719,671830,130927,112124,158124,138502,66968,90,81
2021-08-05T23:59:59+02:00,6612,6311,54061,54895,97024,95307,89647,89366,87981,93759,89083,91750,54131,67362,43037,59639,10397,20933,40748,41587,83809,81719,77319,76522,78796,84246,82574,85565,51332,63838,41243,56893,9899,19724,756207,666351,130804,110508,158113,137968,66081,90,81
2021-08-04T23:59:59+02:00,6532,6260,53830,54716,96797,95104,89478,89202,87844,93621,88968,91657,54078,67310,43001,59594,10394,20923,40289,41111,82622,80683,75997,75383,78306,83801,82258,85320,51195,63700,41187,56810,9883,19699,754962,661232,130703,109007,158100,137515,65454,90,81
2021-08-03T23:59:59+02:00,6468,6198,53574,54527,96574,94915,89310,89044,87705,93477,88825,91537,54001,67229,42966,59536,10386,20915,39856,40706,81380,79550,74581,74194,77709,83237,81717,84832,50986,63498,41087,56655,9870,19664,753621,655474,130600,107306,158077,136811,64799,90,81
2021-08-02T23:59:59+02:00,6408,6135,53337,54333,96324,94707,89101,88877,87546,93334,88685,91422,53919,67160,42935,59487,10383,20895,39397,40242,80083,78453,73039,72990,77091,82671,81179,84354,50817,63298,41013,56536,9853,19631,752238,649496,130457,105547,158056,136213,64147,90,81
2021-08-01T23:59:59+02:00,6344,6050,53074,54073,96071,94443,88873,88711,87344,93191,88523,91313,53861,67078,42899,59436,10376,20888,38886,39753,78799,77379,71640,71895,76209,81922,80598,83895,50635,63063,40931,56433,9843,19607,750676,643381,130266,103652,158036,135607,63480,90,81
2021-07-31T23:59:59+02:00,6309,6012,52959,53982,95956,94351,88772,88643,87255,93120,88479,91277,53850,67069,42893,59432,10376,20887,37942,38749,78356,76941,71110,71345,75829,81595,80482,83799,50616,63030,40913,56422,9843,19604,750205,638758,130102,102780,158034,135512,63191,90,81
2021-07-30T23:59:59+02:00,6256,5978,52793,53845,95803,94180,88623,88500,87129,93007,88398,91208,53813,67039,42881,59414,10374,20885,36951,37708,77667,76304,70367,70617,75317,81073,80084,83478,50542,62942,40881,56362,9837,19593,749345,632641,129790,101649,158031,135305,62870,90,81
2021-07-29T23:59:59+02:00,6205,5920,52564,53665,95556,93958,88412,88293,86965,92836,88260,91087,53758,66976,42859,59381,10367,20867,35712,36500,76623,75434,69320,69668,74517,80328,79546,83056,50409,62780,40815,56268,9820,19566,748139,624950,129325,100102,158017,134749,62358,90,81
2021-07-28T23:59:59+02:00,6169,5868,52371,53504,95355,93760,88273,88118,86849,92697,88152,90997,53702,66906,42827,59333,10358,20839,35109,35923,75475,74469,68049,68565,73760,79619,79056,82606,50273,62580,40747,56166,9804,19528,747020,618690,128889,98696,157999,133969,62080,90,81
2021-07-27T23:59:59+02:00,6121,5829,52140,53284,95098,93555,88097,87936,86694,92548,88033,90899,53651,66837,42783,59272,10344,20791,34461,35200,74033,73239,66606,67356,72904,78771,78515,82099,50104,62372,40667,56046,9781,19485,745644,611512,128470,97249,157977,132738,61731,90,80
2021-07-26T23:59:59+02:00,6064,5779,51929,53084,94864,93367,87907,87772,86538,92414,87903,90802,53591,66757,42754,59218,10337,20770,33708,34404,72531,71913,65250,66124,71866,77793,77927,81573,49935,62160,40589,55900,9760,19441,744335,603536,128051,95726,157961,131677,61413,90,80
2021-07-25T23:59:59+02:00,6026,5737,51735,52894,94613,93143,87744,87592,86389,92286,87795,90706,53541,66694,42726,59174,10327,20734,33004,33666,71194,70715,64146,65116,70865,76889,77462,81128,49819,61977,40525,55813,9754,19407,742995,596639,127777,94163,157943,130886,61051,90,80
2021-07-24T23:59:59+02:00,5939,5683,51465,52607,94310,92835,87500,87381,86214,92132,87696,90627,53511,66660,42715,59151,10327,20728,32521,33196,70343,70031,63477,64565,69991,76192,77258,80977,49765,61935,40504,55788,9754,19405,741155,592292,127722,93234,157940,130763,60574,90,80
2021-07-23T23:59:59+02:00,5887,5628,51202,52340,93925,92561,87212,87168,86034,91952,87562,90532,53478,66613,42707,59133,10324,20722,32019,32582,69294,69191,62699,63904,69086,75350,76858,80653,49690,61837,40472,55750,9747,19391,739148,586768,127654,92076,157933,130587,60155,90,80
2021-07-22T23:59:59+02:00,5818,5565,50793,51948,93473,92129,86832,86845,85730,91656,87346,90354,53393,66520,42678,59075,10315,20697,31335,31879,68002,68208,61659,63028,67470,74002,76215,80149,49539,61634,40382,55640,9726,19353,736178,580426,127422,89326,157907,129825,59570,90,80
2021-07-21T23:59:59+02:00,5767,5514,50437,51577,93047,91724,86533,86551,85478,91417,87177,90173,53311,66439,42620,59009,10304,20669,30743,31257,66673,67170,60585,62135,65436,72320,75310,79406,49250,61326,40223,55452,9702,19298,733440,574190,127191,85031,157882,128743,59144,90,80
2021-07-20T23:59:59+02:00,5709,5451,50054,51193,92592,91267,86170,86232,85216,91170,86961,89981,53221,66307,42576,58951,10298,20644,30096,30632,65226,65999,59449,61184,64254,71263,74701,78854,49045,61093,40117,55295,9680,19237,730538,567199,126973,83374,157833,127723,58559,90,80
2021-07-19T23:59:59+02:00,5630,5377,49595,50746,92125,90800,85808,85907,84966,90959,86757,89806,53128,66189,42540,58874,10281,20608,29565,30073,64073,64950,58535,60322,63104,70231,74107,78340,48871,60898,40027,55151,9652,19192,727315,561467,126750,81578,157800,126539,58141,90,80
2021-07-18T23:59:59+02:00,5562,5310,48775,49942,91077,89774,85089,85302,84498,90538,86467,89516,53022,66041,42477,58778,10271,20577,29019,29495,62905,63885,57612,59412,61931,69207,73561,77842,48725,60737,39969,55068,9640,19164,720953,555662,126423,79560,157785,125738,57765,90,80
2021-07-17T23:59:59+02:00,5388,5124,48426,49614,90934,89640,84894,85143,84344,90403,86358,89433,53000,66014,42466,58766,10270,20574,28642,29127,62267,63291,57067,58987,61173,68472,73255,77601,48615,60619,39929,55010,9630,19153,719782,552678,126247,78594,157778,125118,56894,90,80
2021-07-16T23:59:59+02:00,5291,5033,48107,49334,90672,89422,84649,84941,84141,90219,86220,89324,52959,65983,42447,58752,10267,20569,28155,28639,61339,62386,56222,58303,60119,67439,72752,77184,48456,60432,39884,54942,9625,19144,718416,547765,126078,77274,157767,124380,55979,90,80
2021-07-15T23:59:59+02:00,5156,4903,47635,48930,90285,89056,84295,84563,83843,89944,86002,89158,52880,65893,42394,58684,10257,20542,27432,28031,60034,61338,55108,57322,58721,66136,72029,76603,48234,60174,39798,54816,9609,19089,715999,542025,125660,75090,157734,122725,54937,90,80
2021-07-14T23:59:59+02:00,5050,4790,47294,48557,89992,88768,84012,84252,83594,89705,85799,89003,52792,65785,42337,58596,10240,20512,26918,27491,58956,60351,54150,56488,57849,65293,71418,76022,47969,59896,39696,54643,9587,19045,713865,536682,125303,74176,157687,121042,54133,90,80
2021-07-13T23:59:59+02:00,4937,4673,46898,48185,89602,88412,83710,83952,83333,89452,85597,88839,52685,65681,42283,58533,10234,20493,26274,26842,57590,59173,52960,55503,56861,64384,70695,75387,47694,59575,39568,54467,9558,18995,711553,530389,124934,73078,157640,119012,53282,90,79
2021-07-12T23:59:59+02:00,4769,4505,46361,47679,89206,88079,83321,83639,83088,89199,85410,88681,52605,65588,42235,58468,10222,20478,25658,26202,56089,57831,51668,54447,55637,63247,69954,74771,47324,59148,39393,54246,9517,18930,708894,523147,124565,72053,157577,116675,52407,90,78
2021-07-11T23:59:59+02:00,4374,4139,45424,46762,88784,87652,82908,83257,82783,88914,85219,88537,52520,65498,42210,58412,10211,20461,25064,25641,54716,56575,50373,53409,54592,62217,69365,74222,46979,58766,39270,54070,9493,18888,704989,516550,124094,71047,157539,114890,51353,90,78
2021-07-10T23:59:59+02:00,4362,4124,45095,46427,88333,87175,82579,82947,82681,88817,85151,88479,52501,65475,42201,58398,10210,20457,24582,25115,53643,55644,49517,52828,53999,61649,69149,74036,46609,58349,39170,53967,9488,18878,704327,512272,123630,70964,157364,113575,50001,90,78
2021-07-09T23:59:59+02:00,4343,4111,44675,45997,87724,86628,82203,82609,82431,88633,85038,88387,52467,65446,42194,58385,10206,20448,23889,24349,52328,54411,48583,51948,53222,60799,68729,73637,46249,57943,39084,53878,9480,18866,702943,506130,123052,70560,157198,112232,48642,90,77
2021-07-08T23:59:59+02:00,4318,4084,44131,45518,86868,85926,81684,82102,82178,88395,84843,88234,52402,65379,42163,58339,10197,20432,22921,23432,50398,52856,47209,50801,52090,59678,68049,73005,45735,57390,38949,53715,9452,18797,700864,498457,122165,69296,156908,109702,47166,90,77
2021-07-07T23:59:59+02:00,4295,4056,43564,44950,86045,85165,81143,81626,81894,88103,84641,88073,52324,65280,42123,58277,10190,20412,22061,22546,48461,51186,45706,49666,50858,58503,67363,72472,45004,56653,38760,53478,9421,18739,698397,490363,121172,68185,156657,106604,45846,89,75
2021-07-06T23:59:59+02:00,4262,4036,43023,44435,85201,84439,80536,81038,81527,87775,84468,87899,52235,65198,42086,58214,10181,20387,21234,21697,46484,49400,44323,48414,49586,57166,66619,71752,44177,55883,38575,53239,9403,18683,695791,481430,120151,67107,156355,103646,44555,88,75
2021-07-05T23:59:59+02:00,4239,4000,41884,43469,83709,83358,79807,80429,81076,87358,84197,87640,52118,65061,42037,58136,10167,20359,20065,20657,44542,47812,43298,47453,48561,56210,65923,71136,43420,55022,38403,53016,9380,18644,692535,475483,119094,66240,155991,100563,41336,88,75
2021-07-04T23:59:59+02:00,4212,3979,40541,42281,82079,82046,79090,79820,80606,86932,83928,87445,52028,64936,41991,58085,10154,20330,18723,19454,42757,46302,42601,46715,47756,55353,65345,70568,42678,54177,38239,52825,9361,18596,689479,470857,117942,65313,155570,97946,37404,88,75
2021-07-03T23:59:59+02:00,3749,3562,38983,40754,81222,81395,78604,79328,80165,86453,83712,87275,51959,64835,41973,58033,10151,20324,17916,18766,41843,45614,42181,46334,47350,54955,65179,70403,42091,53450,38177,52725,9354,18586,685783,468922,116627,65215,155485,96357,34494,88,75
2021-07-02T23:59:59+02:00,3190,2991,37436,39276,80509,80671,77935,78629,79647,85949,83471,87076,51908,64749,41944,57985,10139,20311,17162,18055,40707,44663,41448,45644,46518,54172,64660,69957,41144,52245,38047,52537,9338,18567,680778,463890,115224,64755,155329,93870,32397,88,74
2021-07-01T23:59:59+02:00,2546,2447,35727,37631,79543,79816,77106,77800,78943,85311,83156,86798,51787,64592,41882,57881,10120,20283,16300,17163,39176,43434,40236,44580,45214,53049,63925,69383,40257,51112,37897,52330,9321,18535,674500,457553,113518,63108,155101,91112,30162,88,74
2021-06-30T23:59:59+02:00,2504,2416,34726,36631,77717,78316,75402,76302,78284,84763,82872,86505,51657,64431,41822,57787,10108,20256,15280,16203,37497,42209,39038,43467,44057,51997,63173,68758,39713,50432,37782,52135,9299,18500,668659,451454,111785,61770,154884,89237,27083,88,73
2021-06-29T23:59:59+02:00,2471,2384,33897,35750,76119,76832,73786,74884,77495,84046,82329,86016,51476,64212,41746,57656,10091,20220,14451,15307,36185,41068,38119,42646,42832,50948,62461,68175,39008,49501,37646,51918,9277,18457,662341,446302,109914,59933,154613,87293,24454,88,72
2021-06-28T23:59:59+02:00,2431,2351,33094,34955,74501,75424,72106,73484,76473,83259,81724,85518,51297,63985,41669,57549,10078,20186,13710,14564,35132,40053,37293,41917,41711,49956,61813,67632,38136,48416,37479,51698,9257,18410,655897,441494,107949,58421,154019,85101,22131,88,71
2021-06-27T23:59:59+02:00,2417,2336,32363,34216,72933,74055,70703,72280,75078,82139,81048,84966,51097,63768,41604,57434,10068,20157,13080,13937,34173,39302,36639,41315,40781,49108,61276,67188,37278,47389,37327,51521,9242,18379,649717,437619,106012,57658,153067,82845,19778,88,71
2021-06-26T23:59:59+02:00,1785,1729,31334,33121,72581,73738,70238,71815,74784,81828,80953,84883,51075,63740,41590,57424,10067,20154,12890,13731,33514,38761,35998,40896,40262,48772,60281,66187,36290,46255,37160,51308,9228,18346,644951,431663,105075,57606,153062,80907,19667,84,71
2021-06-25T23:59:59+02:00,1167,1131,30224,31961,72096,73211,69623,71118,74361,81384,80578,84560,51014,63653,41556,57381,10062,20141,12568,13345,32662,37964,35130,40074,39325,47936,59070,64955,35775,45558,36968,51008,9205,18302,638662,423259,103887,57160,153053,79850,19535,84,71
2021-06-24T23:59:59+02:00,567,572,28893,30653,71325,72470,68750,70235,73689,80758,80133,84196,50908,63524,41504,57311,10051,20107,11912,12654,31501,36664,33917,38808,38201,46827,57436,63579,35302,45039,36812,50821,9186,18242,630905,413960,102395,55610,152939,77962,19323,84,70
2021-06-23T23:59:59+02:00,540,538,28392,30113,70222,71490,67473,69100,72942,80071,79684,83794,50797,63350,41443,57215,10034,20076,11425,12130,30504,35416,32988,37585,37189,45949,55501,61869,34752,44474,36645,50594,9165,18177,624702,404229,100820,54548,152837,76706,18831,84,70
2021-06-22T23:59:59+02:00,517,522,27881,29534,69050,70464,66272,68068,72264,79368,79269,83428,50691,63223,41395,57131,10025,20051,11081,11733,29584,34482,32024,36700,36229,45061,53534,60035,34365,43998,36508,50353,9136,18120,618392,395719,99362,52975,152703,75586,18612,84,69
2021-06-21T23:59:59+02:00,485,488,27219,28876,67733,69298,65089,66938,71504,78589,78873,83034,50584,63114,41336,57044,10012,20009,10792,11424,28959,33900,31474,36133,35629,44473,51691,58378,33658,43199,36213,49931,9107,18044,611600,388168,97867,51777,152582,74915,18093,83,69
2021-06-20T23:59:59+02:00,400,407,26583,28219,66515,68167,64068,65996,70700,77849,78517,82698,50506,62989,41287,56975,10007,19976,10504,11164,28413,33400,31018,35641,35121,43950,49855,56594,33116,42517,36016,49598,9077,17984,605226,380769,96400,51026,152484,74452,17666,83,67
2021-06-19T23:59:59+02:00,368,373,26205,27858,65786,67598,63547,65502,69903,77196,78363,82571,50485,62964,41271,56960,10006,19976,10375,10971,28167,33082,30764,35322,34899,43690,48412,55203,32857,42171,35933,49461,9069,17956,601296,375384,95458,51014,152482,74266,17613,83,67
2021-06-18T23:59:59+02:00,341,339,25746,27400,64774,66863,62809,64889,68984,76360,77972,82235,50424,62888,41244,56924,10002,19968,10161,10737,27766,32662,30438,34912,34514,43300,46688,53544,32506,41658,35796,49250,9050,17923,595890,368567,94217,50728,152474,74056,17499,82,67
2021-06-17T23:59:59+02:00,312,308,25117,26800,63521,65863,61816,64077,67392,74957,77449,81835,50324,62736,41181,56841,9989,19940,9747,10385,26975,31977,29697,34234,33678,42600,45185,52054,32062,41031,35633,48996,9018,17873,589827,361160,91568,49589,152316,73676,16666,81,66
2021-06-16T23:59:59+02:00,278,270,24598,26225,62224,64738,60709,63095,65119,73036,76603,81179,50113,62525,41090,56729,9970,19909,9430,10134,26325,31309,28989,33611,32949,41969,44593,51490,31792,40672,35487,48797,8997,17832,583603,357472,87060,48884,151877,72173,15791,79,66
2021-06-15T23:59:59+02:00,239,239,23962,25542,60825,63537,59627,62110,63964,71951,76101,80755,49989,62376,41040,56632,9963,19879,9170,9866,25724,30575,28350,32855,32273,41247,43036,49869,31347,40120,35316,48564,8967,17768,576512,350780,85431,47992,151408,70918,15301,79,66
2021-06-14T23:59:59+02:00,217,207,23498,24959,59722,62481,58750,61260,62892,70946,75626,80362,49902,62254,40990,56560,9947,19853,8884,9567,24972,29686,27587,32020,31482,40431,41753,48532,30979,39622,35179,48340,8937,17717,570657,344652,83713,46969,151205,69238,14772,79,66
2021-06-13T23:59:59+02:00,212,192,23082,24494,58792,61576,57975,60476,61786,69977,75156,79931,49813,62138,40941,56501,9935,19823,8609,9271,24264,28844,26871,31181,30721,39580,40209,46957,30517,39016,34978,48037,8907,17628,565647,337625,81849,46191,150974,67467,14251,79,65
2021-06-12T23:59:59+02:00,199,175,22857,24230,58244,61076,57618,60197,61144,69334,74957,79817,49789,62107,40929,56487,9932,19819,8495,9155,23786,28258,26354,30612,30208,39021,39134,45984,30350,38837,34882,47872,8903,17617,562758,333430,80893,46188,150966,65579,14215,79,65
2021-06-11T23:59:59+02:00,181,159,22506,23819,57506,60265,56941,59569,60239,68404,74605,79508,49715,62034,40904,56451,9929,19813,8364,8967,23277,27586,25825,29956,29628,38388,38063,44976,30082,38483,34740,47649,8890,17591,557762,328604,79604,45929,150952,63725,14151,79,64
2021-06-10T23:59:59+02:00,166,142,21978,23262,56378,59339,56011,58750,58983,67230,74070,79101,49644,61927,40880,56400,9916,19785,8104,8720,22412,26642,24863,29020,28510,37463,36674,43814,29730,38006,34462,47216,8823,17516,552223,321725,77399,45223,150709,61421,13552,79,62
2021-06-09T23:59:59+02:00,145,128,21360,22715,55126,58246,54950,57841,58034,66326,73605,78709,49557,61827,40830,56338,9902,19755,7818,8457,21496,25776,23927,28128,27481,36516,34958,42032,29347,37507,34277,46946,8782,17426,546505,314308,75951,44497,150356,59514,12503,79,60
2021-06-08T23:59:59+02:00,123,110,20691,22035,53820,57118,53832,56868,57079,65467,73059,78274,49470,61703,40775,56246,9882,19724,7551,8224,20583,24881,22868,27265,26450,35560,33609,40730,28990,36999,33957,46494,8729,17343,539861,308011,75032,43732,149913,57046,11391,79,59
2021-06-07T23:59:59+02:00,106,92,20049,21438,52385,55866,52568,55892,55920,64483,72508,77873,49385,61596,40729,56182,9869,19696,7305,8005,19741,24059,21843,26451,25418,34689,32675,39950,28706,36611,33712,46067,8678,17252,532612,303399,74137,42915,149501,54485,10308,79,59
2021-06-06T23:59:59+02:00,99,86,19542,20904,51238,54778,51468,54916,54958,63530,72001,77470,49300,61521,40692,56119,9862,19680,7097,7807,18953,23168,20943,25579,24347,33706,31763,39135,28422,36273,33456,45677,8629,17177,526295,298839,73116,42177,149165,51550,9511,77,59
2021-06-05T23:59:59+02:00,93,78,19277,20613,50468,54028,50815,54412,54483,63040,71866,77354,49285,61505,40689,56115,9859,19680,6871,7396,18314,22098,20223,24463,23474,32469,30740,37820,28094,35811,33332,45504,8622,17157,521990,292545,73111,42139,149041,48208,9441,77,59
2021-06-04T23:59:59+02:00,83,71,18834,20033,49422,53026,50004,53543,53836,62256,71522,77025,49256,61469,40669,56101,9857,19673,6653,7087,17695,21249,19549,23479,22548,31202,29533,36490,27807,35450,33220,45329,8610,17138,515528,286151,72789,42070,149024,45500,9262,77,59
2021-06-03T23:59:59+02:00,72,60,18163,19361,47904,51731,48798,52423,52873,61243,71026,76565,49192,61366,40631,56056,9844,19649,6365,6697,16961,20206,18757,22333,21551,29790,28374,35012,27263,34673,33015,45004,8574,17063,507814,279429,71774,41324,148749,42286,8544,76,58
2021-06-02T23:59:59+02:00,67,56,17794,18860,46892,50753,47938,51681,52134,60495,70780,76353,49155,61330,40612,56028,9836,19635,6184,6459,16315,19526,17852,21583,20722,28852,27283,33612,26797,34069,32856,44754,8545,16993,501570,273172,71759,41309,148725,39599,8270,75,55
2021-06-01T23:59:59+02:00,56,50,17126,18141,45037,49016,46293,50223,50615,59053,70100,75753,49065,61218,40553,55955,9823,19586,5910,6150,15159,18626,16346,20625,19518,27614,26064,32221,26246,33378,32607,44408,8499,16889,492452,266710,70419,40744,148174,36208,6545,73,55
2021-05-31T23:59:59+02:00,54,46,16652,17660,43727,47878,45086,49125,49376,57943,69423,75244,48987,61115,40509,55885,9811,19550,5633,5831,14121,17797,14948,19709,18352,26508,24846,30883,25730,32663,32413,44112,8465,16791,486209,260438,69256,40200,147713,33291,4821,72,54
2021-05-30T23:59:59+02:00,47,45,16329,17268,42751,46944,44181,48220,48385,56946,68863,74699,48880,60960,40438,55772,9796,19507,5445,5590,13575,17099,14327,19015,17467,25543,23749,29711,24961,31715,32120,43695,8420,16702,480230,254486,68221,39401,147305,30996,4203,72,50
2021-05-29T23:59:59+02:00,47,45,16199,17152,42392,46628,43839,47955,48144,56757,68804,74641,48874,60953,40432,55769,9796,19507,5282,5350,13067,16288,13682,18167,16625,24378,22640,28412,24805,31484,32057,43602,8417,16695,478268,248902,68100,39401,147295,28402,4199,72,49
2021-05-28T23:59:59+02:00,46,43,15899,16847,41696,46000,43329,47396,47638,56216,68529,74344,48809,60872,40404,55720,9793,19502,5043,4966,12531,15372,13005,17304,15761,23147,21546,26978,24558,31118,31963,43468,8407,16678,473985,242887,67600,39296,147265,25456,4161,72,47
2021-05-27T23:59:59+02:00,43,39,15382,16327,40550,45022,42312,46515,46652,55330,67942,73911,48687,60712,40350,55648,9782,19461,4820,4630,11890,14544,12221,16369,14693,21958,20289,25471,24054,30377,31791,43206,8374,16596,468164,235553,66088,38492,146545,23399,3796,72,45
2021-05-26T23:59:59+02:00,41,38,14974,15902,39452,44105,41278,45633,45628,54454,67336,73402,48535,60534,40270,55480,9761,19413,4627,4435,11333,13784,11498,15520,13690,20826,18895,23884,23469,29596,31575,42864,8322,16495,463044,228297,64062,37632,145560,21343,3498,72,45
2021-05-25T23:59:59+02:00,41,37,14584,15500,38448,43217,40311,44778,44676,53537,66727,72872,48355,60300,40191,55348,9735,19359,4421,4232,10792,13138,10738,14737,12626,19592,17461,22379,22887,28817,31341,42545,8264,16407,457743,220947,62482,36693,144453,19430,3266,72,43
2021-05-24T23:59:59+02:00,40,36,14242,15176,37619,42481,39438,44106,43813,52754,66197,72389,48230,60123,40127,55225,9715,19315,4278,4107,10346,12678,10098,14151,11745,18761,16175,21123,22218,27986,31124,42217,8205,16317,453122,214061,61253,35753,143722,18818,2857,72,42
2021-05-23T23:59:59+02:00,36,36,14074,15003,37149,42108,38988,43701,43361,52350,65927,72161,48155,60032,40089,55179,9707,19291,4088,3967,9883,12204,9475,13542,10805,17947,14984,20058,21752,27420,30872,41930,8157,16235,449932,207078,60876,35672,143695,17757,2772,72,42
2021-05-22T23:59:59+02:00,34,34,13878,14787,36463,41544,38309,43248,42790,51941,64908,71150,47950,59776,40019,55066,9697,19270,3976,3672,9667,11791,9322,13214,10564,17502,14715,19658,21659,27303,30838,41890,8150,16226,443498,205858,60873,35669,143680,15839,2741,72,42
2021-05-21T23:59:59+02:00,33,33,13499,14385,35391,40628,37247,42319,41726,51044,63554,69868,47720,59439,39938,54919,9680,19237,3870,3576,9460,11527,9112,12950,10234,17175,14305,19289,21439,27017,30778,41800,8141,16218,433899,203918,60520,35363,143445,14847,2725,71,40
2021-05-20T23:59:59+02:00,31,33,12705,13661,33952,39170,35826,40911,40324,49847,62271,68716,47430,59097,39795,54738,9659,19186,3722,3395,8934,10925,8465,12241,9536,16329,13550,18327,20624,25899,30584,41503,8102,16132,423701,199556,58819,34518,142415,11808,2348,69,40
2021-05-19T23:59:59+02:00,31,32,12168,13097,32773,37746,34723,39530,39199,48888,60271,66949,46954,58539,39612,54476,9618,19080,3619,3263,8661,10550,8169,11866,9094,15821,12913,17666,19760,24771,30358,41200,8046,16017,412864,195315,57301,33705,141306,10572,2146,69,38
2021-05-18T23:59:59+02:00,28,32,11746,12654,31729,36726,33630,38615,38159,47953,58213,65092,46599,58090,39458,54237,9586,19021,3421,3100,8167,9945,7698,11321,8553,15154,12232,16897,18820,23540,30121,40857,8009,15912,404211,191230,55341,32863,140109,7778,1840,67,38
2021-05-17T23:59:59+02:00,26,31,11495,12378,31212,36169,33136,38055,37569,47319,56312,63383,45899,57268,39181,53839,9549,18948,3339,2991,7905,9663,7405,11022,8152,14742,11663,16294,17904,22409,29888,40538,7974,15838,396631,186861,54218,32116,139301,7162,1553,66,37
2021-05-16T23:59:59+02:00,26,31,11273,12124,30690,35665,32674,37563,37047,46747,54418,61558,45354,56569,38987,53520,9522,18893,3238,2892,7617,9373,7084,10677,7676,14279,11083,15710,16974,21262,29679,40248,7936,15769,389674,182583,53250,31270,138637,6576,1035,65,35
2021-05-15T23:59:59+02:00,26,31,11119,11921,30412,35332,32436,37243,36818,46485,52848,60080,45104,56263,38910,53382,9516,18865,3217,2874,7592,9344,7069,10656,7657,14266,11066,15689,16864,21046,29470,39941,7928,15759,383871,181594,53246,31269,138591,6525,1018,65,34
2021-05-14T23:59:59+02:00,26,31,10871,11641,29944,34824,32056,36782,36306,46012,50978,58250,44742,55762,38770,53175,9500,18825,3190,2855,7522,9272,7013,10584,7598,14208,10883,15490,16133,19980,29184,39455,7911,15719,376081,178681,52919,30930,138462,6386,968,65,34
2021-05-13T23:59:59+02:00,23,30,10588,11316,29296,34184,31457,36178,35634,45346,49509,56733,44311,55134,38600,52932,9473,18779,3122,2809,7395,9171,6926,10490,7494,14099,10557,15144,15076,18746,28798,38812,7868,15645,368991,174885,51901,30368,137710,6011,857,64,33
2021-05-12T23:59:59+02:00,23,28,10459,11173,29014,33866,31190,35885,35322,45032,49224,56425,44212,55031,38547,52854,9466,18741,3110,2783,7361,9135,6896,10455,7466,14060,10390,14988,14704,18314,28495,38329,7846,15598,366323,172838,51820,30358,137551,5967,735,63,33
2021-05-11T23:59:59+02:00,22,25,10113,10850,28161,33040,30359,35131,34461,44249,47490,54657,43758,54437,38372,52563,9428,18639,3023,2686,7116,8855,6673,10155,7251,13690,9910,14440,13725,17165,28081,37712,7809,15503,359409,169169,50115,29466,135659,4618,509,63,33
2021-05-10T23:59:59+02:00,21,25,9807,10573,27416,32340,29582,34430,33692,43482,46185,53392,43375,53926,38183,52258,9378,18526,2981,2640,6989,8732,6578,10037,7112,13508,9645,14133,13031,16305,27654,37102,7783,15422,353160,166357,48998,29085,133973,3780,400,60,31
2021-05-09T23:59:59+02:00,20,25,9575,10328,26735,31656,28915,33729,32969,42785,44662,51921,42875,53307,37983,51954,9341,18441,2934,2594,6866,8589,6471,9895,7000,13296,9329,13822,12233,15404,27291,36567,7763,15366,346085,163508,47923,28529,132844,3040,313,56,31
2021-05-08T23:59:59+02:00,20,25,9482,10261,26350,31355,28469,33415,32515,42481,43630,51093,42723,53144,37942,51892,9339,18435,2931,2590,6858,8584,6465,9887,6992,13284,9319,13810,12195,15342,26614,35618,7726,15290,341569,161639,47881,28502,132758,3027,307,56,31
2021-05-07T23:59:59+02:00,19,25,9341,10113,25879,30976,28021,33041,32009,42132,42591,50267,42452,52804,37829,51732,9327,18408,2884,2564,6805,8543,6409,9832,6941,13232,9146,13589,11564,14530,25675,34238,7679,15208,336447,157554,47574,28133,132600,2833,289,56,31
2021-05-06T23:59:59+02:00,17,24,8943,9824,24962,30207,26960,32240,30780,41316,40974,49059,42072,52257,37634,51489,9289,18335,2820,2518,6675,8397,6294,9703,6793,13044,8876,13292,10916,13669,24713,32857,7646,15147,328601,153775,46499,27180,130949,2097,278,55,31
2021-05-05T23:59:59+02:00,17,23,8577,9624,24082,29608,26096,31576,29692,40526,38996,47246,41627,51704,37427,51208,9232,18223,2779,2487,6557,8268,6192,9589,6691,12903,8631,13034,10209,12842,23700,31533,7617,15076,320752,149894,45647,26293,128836,1697,194,55,31
2021-05-04T23:59:59+02:00,17,22,8334,9397,23287,28961,25122,30836,28621,39692,37485,45781,41159,51119,37149,50861,9185,18102,2740,2466,6484,8196,6110,9522,6617,12822,8394,12814,9479,11988,22755,30291,7583,15013,314102,146176,44682,25487,126202,1493,89,55,30
2021-05-03T23:59:59+02:00,17,21,8131,9183,22588,28381,24284,30231,27714,38997,36526,45031,40811,50647,36935,50571,9135,17998,2695,2435,6414,8119,6031,9457,6527,12738,8166,12601,8736,11089,21840,29076,7552,14963,309241,142442,43906,24667,123951,1252,49,54,30
2021-05-02T23:59:59+02:00,17,21,7968,9018,21950,27804,23545,29640,26896,38375,35712,44396,40552,50318,36823,50385,9101,17941,2657,2412,6372,8078,5994,9422,6487,12698,7984,12428,8136,10353,21131,28209,7531,14945,304415,139257,43137,24392,122815,1118,42,53,29
2021-05-01T23:59:59+02:00,16,21,7816,8836,21577,27347,23063,29065,26253,37665,34888,43501,40290,49943,36726,50232,9095,17924,2651,2406,6346,8068,5979,9413,6469,12684,7967,12413,8099,10289,21092,28152,7527,14941,298318,138966,43136,24385,122709,1075,42,53,29
2021-04-30T23:59:59+02:00,16,20,7668,8658,21190,26918,22618,28499,25505,36888,33880,42536,40061,49624,36629,50078,9083,17903,2633,2393,6321,8050,5957,9396,6442,12664,7935,12379,8059,10219,21042,28069,7524,14932,292030,138655,43129,24312,122527,984,36,52,29
2021-04-29T23:59:59+02:00,15,20,7399,8418,20597,26345,21947,27816,24573,35923,32605,41200,39017,48221,36311,49602,9026,17775,2601,2359,6229,7940,5872,9294,6348,12522,7731,12103,7436,9496,20636,27553,7502,14858,283289,136591,42345,23085,121093,742,36,47,27
2021-04-28T23:59:59+02:00,14,18,7124,8200,20076,25872,21310,27217,23687,35076,31210,39749,37857,46634,35969,49110,8963,17633,2532,2311,6121,7819,5763,9164,6246,12372,7512,11833,6748,8651,20220,26978,7461,14787,274612,134148,41573,21790,119455,518,36,43,27
2021-04-27T23:59:59+02:00,13,18,6942,8022,19643,25447,20690,26681,22833,34298,29999,38427,36769,45191,35587,48540,8893,17506,2507,2286,6018,7722,5710,9066,6180,12249,7297,11635,6147,7914,19814,26481,7441,14764,266803,132051,40709,20847,117908,271,36,43,27
2021-04-26T23:59:59+02:00,12,18,6760,7857,19225,25023,20147,26156,22030,33541,28784,37192,35709,43769,35280,48056,8843,17382,2495,2276,5975,7680,5665,9026,6144,12205,7111,11470,5533,7183,19443,26033,7417,14737,259119,130091,39883,20003,116707,240,33,42,27
2021-04-25T23:59:59+02:00,12,17,6655,7724,18887,24753,19768,25817,21417,32924,27800,36237,34580,42341,34965,47626,8801,17300,2483,2269,5957,7656,5646,9009,6124,12180,7074,11443,5406,7002,19108,25569,7401,14693,251935,129470,39169,19262,116446,230,32,42,27
2021-04-24T23:59:59+02:00,12,17,6491,7548,18445,24321,19209,25280,20634,32123,26719,35189,34329,42027,34871,47461,8791,17288,2479,2263,5944,7646,5638,8998,6119,12176,7064,11436,5333,6891,19010,25428,7398,14685,245976,129016,39164,19223,115541,212,32,42,26
2021-04-23T23:59:59+02:00,12,17,6268,7347,17997,23847,18639,24669,19809,31309,25562,33995,33553,40853,34727,47225,8777,17265,2473,2245,5917,7622,5601,8959,6074,12132,7018,11384,5167,6614,18472,24802,7298,14516,238408,127173,38836,18876,114554,190,32,41,24
2021-04-22T23:59:59+02:00,11,16,6053,7139,17392,23259,17846,23887,18759,30287,24243,32563,32512,39500,34482,46869,8739,17187,2459,2230,5873,7571,5552,8875,5999,12054,6942,11314,4883,6196,17760,23929,7179,14322,229372,125016,37919,17912,113383,156,32,38,23
2021-04-21T23:59:59+02:00,11,15,5854,6958,16861,22788,17185,23284,17777,29390,22689,30972,31508,38269,34185,46431,8691,17099,2435,2213,5831,7516,5494,8800,5933,11954,6847,11234,4723,5921,17062,23080,7063,14141,220498,122928,37150,17141,112251,124,32,36,23
2021-04-20T23:59:59+02:00,10,14,5671,6764,16305,22313,16444,22625,16782,28389,21221,29503,30362,36781,33870,45996,8640,17009,2422,2198,5782,7478,5454,8755,5885,11888,6768,11169,4604,5767,16461,22306,6937,13962,211516,121244,36268,16425,110848,116,31,36,21
2021-04-19T23:59:59+02:00,10,14,5484,6607,15773,21883,15767,22067,15792,27511,19829,28102,28988,35147,33553,45518,8582,16891,2411,2184,5757,7445,5417,8721,5846,11842,6687,11093,4478,5606,15812,21596,6829,13800,202823,119600,35489,15760,109141,113,31,34,21
2021-04-18T23:59:59+02:00,9,14,5297,6466,15339,21559,15149,21506,14821,26724,18492,26964,27601,33496,33222,45100,8524,16804,2360,2138,5626,7324,5303,8607,5739,11691,6582,10974,4362,5419,15219,20930,6716,13621,194292,117962,34659,14490,108071,109,31,34,20
2021-04-17T23:59:59+02:00,9,13,5261,6431,15185,21484,14973,21421,14586,26545,18238,26743,27094,32955,33096,44952,8515,16789,2333,2098,5526,7170,5196,8448,5639,11503,6492,10841,4310,5356,14978,20636,6706,13608,193074,116204,34654,14486,106497,100,31,34,20
2021-04-16T23:59:59+02:00,9,13,5198,6377,15009,21333,14762,21261,14304,26297,17823,26332,26051,31725,32963,44741,8494,16766,2287,2048,5409,6984,5059,8266,5487,11261,6295,10619,4105,5122,14332,19846,6608,13463,189731,112962,34366,14088,105296,91,31,34,20
2021-04-15T23:59:59+02:00,7,12,5129,6300,14796,21119,14494,20971,13875,25947,17188,25700,24689,30118,32707,44418,8458,16687,2217,1964,5213,6748,4857,7945,5280,10944,6079,10334,3907,4872,13502,18763,6493,13296,185177,109138,33557,13145,103816,81,31,34,20
2021-04-14T23:59:59+02:00,7,12,5049,6229,14592,20918,14240,20747,13485,25613,16522,25082,23113,28333,32395,44015,8405,16593,2028,1844,4995,6485,4668,7695,5053,10695,5845,10049,3771,4663,12775,17845,6366,13082,180576,106044,32683,11690,102026,75,31,34,20
2021-04-13T23:59:59+02:00,7,12,4997,6182,14392,20783,14006,20566,13143,25317,15953,24579,21410,26490,32079,43598,8373,16487,1943,1792,4828,6298,4483,7475,4852,10440,5641,9814,3635,4497,12258,17229,6243,12921,176357,103660,31808,10574,100145,65,31,33,20
2021-04-12T23:59:59+02:00,7,11,4933,6116,14176,20586,13701,20303,12757,24904,15375,24026,19817,24549,31789,43238,8332,16413,1813,1701,4647,6139,4333,7299,4690,10248,5504,9655,3516,4342,11827,16719,6132,12758,172000,101976,30755,9236,98214,63,31,33,18
2021-04-11T23:59:59+02:00,7,11,4864,6041,13952,20388,13405,20092,12343,24553,14814,23517,18310,22775,31528,42896,8289,16333,1776,1665,4527,6026,4222,7176,4568,10117,5370,9525,3402,4223,11336,16109,6001,12551,167717,100229,29796,8258,96543,61,30,32,17
2021-04-10T23:59:59+02:00,7,11,4859,6033,13933,20374,13396,20081,12326,24535,14790,23498,17622,21853,31237,42478,8271,16306,1772,1653,4515,6015,4207,7162,4555,10103,5317,9459,3299,4110,10779,15274,5872,12353,166648,98084,29769,8258,95133,59,28,32,17
2021-04-09T23:59:59+02:00,7,11,4846,6016,13896,20324,13352,20033,12279,24481,14530,23245,16105,19964,30832,41832,8237,16263,1748,1643,4493,6000,4181,7135,4514,10069,5279,9410,3214,3991,9912,14286,5723,12155,164031,95644,29428,8010,92737,58,26,31,16
2021-04-08T23:59:59+02:00,7,11,4803,5988,13795,20250,13271,19953,12179,24377,14195,22886,14338,17755,30215,40823,8179,16142,1727,1630,4461,5947,4129,7050,4450,9989,5207,9333,3106,3888,9434,13685,5518,11910,160206,93799,28400,7575,90514,57,18,29,16
2021-04-07T23:59:59+02:00,7,11,4773,5959,13691,20168,13177,19868,12076,24275,13815,22528,12831,15903,29571,39850,8124,16044,1708,1618,4408,5880,4045,6976,4361,9905,5117,9233,3019,3793,8690,12590,5283,11505,155798,91250,27525,6802,89302,47,17,29,16
2021-04-06T23:59:59+02:00,7,11,4744,5933,13592,20101,13095,19807,12000,24210,13439,22177,11198,13899,28909,38880,8092,15973,1648,1564,4278,5752,3937,6852,4242,9757,5014,9104,2904,3671,7985,11661,5011,11140,151785,88866,26643,5580,87595,45,15,29,15
2021-04-05T23:59:59+02:00,7,10,4706,5905,13515,20034,13028,19739,11945,24130,13167,21923,9588,11954,28183,37829,8057,15911,1577,1495,4123,5602,3769,6696,4088,9608,4859,8976,2772,3554,7177,10700,4740,10751,148592,86498,25626,3919,85370,42,14,29,15
2021-04-04T23:59:59+02:00,7,10,4692,5887,13504,20014,13020,19721,11937,24110,13070,21853,8565,10694,27736,37188,8032,15854,1575,1493,4115,5596,3767,6691,4083,9603,4857,8968,2767,3545,6941,10235,4656,10626,146865,85540,25622,3919,83367,36,11,29,13
2021-04-03T23:59:59+02:00,7,10,4689,5877,13487,19994,13010,19711,11927,24100,13056,21835,7661,9626,26854,35946,7983,15742,1571,1489,4113,5591,3765,6688,4075,9591,4843,8955,2760,3533,6803,9973,4617,10546,144390,84936,25614,3919,81473,36,10,28,13
2021-04-02T23:59:59+02:00,7,10,4684,5859,13450,19969,12971,19668,11883,24052,12981,21768,7148,8879,25270,33847,7837,15474,1562,1473,4087,5568,3739,6647,4039,9530,4722,8668,2632,3378,6428,9578,4468,10344,139940,83113,25276,3693,80505,36,9,27,13
2021-04-01T23:59:59+02:00,6,9,4636,5800,13356,19824,12855,19517,11734,23896,12383,21319,6585,8174,23765,31876,7710,15237,1496,1427,3978,5444,3672,6576,3971,9464,4644,8565,2538,3237,5916,8893,4299,10070,135748,80851,24139,3289,78762,31,8,25,12
2021-03-31T23:59:59+02:00,6,9,4585,5745,13231,19671,12723,19363,11546,23716,12121,21059,6266,7803,22288,29923,7560,15008,1483,1416,3954,5421,3640,6548,3931,9417,4606,8512,2475,3162,5434,8248,4125,9831,131820,79085,23052,3072,77721,31,5,25,11
2021-03-30T23:59:59+02:00,6,9,4521,5680,13093,19521,12610,19188,11415,23551,11951,20920,6076,7588,20902,28196,7416,14805,1466,1380,3913,5388,3576,6478,3843,9303,4475,8341,2340,2957,5014,7693,3982,9575,128466,76863,22127,2830,76830,19,2,23,11
2021-03-29T23:59:59+02:00,6,9,4481,5642,12974,19427,12543,19104,11333,23449,11802,20785,5919,7390,19486,26518,7288,14604,1407,1339,3858,5344,3502,6408,3725,9159,4325,8151,2218,2816,4451,7026,3828,9299,124892,74208,21262,2619,76581,18,2,23,10
2021-03-28T23:59:59+02:00,6,9,4434,5578,12853,19290,12458,19010,11232,23353,11696,20684,5768,7184,18308,25012,7169,14409,1374,1295,3760,5237,3309,6183,3638,9042,4275,8095,2164,2752,3692,6005,3643,9031,121898,71155,20473,2320,76058,10,2,22,9
2021-03-27T23:59:59+01:00,6,9,4402,5527,12746,19125,12343,18845,11118,23148,11589,20535,5703,7102,18022,24666,7158,14394,1368,1292,3755,5233,3306,6176,3352,8693,4077,7797,2158,2749,3678,5972,3609,8970,120062,69850,20434,2320,75918,5,2,22,9
2021-03-26T23:59:59+01:00,6,8,4366,5474,12635,18935,12210,18643,10965,22919,11428,20324,5540,6887,17419,23874,7059,14244,1367,1291,3750,5226,3283,6158,3333,8673,3865,7349,1981,2344,3414,5688,3458,8737,116968,67591,20096,2313,75849,4,1,22,9
2021-03-25T23:59:59+01:00,6,8,4299,5386,12437,18695,12005,18314,10751,22591,11187,19997,5328,6603,16390,22567,6931,14055,1358,1281,3729,5200,3249,6130,3282,8636,3819,7305,1909,2231,2980,5006,3300,8432,112988,65624,19024,2212,75515,2,1,22,9
2021-03-24T23:59:59+01:00,6,8,4219,5275,12224,18243,11786,17901,10529,22200,10953,19624,5059,6257,15350,21350,6792,13831,1335,1268,3705,5155,3213,6067,3227,8566,3765,7232,1856,2172,2673,4672,3148,8157,109882,64231,17931,1969,73771,2,1,22,9
2021-03-23T23:59:59+01:00,6,8,4163,5211,12057,17900,11587,17549,10337,21836,10733,19336,4926,6061,14710,20535,6652,13658,1320,1262,3690,5137,3192,6049,3202,8515,3728,7189,1821,2113,2444,4403,2940,7836,107533,62903,17205,1927,72504,2,1,22,9
2021-03-22T23:59:59+01:00,6,8,4115,5134,11861,17567,11399,17221,10112,21509,10518,19031,4775,5855,14092,19820,6519,13472,1307,1253,3663,5104,3160,6013,3173,8459,3692,7144,1777,2057,2245,4153,2745,7503,105680,61650,16487,1787,70825,2,1,21,9
2021-03-21T23:59:59+01:00,6,8,4041,5011,11579,17156,11118,16814,9842,21055,10262,18678,4661,5684,13396,19029,6378,13264,1299,1252,3646,5088,3139,5980,3150,8429,3672,7122,1759,2030,2080,3991,2573,7235,103800,60652,15188,1782,68972,2,1,21,9
2021-03-20T23:59:59+01:00,5,8,4011,4942,11436,16821,10993,16496,9699,20752,10086,18396,4534,5524,12766,18078,6241,13049,1298,1251,3646,5086,3136,5979,3147,8424,3667,7118,1755,2025,2049,3930,2550,7194,101605,60462,15183,1782,67027,2,1,21,9
2021-03-19T23:59:59+01:00,5,7,3967,4862,11269,16461,10811,16141,9526,20372,9872,18037,4375,5329,11742,16866,6080,12838,1289,1244,3628,5058,3106,5902,3102,8331,3565,6943,1630,1914,1975,3868,2438,6986,98909,59190,14774,1778,64856,2,1,20,9
2021-03-18T23:59:59+01:00,5,7,3880,4759,11023,16035,10542,15697,9247,19903,9649,17694,4231,5163,11118,15999,5852,12571,1285,1233,3611,5023,3086,5858,3080,8275,3538,6897,1611,1881,1936,3798,2315,6776,97109,58504,13767,1688,62478,2,1,20,9
2021-03-17T23:59:59+01:00,5,7,3709,4644,10728,15615,10277,15337,9005,19541,9398,17346,4112,4996,10304,14756,5590,12148,1284,1230,3597,5005,3080,5838,3070,8242,3520,6873,1610,1857,1912,3769,2205,6589,94463,57996,12225,1674,60809,2,1,20,9
2021-03-16T23:59:59+01:00,5,7,3567,4519,10388,15152,10003,14967,8730,19098,9102,16982,3969,4830,9487,13632,5309,11789,1270,1227,3593,4998,3069,5834,3064,8231,3513,6859,1586,1834,1873,3718,2085,6411,92129,57560,11036,1594,58351,2,1,19,9
2021-03-15T23:59:59+01:00,5,7,3419,4403,10073,14684,9711,14508,8433,18624,8814,16569,3823,4660,8779,12568,5085,11468,1260,1219,3573,4986,3057,5810,3044,8192,3493,6816,1571,1821,1856,3685,1970,6226,90166,56976,9672,1593,55778,2,0,17,9
2021-03-14T23:59:59+01:00,5,7,3349,4314,9807,14251,9456,14106,8115,18132,8534,16174,3660,4474,7978,11333,4777,11013,1246,1213,3552,4968,3036,5769,3022,8112,3465,6748,1545,1771,1795,3558,1805,5838,87857,56450,8654,983,52960,2,0,14,9
2021-03-13T23:59:59+01:00,5,7,3273,4061,9495,13582,9213,13526,7890,17558,8330,15742,3553,4372,7787,11040,4729,10925,1246,1213,3552,4968,3036,5769,3021,8112,3464,6746,1541,1770,1793,3554,1804,5837,87204,56433,8654,983,49216,2,0,14,9
2021-03-12T23:59:59+01:00,5,7,3212,3924,9249,13042,8975,12995,7657,16922,7974,14991,3390,4202,7404,10632,4591,10736,1242,1210,3547,4954,3033,5766,3014,8104,3460,6740,1514,1741,1772,3536,1704,5659,85431,56004,8408,982,46055,2,0,14,9
2021-03-11T23:59:59+01:00,5,7,3061,3656,8873,12282,8671,12319,7324,16139,7632,14348,3233,4000,6849,9913,4402,10424,1223,1200,3513,4910,2991,5689,2979,7980,3409,6642,1470,1688,1693,3336,1506,5145,82986,55260,7963,105,42176,1,0,13,9
2021-03-10T23:59:59+01:00,5,7,2996,3549,8374,11771,7994,11836,7003,15648,7332,13757,3073,3843,6289,9219,4231,10150,1212,1186,3483,4852,2960,5613,2943,7840,3355,6520,1432,1648,1635,3240,1390,4866,81169,54085,7412,82,38484,0,0,12,9
2021-03-09T23:59:59+01:00,5,6,2891,3373,7690,11320,7097,11349,6584,15036,6967,13150,2844,3542,5781,8588,4075,9874,1207,1182,3461,4805,2933,5548,2926,7788,3337,6474,1417,1624,1600,3197,1285,4668,78875,53398,6056,48,35229,0,0,12,7
2021-03-08T23:59:59+01:00,5,6,2718,3138,7048,10776,6283,10870,6183,14507,6573,12583,2633,3331,5178,7849,3929,9606,1200,1176,3440,4739,2908,5472,2887,7694,3305,6398,1410,1615,1597,3189,1280,4665,76051,52923,4918,46,32236,0,0,11,7
2021-03-07T23:59:59+01:00,5,6,2606,3006,6717,10275,5872,10329,5887,14057,6333,12194,2535,3240,4413,6786,3712,9323,1197,1173,3437,4734,2903,5460,2883,7677,3297,6385,1405,1602,1576,3149,1265,4624,72798,52717,4087,44,30401,0,0,10,7
2021-03-06T23:59:59+01:00,5,5,2561,2864,6533,9821,5673,9912,5411,13201,5959,11454,2514,3213,4407,6775,3711,9321,1197,1172,3434,4729,2901,5459,2882,7676,3296,6382,1403,1599,1576,3147,1264,4624,71570,52691,4087,44,27673,0,0,10,7
2021-03-05T23:59:59+01:00,5,5,2469,2609,6320,9237,5459,9514,5234,12634,5575,10476,2288,2749,4028,6393,3572,9106,1185,1169,3416,4713,2896,5446,2874,7658,3285,6363,1389,1592,1575,3143,1259,4620,69242,52534,3854,44,24567,0,0,10,6
2021-03-04T23:59:59+01:00,5,5,2393,2404,6105,8801,5296,9172,5053,12213,5400,10097,2196,2579,3475,5569,3406,8768,1173,1155,3373,4615,2863,5380,2842,7560,3252,6289,1369,1585,1561,3129,1251,4609,67193,51959,3414,44,22320,0,0,10,4
2021-03-03T23:59:59+01:00,4,5,2336,2353,5935,8386,5125,8811,4839,11761,5210,9651,2114,2471,3072,5131,3247,8474,1153,1147,3339,4567,2826,5315,2802,7461,3205,6215,1349,1560,1542,3098,1245,4592,65767,51372,3171,42,19977,0,0,10,3
2021-03-02T23:59:59+01:00,4,5,2282,2265,5773,8052,4967,8555,4676,11359,5049,9333,2048,2380,2767,4774,3030,8153,1148,1138,3321,4546,2811,5289,2785,7412,3197,6187,1344,1549,1524,3081,1242,4586,64415,51116,2910,42,18137,0,0,10,3
2021-03-01T23:59:59+01:00,4,5,2256,2238,5669,7836,4867,8410,4592,11207,4949,9159,1993,2303,2471,4452,2842,7837,1142,1135,3307,4528,2799,5260,2769,7366,3183,6159,1338,1546,1517,3072,1239,4582,63152,50898,2689,42,17239,0,0,10,3
2021-02-28T23:59:59+01:00,3,5,2204,2195,5491,7577,4691,8189,4456,11021,4842,9033,1956,2241,2176,4150,2639,7528,1133,1129,3292,4518,2792,5253,2763,7352,3176,6145,1333,1543,1510,3056,1238,4550,62043,50739,2387,42,15957,0,0,10,3
2021-02-27T23:59:59+01:00,3,5,2117,1886,5314,7152,4593,7877,4373,10672,4770,8783,1928,2180,2148,4105,2619,7474,1129,1125,3290,4517,2787,5251,2759,7349,3171,6142,1331,1543,1510,3055,1237,4550,61811,50705,2387,39,13791,0,0,10,3
2021-02-26T23:59:59+01:00,3,5,2060,1808,5167,6913,4446,7617,4222,10407,4561,8500,1799,2073,2087,4068,2512,7294,1108,1112,3273,4483,2775,5211,2746,7296,3149,6088,1325,1532,1506,3047,1236,4548,60484,50395,2381,38,12667,0,0,10,3
2021-02-25T23:59:59+01:00,3,5,1943,1709,4841,6511,4018,7156,3936,9893,4326,8119,1741,2015,2054,4007,2402,7100,1092,1097,3236,4440,2745,5159,2700,7189,3109,5995,1315,1516,1492,3007,1223,4489,60008,49766,2274,36,9487,0,0,10,3
2021-02-24T23:59:59+01:00,3,5,1914,1649,4724,6297,3913,6941,3814,9652,4202,7959,1719,1983,2022,3965,2290,6902,1079,1092,3209,4378,2709,5093,2675,7105,3080,5924,1299,1499,1467,2959,1211,4420,59464,49172,2028,25,8452,0,0,10,3
2021-02-23T23:59:59+01:00,3,5,1689,1502,4350,5808,3632,6547,3594,9273,4047,7674,1690,1952,1978,3918,2177,6719,1060,1081,3171,4350,2681,5036,2650,7029,3045,5865,1279,1479,1440,2924,1201,4370,59010,48648,1981,11,5557,0,0,10,3
2021-02-22T23:59:59+01:00,3,5,1680,1483,4299,5749,3596,6484,3530,9180,3986,7579,1658,1925,1952,3867,2060,6522,1056,1068,3150,4305,2661,4997,2625,6969,3016,5812,1267,1465,1431,2914,1193,4361,58469,48282,1839,6,5240,0,0,10,3
2021-02-21T23:59:59+01:00,3,5,1668,1479,4269,5716,3553,6446,3489,9126,3942,7529,1650,1918,1947,3858,1940,6360,1050,1057,3129,4267,2632,4947,2610,6900,2987,5725,1253,1449,1411,2854,1169,4284,58127,47716,1833,6,4928,0,0,10,3
2021-02-20T23:59:59+01:00,3,5,1667,1478,4264,5713,3551,6445,3489,9125,3941,7528,1645,1916,1945,3854,1939,6360,1050,1057,3127,4265,2632,4947,2609,6899,2987,5725,1253,1448,1410,2854,1169,4284,58112,47708,1833,6,4913,0,0,10,3
2021-02-19T23:59:59+01:00,3,5,1649,1471,4251,5693,3540,6431,3478,9115,3931,7513,1619,1887,1924,3836,1839,6180,1049,1056,3126,4264,2631,4946,2609,6897,2984,5723,1253,1447,1410,2853,1169,4284,57693,47693,1828,6,4836,0,0,8,3
2021-02-18T23:59:59+01:00,3,5,1605,1440,4155,5582,3469,6329,3390,8951,3846,7372,1597,1852,1890,3766,1709,5983,1003,1013,2987,4039,2505,4674,2498,6562,2877,5459,1222,1404,1378,2768,1143,4135,57048,45660,1738,6,4150,0,0,8,2
2021-02-17T23:59:59+01:00,3,4,1583,1411,4059,5432,3384,6179,3272,8716,3719,7171,1545,1784,1818,3665,1592,5678,946,963,2834,3817,2388,4362,2371,6151,2748,5147,1173,1344,1332,2661,1096,3973,55839,43298,1727,6,3441,0,0,8,2
2021-02-16T23:59:59+01:00,3,4,1509,1344,3899,5234,3247,5998,3164,8484,3597,7005,1521,1758,1783,3635,1479,5471,860,931,2703,3660,2289,4151,2245,5829,2617,4893,1117,1253,1187,2360,842,3361,55148,40293,1710,3,2271,0,0,6,2
2021-02-15T23:59:59+01:00,3,4,1494,1326,3853,5148,3188,5911,3107,8369,3530,6899,1510,1744,1768,3612,1471,5451,825,909,2622,3531,2213,3971,2161,5551,2529,4680,1074,1189,1101,2186,778,3146,54683,38464,1708,1,1991,0,0,6,1
2021-02-14T23:59:59+01:00,3,4,1428,1298,3768,5071,3145,5802,3051,8215,3486,6790,1490,1713,1716,3485,1416,5204,816,903,2573,3463,2174,3903,2107,5431,2463,4573,1047,1153,1016,2014,707,2911,54440,37252,1097,1,1542,0,0,6,1
2021-02-13T23:59:59+01:00,3,4,1426,1297,3760,5066,3138,5801,3048,8213,3483,6788,1489,1710,1716,3483,1414,5204,816,903,2573,3463,2174,3903,2105,5430,2462,4573,1045,1152,1016,2014,707,2911,54421,37247,1096,0,1520,0,0,6,0
2021-02-12T23:59:59+01:00,3,3,1393,1281,3722,5032,3116,5781,3026,8180,3464,6743,1473,1700,1706,3466,1405,5185,809,895,2540,3410,2140,3858,2075,5376,2444,4542,1044,1151,1015,2014,706,2909,54194,36928,1094,0,1385,0,0,6,0
2021-02-11T23:59:59+01:00,3,3,1346,1238,3609,4860,3025,5608,2928,7869,3364,6531,1413,1640,1639,3288,1321,4859,772,832,2285,2966,1914,3381,1844,4631,2173,4014,961,1082,929,1822,657,2640,53563,32903,128,0,849,0,0,4,0
2021-02-10T23:59:59+01:00,3,3,1325,1216,3550,4750,2959,5503,2886,7719,3310,6400,1396,1623,1612,3249,1308,4822,695,775,1993,2557,1704,2932,1605,4024,1916,3552,851,935,766,1451,529,2150,52915,28435,126,0,590,0,0,3,0
2021-02-09T23:59:59+01:00,3,2,1312,1198,3495,4681,2929,5434,2866,7623,3273,6332,1389,1609,1584,3227,1298,4809,647,697,1732,2201,1510,2543,1420,3525,1744,3188,820,901,744,1379,508,2037,52605,25596,121,0,335,0,0,3,0
2021-02-08T23:59:59+01:00,3,2,1298,1194,3466,4651,2909,5397,2845,7571,3254,6302,1379,1602,1575,3201,1296,4791,634,663,1581,1964,1369,2289,1286,3217,1584,2928,781,880,696,1273,476,1868,52306,23489,95,0,332,0,0,3,0
2021-02-07T23:59:59+01:00,3,2,1166,1151,3359,4595,2855,5355,2818,7532,3229,6265,1369,1586,1567,3179,1291,4759,487,517,1312,1608,1128,1839,1078,2627,1356,2407,675,754,614,1114,431,1652,52011,19599,67,0,0,0,0,3,0
2021-02-06T23:59:59+01:00,3,2,1162,1149,3357,4593,2851,5352,2811,7529,3225,6261,1367,1584,1566,3176,1290,4759,363,368,1112,1356,991,1535,934,2213,1190,1988,586,652,586,1097,428,1649,51967,17048,67,0,0,0,0,3,0
2021-02-05T23:59:59+01:00,3,1,1151,1138,3341,4572,2844,5325,2800,7484,3206,6215,1361,1576,1563,3169,1289,4759,261,206,927,1038,842,1163,758,1761,1012,1579,469,546,559,1077,425,1645,51727,14268,67,0,0,0,0,3,0
2021-02-04T23:59:59+01:00,3,1,1135,1121,3296,4524,2803,5249,2757,7353,3158,6131,1347,1561,1550,3137,1280,4732,133,81,622,664,551,740,516,1149,670,987,288,363,459,931,387,1494,51090,10035,45,0,0,0,0,3,0
2021-02-03T23:59:59+01:00,3,1,1113,1115,3271,4479,2774,5207,2735,7300,3128,6074,1337,1552,1527,3097,1275,4687,115,65,494,513,420,597,415,908,513,743,240,284,359,730,303,1163,50628,7862,44,0,0,0,0,3,0
2021-02-02T23:59:59+01:00,3,1,1092,1102,3232,4448,2744,5154,2709,7224,3094,6010,1314,1524,1493,3040,1249,4596,105,56,411,415,348,519,367,820,460,661,219,261,314,660,279,1044,49983,6939,43,0,0,0,0,3,0
2021-02-01T23:59:59+01:00,3,1,1076,1091,3211,4395,2713,5093,2678,7097,3064,5913,1294,1496,1469,3004,1233,4533,78,41,314,310,256,394,274,611,326,496,180,211,248,523,217,813,49318,5292,43,0,0,0,0,3,0
2021-01-31T23:59:59+01:00,3,1,1071,1081,3196,4366,2689,5049,2663,7041,3050,5869,1283,1479,1449,2940,1210,4455,68,40,288,286,231,347,253,570,296,457,161,193,208,427,176,657,48849,4658,43,0,0,0,0,3,0
2021-01-30T23:59:59+01:00,3,1,1070,1081,3193,4362,2688,5049,2662,7040,3050,5868,1283,1478,1448,2940,1210,4455,68,37,281,272,218,331,248,559,292,451,160,190,207,427,176,657,48838,4574,40,0,0,0,0,3,0
2021-01-29T23:59:59+01:00,3,1,1069,1080,3192,4358,2688,5047,2662,7038,3047,5866,1283,1478,1448,2939,1210,4455,64,33,263,258,195,311,232,542,281,443,155,188,203,421,175,655,48821,4419,40,0,0,0,0,3,0
2021-01-28T23:59:59+01:00,3,1,1049,1061,3125,4253,2634,4936,2604,6882,2980,5735,1269,1456,1434,2873,1188,4335,55,18,166,154,129,187,162,357,206,280,124,145,157,262,102,378,47779,2882,37,0,0,0,0,2,0
2021-01-27T23:59:59+01:00,3,1,1004,1023,3039,4109,2553,4756,2509,6599,2896,5534,1239,1414,1398,2784,1155,4195,26,7,100,71,58,92,83,209,116,147,94,113,113,193,77,270,46182,1769,27,0,0,0,0,2,0
2021-01-26T23:59:59+01:00,2,1,927,994,2923,3974,2474,4571,2427,6419,2825,5379,1213,1365,1307,2631,941,3796,26,7,95,70,57,91,81,209,114,146,92,112,113,193,77,270,44151,1753,16,0,0,0,0,2,0
2021-01-25T23:59:59+01:00,2,1,911,977,2844,3845,2428,4423,2366,6222,2766,5228,1195,1343,1293,2606,931,3763,26,7,94,70,55,91,81,209,114,144,92,112,113,193,77,270,43132,1748,11,0,0,0,0,1,0
2021-01-24T23:59:59+01:00,2,1,901,973,2824,3830,2418,4391,2340,6183,2733,5167,1182,1337,1284,2584,918,3729,26,7,94,70,55,91,81,209,113,144,91,112,113,193,77,270,42788,1746,8,0,0,0,0,1,0
2021-01-23T23:59:59+01:00,2,1,901,973,2824,3829,2418,4391,2339,6182,2732,5167,1180,1336,1284,2584,918,3729,26,7,94,70,55,91,81,209,113,144,91,112,113,193,77,269,42783,1745,7,0,0,0,0,0,0
2021-01-22T23:59:59+01:00,2,1,895,966,2792,3783,2384,4326,2308,6107,2711,5120,1179,1335,1283,2583,917,3726,26,7,94,70,55,91,81,209,113,144,91,112,113,193,77,269,42411,1745,7,0,0,0,0,0,0
2021-01-21T23:59:59+01:00,2,1,880,898,2534,3367,2183,3909,2128,5498,2487,4634,1127,1287,1239,2462,887,3574,22,7,83,64,51,74,68,169,93,133,81,97,96,143,65,208,39090,1454,7,0,0,0,0,0,0
2021-01-20T23:59:59+01:00,2,1,805,836,2222,2961,1976,3443,1896,4889,2231,4157,1015,1147,1081,2116,774,3111,22,7,83,64,51,73,68,169,93,133,81,97,96,143,64,208,34656,1452,7,0,0,0,0,0,0
2021-01-19T23:59:59+01:00,2,1,745,758,1931,2516,1733,2981,1660,4232,1988,3685,942,1052,961,1842,677,2762,11,3,50,45,32,45,35,100,44,77,36,37,46,75,39,133,30462,808,6,0,0,0,0,0,0
2021-01-18T23:59:59+01:00,2,1,675,702,1704,2118,1495,2505,1412,3546,1732,3179,861,967,862,1636,625,2492,5,2,19,11,13,20,17,54,17,33,19,22,25,53,28,75,26511,413,3,0,0,0,0,0,0
2021-01-17T23:59:59+01:00,1,1,495,542,1387,1715,1214,1971,1156,2811,1453,2556,722,815,714,1357,515,2123,0,1,3,2,0,0,0,0,0,0,0,0,0,0,0,0,21546,6,2,0,0,0,0,0,0
2021-01-16T23:59:59+01:00,1,0,372,395,1205,1468,1094,1684,1015,2411,1296,2149,635,717,686,1341,513,2122,0,0,0,0,0,0,0,0,0,0,0,0,0,0,0,0,19103,0,1,0,0,0,0,0,0
2021-01-15T23:59:59+01:00,1,0,266,232,1021,1166,945,1337,846,1963,1116,1748,518,607,648,1308,502,2082,0,0,0,0,0,0,0,0,0,0,0,0,0,0,0,0,16305,0,1,0,0,0,0,0,0
2021-01-14T23:59:59+01:00,0,0,151,102,705,778,652,866,610,1304,751,1130,332,420,539,1126,452,1858,0,0,0,0,0,0,0,0,0,0,0,0,0,0,0,0,11776,0,0,0,0,0,0,0,0
2021-01-13T23:59:59+01:00,0,0,127,81,594,608,528,698,493,1048,593,865,279,346,453,958,394,1590,0,0,0,0,0,0,0,0,0,0,0,0,0,0,0,0,9655,0,0,0,0,0,0,0,0
2021-01-12T23:59:59+01:00,0,0,116,65,511,520,449,596,430,919,522,762,245,297,369,766,328,1242,0,0,0,0,0,0,0,0,0,0,0,0,0,0,0,0,8137,0,0,0,0,0,0,0,0
2021-01-11T23:59:59+01:00,0,0,87,52,417,421,365,485,344,742,415,589,211,246,309,637,269,1045,0,0,0,0,0,0,0,0,0,0,0,0,0,0,0,0,6634,0,0,0,0,0,0,0,0
2021-01-10T23:59:59+01:00,0,0,73,45,352,348,299,404,288,645,345,522,185,218,249,505,212,814,0,0,0,0,0,0,0,0,0,0,0,0,0,0,0,0,5504,0,0,0,0,0,0,0,0
2021-01-09T23:59:59+01:00,0,0,73,43,337,328,275,382,280,629,337,515,184,217,248,503,212,814,0,0,0,0,0,0,0,0,0,0,0,0,0,0,0,0,5377,0,0,0,0,0,0,0,0
2021-01-08T23:59:59+01:00,0,0,69,37,303,296,229,341,253,588,310,476,167,199,223,445,192,716,0,0,0,0,0,0,0,0,0,0,0,0,0,0,0,0,4844,0,0,0,0,0,0,0,0
2021-01-07T23:59:59+01:00,0,0,58,25,213,198,160,242,194,421,239,340,138,160,169,288,121,445,0,0,0,0,0,0,0,0,0,0,0,0,0,0,0,0,3411,0,0,0,0,0,0,0,0
2021-01-06T23:59:59+01:00,0,0,47,16,163,120,113,161,144,294,176,240,108,128,128,222,82,312,0,0,0,0,0,0,0,0,0,0,0,0,0,0,0,0,2454,0,0,0,0,0,0,0,0
2021-01-05T23:59:59+01:00,0,0,29,8,97,72,58,94,86,212,115,149,98,118,119,204,81,291,0,0,0,0,0,0,0,0,0,0,0,0,0,0,0,0,1831,0,0,0,0,0,0,0,0
2021-01-04T23:59:59+01:00,0,0,27,8,97,71,55,92,86,212,115,147,98,117,119,204,81,291,0,0,0,0,0,0,0,0,0,0,0,0,0,0,0,0,1820,0,0,0,0,0,0,0,0
2021-01-03T23:59:59+01:00,0,0,27,8,97,71,55,92,86,212,114,147,97,117,119,204,81,291,0,0,0,0,0,0,0,0,0,0,0,0,0,0,0,0,1818,0,0,0,0,0,0,0,0
2021-01-02T23:59:59+01:00,0,0,27,8,97,71,55,92,86,212,113,147,97,117,119,204,81,290,0,0,0,0,0,0,0,0,0,0,0,0,0,0,0,0,1816,0,0,0,0,0,0,0,0
2021-01-01T23:59:59+01:00,0,0,27,8,97,71,55,92,86,212,113,146,97,117,119,204,81,290,0,0,0,0,0,0,0,0,0,0,0,0,0,0,0,0,1815,0,0,0,0,0,0,0,0
2020-12-31T23:59:59+01:00,0,0,27,8,97,71,55,92,86,212,112,146,97,117,119,204,81,290,0,0,0,0,0,0,0,0,0,0,0,0,0,0,0,0,1814,0,0,0,0,0,0,0,0
2020-12-30T23:59:59+01:00,0,0,27,8,97,71,54,92,86,212,112,146,97,117,119,204,80,290,0,0,0,0,0,0,0,0,0,0,0,0,0,0,0,0,1812,0,0,0,0,0,0,0,0
2020-12-29T23:59:59+01:00,0,0,15,2,65,53,32,61,50,138,64,89,47,51,66,119,51,195,0,0,0,0,0,0,0,0,0,0,0,0,0,0,0,0,1098,0,0,0,0,0,0,0,0
2020-12-28T23:59:59+01:00,0,0,5,2,36,26,19,30,21,67,25,41,20,22,26,47,28,74,0,0,0,0,0,0,0,0,0,0,0,0,0,0,0,0,489,0,0,0,0,0,0,0,0
2020-12-27T23:59:59+01:00,0,0,0,0,7,5,7,2,1,5,0,2,0,1,2,2,4,6,0,0,0,0,0,0,0,0,0,0,0,0,0,0,0,0,44,0,0,0,0,0,0,0,0
