Datum,<24_1_m,<24_1_w,25-34_1_m,25-34_1_w,35-44_1_m,35-44_1_w,45-54_1_m,45-54_1_w,55-64_1_m,55-64_1_w,65-74_1_m,65-74_1_w,75-84_1_m,75-84_1_w,>84_1_m,>84_1_w,<24_2_m,<24_2_w,25-34_2_m,25-34_2_w,35-44_2_m,35-44_2_w,45-54_2_m,45-54_2_w,55-64_2_m,55-64_2_w,65-74_2_m,65-74_2_w,75-84_2_m,75-84_2_w,>84_2_m,>84_2_w,bp_1,bp_2,mo_1,mo_2,az_1,az_2,ja
2021-07-10T23:59:59+02:00,49022,50100,87617,86546,82001,82420,82141,88383,84813,88139,52317,65275,42129,58280,10176,20405,24443,24995,53137,55084,49056,52323,53481,61132,68685,73538,46318,57988,38983,53673,9442,18782,700733,508652,122901,70368,156624,112534,49506
2021-07-09T23:59:59+02:00,48611,49687,87038,86036,81666,82119,81938,88226,84720,88069,52290,65249,42123,58271,10172,20396,23787,24247,51867,53896,48169,51483,52758,60318,68294,73162,45971,57589,38900,53590,9434,18770,699447,502691,122331,69973,156471,111209,48362
2021-07-08T23:59:59+02:00,48072,49207,86220,85369,81174,81639,81704,88007,84538,87932,52233,65189,42101,58233,10166,20387,22830,23333,49971,52383,46815,50349,51652,59221,67635,72539,45469,57049,38773,53441,9410,18710,697575,495145,121461,68743,156191,108748,46944
2021-07-07T23:59:59+02:00,47487,48618,85416,84619,80641,81177,81427,87719,84337,87776,52161,65093,42063,58172,10159,20367,21970,22445,48068,50738,45331,49238,50440,58064,66962,72025,44750,56317,38586,53206,9379,18652,695164,487170,120478,67653,155956,105714,45634
2021-07-06T23:59:59+02:00,46925,48099,84590,83915,80048,80603,81065,87398,84165,87606,52077,65016,42028,58110,10149,20342,21147,21605,46123,48984,43958,47992,49178,56748,66226,71318,43930,55553,38401,52969,9361,18598,692625,478304,119462,66599,155671,102810,44378
2021-07-05T23:59:59+02:00,45780,47114,83120,82855,79334,80009,80625,86987,83901,87352,51963,64886,41983,58033,10135,20315,19974,20559,44195,47412,42949,47048,48161,55801,65543,70707,43182,54699,38230,52747,9338,18559,689488,472417,118412,65749,155327,99773,41165
2021-07-04T23:59:59+02:00,44414,45913,81495,81556,78628,79407,80163,86570,83634,87160,51879,64761,41939,57982,10123,20288,18632,19352,42416,45905,42260,46318,47366,54951,64974,70144,42446,53859,38068,52560,9320,18512,686488,467840,117268,64830,154923,97180,37233
2021-07-03T23:59:59+02:00,42407,43979,80637,80907,78147,78921,79727,86097,83420,86994,51812,64662,41921,57930,10120,20282,17833,18666,41513,45227,41847,45940,46966,54564,64809,69980,41858,53131,38006,52460,9314,18502,682827,465948,115967,64747,154842,95594,34327
2021-07-02T23:59:59+02:00,40309,41946,79930,80188,77491,78232,79210,85599,83181,86797,51766,64580,41892,57884,10108,20269,17077,17953,40386,44280,41122,45260,46146,53792,64298,69540,40912,51930,37876,52271,9298,18483,677869,460979,114584,64301,154703,93118,32226
2021-07-01T23:59:59+02:00,37970,39774,78989,79350,76667,77417,78519,84968,82872,86523,51647,64428,41830,57784,10092,20241,16207,17058,38876,43067,39926,44218,44855,52680,63571,68973,40026,50801,37727,52067,9281,18451,671703,454732,112891,62684,154479,90370,29998
2021-06-30T23:59:59+02:00,36936,38759,77184,77865,74975,75928,77862,84429,82591,86233,51518,64267,41770,57690,10080,20214,15186,16094,37212,41849,38747,43115,43711,51628,62830,68354,39489,50134,37613,51873,9259,18416,665957,448675,111163,61358,154257,88553,26924
2021-06-29T23:59:59+02:00,36080,37859,75597,76397,73370,74517,77081,83726,82053,85751,51337,64054,41695,57560,10063,20178,14346,15196,35908,40715,37838,42298,42493,50586,62123,67778,38790,49203,37478,51656,9238,18373,659719,443570,109307,59529,153989,86617,24303
2021-06-28T23:59:59+02:00,35244,37041,73994,74996,71691,73123,76062,82944,81454,85262,51161,63832,41618,57455,10050,20144,13601,14456,34858,39709,37021,41576,41384,49600,61480,67239,37921,48127,37311,51439,9219,18326,653331,438818,107349,58029,153404,84433,21987
2021-06-27T23:59:59+02:00,34505,36295,72436,73635,70294,71921,74677,81830,80790,84722,50967,63620,41553,57341,10040,20115,12970,13835,33909,38964,36371,40982,40465,48758,60950,66800,37069,47111,37161,51262,9204,18295,647217,434989,105425,57281,152457,82194,19642
2021-06-26T23:59:59+02:00,32861,34610,72085,73320,69830,71460,74386,81522,80699,84640,50949,63589,41539,57332,10038,20112,12783,13628,33257,38430,35736,40568,39950,48423,59958,65808,36082,45985,36994,51049,9191,18262,642501,429074,104489,57234,152450,80264,19532
2021-06-25T23:59:59+02:00,31153,32859,71602,72803,69220,70768,73968,81084,80329,84323,50889,63505,41506,57290,10033,20099,12460,13241,32408,37638,34872,39754,39015,47593,58753,64582,35568,45289,36802,50748,9168,18219,636285,420707,103302,56794,152443,79208,19401
2021-06-24T23:59:59+02:00,29246,31020,70840,72072,68358,69899,73302,80467,79890,83970,50784,63378,41455,57222,10022,20065,11801,12549,31259,36352,33674,38500,37903,46494,57122,63217,35099,44770,36646,50561,9149,18159,628646,411480,101825,55259,152329,77326,19190
2021-06-23T23:59:59+02:00,28719,30451,69748,71103,67088,68774,72558,79783,79444,83569,50674,63203,41394,57127,10005,20036,11319,12031,30265,35113,32749,37295,36904,45623,55196,61514,34549,44211,36478,50334,9128,18094,622487,401820,100265,54210,152226,76075,18698
2021-06-22T23:59:59+02:00,28187,29867,68582,70089,65896,67757,71882,79084,79033,83204,50567,63075,41345,57043,9996,20011,10974,11634,29355,34180,31793,36418,35948,44745,53240,59689,34169,43735,36341,50093,9099,18037,616226,393352,98822,52647,152090,74971,18480
2021-06-21T23:59:59+02:00,27494,29180,67275,68932,64721,66634,71128,78312,78641,82811,50459,62967,41287,56958,9983,19970,10688,11328,28730,33608,31247,35860,35355,44160,51398,58041,33467,42939,36045,49672,9070,17961,609487,385838,97335,51458,151968,74311,17962
2021-06-20T23:59:59+02:00,26775,28446,66064,67812,63707,65699,70332,77570,78289,82477,50382,62845,41240,56889,9978,19937,10397,11065,28191,33106,30794,35370,34852,43640,49567,56260,32922,42260,35848,49343,9040,17901,603155,378457,95881,50709,151869,73853,17537
2021-06-19T23:59:59+02:00,26371,28058,65345,67250,63191,65218,69542,76926,78135,82348,50362,62820,41224,56876,9977,19937,10268,10872,27946,32789,30541,35052,34636,43380,48123,54866,32666,41917,35765,49207,9032,17873,599285,373082,94943,50698,151868,73669,17484
2021-06-18T23:59:59+02:00,25895,27572,64337,66515,62462,64614,68637,76099,77741,82009,50301,62744,41197,56840,9973,19929,10054,10641,27553,32378,30219,34647,34254,42995,46408,53221,32316,41404,35628,48996,9013,17840,593925,366317,93711,50414,151857,73464,17372
2021-06-17T23:59:59+02:00,25240,26950,63091,65530,61485,63809,67055,74701,77231,81612,50203,62596,41135,56757,9960,19902,9645,10293,26769,31703,29485,33976,33425,42304,44915,51737,31873,40782,35465,48742,8981,17789,587934,358950,91073,49288,151702,73098,16548
2021-06-16T23:59:59+02:00,24693,26344,61796,64410,60380,62832,64796,72788,76389,80960,49993,62387,41044,56644,9941,19871,9332,10045,26124,31046,28780,33366,32701,41682,44330,51178,31611,40431,35319,48546,8960,17748,581747,355294,86584,48594,151260,71634,15677
2021-06-15T23:59:59+02:00,24027,25633,60409,63212,59306,61857,63643,71711,75889,80539,49871,62240,40994,56548,9934,19841,9076,9778,25522,30316,28145,32614,32030,40961,42777,49560,31167,39882,35148,48314,8930,17684,574705,348620,84961,47709,150800,70387,15188
2021-06-14T23:59:59+02:00,23544,25021,59316,62162,58434,61014,62578,70710,75413,80152,49783,62120,40944,56477,9918,19815,8793,9482,24775,29435,27388,31787,31244,40154,41500,48228,30802,39385,35012,48091,8900,17633,568891,342525,83253,46699,150594,68722,14663
2021-06-13T23:59:59+02:00,23124,24546,58391,61257,57663,60235,61475,69744,74940,79718,49693,62002,40895,56418,9907,19786,8520,9188,24071,28604,26679,30955,30486,39307,39970,46665,30345,38785,34811,47789,8872,17545,563898,335551,81395,45937,150356,66959,14145
2021-06-12T23:59:59+02:00,22889,24266,57844,60761,57306,59955,60835,69100,74742,79603,49670,61971,40883,56404,9904,19782,8406,9072,23593,28021,26163,30390,29979,38751,38897,45697,30178,38606,34715,47625,8868,17534,561020,331372,80441,45934,150345,65080,14109
2021-06-11T23:59:59+02:00,22522,23843,57112,59950,56630,59331,59931,68168,74389,79292,49593,61898,40858,56367,9900,19776,8275,8884,23090,27356,25641,29736,29401,38125,37832,44696,29913,38252,34573,47403,8856,17508,556036,326585,79155,45676,150324,63235,14045
2021-06-10T23:59:59+02:00,21981,23275,55995,59029,55707,58515,58683,67004,73858,78884,49522,61791,40834,56315,9887,19748,8015,8639,22230,26419,24684,28805,28295,37207,36450,43541,29565,37781,34298,46971,8789,17433,550529,319741,76967,44976,150075,60948,13457
2021-06-09T23:59:59+02:00,21378,22723,54834,57945,54685,57614,57751,66103,73392,78492,49435,61691,40785,56253,9873,19718,7732,8379,21319,25557,23753,27918,27274,36266,34738,41763,29182,37285,34114,46703,8748,17343,544846,312343,75693,44256,149717,59059,12416
2021-06-08T23:59:59+02:00,20693,22028,53549,56827,53569,56646,56800,65245,72853,78059,49348,61569,40729,56160,9853,19687,7471,8144,20407,24669,22697,27056,26246,35316,33392,40468,28830,36781,33799,46252,8695,17260,538244,306065,74782,43499,149276,56606,11313
2021-06-07T23:59:59+02:00,20039,21417,52126,55579,52315,55678,55648,64265,72305,77660,49265,61463,40683,56094,9840,19659,7226,7927,19567,23850,21676,26245,25217,34452,32465,39690,28550,36394,33555,45830,8644,17169,531057,301479,73891,42686,148855,54059,10233
2021-06-06T23:59:59+02:00,19530,20880,50982,54494,51220,54708,54694,63321,71798,77257,49181,61390,40646,56031,9833,19643,7019,7730,18784,22966,20778,25379,24152,33474,31557,38881,28269,36059,33299,45441,8595,17094,524795,296942,72876,41952,148497,51143,9440
2021-06-05T23:59:59+02:00,19259,20566,50204,53729,50559,54181,54217,62818,71659,77124,49164,61369,40642,56027,9830,19643,6797,7339,18163,21920,20067,24293,23285,32260,30543,37585,27943,35603,33176,45269,8588,17074,520505,290673,72872,41914,148239,47943,9375
2021-06-04T23:59:59+02:00,18814,19994,49168,52742,49761,53319,53581,62049,71318,76801,49137,61338,40624,56011,9828,19636,6578,7029,17547,21075,19402,23314,22373,31001,29345,36266,27656,35244,33064,45097,8576,17055,514159,284337,72552,41846,148213,45242,9197
2021-06-03T23:59:59+02:00,18135,19313,47653,51456,48556,52201,52628,61040,70825,76341,49073,61238,40586,55967,9815,19612,6293,6639,16816,20042,18616,22176,21381,29593,28187,34790,27115,34470,32860,44773,8540,16980,506479,277641,71544,41106,147934,42042,8482
2021-06-02T23:59:59+02:00,17769,18813,46657,50497,47707,51475,51901,60298,70583,76127,49035,61202,40567,55940,9807,19598,6117,6406,16179,19372,17722,21435,20565,28662,27103,33399,26651,33866,32702,44525,8511,16910,500328,271459,71531,41091,147907,39365,8210
2021-06-01T23:59:59+02:00,17091,18089,44809,48768,46070,50015,50378,58854,69898,75524,48944,61090,40507,55867,9794,19550,5843,6098,15029,18478,16227,20484,19374,27435,25895,32023,26108,33181,32456,44179,8465,16806,491200,265075,70202,40531,147357,35986,6489
2021-05-31T23:59:59+02:00,16618,17606,43502,47631,44864,48919,49140,57745,69222,75010,48868,60988,40464,55799,9782,19515,5567,5782,13997,17657,14837,19577,18210,26339,24685,30697,25594,32469,32262,43884,8431,16709,484956,258848,69047,39988,146901,33092,4769
2021-05-30T23:59:59+02:00,16289,17215,42530,46701,43959,48016,48151,56753,68662,74461,48759,60832,40393,55687,9767,19472,5382,5542,13455,16963,14218,18887,17333,25381,23593,29532,24827,31525,31969,43470,8387,16621,478982,252923,68016,39190,146491,30814,4158
2021-05-29T23:59:59+02:00,16165,17100,42174,46387,43621,47754,47910,56563,68601,74399,48753,60825,40387,55684,9767,19472,5221,5303,12951,16156,13576,18038,16493,24221,22489,28241,24671,31295,31906,43377,8384,16614,477026,247364,67907,39190,146475,28228,4154
2021-05-28T23:59:59+02:00,15864,16794,41478,45757,43112,47196,47402,56018,68323,74102,48687,60744,40359,55635,9764,19467,4984,4919,12418,15248,12902,17182,15637,23003,21407,26813,24426,30930,31813,43243,8374,16597,472744,241390,67409,39085,146430,25302,4119
2021-05-27T23:59:59+02:00,15344,16271,40338,44782,42098,46313,46422,55132,67738,73670,48563,60584,40305,55563,9753,19426,4764,4583,11783,14430,12123,16250,14578,21821,20154,25310,23929,30196,31641,42983,8341,16515,466931,234094,65901,38285,145713,23265,3757
2021-05-26T23:59:59+02:00,14938,15846,39244,43866,41067,45435,45400,54259,67128,73158,48411,60405,40225,55396,9733,19378,4574,4390,11230,13670,11404,15402,13579,20693,18769,23731,23353,29418,31427,42643,8289,16414,461821,226862,63880,37433,144725,21228,3463
2021-05-25T23:59:59+02:00,14548,15447,38245,42981,40102,44585,44450,53342,66520,72627,48232,60173,40146,55265,9708,19323,4369,4189,10693,13032,10651,14622,12520,19471,17346,22234,22773,28642,31196,42327,8235,16327,456530,219553,62304,36503,143628,19339,3232
2021-05-24T23:59:59+02:00,14206,15124,37422,42249,39234,43918,43594,52564,65988,72142,48106,59996,40082,55143,9688,19279,4226,4064,10247,12574,10013,14042,11648,18645,16070,20986,22113,27815,30980,42004,8177,16241,451929,212721,61081,35570,142902,18731,2823
2021-05-23T23:59:59+02:00,14034,14953,36957,41883,38783,43514,43144,52160,65717,71916,48032,59905,40044,55099,9681,19255,4038,3925,9790,12104,9397,13443,10717,17836,14885,19933,21649,27254,30728,41720,8131,16160,448753,205802,60712,35490,142872,17678,2740
2021-05-22T23:59:59+02:00,13837,14735,36277,41319,38107,43060,42574,51754,64701,70913,47829,59648,39974,54986,9672,19233,3928,3630,9576,11693,9244,13118,10477,17394,14620,19535,21555,27138,30694,41680,8124,16151,442347,204596,60709,35488,142854,15764,2709
2021-05-21T23:59:59+02:00,13457,14335,35209,40411,37049,42133,41514,50860,63349,69632,47599,59311,39893,54839,9655,19200,3822,3535,9370,11431,9035,12855,10150,17071,14215,19169,21336,26852,30635,41590,8115,16143,432777,202672,60361,35184,142615,14775,2693
2021-05-20T23:59:59+02:00,12661,13611,33776,38968,35636,40730,40119,49663,62066,68482,47309,58966,39750,54658,9634,19149,3676,3354,8850,10832,8394,12150,9451,16232,13464,18214,20526,25745,30443,41296,8077,16058,422611,198345,58665,34342,141584,11757,2318
2021-05-19T23:59:59+02:00,12125,13048,32599,37548,34537,39354,39000,48707,60073,66720,46834,58410,39569,54398,9593,19043,3575,3225,8582,10463,8100,11779,9014,15727,12830,17559,19665,24620,30217,40993,8021,15943,411801,194130,57152,33535,140486,10529,2119
2021-05-18T23:59:59+02:00,11705,12605,31555,36535,33455,38445,37963,47776,58021,64866,46479,57962,39417,54158,9561,18984,3377,3062,8094,9862,7633,11235,8476,15063,12152,16793,18726,23399,29981,40651,7985,15838,403176,190068,55200,32696,139296,7748,1815
2021-05-17T23:59:59+02:00,11453,12331,31039,35985,32967,37886,37373,47144,56117,63163,45779,57141,39139,53763,9524,18911,3295,2954,7834,9580,7340,10938,8078,14652,11590,16190,17810,22271,29750,40333,7950,15764,395599,185717,54090,31950,138497,7133,1529
2021-05-16T23:59:59+02:00,11233,12078,30520,35483,32506,37395,36854,46576,54223,61342,45235,56443,38945,53445,9497,18856,3195,2855,7547,9293,7022,10595,7605,14193,11017,15611,16881,21129,29542,40046,7913,15696,388648,181465,53132,31112,137839,6551,1012
2021-05-15T23:59:59+02:00,11079,11875,30243,35149,32269,37075,36626,46313,52655,59865,44985,56137,38868,53307,9491,18828,3176,2838,7523,9266,7007,10575,7587,14180,11001,15590,16772,20916,29333,39741,7905,15686,382848,180485,53129,31111,137793,6505,995
2021-05-14T23:59:59+02:00,10834,11595,29777,34646,31893,36616,36119,45843,50788,58040,44622,55632,38728,53100,9475,18789,3149,2820,7453,9197,6954,10505,7529,14124,10820,15392,16045,19856,29049,39256,7888,15646,375082,177600,52803,30773,137667,6365,945
2021-05-13T23:59:59+02:00,10549,11269,29137,34008,31297,36014,35451,45183,49322,56523,44191,55005,38556,52857,9448,18744,3081,2774,7327,9097,6867,10412,7427,14020,10497,15046,14992,18626,28666,38614,7845,15572,368007,173820,51789,30214,136921,5992,837
2021-05-12T23:59:59+02:00,10422,11125,28857,33693,31035,35724,35142,44872,49037,56215,44089,54894,38503,52775,9441,18706,3069,2747,7294,9061,6838,10378,7400,13981,10333,14890,14625,18202,28363,38138,7823,15525,365344,171800,51708,30204,136763,5948,715
2021-05-11T23:59:59+02:00,10077,10799,28010,32869,30204,34973,34286,44094,47306,54450,43639,54303,38327,52484,9403,18604,2982,2652,7054,8781,6619,10079,7189,13614,9855,14344,13651,17057,27952,37527,7786,15431,358444,168156,50009,29317,134885,4610,490
2021-05-10T23:59:59+02:00,9771,10528,27268,32171,29432,34277,33516,43331,46006,53188,43258,53793,38137,52180,9353,18491,2941,2607,6928,8658,6525,9963,7052,13434,9597,14040,12958,16207,27526,36920,7760,15352,352203,165367,48896,28943,133219,3776,382
2021-05-09T23:59:59+02:00,9540,10284,26596,31496,28769,33583,32801,42642,44491,51726,42758,53172,37937,51877,9316,18406,2894,2561,6806,8516,6419,9823,6941,13222,9283,13729,12163,15311,27164,36390,7741,15296,345166,162534,47823,28391,132109,3038,296
2021-05-08T23:59:59+02:00,9447,10217,26211,31196,28324,33270,32351,42338,43459,50902,42606,53008,37893,51815,9314,18400,2891,2557,6798,8512,6413,9815,6934,13211,9274,13718,12125,15250,26491,35448,7704,15220,340654,160679,47782,28365,132023,3025,292
2021-05-07T23:59:59+02:00,9305,10069,25743,30821,27878,32897,31851,41993,42426,50078,42339,52668,37780,51654,9303,18373,2844,2531,6745,8472,6359,9761,6883,13161,9102,13500,11495,14440,25558,34077,7657,15138,335564,156617,47474,27999,131866,2833,274
2021-05-06T23:59:59+02:00,8907,9781,24834,30054,26822,32099,30628,41179,40814,48875,41964,52124,37585,51412,9266,18300,2782,2485,6616,8326,6245,9633,6736,12976,8833,13205,10851,13584,24604,32705,7624,15077,327731,152865,46407,27055,130242,2098,264
2021-05-05T23:59:59+02:00,8545,9583,23955,29457,25962,31437,29547,40393,38841,47066,41522,51573,37376,51129,9209,18188,2742,2455,6500,8199,6146,9520,6634,12835,8588,12949,10147,12759,23597,31388,7595,15007,319891,149010,45559,26172,128153,1699,180
2021-05-04T23:59:59+02:00,8303,9355,23158,28815,24992,30698,28479,39559,37334,45606,41054,50986,37099,50783,9163,18066,2705,2434,6430,8127,6065,9455,6562,12759,8356,12730,9422,11909,22654,30151,7561,14945,313246,145322,44597,25373,125532,1495,75
2021-05-03T23:59:59+02:00,8101,9141,22462,28237,24155,30093,27578,38865,36382,44858,40710,50515,36886,50496,9113,17962,2660,2403,6361,8051,5988,9391,6475,12675,8128,12518,8682,11013,21744,28940,7531,14896,308396,141607,43822,24560,123301,1254,35
2021-05-02T23:59:59+02:00,7941,8977,21829,27663,23417,29504,26764,38246,35572,44228,40451,50183,36771,50307,9079,17905,2626,2381,6320,8010,5953,9357,6437,12635,7946,12346,8085,10281,21040,28078,7510,14878,303573,138444,43055,24287,122180,1123,29
2021-05-01T23:59:59+02:00,7788,8795,21458,27207,22935,28930,26121,37538,34750,43334,40189,49810,36674,50154,9073,17888,2620,2375,6294,8000,5939,9350,6419,12621,7929,12331,8049,10218,21002,28022,7506,14874,297487,138156,43054,24280,122074,1084,29
2021-04-30T23:59:59+02:00,7641,8615,21072,26781,22491,28366,25376,36764,33748,42373,39960,49491,36576,50001,9061,17867,2603,2362,6270,7982,5917,9333,6392,12601,7897,12298,8009,10148,20952,27939,7503,14865,291217,137847,43047,24207,121896,994,23
2021-04-29T23:59:59+02:00,7371,8376,20483,26212,21823,27685,24446,35803,32476,41039,38920,48091,36259,49529,9004,17739,2571,2329,6178,7873,5833,9232,6298,12459,7696,12026,7390,9428,20546,27428,7481,14792,282500,135798,42263,22988,120471,752,22
2021-04-28T23:59:59+02:00,7098,8158,19967,25741,21189,27088,23565,34960,31085,39594,37763,46508,35917,49035,8941,17598,2503,2285,6070,7752,5727,9104,6197,12310,7477,11756,6703,8584,20131,26854,7440,14721,273842,133368,41495,21695,118848,529,22
2021-04-27T23:59:59+02:00,6919,7981,19538,25319,20584,26557,22720,34191,29887,38282,36676,45069,35538,48464,8872,17471,2479,2261,5968,7655,5674,9009,6133,12187,7263,11560,6103,7850,19727,26363,7420,14698,266092,131284,40631,20762,117323,282,22
2021-04-26T23:59:59+02:00,6737,7819,19125,24901,20045,26036,21922,33442,28678,37053,35618,43650,35232,47982,8824,17348,2468,2252,5927,7614,5630,8970,6097,12144,7077,11396,5490,7125,19357,25916,7396,14671,258450,129338,39808,19922,116134,250,20
2021-04-25T23:59:59+02:00,6633,7685,18789,24634,19667,25699,21314,32830,27697,36099,34489,42227,34916,47555,8783,17267,2456,2245,5909,7590,5611,8953,6078,12119,7040,11369,5363,6945,19023,25453,7380,14627,251299,128718,39093,19183,115872,240,20
2021-04-24T23:59:59+02:00,6469,7510,18349,24205,19111,25162,20533,32029,26623,35057,34240,41916,34823,47392,8773,17255,2452,2240,5896,7581,5604,8942,6073,12115,7030,11363,5293,6834,18925,25312,7377,14619,245358,128269,39089,19145,114980,222,20
2021-04-23T23:59:59+02:00,6249,7313,17905,23734,18545,24553,19713,31217,25475,33868,33466,40749,34679,47154,8759,17232,2446,2222,5869,7557,5567,8905,6029,12071,6985,11313,5128,6559,18389,24689,7277,14451,237821,126435,38760,18802,114010,200,20
2021-04-22T23:59:59+02:00,6032,7104,17302,23148,17754,23776,18668,30199,24159,32440,32427,39397,34432,46797,8721,17154,2432,2208,5826,7507,5520,8821,5956,11992,6910,11243,4846,6147,17681,23818,7158,14257,228807,124292,37842,17843,112841,167,20
2021-04-21T23:59:59+02:00,5839,6924,16773,22678,17096,23175,17689,29304,22611,30852,31425,38167,34137,46360,8673,17067,2408,2191,5784,7453,5463,8746,5891,11892,6815,11163,4691,5875,16986,22974,7044,14077,219963,122220,37071,17079,111716,134,20
2021-04-20T23:59:59+02:00,5654,6732,16220,22205,16360,22519,16700,28307,21145,29390,30284,36685,33823,45931,8625,16979,2396,2177,5735,7416,5423,8701,5845,11827,6737,11100,4573,5722,16386,22200,6919,13899,211022,120548,36192,16363,110325,125,20
2021-04-19T23:59:59+02:00,5470,6576,15691,21778,15690,21964,15714,27432,19760,28000,28918,35060,33505,45460,8569,16865,2385,2164,5711,7384,5385,8668,5806,11782,6657,11024,4448,5561,15741,21491,6811,13739,202368,118915,35417,15700,108647,122,20
2021-04-18T23:59:59+02:00,5283,6435,15259,21454,15074,21405,14747,26645,18425,26863,27533,33416,33174,45040,8513,16779,2334,2118,5581,7264,5271,8555,5701,11635,6553,10906,4333,5377,15148,20829,6698,13561,193855,117291,34589,14435,107581,118,20
2021-04-17T23:59:59+02:00,5248,6400,15105,21379,14900,21320,14511,26466,18171,26643,27026,32876,33048,44891,8504,16764,2307,2079,5481,7111,5164,8396,5603,11447,6464,10774,4281,5315,14908,20536,6688,13548,192639,115545,34584,14431,106009,106,20
2021-04-16T23:59:59+02:00,5185,6347,14927,21227,14690,21158,14231,26217,17761,26234,25984,31646,32914,44675,8483,16741,2262,2029,5366,6931,5028,8216,5451,11207,6268,10556,4077,5085,14265,19754,6590,13403,189291,112336,34299,14036,104810,96,20
2021-04-15T23:59:59+02:00,5115,6269,14717,21013,14421,20871,13804,25866,17126,25605,24621,30041,32657,44350,8448,16662,2192,1947,5169,6696,4828,7896,5244,10892,6052,10272,3881,4835,13440,18675,6475,13237,184744,108532,33490,13095,103332,84,20
2021-04-14T23:59:59+02:00,5034,6199,14514,20814,14168,20647,13414,25531,16460,24988,23049,28257,32341,43941,8397,16568,2004,1829,4951,6435,4640,7649,5018,10645,5820,9989,3746,4628,12719,17766,6349,13024,180140,105471,32614,11644,101548,77,20
2021-04-13T23:59:59+02:00,4983,6152,14315,20679,13938,20466,13073,25237,15891,24484,21351,26412,32024,43517,8365,16461,1920,1777,4785,6248,4455,7430,4818,10391,5619,9762,3611,4465,12204,17156,6226,12863,175923,103112,31739,10531,99666,67,20
2021-04-12T23:59:59+02:00,4919,6086,14100,20482,13635,20206,12691,24827,15317,23932,19759,24471,31734,43158,8325,16387,1790,1686,4606,6089,4309,7254,4656,10199,5482,9605,3494,4311,11775,16648,6115,12700,171582,101434,30687,9199,97740,66,20
2021-04-11T23:59:59+02:00,4850,6010,13877,20284,13340,19996,12281,24477,14760,23425,18256,22701,31472,42819,8282,16308,1754,1650,4486,5977,4199,7132,4534,10068,5348,9476,3380,4192,11287,16042,5984,12494,167308,99696,29730,8224,96081,64,19
2021-04-10T23:59:59+02:00,4845,6003,13858,20269,13332,19986,12264,24461,14737,23405,17568,21779,31181,42400,8264,16280,1750,1638,4474,5967,4185,7119,4521,10054,5295,9412,3278,4079,10731,15209,5854,12297,166237,97561,29703,8224,94674,60,18
2021-04-09T23:59:59+02:00,4833,5986,13824,20222,13290,19940,12218,24407,14480,23154,16055,19894,30775,41754,8228,16237,1726,1628,4454,5952,4160,7093,4481,10021,5258,9363,3193,3964,9868,14224,5708,12099,163632,95138,29364,7978,92284,59,17
2021-04-08T23:59:59+02:00,4791,5958,13724,20149,13211,19860,12121,24304,14145,22797,14291,17686,30161,40746,8170,16116,1706,1615,4423,5901,4108,7010,4419,9944,5187,9286,3085,3862,9392,13626,5503,11854,159814,93303,28339,7547,90064,58,13
2021-04-07T23:59:59+02:00,4762,5930,13620,20068,13121,19778,12021,24203,13770,22441,12790,15851,29519,39781,8116,16017,1687,1605,4371,5834,4023,6937,4331,9860,5098,9187,2999,3767,8651,12537,5269,11452,155438,90774,27465,6774,88873,48,12
2021-04-06T23:59:59+02:00,4733,5904,13523,20001,13040,19718,11946,24137,13395,22091,11158,13847,28860,38815,8084,15945,1628,1551,4243,5709,3916,6817,4212,9714,4996,9058,2884,3647,7948,11610,4998,11090,151433,88403,26586,5561,87167,46,11
2021-04-05T23:59:59+02:00,4696,5876,13446,19935,12974,19649,11891,24057,13123,21837,9551,11907,28133,37768,8048,15882,1557,1482,4089,5560,3748,6661,4061,9566,4841,8930,2752,3530,7149,10650,4728,10703,148244,86052,25573,3902,84946,43,10
2021-04-04T23:59:59+02:00,4682,5858,13435,19915,12966,19632,11884,24037,13026,21767,8528,10646,27686,37126,8023,15825,1556,1480,4081,5555,3746,6656,4056,9562,4839,8922,2747,3521,6913,10187,4644,10578,146518,85098,25569,3902,82942,36,7
2021-04-03T23:59:59+02:00,4679,5848,13418,19896,12957,19622,11874,24027,13012,21750,7627,9580,26807,35884,7974,15714,1553,1477,4079,5550,3744,6653,4048,9550,4825,8911,2740,3510,6775,9928,4605,10499,144053,84503,25561,3902,81049,36,6
2021-04-02T23:59:59+02:00,4674,5830,13382,19872,12919,19580,11832,23979,12937,21683,7115,8834,25225,33785,7828,15446,1545,1462,4055,5529,3718,6612,4012,9489,4705,8625,2612,3355,6404,9536,4457,10304,139610,82700,25225,3678,80080,36,6
2021-04-01T23:59:59+02:00,4621,5770,13287,19726,12805,19429,11684,23823,12341,21238,6553,8131,23721,31815,7700,15209,1483,1417,3949,5408,3651,6541,3945,9423,4627,8522,2519,3214,5898,8855,4289,10030,135416,80459,24091,3276,78341,31,5
2021-03-31T23:59:59+02:00,4570,5715,13163,19575,12676,19275,11498,23643,12078,20979,6235,7760,22247,29860,7550,14981,1470,1406,3927,5385,3620,6513,3906,9376,4590,8469,2456,3139,5416,8215,4115,9792,131493,78700,23005,3060,77303,31,4
2021-03-30T23:59:59+02:00,4510,5652,13024,19426,12565,19099,11367,23479,11908,20841,6045,7544,20860,28134,7406,14779,1453,1370,3887,5352,3556,6444,3820,9262,4459,8298,2322,2936,4997,7664,3973,9538,128144,76493,22081,2819,76413,18,1
2021-03-29T23:59:59+02:00,4469,5612,12906,19331,12498,19016,11285,23376,11760,20706,5890,7348,19446,26458,7278,14578,1396,1330,3832,5309,3482,6374,3703,9119,4309,8110,2201,2795,4435,6998,3819,9263,124573,73849,21218,2608,76165,17,1
2021-03-28T23:59:59+02:00,4422,5548,12787,19193,12413,18923,11185,23281,11656,20605,5741,7145,18271,24955,7159,14384,1364,1286,3735,5205,3291,6149,3616,9002,4259,8056,2149,2733,3678,5985,3634,8996,121592,70816,20431,2312,75644,9,1
2021-03-27T23:59:59+01:00,4390,5498,12680,19029,12299,18758,11073,23077,11550,20458,5676,7063,17988,24610,7148,14369,1358,1283,3730,5201,3288,6142,3330,8656,4062,7758,2143,2730,3664,5952,3600,8936,119760,69516,20393,2312,75512,4,1
2021-03-26T23:59:59+01:00,4354,5445,12571,18844,12170,18564,10920,22849,11389,20250,5513,6850,17386,23823,7049,14220,1357,1282,3726,5194,3265,6125,3311,8636,3852,7315,1967,2328,3401,5669,3450,8704,116685,67272,20056,2306,75455,3,1
2021-03-25T23:59:59+01:00,4287,5358,12373,18607,11966,18235,10706,22522,11148,19923,5303,6566,16360,22518,6920,14031,1348,1272,3705,5168,3233,6099,3260,8599,3806,7273,1895,2215,2967,4992,3294,8402,112714,65320,18986,2205,75122,2,1
2021-03-24T23:59:59+01:00,4208,5248,12163,18160,11749,17830,10490,22134,10917,19554,5036,6221,15324,21310,6781,13808,1325,1259,3681,5124,3199,6037,3205,8529,3752,7200,1842,2156,2660,4658,3142,8127,109628,63931,17898,1962,73406,2,1
2021-03-23T23:59:59+01:00,4152,5185,11996,17819,11551,17480,10301,21773,10701,19269,4903,6026,14684,20498,6641,13635,1310,1253,3667,5106,3178,6020,3184,8482,3716,7157,1807,2099,2432,4388,2934,7806,107295,62615,17171,1921,72147,2,1
2021-03-22T23:59:59+01:00,4105,5109,11803,17489,11364,17154,10077,21446,10487,18969,4753,5821,14066,19784,6508,13446,1297,1244,3640,5073,3147,5984,3155,8426,3680,7112,1763,2043,2233,4138,2739,7479,105450,61369,16455,1781,70475,2,1
2021-03-21T23:59:59+01:00,4031,4987,11522,17079,11084,16750,9810,20994,10232,18620,4639,5650,13372,18995,6366,13238,1290,1243,3623,5058,3126,5951,3132,8396,3661,7090,1745,2016,2071,3977,2568,7212,103576,60380,15158,1776,68634,2,1
2021-03-20T23:59:59+01:00,4000,4918,11379,16747,10959,16433,9668,20693,10057,18338,4514,5490,12743,18047,6230,13024,1289,1242,3623,5056,3123,5950,3129,8391,3656,7086,1741,2011,2040,3916,2545,7171,101390,60190,15154,1776,66695,2,1
2021-03-19T23:59:59+01:00,3956,4837,11212,16388,10779,16078,9497,20314,9844,17978,4355,5297,11723,16838,6071,12813,1280,1235,3606,5031,3095,5875,3087,8299,3554,6915,1617,1901,1966,3855,2434,6964,98702,58939,14747,1772,64530,2,1
2021-03-18T23:59:59+01:00,3871,4734,10967,15962,10513,15636,9220,19846,9621,17637,4211,5131,11101,15973,5843,12546,1276,1225,3589,4996,3075,5831,3065,8243,3526,6869,1598,1869,1927,3785,2311,6753,96906,58253,13741,1682,62164,2,1
2021-03-17T23:59:59+01:00,3701,4620,10673,15544,10249,15279,8979,19486,9370,17289,4094,4965,10287,14730,5581,12124,1275,1223,3575,4978,3069,5811,3055,8210,3508,6846,1597,1845,1903,3757,2201,6566,94268,57748,12200,1668,60502,2,1
2021-03-16T23:59:59+01:00,3560,4495,10334,15082,9975,14910,8704,19047,9074,16927,3951,4801,9471,13608,5300,11766,1261,1220,3571,4971,3058,5807,3049,8199,3500,6833,1573,1823,1864,3706,2081,6388,91941,57314,11012,1587,58051,2,1
2021-03-15T23:59:59+01:00,3412,4379,10022,14616,9686,14452,8409,18574,8787,16514,3806,4631,8765,12547,5077,11445,1252,1212,3551,4959,3046,5783,3029,8160,3480,6791,1558,1810,1847,3673,1966,6203,89987,56732,9651,1586,55484,2,0
2021-03-14T23:59:59+01:00,3342,4290,9756,14185,9431,14050,8093,18083,8508,16121,3642,4445,7964,11315,4770,10991,1238,1206,3530,4941,3025,5742,3007,8080,3452,6723,1532,1761,1786,3546,1801,5816,87681,56208,8636,976,52669,2,0
2021-03-13T23:59:59+01:00,3269,4056,9461,13543,9195,13499,7874,17530,8310,15709,3536,4348,7774,11025,4722,10904,1238,1206,3530,4941,3025,5742,3006,8080,3451,6721,1528,1760,1784,3542,1800,5815,87034,56191,8636,976,49085,2,0
2021-03-12T23:59:59+01:00,3207,3921,9217,13005,8959,12969,7641,16896,7955,14961,3373,4178,7391,10619,4585,10720,1236,1203,3527,4927,3022,5739,2999,8072,3447,6715,1501,1731,1763,3524,1701,5640,85271,55770,8391,975,45935,2,0
2021-03-11T23:59:59+01:00,3060,3653,8845,12247,8656,12293,7308,16115,7614,14319,3217,3978,6838,9901,4397,10408,1217,1193,3494,4883,2980,5663,2964,7948,3397,6617,1458,1678,1684,3325,1503,5128,82839,55029,7946,102,42064,1,0
2021-03-10T23:59:59+01:00,2995,3545,8346,11737,7982,11810,6989,15624,7316,13729,3057,3821,6278,9210,4226,10134,1206,1179,3464,4825,2949,5588,2928,7808,3343,6496,1422,1638,1626,3229,1387,4850,81025,53859,7395,79,38379,0,0
2021-03-09T23:59:59+01:00,2889,3368,7666,11285,7085,11328,6574,15012,6953,13122,2829,3522,5770,8582,4070,9859,1201,1175,3441,4778,2922,5523,2912,7758,3326,6450,1407,1614,1592,3187,1282,4652,78740,53175,6042,45,35132,0,0
2021-03-08T23:59:59+01:00,2718,3134,7024,10743,6271,10849,6172,14484,6560,12557,2619,3311,5168,7843,3924,9592,1194,1169,3420,4712,2897,5448,2873,7664,3294,6374,1401,1606,1589,3179,1277,4649,75920,52703,4903,43,32146,0,0
2021-03-07T23:59:59+01:00,2606,3002,6694,10243,5860,10309,5877,14035,6320,12174,2523,3222,4403,6785,3708,9310,1191,1166,3417,4707,2892,5436,2869,7648,3286,6361,1397,1593,1568,3139,1262,4608,72680,52498,4073,42,30318,0,0
2021-03-06T23:59:59+01:00,2561,2860,6511,9788,5662,9892,5401,13181,5947,11436,2502,3195,4397,6774,3707,9309,1191,1165,3414,4703,2890,5435,2868,7647,3285,6358,1395,1590,1568,3137,1261,4608,71455,52473,4073,42,27595,0,0
2021-03-05T23:59:59+01:00,2470,2605,6301,9209,5449,9497,5225,12618,5564,10460,2277,2733,4018,6393,3568,9095,1179,1162,3396,4687,2886,5422,2860,7629,3274,6340,1381,1583,1567,3133,1256,4604,69133,52317,3841,42,24508,0,0
2021-03-04T23:59:59+01:00,2395,2400,6086,8776,5289,9157,5045,12196,5390,10082,2185,2563,3466,5571,3403,8758,1167,1148,3354,4590,2853,5356,2829,7532,3241,6266,1362,1577,1553,3119,1248,4593,67094,51746,3402,42,22266,0,0
2021-03-03T23:59:59+01:00,2337,2350,5917,8363,5117,8798,4833,11744,5200,9638,2103,2456,3063,5134,3244,8464,1147,1140,3320,4542,2816,5292,2789,7433,3195,6192,1343,1552,1535,3088,1242,4576,65672,51162,3159,40,19930,0,0
2021-03-02T23:59:59+01:00,2283,2262,5756,8028,4960,8544,4672,11345,5040,9320,2037,2366,2760,4776,3027,8143,1142,1131,3302,4522,2801,5266,2772,7385,3187,6164,1338,1541,1517,3071,1239,4570,64327,50908,2901,40,18091,0,0
2021-03-01T23:59:59+01:00,2258,2235,5652,7812,4861,8399,4588,11193,4941,9146,1982,2289,2465,4454,2839,7831,1136,1128,3288,4504,2790,5237,2756,7339,3172,6136,1332,1538,1510,3062,1236,4566,63071,50690,2680,40,17194,0,0
2021-02-28T23:59:59+01:00,2205,2192,5474,7556,4685,8180,4453,11009,4834,9020,1945,2227,2173,4151,2637,7522,1127,1122,3273,4494,2783,5230,2750,7325,3165,6122,1327,1535,1503,3047,1235,4534,61970,50532,2379,40,15914,0,0
2021-02-27T23:59:59+01:00,2118,1883,5297,7131,4587,7868,4370,10661,4762,8770,1916,2165,2145,4106,2617,7468,1124,1120,3271,4493,2778,5228,2746,7322,3161,6119,1326,1535,1503,3046,1234,4534,61736,50503,2379,37,13749,0,0
2021-02-26T23:59:59+01:00,2060,1805,5152,6894,4441,7609,4219,10397,4553,8489,1788,2059,2084,4069,2511,7289,1103,1107,3254,4459,2766,5189,2733,7269,3139,6065,1320,1524,1499,3038,1233,4532,60417,50194,2373,36,12629,0,0
2021-02-25T23:59:59+01:00,1944,1706,4827,6492,4013,7149,3933,9885,4318,8109,1730,2003,2051,4008,2401,7095,1087,1092,3217,4417,2736,5137,2689,7162,3099,5972,1310,1508,1485,2999,1220,4473,59940,49569,2266,34,9458,0,0
2021-02-24T23:59:59+01:00,1915,1648,4711,6278,3908,6935,3811,9644,4194,7949,1708,1971,2019,3966,2289,6897,1074,1087,3190,4355,2700,5071,2664,7080,3070,5901,1294,1491,1460,2951,1208,4404,59397,48977,2021,23,8425,0,0
2021-02-23T23:59:59+01:00,1689,1502,4341,5790,3628,6541,3590,9265,4039,7666,1679,1942,1975,3919,2176,6714,1055,1076,3152,4327,2672,5014,2640,7004,3035,5842,1274,1471,1434,2916,1198,4354,58945,48455,1975,9,5536,0,0
2021-02-22T23:59:59+01:00,1681,1483,4291,5731,3592,6478,3526,9171,3978,7571,1647,1915,1948,3868,2059,6517,1051,1064,3133,4282,2652,4975,2615,6946,3006,5790,1262,1457,1425,2906,1190,4345,58403,48095,1833,4,5220,0,0
2021-02-21T23:59:59+01:00,1669,1479,4261,5698,3549,6440,3485,9115,3934,7521,1639,1908,1943,3859,1939,6355,1046,1054,3112,4244,2623,4925,2600,6879,2977,5704,1248,1441,1405,2846,1166,4270,58058,47536,1827,4,4909,0,0
2021-02-20T23:59:59+01:00,1668,1478,4256,5695,3547,6439,3485,9114,3933,7520,1634,1907,1941,3855,1938,6355,1046,1054,3110,4242,2623,4925,2599,6878,2977,5704,1248,1440,1404,2846,1166,4270,58044,47528,1827,4,4894,0,0
2021-02-19T23:59:59+01:00,1652,1471,4244,5676,3537,6425,3474,9104,3923,7506,1608,1878,1920,3836,1838,6176,1045,1053,3109,4241,2622,4924,2599,6876,2974,5702,1248,1440,1404,2845,1166,4270,57628,47514,1822,4,4818,0,0
2021-02-18T23:59:59+01:00,1608,1440,4148,5566,3466,6323,3386,8939,3840,7366,1587,1843,1886,3766,1708,5979,999,1010,2970,4017,2497,4653,2488,6543,2868,5441,1217,1397,1373,2760,1140,4121,56984,45490,1732,4,4135,0,0
2021-02-17T23:59:59+01:00,1586,1410,4053,5416,3381,6172,3269,8703,3713,7166,1537,1775,1814,3665,1591,5674,941,960,2818,3797,2379,4344,2361,6133,2739,5129,1169,1337,1327,2653,1093,3960,55772,43136,1721,4,3432,0,0
2021-02-16T23:59:59+01:00,1512,1342,3891,5219,3244,5990,3161,8470,3592,7000,1514,1750,1779,3634,1478,5467,856,929,2687,3641,2280,4134,2235,5814,2608,4875,1114,1247,1182,2354,839,3348,55073,40141,1704,2,2266,0,0
2021-02-15T23:59:59+01:00,1497,1324,3846,5134,3186,5903,3103,8355,3525,6894,1503,1736,1764,3611,1470,5447,822,907,2607,3514,2205,3954,2152,5536,2520,4662,1071,1184,1096,2180,775,3134,54607,38318,1702,1,1989,0,0
2021-02-14T23:59:59+01:00,1431,1296,3761,5057,3143,5794,3047,8201,3481,6785,1483,1705,1711,3484,1415,5199,813,901,2558,3446,2166,3887,2099,5416,2455,4556,1045,1148,1012,2008,704,2900,54362,37113,1091,1,1540,0,0
2021-02-13T23:59:59+01:00,1429,1295,3753,5053,3136,5793,3044,8199,3478,6783,1482,1702,1711,3482,1413,5199,813,901,2558,3446,2166,3887,2098,5416,2454,4556,1043,1148,1012,2008,704,2900,54344,37110,1090,0,1518,0,0
2021-02-12T23:59:59+01:00,1396,1278,3715,5019,3114,5773,3022,8166,3459,6739,1466,1692,1702,3465,1404,5180,806,893,2525,3393,2132,3842,2068,5362,2436,4525,1042,1147,1011,2008,703,2898,54118,36791,1088,0,1384,0,0
2021-02-11T23:59:59+01:00,1349,1235,3602,4848,3023,5600,2924,7856,3359,6527,1407,1633,1635,3287,1320,4856,769,830,2272,2950,1906,3366,1838,4619,2165,3997,959,1078,925,1816,654,2630,53489,32774,125,0,847,0,0
2021-02-10T23:59:59+01:00,1327,1214,3543,4736,2957,5495,2882,7707,3306,6396,1391,1616,1607,3246,1307,4819,694,774,1980,2546,1698,2919,1599,4012,1908,3535,849,931,763,1445,526,2141,52837,28320,123,0,589,0,0
2021-02-09T23:59:59+01:00,1314,1195,3488,4667,2927,5426,2861,7611,3269,6328,1384,1603,1580,3225,1297,4806,646,697,1721,2191,1505,2531,1415,3514,1737,3171,818,897,742,1373,505,2029,52528,25492,118,0,335,0,0
2021-02-08T23:59:59+01:00,1300,1191,3459,4638,2907,5388,2840,7558,3250,6298,1374,1596,1571,3199,1295,4788,633,663,1571,1955,1365,2279,1281,3207,1577,2911,779,876,694,1267,473,1860,52228,23391,92,0,332,0,0
2021-02-07T23:59:59+01:00,1167,1148,3352,4582,2852,5345,2813,7519,3225,6259,1365,1580,1563,3177,1290,4756,487,517,1302,1600,1126,1829,1073,2620,1350,2395,673,750,612,1108,428,1645,51928,19515,65,0,0,0,0
2021-02-06T23:59:59+01:00,1163,1146,3350,4580,2848,5342,2806,7516,3221,6255,1363,1578,1562,3174,1289,4756,363,368,1104,1348,989,1525,929,2207,1184,1976,584,648,585,1091,425,1642,51884,16968,65,0,0,0,0
2021-02-05T23:59:59+01:00,1152,1136,3334,4559,2840,5315,2795,7471,3202,6209,1357,1570,1559,3167,1288,4756,261,206,920,1031,841,1153,755,1755,1006,1567,467,543,558,1071,422,1638,51645,14194,65,0,0,0,0
2021-02-04T23:59:59+01:00,1136,1119,3289,4511,2799,5240,2753,7339,3154,6124,1343,1554,1546,3135,1279,4729,133,81,615,659,549,732,513,1144,665,977,287,361,458,925,384,1487,51007,9970,43,0,0,0,0
2021-02-03T23:59:59+01:00,1114,1113,3261,4465,2770,5194,2731,7284,3122,6063,1333,1545,1522,3094,1273,4683,115,65,490,510,419,593,412,905,511,738,239,283,359,726,300,1159,50525,7824,42,0,0,0,0
2021-02-02T23:59:59+01:00,1093,1100,3222,4434,2740,5140,2705,7208,3088,5997,1310,1517,1489,3036,1246,4590,105,56,407,412,348,516,364,818,458,659,218,260,314,657,277,1043,49874,6912,41,0,0,0,0
2021-02-01T23:59:59+01:00,1077,1090,3201,4379,2709,5077,2673,7081,3058,5900,1290,1489,1465,3000,1230,4527,78,41,310,308,256,392,272,609,324,494,179,210,248,520,215,813,49205,5269,41,0,0,0,0
2021-01-31T23:59:59+01:00,1072,1080,3186,4350,2685,5033,2658,7027,3044,5857,1279,1472,1445,2935,1207,4449,68,40,285,284,231,346,251,568,294,455,160,192,208,425,174,657,48738,4638,41,0,0,0,0
2021-01-30T23:59:59+01:00,1072,1080,3183,4346,2684,5033,2657,7026,3044,5856,1279,1471,1444,2935,1207,4449,68,37,278,271,218,330,246,557,290,449,159,189,207,425,174,657,48728,4555,38,0,0,0,0
2021-01-29T23:59:59+01:00,1071,1079,3182,4343,2684,5031,2657,7024,3041,5854,1279,1471,1444,2934,1207,4449,64,33,260,257,195,310,231,540,279,441,154,187,203,419,173,655,48712,4401,38,0,0,0,0
2021-01-28T23:59:59+01:00,1051,1060,3115,4237,2630,4920,2600,6869,2974,5723,1265,1449,1431,2868,1185,4329,55,18,163,154,129,186,161,355,204,278,123,144,157,261,101,378,47671,2867,35,0,0,0,0
2021-01-27T23:59:59+01:00,1006,1022,3029,4093,2549,4743,2505,6587,2890,5522,1235,1407,1395,2779,1152,4190,26,7,98,71,58,91,82,207,114,145,93,112,113,193,76,270,46079,1756,25,0,0,0,0
2021-01-26T23:59:59+01:00,927,993,2912,3958,2470,4558,2423,6408,2819,5367,1209,1358,1304,2626,938,3791,26,7,93,70,57,90,80,207,112,144,91,111,113,193,76,270,44047,1740,14,0,0,0,0
2021-01-25T23:59:59+01:00,912,976,2833,3829,2424,4410,2362,6212,2760,5216,1191,1337,1290,2601,928,3758,26,7,92,70,55,90,80,207,112,142,91,111,113,193,76,270,43030,1735,9,0,0,0,0
2021-01-24T23:59:59+01:00,902,972,2813,3814,2414,4379,2336,6173,2727,5156,1179,1331,1281,2579,915,3724,26,7,92,70,55,90,80,207,112,142,91,111,113,193,76,270,42689,1735,6,0,0,0,0
2021-01-23T23:59:59+01:00,902,972,2813,3813,2414,4379,2336,6173,2726,5156,1177,1331,1281,2579,915,3724,26,7,92,70,55,90,80,207,112,142,91,111,113,193,76,269,42686,1734,5,0,0,0,0
2021-01-22T23:59:59+01:00,896,965,2781,3767,2380,4314,2305,6098,2705,5109,1176,1330,1280,2578,914,3721,26,7,92,70,55,90,80,207,112,142,91,111,113,193,76,269,42314,1734,5,0,0,0,0
2021-01-21T23:59:59+01:00,881,898,2523,3351,2179,3898,2125,5490,2481,4622,1124,1282,1236,2458,884,3570,22,7,81,64,51,73,67,167,92,132,81,96,96,143,64,208,38997,1444,5,0,0,0,0
2021-01-20T23:59:59+01:00,806,837,2211,2949,1972,3432,1894,4881,2225,4145,1012,1143,1079,2112,771,3107,22,7,81,64,51,72,67,167,92,132,81,96,96,143,64,208,34571,1443,5,0,0,0,0
2021-01-19T23:59:59+01:00,746,759,1922,2507,1730,2972,1659,4224,1982,3673,939,1048,959,1839,674,2758,11,3,48,45,32,44,34,98,43,76,36,37,46,75,39,133,30387,800,4,0,0,0,0
2021-01-18T23:59:59+01:00,677,703,1695,2110,1493,2496,1410,3539,1725,3166,858,964,860,1633,622,2488,5,2,17,11,13,20,17,53,17,33,19,22,25,53,28,75,26437,410,2,0,0,0,0
2021-01-17T23:59:59+01:00,496,544,1379,1707,1212,1963,1154,2804,1447,2545,719,812,713,1354,512,2120,0,1,3,2,0,0,0,0,0,0,0,0,0,0,0,0,21479,6,2,0,0,0,0
2021-01-16T23:59:59+01:00,373,395,1198,1460,1092,1676,1013,2404,1290,2138,632,714,685,1338,510,2119,0,0,0,0,0,0,0,0,0,0,0,0,0,0,0,0,19036,0,1,0,0,0,0
2021-01-15T23:59:59+01:00,267,232,1014,1158,944,1329,844,1956,1110,1737,515,605,647,1305,499,2079,0,0,0,0,0,0,0,0,0,0,0,0,0,0,0,0,16240,0,1,0,0,0,0
2021-01-14T23:59:59+01:00,151,102,698,771,650,858,608,1299,747,1120,330,419,538,1123,449,1855,0,0,0,0,0,0,0,0,0,0,0,0,0,0,0,0,11718,0,0,0,0,0,0
2021-01-13T23:59:59+01:00,127,81,587,603,526,690,491,1043,590,855,277,345,452,956,392,1588,0,0,0,0,0,0,0,0,0,0,0,0,0,0,0,0,9603,0,0,0,0,0,0
2021-01-12T23:59:59+01:00,116,66,506,517,448,593,429,918,520,757,243,296,369,764,326,1240,0,0,0,0,0,0,0,0,0,0,0,0,0,0,0,0,8108,0,0,0,0,0,0
2021-01-11T23:59:59+01:00,87,53,413,419,364,483,343,740,413,584,209,245,309,635,267,1043,0,0,0,0,0,0,0,0,0,0,0,0,0,0,0,0,6607,0,0,0,0,0,0
2021-01-10T23:59:59+01:00,73,45,349,346,298,402,287,643,343,517,184,217,249,504,210,813,0,0,0,0,0,0,0,0,0,0,0,0,0,0,0,0,5480,0,0,0,0,0,0
2021-01-09T23:59:59+01:00,73,43,334,327,274,380,279,627,335,510,183,216,248,502,210,813,0,0,0,0,0,0,0,0,0,0,0,0,0,0,0,0,5354,0,0,0,0,0,0
2021-01-08T23:59:59+01:00,69,37,300,295,228,340,251,586,308,473,166,198,223,445,191,717,0,0,0,0,0,0,0,0,0,0,0,0,0,0,0,0,4827,0,0,0,0,0,0
2021-01-07T23:59:59+01:00,58,25,210,197,159,241,192,419,237,337,137,159,169,288,120,446,0,0,0,0,0,0,0,0,0,0,0,0,0,0,0,0,3394,0,0,0,0,0,0
2021-01-06T23:59:59+01:00,47,16,160,119,113,160,143,292,174,237,107,127,128,222,81,313,0,0,0,0,0,0,0,0,0,0,0,0,0,0,0,0,2439,0,0,0,0,0,0
2021-01-05T23:59:59+01:00,29,8,95,72,58,93,85,210,113,147,97,117,119,204,80,291,0,0,0,0,0,0,0,0,0,0,0,0,0,0,0,0,1818,0,0,0,0,0,0
2021-01-04T23:59:59+01:00,27,8,95,71,55,91,85,210,113,145,97,116,119,204,80,291,0,0,0,0,0,0,0,0,0,0,0,0,0,0,0,0,1807,0,0,0,0,0,0
2021-01-03T23:59:59+01:00,27,8,95,71,55,91,85,210,113,145,97,116,119,204,80,291,0,0,0,0,0,0,0,0,0,0,0,0,0,0,0,0,1807,0,0,0,0,0,0
2021-01-02T23:59:59+01:00,27,8,95,71,55,91,85,210,112,145,97,116,119,204,80,290,0,0,0,0,0,0,0,0,0,0,0,0,0,0,0,0,1805,0,0,0,0,0,0
2021-01-01T23:59:59+01:00,27,8,95,71,55,91,85,210,112,144,97,116,119,204,80,290,0,0,0,0,0,0,0,0,0,0,0,0,0,0,0,0,1804,0,0,0,0,0,0
2020-12-31T23:59:59+01:00,27,8,95,71,55,91,85,210,111,144,97,116,119,204,80,290,0,0,0,0,0,0,0,0,0,0,0,0,0,0,0,0,1803,0,0,0,0,0,0
2020-12-30T23:59:59+01:00,27,8,95,71,54,91,85,210,111,144,97,116,119,204,80,290,0,0,0,0,0,0,0,0,0,0,0,0,0,0,0,0,1802,0,0,0,0,0,0
2020-12-29T23:59:59+01:00,15,2,63,53,32,61,50,138,64,87,47,51,66,119,51,195,0,0,0,0,0,0,0,0,0,0,0,0,0,0,0,0,1094,0,0,0,0,0,0
2020-12-28T23:59:59+01:00,5,2,35,26,19,30,21,67,25,41,20,22,26,47,28,74,0,0,0,0,0,0,0,0,0,0,0,0,0,0,0,0,488,0,0,0,0,0,0
2020-12-27T23:59:59+01:00,0,0,7,5,7,2,1,5,0,2,0,1,2,2,4,6,0,0,0,0,0,0,0,0,0,0,0,0,0,0,0,0,44,0,0,0,0,0,0
