Datum,<15_1_m,<15_1_w,15-24_1_m,15-24_1_w,25-34_1_m,25-34_1_w,35-44_1_m,35-44_1_w,45-54_1_m,45-54_1_w,55-64_1_m,55-64_1_w,65-74_1_m,65-74_1_w,75-84_1_m,75-84_1_w,>84_1_m,>84_1_w,<15_2_m,<15_2_w,15-24_2_m,15-24_2_w,25-34_2_m,25-34_2_w,35-44_2_m,35-44_2_w,45-54_2_m,45-54_2_w,55-64_2_m,55-64_2_w,65-74_2_m,65-74_2_w,75-84_2_m,75-84_2_w,>84_2_m,>84_2_w,bp_1,bp_2,mo_1,mo_2,az_1,az_2,ja,unb_1,unb_2
2021-12-01T23:59:59+01:00,22382,20943,81539,79950,123244,118918,110198,108875,103878,108717,99885,101525,58991,73054,45256,63102,11257,22938,12196,11604,71092,70563,112495,108068,101443,99742,96980,101578,95071,96427,56619,70226,44003,61013,10733,21699,951963,857677,140775,134769,159162,146210,102453,392,443
2021-11-30T23:59:59+01:00,21806,20462,81334,79779,122990,118639,109995,108640,103699,108550,99727,101352,58853,72931,45212,63022,11235,22908,12117,11533,70881,70397,112236,107822,101266,99557,96806,101440,94961,96330,56579,70189,43980,60991,10728,21690,948633,855725,140620,134705,159161,146210,102420,392,443
2021-11-29T23:59:59+01:00,21255,19945,81223,79675,122852,118473,109881,108485,103621,108452,99658,101264,58796,72860,45196,62973,11217,22880,12035,11461,70687,70246,112038,107634,101107,99401,96676,101332,94864,96232,56546,70144,43960,60953,10724,21677,946296,854045,140551,134621,159158,146207,102401,392,443
2021-11-28T23:59:59+01:00,20704,19465,81104,79560,122716,118296,109785,108359,103521,108344,99587,101180,58751,72802,45175,62939,11213,22866,11992,11398,70470,70070,111757,107422,100920,99248,96548,101199,94764,96139,56515,70088,43945,60922,10717,21667,944049,852232,140476,134535,159158,146189,102384,392,441
2021-11-27T23:59:59+01:00,20039,18857,81042,79514,122635,118229,109734,108301,103480,108299,99555,101152,58738,72787,45171,62934,11211,22866,11949,11356,70333,69943,111571,107292,100775,99135,96431,101126,94706,96091,56501,70072,43936,60915,10715,21666,942260,851025,140455,134489,159158,146188,102370,392,441
2021-11-26T23:59:59+01:00,19290,18115,80924,79374,122503,118067,109625,108175,103380,108198,99499,101078,58713,72744,45164,62916,11211,22857,11841,11282,70167,69816,111347,107125,100586,98976,96252,101004,94610,96021,56485,70039,43924,60895,10712,21665,939605,849360,140424,134416,159154,146181,102349,392,441
2021-11-25T23:59:59+01:00,18416,17317,80719,79138,122247,117752,109402,107880,103161,107989,99347,100884,58585,72628,45122,62846,11199,22834,11733,11184,69979,69628,111113,106889,100360,98784,96078,100832,94480,95902,56445,69998,43910,60868,10708,21646,935452,847291,140271,134335,159151,146180,102290,392,441
2021-11-24T23:59:59+01:00,17828,16761,80577,78990,122101,117558,109263,107712,103023,107849,99241,100779,58533,72522,45103,62767,11193,22812,11668,11132,69833,69520,110951,106719,100224,98661,95989,100709,94387,95810,56417,69953,43895,60840,10705,21631,932704,845879,140193,134280,159147,146177,102267,391,441
2021-11-23T23:59:59+01:00,17097,16160,80403,78843,121937,117354,109088,107540,102894,107710,99132,100647,58462,72434,45076,62711,11183,22785,11619,11078,69681,69410,110754,106578,100081,98523,95846,100586,94295,95728,56390,69908,43874,60805,10700,21618,929659,844424,140117,134202,159147,146176,102232,391,440
2021-11-22T23:59:59+01:00,16511,15646,80223,78684,121759,117160,108920,107363,102764,107570,99015,100542,58397,72351,45057,62661,11173,22765,11572,11028,69539,69312,110573,106428,99933,98409,95754,100496,94209,95664,56365,69865,43854,60774,10699,21606,926858,843113,140057,134154,159145,146173,102201,390,439
2021-11-21T23:59:59+01:00,16018,15182,80017,78483,121518,116921,108724,107187,102622,107436,98919,100434,58346,72270,45042,62624,11166,22749,11531,11002,69358,69189,110358,106283,99760,98254,95648,100401,94112,95597,56325,69820,43843,60753,10697,21599,924086,841680,139983,134085,159135,146172,102154,390,439
2021-11-20T23:59:59+01:00,15794,14977,79860,78362,121365,116765,108564,107069,102523,107345,98862,100361,58329,72246,45033,62610,11164,22744,11504,10973,69231,69094,110180,106178,99605,98163,95520,100315,94056,95559,56315,69801,43837,60745,10697,21599,922483,840622,139946,134030,159132,146169,102112,390,439
2021-11-19T23:59:59+01:00,15485,14654,79591,78101,121089,116481,108304,106853,102359,107156,98746,100238,58304,72197,45018,62593,11160,22738,11438,10918,69066,68961,109972,105993,99404,97994,95372,100204,93971,95503,56302,69772,43828,60733,10695,21598,919680,839088,139888,133960,159131,146169,102068,390,439
2021-11-18T23:59:59+01:00,15090,14277,79211,77771,120751,116079,108009,106511,102140,106911,98608,100075,58223,72124,45002,62541,11152,22714,11318,10810,68835,68741,109731,105761,99171,97777,95204,100050,93858,95394,56266,69723,43811,60701,10691,21586,915984,836928,139762,133877,159125,146167,102017,390,439
2021-11-17T23:59:59+01:00,14862,14036,78894,77495,120429,115690,107753,106216,101941,106693,98497,99917,58160,72040,44980,62500,11146,22689,11267,10763,68654,68575,109541,105576,99031,97647,95089,99924,93777,95315,56228,69674,43798,60678,10688,21577,912931,835430,139624,133806,159120,146166,101961,390,439
2021-11-16T23:59:59+01:00,14626,13822,78482,77153,119975,115313,107421,105882,101710,106457,98347,99767,58094,71959,44958,62454,11136,22676,11193,10687,68479,68402,109331,105382,98870,97509,94990,99812,93682,95246,56202,69633,43775,60654,10684,21565,909382,833877,139552,133736,159115,146165,101880,390,438
2021-11-15T23:59:59+01:00,14374,13598,78001,76733,119489,114824,107021,105534,101453,106222,98189,99613,58025,71893,44930,62410,11129,22660,11135,10655,68323,68260,109139,105218,98724,97375,94887,99712,93601,95179,56171,69588,43748,60626,10678,21545,905451,832529,139442,133647,159111,146160,101791,390,437
2021-11-14T23:59:59+01:00,13995,13228,77493,76324,118970,114349,106664,105171,101176,105964,98025,99461,57961,71807,44906,62383,11127,22645,11058,10598,68158,68124,108948,105042,98584,97244,94778,99609,93528,95103,56128,69548,43734,60604,10674,21539,901218,831123,139311,133563,159092,146155,101725,390,435
2021-11-13T23:59:59+01:00,13858,13097,77160,76007,118636,114094,106413,104937,101005,105820,97946,99374,57942,71784,44903,62374,11127,22643,11016,10562,68030,68001,108819,104926,98486,97147,94702,99547,93488,95069,56117,69534,43731,60598,10674,21536,898885,830278,139235,133505,159084,146152,101613,390,435
2021-11-12T23:59:59+01:00,13677,12914,76768,75646,118300,113806,106115,104690,100772,105635,97812,99259,57912,71753,44893,62358,11126,22643,10958,10512,67886,67849,108686,104810,98369,97033,94606,99457,93427,95010,56103,69516,43726,60588,10673,21536,895967,829149,139170,133459,159082,146146,101556,390,435
2021-11-11T23:59:59+01:00,13452,12700,76256,75208,117825,113350,105716,104308,100520,105386,97652,99106,57842,71657,44875,62300,11118,22626,10799,10383,67671,67667,108518,104596,98207,96858,94486,99325,93350,94929,56068,69478,43700,60559,10669,21510,892003,827357,139052,133382,159073,146137,101464,390,433
2021-11-10T23:59:59+01:00,13324,12587,75861,74902,117464,113010,105438,104039,100333,105181,97512,98987,57790,71591,44854,62258,11112,22611,10722,10318,67512,67515,108371,104446,98105,96714,94393,99221,93276,94862,56024,69436,43679,60528,10662,21496,889201,826041,138939,133329,159059,146129,101348,390,433
2021-11-09T23:59:59+01:00,13212,12472,75362,74558,116988,112678,105155,103771,100098,104976,97360,98858,57737,71542,44830,62225,11108,22599,10611,10225,67341,67377,108207,104287,97966,96605,94318,99131,93216,94797,55995,69403,43665,60507,10655,21485,886093,824742,138834,133267,159055,146112,101238,390,432
2021-11-08T23:59:59+01:00,13088,12375,74840,74217,116558,112299,104834,103480,99866,104779,97227,98736,57678,71475,44805,62191,11101,22585,10568,10170,67201,67259,108052,104154,97867,96495,94248,99040,93165,94725,55956,69356,43656,60481,10652,21479,882945,823677,138714,133187,159045,146107,101121,390,432
2021-11-07T23:59:59+01:00,12987,12267,74398,73919,116124,111919,104497,103184,99637,104589,97089,98611,57622,71417,44775,62162,11097,22575,10516,10128,67068,67128,107897,103993,97749,96361,94173,98942,93101,94658,55921,69309,43633,60458,10648,21471,879933,822516,138579,133106,159040,146093,101007,390,432
2021-11-06T23:59:59+01:00,12897,12196,74146,73669,115806,111706,104282,102981,99471,104456,97013,98544,57609,71394,44768,62148,11096,22575,10491,10104,66980,67042,107781,103918,97678,96300,94132,98891,93073,94638,55917,69300,43630,60451,10646,21470,877997,821942,138515,133077,159037,146093,100898,390,432
2021-11-05T23:59:59+01:00,12782,12086,73884,73427,115518,111442,104040,102760,99274,104291,96905,98450,57592,71365,44760,62134,11095,22572,10411,10035,66868,66932,107668,103803,97597,96207,94059,98812,93022,94598,55908,69284,43626,60446,10645,21468,875797,821038,138442,133037,159034,146089,100793,390,432
2021-11-04T23:59:59+01:00,12674,11980,73687,73180,115239,111191,103816,102541,99082,104124,96796,98348,57551,71323,44750,62108,11092,22564,10311,9944,66724,66793,107538,103634,97499,96075,93969,98717,92949,94525,55875,69251,43613,60410,10641,21459,873636,819741,138369,132968,159030,146085,100701,389,432
2021-11-03T23:59:59+01:00,12608,11920,73523,73028,115000,110993,103658,102403,98974,103993,96706,98271,57521,71293,44737,62088,11089,22554,10266,9904,66570,66678,107409,103501,97394,95966,93887,98656,92893,94469,55857,69221,43596,60380,10635,21443,872091,818683,138318,132912,159026,146083,100615,388,432
2021-11-02T23:59:59+01:00,12570,11881,73315,72885,114736,110783,103448,102264,98812,103886,96613,98185,57495,71259,44726,62074,11085,22540,10144,9811,66389,66543,107251,103358,97294,95846,93805,98578,92833,94404,55830,69190,43583,60345,10631,21426,870482,817418,138246,132842,159024,146075,100495,388,431
2021-11-01T23:59:59+01:00,12482,11806,73090,72723,114488,110595,103213,102106,98645,103766,96532,98127,57473,71224,44715,62056,11083,22532,10084,9748,66229,66394,107101,103223,97175,95748,93722,98490,92770,94346,55805,69155,43569,60325,10628,21415,868819,816299,138142,132763,159020,146070,100364,388,431
2021-10-31T23:59:59+01:00,12446,11784,72955,72636,114324,110513,103049,102011,98552,103706,96489,98095,57462,71217,44712,62051,11083,22531,10051,9725,66138,66345,107016,103165,97103,95707,93680,98464,92745,94329,55798,69150,43567,60323,10625,21411,867943,815871,138099,132730,159019,146066,100244,388,431
2021-10-30T23:59:59+02:00,12415,11765,72839,72555,114122,110424,102915,101920,98443,103606,96425,98068,57450,71201,44707,62045,11082,22528,10022,9718,66059,66289,106930,103109,97032,95657,93635,98417,92719,94318,55792,69145,43566,60319,10622,21408,866994,815460,138062,132678,159018,146063,100125,388,431
2021-10-29T23:59:59+02:00,12376,11725,72650,72426,113863,110246,102687,101769,98281,103510,96340,98014,57437,71190,44702,62035,11082,22524,9985,9683,65925,66175,106777,103006,96916,95569,93544,98339,92661,94273,55778,69132,43563,60314,10622,21408,865629,814648,137994,132623,159016,146061,99907,388,431
2021-10-28T23:59:59+02:00,12284,11667,72433,72242,113555,109991,102447,101595,98105,103362,96231,97932,57415,71157,44691,62020,11080,22519,9914,9623,65718,65965,106578,102795,96753,95398,93424,98215,92576,94225,55752,69081,43555,60295,10621,21401,863875,813243,137910,132545,159012,146052,99618,388,431
2021-10-27T23:59:59+02:00,12230,11607,72259,72079,113349,109788,102276,101450,97978,103244,96142,97870,57389,71114,44673,61995,11078,22514,9829,9557,65560,65802,106439,102666,96638,95300,93333,98122,92518,94169,55720,69043,43544,60272,10615,21388,862431,812133,137830,132455,159010,146043,99453,388,431
2021-10-26T23:59:59+02:00,12156,11521,72035,71865,113121,109587,102088,101316,97842,103137,96070,97805,57355,71088,44660,61979,11077,22506,9759,9471,65362,65602,106263,102509,96505,95161,93236,98038,92445,94104,55697,69006,43530,60239,10612,21376,860899,810803,137735,132380,159004,146042,99259,388,431
2021-10-25T23:59:59+02:00,12113,11498,71909,71767,112995,109477,101990,101233,97757,103066,96034,97769,57349,71079,44659,61970,11075,22503,9744,9456,65281,65536,106197,102459,96467,95127,93196,98011,92422,94091,55691,68999,43529,60237,10612,21372,860066,810435,137697,132356,159003,146039,99166,388,431
2021-10-24T23:59:59+02:00,12040,11435,71721,71596,112729,109301,101809,101069,97601,102934,95954,97692,57321,71040,44647,61962,11074,22500,9683,9400,65076,65344,105996,102299,96317,95001,93088,97909,92364,94033,55659,68962,43521,60212,10610,21368,858571,809200,137631,132267,159003,146035,98909,388,431
2021-10-23T23:59:59+02:00,12014,11410,71617,71512,112602,109201,101714,100987,97541,102885,95910,97667,57307,71026,44646,61961,11074,22499,9648,9359,64997,65255,105901,102239,96255,94947,93034,97857,92334,94005,55641,68951,43520,60209,10609,21368,857882,808653,137578,132212,159002,146033,98800,388,431
2021-10-22T23:59:59+02:00,11940,11368,71454,71376,112377,109046,101550,100868,97426,102783,95850,97616,57296,71009,44644,61953,11074,22497,9558,9273,64826,65073,105717,102096,96119,94829,92936,97771,92278,93951,55628,68940,43517,60196,10608,21366,856724,807517,137516,132135,159002,146026,98573,388,431
2021-10-21T23:59:59+02:00,11808,11240,71244,71216,112176,108847,101370,100693,97270,102657,95759,97553,57273,70975,44629,61930,11069,22483,9460,9155,64604,64848,105524,101878,95964,94632,92810,97656,92204,93876,55602,68903,43503,60167,10606,21356,855044,805890,137451,132024,158999,146016,98387,387,431
2021-10-20T23:59:59+02:00,11760,11190,71121,71086,112031,108709,101258,100600,97179,102578,95697,97499,57245,70940,44616,61912,11064,22466,9337,9059,64404,64664,105397,101715,95846,94492,92711,97548,92130,93821,55574,68846,43476,60134,10589,21327,853972,804394,137399,131963,158997,146010,98272,387,431
2021-10-19T23:59:59+02:00,11658,11099,70974,70951,111895,108576,101165,100516,97103,102518,95638,97446,57222,70902,44608,61894,11060,22450,9242,8966,64184,64459,105231,101552,95730,94370,92631,97452,92080,93764,55541,68803,43458,60093,10579,21312,852867,802977,137345,131877,158992,146003,98160,387,430
2021-10-18T23:59:59+02:00,11609,11059,70837,70859,111746,108467,101057,100430,97036,102466,95581,97396,57194,70872,44591,61871,11053,22438,9191,8916,64035,64305,105110,101388,95634,94254,92563,97370,92021,93707,55515,68771,43446,60067,10575,21309,851936,801881,137263,131802,158987,145999,98065,387,430
2021-10-17T23:59:59+02:00,11563,11018,70677,70727,111615,108350,100947,100354,96981,102408,95539,97343,57172,70850,44585,61856,11051,22433,9136,8866,63799,64047,104945,101244,95504,94115,92463,97284,91962,93643,55491,68738,43436,60050,10571,21304,850997,800507,137211,131706,158985,145990,97965,387,430
2021-10-16T23:59:59+02:00,11544,10997,70617,70678,111556,108305,100921,100326,96949,102379,95520,97333,57171,70847,44584,61854,11049,22433,9106,8833,63704,63959,104880,101189,95457,94052,92432,97253,91941,93625,55486,68732,43434,60047,10571,21303,850656,800012,137193,131655,158985,145989,97918,387,430
2021-10-15T23:59:59+02:00,11489,10957,70503,70592,111444,108215,100849,100251,96892,102325,95490,97301,57164,70845,44584,61848,11048,22433,9056,8757,63566,63772,104768,101072,95363,93952,92353,97169,91893,93586,55477,68710,43429,60036,10571,21301,849953,799020,137170,131582,158984,145987,97812,387,430
2021-10-14T23:59:59+02:00,11385,10859,70318,70409,111300,108067,100734,100157,96794,102241,95435,97243,57143,70810,44572,61824,11045,22426,8929,8620,63267,63485,104611,100859,95217,93753,92232,97037,91819,93508,55439,68659,43410,60009,10567,21294,848677,797138,137091,131460,158975,145980,97707,387,430
2021-10-13T23:59:59+02:00,11286,10792,70172,70296,111177,107957,100639,100062,96712,102155,95385,97185,57108,70765,44556,61795,11041,22410,8891,8583,63105,63335,104474,100721,95110,93607,92143,96950,91758,93436,55401,68616,43389,59979,10558,21284,847625,795987,137018,131385,158971,145971,97567,387,430
2021-10-12T23:59:59+02:00,11145,10683,69991,70157,111077,107840,100541,99969,96652,102095,95344,97139,57092,70730,44546,61780,11037,22403,8829,8536,62942,63174,104342,100593,94991,93486,92055,96879,91699,93380,55349,68581,43377,59956,10554,21271,846538,794826,136952,131323,158967,145965,97452,386,428
2021-10-11T23:59:59+02:00,11074,10621,69841,70038,110956,107732,100455,99889,96590,102019,95291,97099,57064,70700,44526,61760,11032,22391,8791,8503,62767,63004,104210,100469,94897,93390,91982,96791,91649,93331,55311,68538,43362,59929,10545,21263,845559,793756,136886,131236,158964,145955,97357,386,428
2021-10-10T23:59:59+02:00,11002,10570,69681,69924,110816,107595,100357,99799,96522,101941,95243,97061,57046,70680,44521,61748,11024,22388,8753,8469,62579,62853,104049,100310,94791,93256,91892,96687,91572,93289,55284,68513,43353,59916,10542,21254,844605,792611,136839,131175,158959,145945,97203,386,428
2021-10-09T23:59:59+02:00,10977,10551,69591,69863,110748,107550,100316,99757,96484,101909,95225,97044,57039,70673,44520,61747,11024,22388,8718,8428,62488,62775,103964,100233,94734,93199,91850,96642,91550,93267,55278,68502,43348,59908,10541,21253,844204,792065,136806,131117,158957,145941,97127,386,428
2021-10-08T23:59:59+02:00,10903,10496,69447,69765,110606,107445,100243,99664,96418,101855,95175,96998,57027,70657,44517,61744,11024,22387,8657,8341,62317,62590,103829,100081,94621,93080,91764,96547,91502,93227,55261,68489,43342,59899,10539,21252,843363,790958,136753,131031,158956,145936,96986,386,427
2021-10-07T23:59:59+02:00,10824,10416,69241,69583,110420,107267,100106,99520,96331,101731,95100,96929,57005,70620,44504,61723,11020,22374,8527,8217,62030,62337,103631,99863,94472,92863,91657,96412,91427,93154,55228,68440,43327,59868,10532,21242,841942,789141,136682,130907,158953,145928,96824,386,427
2021-10-06T23:59:59+02:00,10754,10356,69064,69433,110284,107122,100011,99410,96245,101666,95054,96877,56970,70577,44493,61703,11017,22360,8484,8167,61842,62163,103498,99714,94360,92744,91581,96312,91350,93076,55197,68400,43312,59840,10527,21226,840847,787942,136616,130842,158951,145915,96667,386,427
2021-10-05T23:59:59+02:00,10649,10268,68888,69294,110131,106974,99895,99280,96181,101584,95009,96825,56952,70549,44484,61667,11012,22347,8450,8124,61642,61988,103346,99528,94246,92594,91484,96226,91289,93002,55169,68353,43299,59823,10524,21213,839657,786668,136547,130775,158950,145910,96520,386,427
2021-10-04T23:59:59+02:00,10611,10238,68710,69122,109964,106819,99790,99165,96087,101496,94955,96767,56915,70501,44469,61638,11011,22325,8416,8091,61482,61806,103201,99388,94113,92471,91392,96130,91225,92951,55132,68310,43275,59792,10518,21193,838554,785553,136475,130716,158948,145898,96292,384,427
2021-10-03T23:59:59+02:00,10547,10183,68498,68938,109790,106662,99661,99054,95998,101395,94891,96713,56884,70467,44461,61613,11011,22321,8356,8056,61277,61647,103011,99211,93976,92311,91294,96017,91151,92894,55096,68266,43258,59766,10516,21185,837366,784282,136400,130628,158944,145888,96063,384,427
2021-10-02T23:59:59+02:00,10521,10157,68395,68839,109701,106593,99595,98992,95946,101347,94867,96691,56873,70449,44461,61612,11010,22319,8316,8021,61160,61532,102938,99137,93909,92245,91248,95968,91125,92873,55089,68248,43257,59762,10515,21185,836815,783690,136336,130582,158942,145868,95961,384,427
2021-10-01T23:59:59+02:00,10436,10054,68238,68665,109511,106448,99465,98877,95863,101276,94807,96648,56855,70431,44458,61600,11008,22317,8204,7911,60962,61300,102768,98983,93776,92102,91142,95859,91062,92816,55071,68218,43253,59751,10514,21181,835694,782395,136279,130494,158940,145828,95730,384,426
2021-09-30T23:59:59+02:00,10356,9981,68001,68435,109291,106207,99283,98675,95724,101130,94714,96542,56818,70385,44439,61569,11004,22302,8096,7790,60708,61034,102559,98774,93589,91890,91001,95708,90970,92721,55044,68169,43238,59718,10504,21166,834021,780702,136188,130375,158934,145779,95397,383,426
2021-09-29T23:59:59+02:00,10274,9923,67797,68244,109092,106006,99125,98510,95598,101017,94630,96470,56777,70328,44423,61534,10999,22283,8038,7731,60525,60863,102370,98592,93453,91721,90886,95599,90899,92640,55010,68121,43219,59672,10501,21151,832582,779445,136122,130297,158930,145744,95080,383,425
2021-09-28T23:59:59+02:00,10189,9845,67604,68036,108885,105837,98976,98354,95487,100904,94545,96391,56738,70288,44411,61496,10992,22256,7988,7684,60330,60677,102176,98437,93319,91584,90762,95470,90819,92569,54978,68084,43202,59644,10492,21137,831175,778251,136061,130211,158928,145711,94754,383,425
2021-09-27T23:59:59+02:00,10060,9713,67355,67787,108674,105664,98839,98203,95396,100792,94467,96319,56710,70241,44397,61465,10987,22245,7950,7628,60114,60487,101986,98298,93178,91443,90657,95355,90747,92492,54941,68028,43181,59616,10483,21126,829761,777150,135975,130131,158926,145668,94336,383,425
2021-09-26T23:59:59+02:00,9939,9619,67109,67550,108445,105471,98671,98056,95273,100665,94382,96237,56671,70207,44381,61442,10982,22232,7896,7582,59869,60289,101782,98116,93031,91277,90546,95236,90674,92415,54910,68000,43167,59588,10478,21111,828300,775994,135893,130036,158920,145609,93903,383,425
2021-09-25T23:59:59+02:00,9900,9578,66990,67427,108341,105382,98597,97994,95215,100612,94351,96208,56667,70199,44379,61439,10981,22232,7855,7543,59754,60171,101679,98023,92950,91204,90503,95170,90638,92392,54898,67989,43163,59584,10478,21111,827746,775437,135831,129983,158920,145581,93679,383,425
2021-09-24T23:59:59+02:00,9839,9517,66820,67240,108169,105207,98446,97842,95090,100506,94281,96153,56651,70182,44371,61426,10981,22230,7757,7431,59524,59941,101495,97828,92820,91055,90391,95061,90553,92326,54876,67967,43161,59579,10477,21108,826705,774237,135756,129916,158920,145519,93253,383,425
2021-09-23T23:59:59+02:00,9747,9391,66493,66903,107903,104944,98250,97611,94929,100342,94178,96041,56606,70122,44347,61397,10975,22202,7641,7310,59225,59660,101253,97593,92631,90842,90253,94906,90455,92217,54827,67917,43139,59551,10476,21085,824884,772666,135631,129806,158914,145450,92634,383,425
2021-09-22T23:59:59+02:00,9677,9311,66155,66575,107689,104729,98050,97406,94774,100207,94049,95943,56558,70053,44314,61353,10964,22180,7585,7268,59043,59478,101075,97424,92452,90706,90138,94784,90347,92141,54794,67871,43111,59519,10470,21069,823111,771625,135517,129727,158909,145367,92131,383,425
2021-09-21T23:59:59+02:00,9590,9223,65922,66327,107478,104547,97873,97247,94659,100098,93969,95872,56508,70002,44296,61310,10957,22165,7547,7230,58848,59294,100879,97263,92311,90573,90048,94695,90256,92066,54754,67813,43091,59480,10461,21051,821642,770559,135435,129632,158906,145303,91741,383,425
2021-09-20T23:59:59+02:00,9528,9166,65635,66016,107275,104363,97712,97078,94551,99997,93903,95795,56468,69959,44276,61267,10952,22154,7490,7175,58654,59138,100691,97117,92154,90419,89906,94594,90175,91995,54707,67774,43064,59444,10455,21034,820209,769543,135354,129550,158900,145156,91312,383,425
2021-09-19T23:59:59+02:00,9476,9121,65349,65840,107045,104170,97560,96909,94411,99896,93799,95717,56438,69906,44266,61243,10950,22143,7451,7133,58409,58942,100447,96941,91968,90248,89721,94422,90055,91910,54669,67712,43046,59410,10454,21021,818867,768324,135270,129432,158896,144892,90886,383,425
2021-09-18T23:59:59+02:00,9443,9076,65255,65734,106924,104072,97449,96823,94345,99826,93764,95689,56430,69897,44262,61238,10948,22142,7411,7092,58287,58819,100340,96840,91844,90167,89650,94359,90017,91880,54659,67707,43039,59407,10452,21017,818291,767684,135180,129367,158894,144880,90632,383,424
2021-09-17T23:59:59+02:00,9364,8990,65060,65574,106743,103913,97279,96671,94217,99728,93691,95613,56413,69870,44251,61231,10942,22136,7320,6993,58080,58583,100151,96676,91688,90046,89532,94253,89939,91818,54644,67680,43030,59400,10452,21014,817186,766542,135091,129270,158889,144863,90200,383,424
2021-09-16T23:59:59+02:00,9273,8882,64769,65269,106458,103655,97041,96432,94027,99551,93590,95520,56361,69815,44238,61203,10935,22122,7229,6882,57828,58305,99879,96447,91490,89831,89355,94090,89838,91730,54598,67629,43008,59378,10447,21003,815356,765023,134996,129133,158879,144800,89589,383,422
2021-09-15T23:59:59+02:00,9203,8827,64416,64973,106260,103443,96832,96239,93891,99388,93489,95433,56324,69757,44203,61174,10930,22096,7179,6833,57650,58144,99689,96286,91321,89673,89250,93979,89733,91664,54565,67582,42983,59346,10443,20983,813605,763963,134941,129016,158874,144766,89136,383,422
2021-09-14T23:59:59+02:00,9161,8778,64128,64763,106021,103225,96635,96059,93759,99245,93374,95347,56276,69697,44177,61137,10925,22080,7137,6796,57446,57959,99512,96101,91153,89509,89116,93865,89653,91592,54529,67542,42961,59319,10438,20968,812063,762916,134869,128926,158867,144667,88666,383,421
2021-09-13T23:59:59+02:00,9124,8744,63824,64498,105788,102997,96465,95889,93614,99108,93285,95250,56224,69643,44160,61103,10918,22068,7105,6759,57236,57773,99308,95912,91000,89353,88983,93758,89565,91518,54491,67494,42940,59290,10435,20951,810538,761807,134778,128812,158857,144625,88207,383,420
2021-09-12T23:59:59+02:00,9071,8696,63507,64251,105538,102751,96253,95660,93450,98980,93188,95168,56173,69592,44143,61073,10914,22057,7067,6729,57035,57611,99062,95703,90831,89183,88849,93639,89468,91442,54447,67436,42919,59261,10431,20934,808990,760771,134679,128683,158853,144552,87621,383,420
2021-09-11T23:59:59+02:00,9024,8663,63386,64119,105395,102633,96150,95550,93364,98901,93149,95136,56158,69577,44138,61061,10914,22056,7014,6703,56885,57519,98913,95599,90732,89085,88750,93573,89431,91417,54437,67416,42915,59251,10431,20933,808305,760176,134625,128605,158851,144533,87271,383,419
2021-09-10T23:59:59+02:00,8930,8552,63142,63853,105197,102420,95978,95361,93219,98774,93053,95064,56122,69547,44124,61042,10914,22054,6934,6625,56637,57307,98716,95412,90550,88901,88616,93441,89343,91346,54415,67395,42902,59232,10431,20929,806912,759004,134561,128487,158848,144518,86704,382,419
2021-09-09T23:59:59+02:00,8832,8453,62819,63574,104920,102100,95742,95070,93040,98546,92914,94945,56081,69481,44103,61013,10904,22033,6830,6526,56380,57083,98460,95162,90317,88669,88455,93286,89198,91258,54372,67342,42881,59203,10425,20923,804916,757576,134456,128302,158844,144443,86033,382,416
2021-09-08T23:59:59+02:00,8771,8402,62590,63335,104691,101861,95547,94846,92868,98372,92797,94813,56046,69414,44069,60974,10891,22009,6799,6496,56216,56921,98265,94953,90152,88470,88295,93138,89077,91152,54333,67280,42846,59163,10413,20889,803401,756539,134347,128152,158832,144356,85395,382,416
2021-09-07T23:59:59+02:00,8721,8349,62346,63117,104464,101620,95361,94655,92725,98231,92696,94734,56013,69365,44040,60919,10882,21987,6753,6460,56020,56753,98044,94758,89966,88307,88165,93029,88980,91061,54291,67233,42822,59132,10408,20870,801903,755453,134241,128024,158826,144226,84934,382,415
2021-09-06T23:59:59+02:00,8679,8306,62133,62935,104256,101445,95220,94494,92604,98098,92609,94658,55955,69306,44018,60889,10875,21954,6710,6423,55846,56582,97842,94592,89797,88151,88036,92901,88882,90980,54237,67180,42802,59088,10398,20845,800635,754333,134149,127889,158815,144141,84514,382,415
2021-09-05T23:59:59+02:00,8617,8256,61912,62724,104084,101258,95061,94325,92477,97983,92532,94591,55926,69265,44008,60868,10870,21947,6657,6367,55639,56379,97644,94393,89608,87986,87893,92774,88799,90893,54188,67130,42785,59065,10393,20829,799420,753161,134068,127716,158811,144046,84085,381,414
2021-09-04T23:59:59+02:00,8566,8225,61792,62612,103995,101160,94959,94238,92420,97915,92497,94565,55916,69254,44001,60858,10870,21946,6629,6323,55512,56263,97522,94265,89491,87886,87827,92693,88750,90860,54173,67119,42779,59054,10393,20828,798816,752504,134020,127595,158807,144028,83826,381,414
2021-09-03T23:59:59+02:00,8488,8150,61593,62428,103817,101002,94807,94089,92314,97802,92425,94514,55888,69227,43993,60843,10868,21938,6562,6257,55301,56075,97319,94048,89300,87689,87680,92521,88658,90782,54141,67085,42768,59035,10389,20825,797682,751245,133965,127366,158801,143992,83418,381,414
2021-09-02T23:59:59+02:00,8368,8058,61326,62178,103554,100755,94604,93861,92122,97631,92305,94411,55840,69170,43970,60808,10863,21916,6462,6175,55027,55813,97016,93765,89050,87412,87455,92309,88513,90666,54096,67003,42738,58984,10379,20788,795984,749564,133853,127011,158789,143870,82793,381,413
2021-09-01T23:59:59+02:00,8303,7974,61111,61962,103349,100582,94457,93704,92002,97500,92197,94335,55794,69118,43952,60784,10855,21898,6407,6112,54769,55591,96786,93542,88851,87196,87279,92144,88371,90555,54031,66912,42700,58942,10371,20768,794699,748109,133775,126751,158774,143750,82308,381,409
2021-08-31T23:59:59+02:00,8221,7897,60899,61706,103140,100394,94277,93541,91879,97381,92070,94252,55747,69063,43926,60745,10844,21882,6345,6043,54517,55327,96511,93289,88632,86957,87121,91982,88207,90449,53984,66838,42674,58886,10363,20749,793296,746600,133695,126443,158763,143635,81789,381,407
2021-08-30T23:59:59+02:00,8125,7821,60691,61519,102956,100246,94151,93404,91760,97278,91998,94172,55713,69032,43910,60711,10839,21866,6273,5978,54263,55131,96262,93053,88417,86728,86940,91836,88080,90323,53926,66759,42632,58823,10347,20720,792163,745154,133637,126130,158756,143489,81314,381,404
2021-08-29T23:59:59+02:00,8049,7743,60414,61276,102716,100049,93965,93227,91621,97160,91908,94080,55668,68982,43886,60681,10837,21857,6165,5868,53910,54820,95941,92759,88125,86468,86705,91640,87926,90195,53858,66682,42602,58783,10341,20703,790790,743230,133547,125794,158739,143343,80721,381,403
2021-08-28T23:59:59+02:00,7992,7677,60274,61163,102608,99939,93863,93143,91536,97085,91862,94050,55654,68969,43878,60677,10836,21855,6125,5801,53731,54670,95779,92624,87992,86356,86594,91551,87858,90152,53841,66662,42593,58776,10340,20702,790166,742409,133508,125688,158735,143317,80330,381,403
2021-08-27T23:59:59+02:00,7926,7591,60090,60967,102439,99769,93722,93015,91423,96979,91774,93991,55631,68938,43869,60660,10835,21852,6046,5730,53486,54422,95481,92345,87769,86148,86417,91393,87750,90052,53799,66625,42578,58750,10335,20699,789166,740815,133445,125487,158698,143280,79840,381,403
2021-08-26T23:59:59+02:00,7840,7491,59848,60719,102208,99550,93502,92789,91244,96797,91667,93893,55580,68873,43836,60632,10829,21840,5972,5662,53140,54133,95113,91993,87431,85832,86178,91127,87591,89919,53734,66536,42531,58706,10328,20687,787667,738865,133347,125076,158675,143146,79127,381,399
2021-08-25T23:59:59+02:00,7767,7401,59615,60519,102030,99411,93350,92606,91121,96675,91555,93813,55539,68820,43804,60588,10824,21817,5900,5602,52828,53879,94800,91736,87204,85585,85976,90941,87459,89791,53667,66452,42483,58639,10322,20657,786442,737118,133265,124765,158664,143075,78565,378,398
2021-08-24T23:59:59+02:00,7717,7348,59392,60301,101841,99235,93185,92442,91008,96548,91470,93740,55501,68767,43778,60545,10818,21792,5855,5535,52502,53618,94443,91452,86902,85330,85766,90750,87307,89630,53582,66356,42437,58573,10314,20635,785297,735295,133174,124460,158657,142854,77981,378,397
2021-08-23T23:59:59+02:00,7661,7294,59181,60090,101670,99074,93053,92281,90912,96463,91393,93653,55463,68722,43749,60520,10814,21773,5792,5473,52177,53344,94099,91168,86657,85052,85569,90578,87172,89502,53502,66265,42403,58521,10307,20617,784126,733377,133101,124173,158647,142678,77574,377,396
2021-08-22T23:59:59+02:00,7589,7239,58986,59906,101464,98911,92894,92144,90816,96347,91312,93585,55427,68674,43735,60496,10808,21759,5711,5390,51804,52991,93693,90762,86343,84746,85331,90350,87000,89376,53421,66159,42371,58460,10299,20596,783090,731038,132997,123859,158634,142462,77053,377,391
2021-08-21T23:59:59+02:00,7536,7201,58848,59783,101329,98807,92788,92039,90716,96286,91254,93549,55407,68652,43727,60479,10806,21756,5518,5203,51468,52690,93524,90612,86171,84588,85186,90223,86914,89313,53390,66134,42361,58444,10298,20590,782406,729504,132924,123630,158633,142420,76682,377,391
2021-08-20T23:59:59+02:00,7484,7149,58693,59606,101159,98651,92638,91901,90597,96160,91175,93487,55384,68626,43716,60462,10804,21751,5394,5102,51132,52337,93261,90337,85907,84354,84971,90018,86781,89201,53358,66093,42338,58420,10291,20583,781437,727526,132874,123419,158627,142354,76188,376,391
2021-08-19T23:59:59+02:00,7417,7088,58440,59372,100873,98420,92428,91708,90436,95994,91047,93383,55340,68566,43691,60431,10797,21737,5277,4977,50689,51896,92823,89925,85498,83939,84657,89702,86567,89015,53284,65984,42299,58358,10281,20565,780052,724790,132741,122972,158619,142146,75440,375,388
2021-08-18T23:59:59+02:00,7353,7033,58249,59209,100681,98237,92281,91542,90293,95867,90945,93286,55273,68501,43662,60386,10787,21717,5182,4876,50330,51520,92441,89592,85175,83607,84376,89451,86375,88843,53169,65868,42228,58265,10266,20535,778867,722368,132651,122578,158612,141908,74857,374,388
2021-08-17T23:59:59+02:00,7291,6982,58059,59047,100485,98060,92114,91391,90169,95735,90847,93195,55233,68454,43638,60358,10785,21702,5061,4743,49832,51091,91990,89173,84768,83245,84047,89154,86166,88640,53066,65742,42170,58188,10260,20511,777739,719327,132547,122166,158599,141620,74346,373,388
2021-08-16T23:59:59+02:00,7231,6916,57874,58867,100282,97884,91964,91231,90028,95615,90732,93096,55179,68391,43608,60307,10778,21688,4850,4560,49259,50504,91518,88715,84298,82843,83714,88855,85936,88433,52958,65626,42111,58109,10251,20473,776550,715748,132456,121724,158592,141394,73759,373,388
2021-08-15T23:59:59+02:00,7165,6868,57651,58675,100093,97699,91804,91087,89905,95507,90644,93036,55142,68349,43588,60278,10774,21681,4451,4160,48130,49356,90872,88023,83738,82298,83317,88464,85648,88226,52852,65503,42066,58050,10242,20454,775453,709907,132344,121094,158583,141211,73252,373,386
2021-08-14T23:59:59+02:00,7132,6835,57530,58585,99951,97596,91695,91010,89816,95439,90592,92992,55126,68332,43583,60271,10773,21680,4422,4137,47973,49211,90639,87848,83519,82088,83191,88364,85577,88182,52824,65472,42057,58039,10241,20452,774918,709076,132283,120769,158578,141160,72845,373,386
2021-08-13T23:59:59+02:00,7085,6790,57375,58449,99793,97468,91564,90868,89706,95325,90511,92928,55096,68281,43569,60246,10771,21673,4362,4076,47662,48886,90154,87440,83113,81706,82926,88131,85404,88040,52780,65404,42035,58015,10238,20440,774072,706819,132224,120212,158571,141080,72318,371,383
2021-08-12T23:59:59+02:00,7050,6740,57166,58283,99575,97288,91385,90700,89559,95178,90416,92847,55059,68228,43542,60212,10763,21656,4311,4013,47241,48487,89501,86867,82528,81155,82548,87798,85174,87857,52705,65301,41981,57956,10228,20422,772984,703814,132120,119375,158559,140831,71671,371,382
2021-08-11T23:59:59+02:00,7015,6685,56975,58109,99362,97108,91221,90559,89426,95061,90305,92746,55008,68168,43510,60173,10753,21641,4238,3964,46819,48020,88869,86208,81939,80646,82207,87489,84903,87612,52617,65158,41908,57831,10209,20373,771841,700601,132022,118419,158536,140493,71116,368,381
2021-08-10T23:59:59+02:00,6954,6636,56786,57942,99137,96954,91064,90406,89298,94943,90220,92667,54965,68121,43494,60133,10749,21628,4173,3899,46372,47536,88220,85572,81332,80101,81794,87106,84652,87392,52497,65048,41849,57748,10196,20342,770765,697211,131924,117479,158517,140177,70581,368,381
2021-08-09T23:59:59+02:00,6903,6577,56616,57782,98942,96797,90908,90267,89153,94841,90107,92603,54924,68070,43469,60098,10742,21613,4104,3820,45802,46961,87381,84888,80642,79511,81378,86751,84354,87163,52384,64915,41793,57647,10182,20299,769719,693317,131850,116424,158506,139829,70028,367,377
2021-08-08T23:59:59+02:00,6832,6508,56390,57593,98730,96603,90726,90101,89017,94719,90011,92528,54869,68021,43443,60063,10735,21590,4048,3759,45196,46340,86308,83945,79739,78695,80827,86273,84020,86864,52248,64761,41729,57556,10169,20271,768484,688149,131736,115240,158484,139516,69467,365,376
2021-08-07T23:59:59+02:00,6788,6457,56245,57471,98587,96487,90593,90000,88924,94661,89949,92485,54849,67994,43440,60052,10732,21585,3586,3384,44355,45444,85962,83601,79258,78257,80464,85921,83838,86717,52185,64678,41708,57520,10164,20262,767808,684393,131674,114094,158479,139412,69030,365,375
2021-08-06T23:59:59+02:00,6732,6407,56053,57318,98353,96301,90438,89870,88797,94546,89851,92414,54809,67965,43431,60025,10729,21581,3203,2986,43431,44547,85488,83129,78671,77699,80074,85533,83648,86569,52134,64613,41682,57489,10156,20249,766828,680402,131575,112815,158472,139273,68437,365,374
2021-08-05T23:59:59+02:00,6663,6335,55729,57064,98046,96026,90170,89645,88581,94348,89679,92277,54744,67874,43401,59973,10720,21563,2686,2538,42175,43369,84741,82439,77887,76893,79473,84964,83286,86265,52002,64453,41622,57386,10141,20216,765132,674771,131446,111175,158459,138724,67493,365,373
2021-08-04T23:59:59+02:00,6584,6285,55477,56872,97767,95810,89976,89479,88436,94207,89558,92176,54691,67823,43363,59926,10716,21553,2613,2479,41680,42866,83492,81385,76527,75752,78983,84506,82968,86017,51861,64315,41563,57298,10125,20190,763823,669548,131340,109666,158445,138250,66783,365,373
2021-08-03T23:59:59+02:00,6518,6219,55220,56675,97532,95616,89798,89314,88293,94061,89412,92053,54612,67742,43326,59868,10708,21545,2559,2437,41235,42427,82250,80245,75102,74563,78376,83939,82417,85525,51645,64111,41463,57142,10112,20154,762434,663705,131235,107965,158421,137545,66115,364,372
2021-08-02T23:59:59+02:00,6456,6156,54978,56471,97270,95391,89572,89138,88122,93918,89270,91939,54529,67668,43293,59815,10705,21525,2508,2372,40745,41917,80919,79126,73545,73353,77743,83377,81873,85040,51474,63904,41388,57021,10095,20120,760990,657575,131085,106203,158398,136936,65437,363,369
2021-08-01T23:59:59+02:00,6388,6071,54707,56203,97000,95124,89334,88961,87918,93771,89104,91827,54460,67582,43256,59763,10698,21518,2428,2319,40224,41414,79626,78047,72127,72248,76842,82623,81283,84573,51283,63666,41301,56916,10084,20096,759375,651373,130889,104297,158371,136321,64746,359,363
2021-07-31T23:59:59+02:00,6352,6033,54584,56109,96878,95029,89229,88895,87827,93700,89059,91790,54448,67571,43250,59759,10698,21517,1903,1870,39261,40382,79173,77602,71586,71695,76459,82295,81168,84477,51264,63630,41285,56905,10084,20093,758888,646668,130719,103424,158368,136228,64449,359,363
2021-07-30T23:59:59+02:00,6298,5997,54406,55960,96718,94850,89072,88745,87696,93585,88975,91720,54411,67541,43237,59741,10696,21515,1434,1420,38240,39315,78462,76946,70829,70957,75942,81765,80765,84152,51187,63541,41251,56845,10078,20081,757980,640429,130404,102286,158362,136019,64114,358,362
2021-07-29T23:59:59+02:00,6246,5938,54166,55771,96457,94624,88859,88532,87521,93409,88835,91591,54350,67474,43214,59700,10687,21494,947,953,36989,38068,77402,76071,69778,70007,75130,80999,80226,83718,51052,63376,41183,56749,10061,20054,756715,632622,129918,100731,158343,135459,63590,357,361
2021-07-28T23:59:59+02:00,6209,5886,53957,55595,96247,94416,88704,88350,87406,93268,88723,91493,54289,67397,43180,59651,10678,21462,906,903,36366,37450,76230,75090,68494,68903,74365,80279,79731,83256,50905,63168,41114,56644,10044,20013,755513,626229,129469,99309,158327,134665,63300,357,358
2021-07-27T23:59:59+02:00,6159,5844,53722,55367,95983,94200,88519,88161,87247,93111,88599,91395,54233,67319,43138,59588,10664,21414,845,847,35700,36675,74762,73830,67041,67682,73498,79431,79187,82734,50730,62955,41033,56522,10019,19971,754068,618866,129037,97855,158304,133432,62952,357,357
2021-07-26T23:59:59+02:00,6102,5791,53501,55156,95737,94004,88317,87990,87081,92976,88470,91292,54171,67240,43109,59531,10657,21392,789,788,34924,35825,73232,72490,65668,66441,72455,78434,78591,82196,50554,62736,40954,56372,9998,19926,752705,610726,128613,96325,158283,132351,62616,355,355
2021-07-25T23:59:59+02:00,6063,5747,53290,54949,95479,93771,88140,87795,86920,92842,88361,91193,54117,67173,43082,59487,10647,21357,677,679,34218,35055,71883,71281,64556,65425,71454,77518,78113,81741,50431,62545,40890,56283,9992,19891,751273,603724,128337,94765,158259,131544,62244,355,355
2021-07-24T23:59:59+02:00,5974,5689,53011,54650,95168,93459,87892,87584,86744,92685,88262,91112,54088,67139,43070,59464,10647,21351,628,628,33700,34552,71008,70580,63890,64864,70575,76816,77910,81589,50375,62502,40868,56257,9992,19889,749387,599263,128281,93828,158258,131415,61762,355,355
2021-07-23T23:59:59+02:00,5921,5633,52737,54375,94763,93170,87588,87365,86562,92504,88120,91019,54052,67091,43062,59446,10644,21345,575,583,33158,33883,69940,69714,63100,64189,69669,75964,77507,81258,50298,62402,40837,56218,9985,19874,747311,593567,128207,92670,158252,131237,61326,355,354
2021-07-22T23:59:59+02:00,5850,5571,52319,53971,94280,92722,87200,87026,86252,92202,87909,90832,53967,66997,43033,59385,10636,21319,500,520,32441,33143,68620,68715,62050,63308,68050,74608,76852,80741,50145,62190,40745,56103,9964,19834,744243,587063,127975,89915,158225,130470,60728,354,353
2021-07-21T23:59:59+02:00,5797,5517,51943,53579,93841,92302,86891,86724,85998,91956,87736,90642,53886,66910,42974,59317,10625,21291,450,462,31816,32480,67282,67671,60960,62412,66009,72917,75944,79993,49857,61881,40584,55915,9940,19776,741415,580747,127737,85588,158195,129378,60283,353,353
2021-07-20T23:59:59+02:00,5738,5454,51554,53181,93376,91831,86521,86398,85729,91699,87510,90445,53793,66776,42925,59259,10618,21266,403,418,31144,31811,65806,66473,59831,61451,64828,71855,75325,79435,49650,61648,40478,55755,9916,19713,738428,573658,127516,83897,158140,128342,59690,353,353
2021-07-19T23:59:59+02:00,5661,5380,51079,52717,92902,91348,86153,86064,85478,91483,87304,90264,53699,66654,42889,59181,10601,21231,360,365,30592,31218,64639,65411,58915,60590,63672,70819,74722,78915,49475,61452,40387,55608,9888,19669,735140,567855,127288,82083,158105,127151,59256,353,352
2021-07-18T23:59:59+02:00,5592,5310,50250,51902,91822,90294,85420,85445,84997,91050,87012,89973,53592,66506,42826,59085,10591,21200,323,320,30043,30628,63446,64334,57990,59678,62493,69792,74171,78415,49325,61288,40328,55524,9876,19640,728659,561997,126957,80053,158088,126346,58867,350,351
2021-07-17T23:59:59+02:00,5419,5123,49897,51568,91678,90159,85226,85287,84838,90912,86904,89891,53572,66479,42815,59073,10590,21197,271,265,29650,30236,62799,63730,57433,59255,61739,69055,73866,78173,49213,61169,40289,55466,9866,19629,727479,558952,126781,79085,158084,125729,57987,350,351
2021-07-16T23:59:59+02:00,5319,5032,49571,51270,91409,89929,84978,85085,84641,90728,86767,89784,53530,66446,42797,59060,10587,21192,236,230,29139,29722,61852,62807,56585,58567,60686,68011,73368,77753,49051,60980,40242,55397,9861,19620,726085,553945,126610,77764,158077,124990,57057,349,351
2021-07-15T23:59:59+02:00,5184,4898,49087,50853,91004,89545,84620,84701,84337,90448,86544,89615,53448,66355,42743,58991,10577,21164,186,197,28402,29082,60526,61737,55452,57579,59267,66695,72629,77167,48818,60716,40151,55265,9845,19565,723584,548075,126191,75554,158042,123312,55989,348,349
2021-07-14T23:59:59+02:00,5077,4785,48727,50473,90703,89248,84327,84384,84088,90208,86343,89458,53357,66246,42685,58902,10560,21133,169,175,27860,28504,59428,60737,54481,56731,58389,65841,72020,76580,48548,60438,40045,55090,9822,19522,721400,542622,125832,74631,157998,121613,55167,347,347
2021-07-13T23:59:59+02:00,4966,4668,48316,50088,90305,88895,84019,84074,83819,89945,86135,89290,53246,66140,42630,58838,10554,21112,152,165,27186,27818,58059,59545,53284,55740,57397,64927,71292,75937,48270,60113,39916,54911,9790,19470,719013,536244,125459,73507,157943,119559,54317,347,345
2021-07-12T23:59:59+02:00,4796,4498,47756,49568,89913,88552,83624,83750,83568,89677,85945,89128,53163,66043,42583,58775,10542,21097,143,157,26543,27153,56561,58192,51998,54674,56173,63784,70543,75310,47893,59681,39741,54686,9749,19405,716268,528919,125091,72485,157881,117207,53431,346,344
2021-07-11T23:59:59+02:00,4401,4124,46804,48640,89477,88118,83210,83363,83255,89388,85749,88978,53073,65948,42557,58720,10531,21080,131,149,25936,26582,55177,56936,50699,53627,55128,62752,69947,74757,47543,59296,39617,54510,9725,19363,712284,522270,124617,71477,157843,115416,52369,342,343
2021-07-10T23:59:59+02:00,4388,4111,46470,48288,89023,87635,82877,83051,83147,89288,85684,88922,53052,65924,42548,58707,10530,21076,128,141,25447,26041,54082,55982,49834,53041,54526,62184,69731,74569,47175,58876,39517,54405,9720,19352,711605,517929,124149,71392,157665,114088,50999,341,343
2021-07-09T23:59:59+02:00,4368,4099,46043,47843,88400,87071,82497,82706,82896,89095,85568,88829,53016,65895,42541,58694,10526,21067,122,126,24734,25262,52753,54746,48890,52155,53740,61330,69306,74162,46816,58466,39429,54314,9713,19340,710165,511718,123564,70986,157501,112734,49624,338,342
2021-07-08T23:59:59+02:00,4339,4072,45485,47334,87536,86357,81955,82188,82641,88847,85374,88675,52946,65827,42509,58647,10515,21051,114,109,23731,24303,50805,53166,47515,51001,52602,60197,68609,73521,46294,57907,39292,54151,9685,19272,708005,503927,122668,69707,157212,110195,48104,334,341
2021-07-07T23:59:59+02:00,4316,4045,44901,46736,86689,85588,81391,81704,82357,88550,85164,88509,52865,65726,42467,58583,10507,21031,102,94,22832,23381,48848,51475,45996,49863,51357,59011,67905,72984,45558,57164,39095,53913,9651,19213,705451,495703,121667,68595,156958,107081,46724,332,339
2021-07-06T23:59:59+02:00,4283,4024,44351,46209,85821,84845,80774,81107,81984,88219,84987,88331,52775,65645,42431,58521,10497,21005,93,84,21984,22500,46835,49684,44600,48611,50074,57666,67159,72262,44724,56388,38908,53674,9633,19158,702761,486670,120650,67510,156661,104109,45409,331,339
2021-07-05T23:59:59+02:00,4261,3988,43184,45207,84300,83739,80048,80485,81524,87796,84707,88064,52658,65506,42380,58443,10483,20977,82,72,20787,21422,44867,48078,43583,47647,49043,56704,66461,71643,43961,55525,38735,53450,9608,19118,699390,480644,119597,66641,156297,101020,42142,327,339
2021-07-04T23:59:59+02:00,4233,3965,41818,43976,82659,82429,79325,79880,81049,87369,84433,87860,52565,65379,42337,58390,10470,20948,79,65,19432,20206,43070,46562,42881,46905,48227,55850,65881,71075,43215,54668,38571,53257,9588,19070,696235,475959,118446,65704,155876,98397,38204,327,338
2021-07-03T23:59:59+02:00,3765,3550,40227,42405,81785,81771,78838,79394,80604,86894,84216,87686,52496,65278,42318,58336,10467,20942,75,64,18621,19509,42149,45866,42464,46529,47818,55451,65716,70908,42625,53938,38508,53156,9581,19060,692432,474009,117139,65603,155792,96803,35285,327,338
2021-07-02T23:59:59+02:00,3209,2979,38666,40896,81045,81045,78163,78682,80084,86389,83974,87481,52445,65192,42290,58289,10455,20929,67,56,17843,18769,40989,44906,41723,45821,46979,54666,65192,70455,41674,52733,38378,52967,9565,19042,687352,468887,115736,65133,155641,94304,33164,323,337
2021-07-01T23:59:59+02:00,2560,2433,36942,39218,80063,80168,77321,77847,79382,85752,83658,87198,52320,65035,42227,58187,10437,20899,56,43,16950,17816,39444,43665,40510,44754,45670,53531,64442,69869,40780,51591,38227,52757,9548,19010,680970,462398,114011,63480,155421,91523,30926,322,336
2021-06-30T23:59:59+02:00,2518,2403,35921,38187,78220,78664,75622,76362,78738,85200,83374,86906,52190,64873,42167,58090,10425,20872,47,33,15905,16825,37767,42438,39311,43647,44514,52464,63683,69237,40232,50904,38108,52557,9526,18975,675078,456226,112276,62139,155212,89627,27847,322,334
2021-06-29T23:59:59+02:00,2481,2371,35076,37270,76616,77169,74007,74956,77939,84483,82826,86413,52007,64652,42092,57959,10408,20836,34,24,15064,15906,36458,41284,38397,42820,43289,51405,62961,68650,39521,49967,37972,52338,9504,18931,668681,450995,110402,60306,154944,87677,25215,322,332
2021-06-28T23:59:59+02:00,2440,2340,34244,36442,75002,75751,72322,73564,76915,83695,82221,85913,51832,64426,42015,57853,10395,20804,25,19,14308,15139,35401,40254,37568,42088,42158,50405,62303,68099,38643,48878,37804,52113,9484,18886,662175,446101,108443,58786,154348,85467,22889,322,332
2021-06-27T23:59:59+02:00,2425,2325,33500,35685,73435,74384,70914,72356,75519,82574,81541,85357,51633,64209,41950,57735,10385,20775,20,19,13663,14494,34437,39491,36911,41486,41219,49550,61760,67652,37771,47841,37652,51934,9469,18855,655954,442159,106509,58013,153394,83196,20526,321,330
2021-06-26T23:59:59+02:00,1787,1718,32453,34566,73067,74057,70449,71894,75226,82263,81449,85279,51613,64182,41935,57725,10384,20772,20,18,13468,14281,33767,38945,36265,41064,40695,49215,60767,66642,36775,46706,37483,51722,9455,18822,651126,436153,105571,57958,153390,81257,20414,320,328
2021-06-25T23:59:59+02:00,1166,1122,31321,33371,72562,73527,69837,71200,74801,81814,81070,84952,51551,64095,41902,57682,10379,20758,17,16,13126,13880,32906,38148,35390,40242,39737,48370,59554,65405,36258,46003,37291,51421,9432,18781,644750,427679,104380,57510,153385,80184,20277,320,327
2021-06-24T23:59:59+02:00,553,562,29972,32037,71768,72766,68964,70318,74124,81179,80620,84584,51442,63965,41849,57612,10368,20725,14,13,12449,13161,31726,36843,34167,38975,38600,47249,57917,64028,35777,45484,37134,51231,9413,18722,636866,418268,102893,55952,153273,78299,20059,319,325
2021-06-23T23:59:59+02:00,526,530,29459,31466,70660,71782,67692,69173,73372,80492,80168,84176,51329,63788,41791,57516,10352,20694,12,12,11951,12617,30727,35598,33228,37752,37574,46365,55965,62310,35225,44915,36964,51002,9391,18657,630608,408449,101310,54891,153170,77043,19561,319,321
2021-06-22T23:59:59+02:00,502,513,28932,30853,69486,70754,66486,68145,72693,79787,79758,83804,51223,63661,41744,57432,10343,20668,10,11,11591,12194,29810,34669,32272,36860,36613,45457,53987,60471,34838,44439,36827,50760,9362,18600,624249,399867,99844,53323,153038,75927,19336,319,318
2021-06-21T23:59:59+02:00,470,479,28255,30153,68162,69570,65299,67015,71939,79005,79358,83409,51114,63548,41685,57343,10329,20627,9,11,11293,11871,29182,34074,31716,36292,36001,44862,52143,58813,34126,43632,36531,50338,9333,18524,617374,392249,98341,52127,152917,75243,18814,316,318
2021-06-20T23:59:59+02:00,385,399,27617,29479,66931,68433,64281,66085,71131,78265,79007,83070,51037,63419,41636,57276,10324,20595,5,10,11000,11598,28626,33575,31257,35799,35489,44333,50299,57013,33580,42949,36334,50006,9303,18465,610975,384794,96880,51379,152817,74770,18384,316,314
2021-06-19T23:59:59+02:00,353,365,27221,29100,66198,67857,63751,65575,70329,77609,78856,82944,51017,63393,41621,57260,10323,20595,5,9,10863,11393,28371,33250,30997,35472,35264,44069,48847,55618,33316,42599,36249,49866,9295,18437,606989,379354,95937,51369,152815,74571,18312,316,314
2021-06-18T23:59:59+02:00,327,332,26751,28621,65182,67121,63008,64960,69404,76768,78465,82612,50954,63319,41595,57224,10320,20587,5,9,10642,11148,27972,32822,30661,35060,34874,43667,47106,53935,32960,42082,36112,49655,9275,18402,601544,372463,94693,51079,152809,74343,18190,316,312
2021-06-17T23:59:59+02:00,297,301,26099,27994,63903,66121,62004,64147,67814,75360,77940,82204,50852,63167,41532,57143,10307,20560,5,9,10213,10781,27173,32119,29915,34378,34031,42958,45588,52430,32509,41448,35949,49398,9244,18352,595400,364965,92035,49933,152649,73946,17347,316,309
2021-06-16T23:59:59+02:00,262,264,25557,27383,62592,64989,60891,63178,65548,73431,77093,81549,50639,62958,41440,57031,10288,20528,5,7,9882,10509,26517,31447,29212,33755,33298,42320,44991,51862,32233,41081,35803,49198,9222,18313,589079,361232,87522,49222,152237,72421,16471,314,309
2021-06-15T23:59:59+02:00,223,233,24896,26652,61177,63743,59809,62193,64392,72342,76581,81125,50514,62807,41390,56936,10281,20498,5,7,9609,10223,25915,30711,28577,33000,32618,41595,43436,50229,31781,40521,35632,48963,9192,18248,581847,354493,85886,48322,151783,71173,15965,313,309
2021-06-14T23:59:59+02:00,200,201,24409,26042,60069,62695,58935,61346,63316,71336,76104,80732,50425,62680,41341,56865,10266,20473,4,7,9311,9922,25165,29822,27817,32162,31829,40779,42146,48883,31409,40018,35495,48741,9162,18195,575943,348320,84171,47304,151578,69503,15432,313,308
2021-06-13T23:59:59+02:00,195,186,23995,25570,59125,61781,58167,60561,62206,70367,75637,80310,50334,62564,41290,56807,10254,20443,4,7,9022,9614,24454,28978,27104,31321,31070,39923,40585,47293,30941,39400,35293,48436,9132,18105,570916,341237,82316,46520,151354,67724,14896,312,305
2021-06-12T23:59:59+02:00,182,168,23728,25276,58561,61268,57807,60280,61563,69729,75438,80197,50309,62532,41278,56793,10251,20438,4,7,8902,9492,23978,28397,26580,30744,30536,39362,39487,46321,30773,39222,35198,48270,9128,18094,567930,336977,81362,46517,151347,65847,14849,312,305
2021-06-11T23:59:59+02:00,163,153,23350,24823,57805,60446,57129,59646,60653,68795,75092,79893,50233,62455,41252,56756,10249,20432,4,6,8754,9295,23456,27719,26046,30084,29946,38718,38407,45302,30505,38864,35055,48048,9115,18068,562848,332089,80071,46255,151335,63983,14762,311,303
2021-06-10T23:59:59+02:00,148,136,22801,24226,56661,59505,56201,58829,59388,67620,74551,79493,50161,62346,41228,56707,10234,20403,4,6,8484,9037,22579,26774,25080,29140,28818,37777,37015,44133,30145,38382,34774,47615,9048,17992,557242,325152,77860,45545,151095,61674,14132,311,300
2021-06-09T23:59:59+02:00,129,120,22164,23617,55399,58394,55117,57915,58435,66710,74089,79101,50074,62245,41176,56645,10220,20372,4,5,8183,8774,21645,25909,24149,28260,27784,36822,35294,42339,29750,37876,34588,47345,9007,17901,551407,317695,76397,44811,150744,59766,13066,310,297
2021-06-08T23:59:59+02:00,108,102,21474,22885,54089,57261,54003,56932,57472,65850,73541,78668,49984,62117,41121,56554,10202,20342,3,4,7916,8522,20752,25020,23099,27393,26742,35858,33929,41029,29391,37370,34267,46885,8956,17817,544687,311371,75459,44039,150304,57300,11947,309,296
2021-06-07T23:59:59+02:00,92,85,20813,22239,52644,56001,52742,55953,56315,64865,72987,78260,49897,62008,41075,56490,10189,20315,2,3,7657,8292,19913,24204,22079,26584,25708,34986,32995,40242,29108,36972,34018,46457,8905,17725,537361,306739,74556,43215,149896,54750,10850,308,296
2021-06-06T23:59:59+02:00,85,80,20298,21701,51494,54890,51629,54969,55352,63912,72473,77853,49805,61929,41039,56427,10181,20299,2,3,7439,8095,19133,23313,21179,25714,24637,34000,32078,39421,28818,36629,33764,46067,8854,17651,530998,302176,73526,42472,149560,51830,10026,307,293
2021-06-05T23:59:59+02:00,79,72,20020,21382,50705,54131,50975,54468,54879,63438,72341,77740,49794,61915,41034,56424,10178,20299,2,3,7207,7683,18493,22250,20454,24602,23758,32743,31040,38103,28483,36161,33639,45892,8847,17632,526611,295883,73520,42435,149495,48441,9942,307,291
2021-06-04T23:59:59+02:00,69,66,19556,20787,49635,53103,50149,53596,54219,62648,71999,77415,49765,61876,41014,56409,10176,20294,2,2,6979,7360,17865,21396,19756,23600,22815,31458,29816,36763,28193,35790,33525,45716,8835,17611,520075,289379,73189,42366,149480,45720,9727,306,290
2021-06-03T23:59:59+02:00,59,55,18863,20079,48112,51797,48928,52455,53236,61613,71494,76956,49696,61773,40977,56362,10163,20269,2,2,6685,6959,17130,20345,18948,22448,21799,30020,28646,35271,27647,35005,33321,45389,8798,17535,512244,282599,72175,41611,149207,42496,8958,304,286
2021-06-02T23:59:59+02:00,54,51,18478,19554,47084,50800,48042,51689,52476,60848,71239,76741,49656,61736,40960,56332,10155,20254,1,2,6492,6723,16488,19648,18020,21679,20945,29068,27550,33860,27181,34393,33159,45137,8769,17465,505916,276284,72153,41597,149187,39828,8594,300,277
2021-06-01T23:59:59+02:00,44,46,17786,18806,45221,49055,46383,50224,50958,59379,70559,76141,49562,61622,40901,56259,10143,20206,1,1,6209,6401,15332,18745,16506,20708,19725,27805,26325,32454,26619,33691,32908,44785,8723,17363,496769,269752,70785,41022,148643,36452,6804,295,271
2021-05-31T23:59:59+02:00,43,42,17295,18307,43911,47911,45163,49108,49715,58252,69875,75629,49478,61516,40854,56192,10131,20168,1,1,5928,6064,14290,17908,15097,19785,18548,26685,25090,31107,26096,32971,32712,44486,8689,17262,490504,263440,69614,40477,148176,33535,5003,294,265
2021-05-30T23:59:59+02:00,38,41,16962,17910,42941,46966,44254,48205,48702,57251,69324,75084,49371,61360,40781,56076,10115,20125,1,1,5734,5816,13740,17196,14464,19083,17639,25708,23984,29932,25322,32015,32412,44066,8644,17173,484546,257438,68583,39676,147767,31242,4319,292,255
2021-05-29T23:59:59+02:00,38,40,16825,17783,42576,46646,43906,47940,48457,57059,69265,75031,49365,61354,40774,56072,10115,20124,1,1,5568,5568,13231,16394,13823,18235,16792,24539,22864,28629,25160,31776,32346,43971,8641,17166,482553,251828,68459,39675,147762,28648,4306,291,248
2021-05-28T23:59:59+02:00,37,38,16521,17470,41864,46017,43389,47373,47945,56527,68987,74735,49298,61270,40748,56023,10112,20119,1,1,5323,5182,12692,15472,13141,17371,15925,23298,21755,27185,24905,31406,32251,43838,8631,17150,478225,245735,67954,39573,147739,25711,4266,290,242
2021-05-27T23:59:59+02:00,34,35,15988,16913,40707,45027,42379,46475,46960,55632,68402,74292,49176,61108,40694,55951,10101,20080,1,1,5077,4832,12043,14648,12352,16436,14851,22099,20491,25671,24397,30666,32079,43577,8596,17067,472315,238345,66441,38764,147018,23645,3895,286,235
2021-05-26T23:59:59+02:00,32,34,15571,16468,39604,44096,41339,45602,45930,54751,67794,73775,49021,60924,40610,55785,10078,20032,1,1,4883,4627,11488,13886,11632,15587,13837,20966,19087,24069,23808,29876,31861,43232,8542,16965,467127,231054,64417,37894,146028,21576,3590,285,234
2021-05-25T23:59:59+02:00,32,33,15163,16048,38597,43199,40370,44752,44976,53826,67170,73244,48836,60682,40531,55650,10052,19979,1,1,4660,4420,10946,13236,10860,14814,12762,19724,17654,22564,23218,29095,31623,42905,8485,16870,461759,223656,62839,36951,144917,19660,3341,285,230
2021-05-24T23:59:59+02:00,32,31,14815,15711,37759,42457,39503,44073,44114,53035,66635,72760,48710,60501,40466,55526,10032,19934,1,1,4510,4290,10504,12767,10223,14233,11871,18889,16357,21297,22537,28258,31405,42574,8426,16780,457110,216716,61596,36009,144174,19041,2930,285,227
2021-05-23T23:59:59+02:00,29,31,14646,15527,37295,42080,39050,43670,43661,52627,66364,72531,48624,60407,40427,55479,10025,19910,1,1,4321,4147,10036,12290,9600,13621,10921,18064,15156,20231,22062,27679,31152,42281,8375,16694,453895,209683,61214,35925,144151,17965,2838,285,221
2021-05-22T23:59:59+02:00,27,29,14449,15309,36602,41513,38368,43211,43082,52212,65344,71513,48416,60148,40355,55365,10015,19890,1,1,4209,3851,9819,11874,9447,13298,10679,17618,14885,19831,21969,27562,31118,42239,8368,16685,447411,208452,61210,35922,144136,16053,2806,285,221
2021-05-21T23:59:59+02:00,26,28,14060,14893,35527,40599,37303,42284,42008,51301,63986,70217,48183,59809,40274,55215,9998,19857,1,1,4093,3749,9609,11603,9230,13027,10341,17286,14467,19458,21747,27275,31055,42147,8359,16677,437754,206463,60851,35616,143896,15045,2785,282,216
2021-05-20T23:59:59+02:00,23,28,13243,14147,34085,39149,35881,40885,40595,50093,62688,69065,47889,59467,40127,55034,9977,19807,1,1,3932,3570,9079,10992,8580,12312,9637,16440,13712,18491,20925,26154,30860,41848,8320,16590,427486,202073,59148,34766,142876,11996,2394,279,215
2021-05-19T23:59:59+02:00,23,27,12702,13566,32910,37741,34783,39510,39462,49129,60678,67293,47408,58909,39939,54769,9934,19701,1,1,3824,3427,8800,10615,8282,11941,9196,15931,13072,17825,20056,25026,30633,41542,8263,16475,416618,197809,57634,33953,141764,10748,2191,277,209
2021-05-18T23:59:59+02:00,21,27,12270,13102,31875,36727,33699,38602,38421,48193,58613,65427,47053,58461,39784,54528,9902,19642,1,1,3616,3259,8298,10018,7813,11402,8646,15258,12386,17056,19114,23790,30396,41200,8225,16370,407922,193696,55680,33107,140577,7943,1894,274,209
2021-05-17T23:59:59+02:00,19,26,12013,12811,31354,36167,33203,38041,37824,47556,56716,63716,46345,57636,39505,54129,9863,19569,1,1,3528,3146,8029,9739,7513,11103,8244,14843,11808,16443,18189,22654,30160,40880,8188,16295,400307,189293,54547,32363,139767,7309,1600,272,199
2021-05-16T23:59:59+02:00,19,26,11792,12557,30822,35660,32744,37548,37302,46980,54818,61879,45792,56940,39311,53813,9835,19513,1,1,3430,3043,7739,9441,7194,10760,7772,14376,11219,15856,17259,21501,29951,40589,8150,16226,393318,184993,53578,31512,139094,6715,1091,270,197
2021-05-15T23:59:59+02:00,19,26,11631,12347,30541,35326,32503,37228,37069,46714,53246,60398,45539,56635,39234,53674,9829,19485,1,1,3406,3023,7711,9408,7178,10738,7752,14361,11198,15830,17145,21283,29739,40279,8141,16215,387480,183972,53574,31508,139047,6659,1074,269,196
2021-05-14T23:59:59+02:00,19,26,11377,12048,30063,34810,32116,36765,36545,46233,51363,58554,45176,56132,39093,53467,9812,19445,1,1,3375,2996,7638,9333,7114,10661,7682,14298,11012,15626,16404,20209,29452,39787,8124,16175,379603,180990,53241,31166,138910,6515,1022,268,195
2021-05-13T23:59:59+02:00,17,25,11082,11701,29411,34153,31503,36158,35857,45551,49882,57032,44743,55507,38922,53220,9785,19398,1,1,3293,2943,7506,9222,7019,10562,7575,14185,10672,15280,15347,18961,29068,39147,8081,16100,372408,177156,52223,30598,138154,6123,895,267,191
2021-05-12T23:59:59+02:00,16,23,10946,11548,29113,33825,31231,35860,35532,45230,49596,56717,44648,55394,38870,53143,9778,19360,1,0,3278,2917,7470,9184,6982,10521,7542,14141,10496,15120,14963,18521,28760,38659,8059,16053,369666,175047,52133,30584,137996,6075,771,264,190
2021-05-11T23:59:59+02:00,15,20,10579,11211,28252,33004,30408,35101,34664,44442,47857,54939,44187,54794,38696,52856,9740,19257,1,0,3184,2816,7223,8906,6748,10217,7322,13773,10014,14566,13968,17367,28341,38038,8021,15959,362701,171320,50426,29683,136091,4730,542,262,189
2021-05-10T23:59:59+02:00,14,20,10266,10917,27506,32298,29627,34405,33892,43671,46551,53661,43800,54285,38510,52555,9691,19143,1,0,3140,2766,7091,8784,6648,10097,7175,13593,9744,14261,13260,16496,27912,37422,7996,15878,356426,168467,49305,29296,134396,3888,428,257,185
2021-05-09T23:59:59+02:00,13,20,10020,10661,26813,31607,28965,33710,33167,42973,45011,52177,43302,53658,38311,52251,9654,19057,1,0,3092,2718,6962,8645,6544,9958,7059,13378,9431,13945,12457,15594,27545,36879,7976,15822,349296,165586,48236,28743,133244,3151,343,251,183
2021-05-08T23:59:59+02:00,13,20,9927,10588,26428,31302,28511,33392,32695,42663,43958,51351,43148,53493,38272,52191,9651,19051,1,0,3085,2713,6952,8638,6538,9949,7050,13365,9421,13932,12420,15531,26864,35927,7939,15746,344715,163706,48197,28715,133154,3130,337,251,183
2021-05-07T23:59:59+02:00,13,20,9776,10440,25952,30912,28052,33010,32187,42306,42911,50521,42878,53147,38162,52034,9639,19025,1,0,3014,2680,6886,8589,6475,9889,6997,13310,9246,13707,11785,14719,25913,34531,7891,15664,339539,159550,47886,28343,132995,2904,317,248,183
2021-05-06T23:59:59+02:00,11,19,9361,10144,25032,30141,26986,32202,30955,41473,41289,49307,42489,52593,37967,51792,9601,18951,1,0,2938,2630,6752,8445,6355,9760,6842,13119,8971,13397,11128,13849,24944,33144,7856,15602,331639,155721,46810,27378,131322,2153,300,242,181
2021-05-05T23:59:59+02:00,11,18,8974,9940,24147,29535,26133,31545,29865,40682,39308,47489,42039,52044,37757,51507,9545,18838,1,0,2890,2596,6630,8311,6253,9643,6737,12973,8722,13134,10412,13011,23926,31817,7827,15530,323760,151784,45955,26487,129203,1748,218,241,176
2021-05-04T23:59:59+02:00,11,17,8726,9698,23363,28887,25158,30804,28792,39840,37777,46016,41565,51455,37478,51161,9494,18715,1,0,2846,2572,6554,8241,6163,9567,6654,12885,8480,12906,9665,12138,22977,30570,7793,15467,317058,147971,44982,25681,126564,1539,116,237,172
2021-05-03T23:59:59+02:00,11,16,8511,9484,22667,28307,24331,30198,27884,39139,36809,45264,41214,50983,37263,50868,9442,18613,1,0,2797,2534,6479,8157,6082,9494,6564,12799,8252,12686,8903,11231,22057,29350,7762,15416,312173,144177,44208,24855,124316,1289,78,229,165
2021-05-02T23:59:59+02:00,11,16,8341,9320,22026,27728,23595,29606,27063,38515,35990,44623,40954,50652,37151,50681,9407,18556,1,0,2758,2509,6435,8116,6043,9457,6523,12757,8069,12512,8301,10487,21344,28479,7741,15397,307332,140967,43441,24580,123174,1154,68,220,160
2021-05-01T23:59:59+02:00,10,16,8184,9133,21649,27277,23115,29037,26420,37796,35160,43730,40687,50275,37052,50528,9401,18539,1,0,2752,2502,6408,8105,6025,9446,6506,12744,8053,12495,8263,10422,21306,28421,7737,15393,301215,140669,43439,24572,123068,1112,67,220,159
2021-04-30T23:59:59+02:00,10,15,8031,8948,21256,26850,22666,28465,25666,37010,34140,42758,40453,49950,36954,50374,9389,18515,1,0,2724,2488,6382,8085,6003,9426,6476,12722,8017,12461,8222,10353,21256,28338,7734,15383,294858,140347,43432,24495,122882,1013,60,218,156
2021-04-29T23:59:59+02:00,9,15,7742,8704,20656,26269,21995,27781,24733,36043,32861,41413,39407,48548,36637,49903,9331,18387,1,0,2686,2450,6290,7975,5915,9323,6380,12581,7811,12185,7593,9622,20847,27820,7710,15310,286070,138265,42645,23260,121447,760,60,212,154
2021-04-28T23:59:59+02:00,8,14,7455,8484,20136,25805,21355,27184,23852,35193,31457,39960,38243,46959,36293,49410,9268,18246,1,0,2611,2400,6171,7852,5804,9188,6275,12423,7582,11905,6889,8766,20428,27237,7670,15239,277382,135751,41867,21955,119807,529,59,207,147
2021-04-27T23:59:59+02:00,7,14,7262,8300,19710,25372,20730,26645,22996,34410,30235,38624,37149,45510,35911,48840,9198,18120,1,0,2584,2376,6068,7750,5750,9091,6206,12298,7365,11707,6283,8027,20027,26737,7650,15216,269522,133654,40997,21006,118252,279,59,203,138
2021-04-26T23:59:59+02:00,6,14,7078,8132,19291,24945,20180,26120,22182,33649,29017,37383,36089,44085,35602,48352,9147,17993,1,0,2569,2365,6022,7707,5704,9050,6167,12253,7177,11543,5670,7288,19651,26293,7627,15188,261796,131679,40174,20160,117047,247,54,194,135
2021-04-25T23:59:59+02:00,6,13,6969,7996,18955,24676,19799,25779,21566,33023,28021,36417,34948,42653,35282,47921,9105,17911,1,0,2554,2356,6003,7679,5684,9031,6146,12226,7136,11516,5540,7103,19314,25828,7611,15144,254556,131037,39457,19413,116782,235,53,192,134
2021-04-24T23:59:59+02:00,6,13,6801,7815,18514,24252,19244,25240,20779,32221,26931,35363,34696,42336,35189,47756,9095,17899,1,0,2550,2349,5991,7668,5671,9018,6141,12222,7125,11509,5465,6988,19219,25686,7608,15136,248575,130571,39452,19372,115878,218,53,192,133
2021-04-23T23:59:59+02:00,6,13,6567,7613,18061,23771,18673,24622,19943,31401,25762,34158,33913,41163,35045,47523,9081,17876,1,0,2544,2329,5963,7647,5631,8978,6093,12177,7077,11457,5302,6709,18679,25054,7508,14965,240939,128710,39121,19025,114889,196,51,191,132
2021-04-22T23:59:59+02:00,5,12,6349,7401,17453,23182,17877,23839,18890,30372,24432,32718,32870,39807,34799,47165,9041,17797,1,0,2528,2311,5916,7593,5580,8892,6014,12097,6999,11385,5015,6285,17962,24178,7387,14769,231865,126521,38192,18051,113713,161,51,188,128
2021-04-21T23:59:59+02:00,5,11,6144,7216,16924,22710,17213,23233,17901,29468,22876,31119,31861,38568,34503,46722,8993,17708,1,0,2504,2294,5871,7533,5518,8816,5945,11994,6903,11304,4853,6010,17262,23325,7271,14585,222943,124413,37418,17273,112577,127,51,186,125
2021-04-20T23:59:59+02:00,4,10,5954,7020,16359,22237,16462,22580,16898,28466,21400,29646,30707,37070,34185,46276,8939,17609,1,0,2491,2279,5820,7492,5472,8770,5895,11925,6824,11240,4735,5852,16658,22549,7144,14404,213890,122713,36528,16551,111171,118,50,183,119
2021-04-19T23:59:59+02:00,4,10,5767,6855,15829,21814,15784,22027,15896,27589,20002,28238,29316,35420,33866,45791,8879,17491,1,0,2480,2262,5796,7458,5435,8737,5856,11880,6743,11161,4606,5692,16011,21830,7036,14242,205140,121059,35745,15884,109464,115,50,179,118
2021-04-18T23:59:59+02:00,3,10,5577,6710,15398,21488,15164,21465,14919,26793,18666,27102,27923,33769,33530,45366,8817,17402,1,0,2430,2216,5665,7331,5318,8623,5749,11725,6636,11043,4486,5507,15421,21164,6920,14061,196572,119402,34912,14618,108392,111,50,176,115
2021-04-17T23:59:59+02:00,3,9,5539,6673,15241,21410,14989,21379,14683,26615,18412,26879,27417,33222,33405,45218,8808,17387,1,0,2403,2177,5566,7177,5214,8467,5649,11539,6550,10912,4433,5445,15175,20869,6910,14047,195345,117652,34905,14614,106813,103,50,176,115
2021-04-16T23:59:59+02:00,3,9,5473,6618,15057,21254,14774,21215,14394,26366,17994,26461,26370,31992,33269,45010,8787,17364,1,0,2359,2126,5449,6986,5071,8284,5500,11297,6348,10688,4230,5209,14525,20074,6813,13902,191963,114393,34616,14212,105606,95,50,175,112
2021-04-15T23:59:59+02:00,3,8,5397,6537,14840,21041,14506,20930,13953,26012,17350,25824,24997,30372,33009,44685,8753,17282,1,0,2286,2042,5252,6750,4872,7966,5293,10975,6134,10401,4028,4957,13690,18994,6699,13735,187355,110562,33801,13268,104120,86,50,173,109
2021-04-14T23:59:59+02:00,3,8,5315,6466,14631,20838,14250,20704,13568,25677,16682,25199,23408,28578,32694,44285,8698,17188,1,0,2092,1918,5032,6488,4687,7716,5066,10725,5899,10112,3893,4750,12957,18073,6570,13520,182723,107446,32929,11813,102321,81,50,169,109
2021-04-13T23:59:59+02:00,3,8,5257,6413,14422,20705,14001,20514,13219,25374,16104,24688,21682,26712,32374,43868,8667,17080,1,0,2003,1863,4863,6298,4501,7492,4866,10470,5688,9871,3745,4579,12436,17457,6444,13357,178417,105012,32047,10696,100412,69,49,166,108
2021-04-12T23:59:59+02:00,3,7,5193,6342,14203,20509,13695,20250,12829,24956,15516,24135,20072,24767,32084,43504,8625,17005,1,0,1875,1769,4681,6140,4350,7315,4701,10275,5551,9712,3623,4422,12002,16943,6332,13196,174020,103311,30987,9356,98476,67,49,163,105
2021-04-11T23:59:59+02:00,3,7,5121,6263,13983,20312,13397,20037,12410,24601,14945,23620,18561,22981,31823,43160,8580,16923,1,0,1836,1729,4560,6027,4238,7190,4578,10143,5414,9582,3506,4299,11508,16333,6199,12985,169704,101540,30025,8375,96792,65,47,159,101
2021-04-10T23:59:59+02:00,3,7,5116,6254,13962,20295,13386,20024,12392,24582,14919,23597,17867,22056,31532,42740,8562,16895,1,0,1831,1715,4544,6016,4222,7175,4564,10129,5361,9514,3401,4183,10952,15500,6068,12787,168613,99382,29997,8375,95377,63,43,159,100
2021-04-09T23:59:59+02:00,3,7,5102,6234,13921,20243,13334,19965,12339,24521,14650,23341,16347,20161,31126,42092,8528,16853,1,0,1804,1694,4519,6000,4195,7147,4520,10090,5323,9466,3314,4062,10082,14513,5919,12588,165951,96913,29656,8124,92963,61,41,156,98
2021-04-08T23:59:59+02:00,3,7,5055,6203,13818,20167,13252,19885,12233,24416,14308,22977,14569,17939,30506,41088,8465,16730,1,0,1778,1680,4488,5947,4144,7060,4455,10008,5248,9389,3206,3957,9605,13905,5713,12343,162087,95049,28623,7688,90725,60,34,152,96
2021-04-07T23:59:59+02:00,3,7,5018,6171,13707,20079,13154,19789,12123,24305,13915,22607,13030,16078,29856,40104,8411,16629,1,0,1758,1665,4435,5877,4056,6985,4364,9924,5160,9288,3115,3864,8841,12804,5473,11936,157562,92454,27741,6913,89503,52,32,148,95
2021-04-06T23:59:59+02:00,3,7,4986,6147,13606,20011,13070,19732,12044,24241,13538,22254,11392,14068,29196,39136,8380,16558,1,0,1693,1610,4304,5747,3945,6860,4244,9773,5054,9156,2999,3743,8132,11870,5198,11570,153546,90058,26859,5666,87792,50,30,142,95
2021-04-05T23:59:59+02:00,3,6,4947,6117,13532,19943,12997,19660,11987,24162,13260,22001,9775,12116,28468,38083,8345,16495,1,0,1622,1542,4151,5593,3776,6703,4092,9621,4898,9025,2866,3625,7314,10900,4928,11178,150322,87668,25842,4000,85570,47,26,137,94
2021-04-04T23:59:59+02:00,3,6,4928,6099,13522,19917,12987,19641,11980,24141,13157,21925,8748,10853,28019,37442,8320,16438,1,0,1619,1539,4143,5585,3775,6697,4086,9618,4896,9015,2860,3616,7074,10429,4845,11052,148573,86696,25837,3999,83558,41,24,134,90
2021-04-03T23:59:59+02:00,3,6,4925,6089,13504,19897,12973,19628,11970,24130,13142,21905,7839,9785,27138,36200,8270,16326,1,0,1615,1535,4141,5580,3774,6694,4077,9606,4882,9001,2853,3602,6931,10161,4806,10970,146089,86077,25829,3999,81656,40,23,133,90
2021-04-02T23:59:59+02:00,3,6,4919,6069,13469,19870,12933,19583,11923,24080,13067,21839,7328,9035,25548,34099,8126,16056,1,0,1604,1518,4114,5555,3749,6654,4042,9546,4761,8716,2724,3445,6555,9761,4657,10763,141630,84244,25486,3771,80684,40,21,132,89
2021-04-01T23:59:59+02:00,2,6,4869,6007,13370,19728,12814,19433,11777,23924,12466,21393,6764,8320,24036,32128,7999,15816,1,0,1540,1470,4001,5433,3683,6581,3974,9479,4680,8611,2627,3303,6038,9079,4479,10483,137420,81962,24345,3359,78938,36,20,129,85
2021-03-31T23:59:59+02:00,2,6,4816,5948,13246,19571,12679,19275,11586,23745,12203,21132,6439,7945,22555,30169,7845,15586,1,0,1527,1459,3977,5409,3651,6552,3936,9432,4639,8553,2560,3226,5549,8429,4300,10244,133466,80165,23249,3141,77887,36,17,129,85
2021-03-30T23:59:59+02:00,2,6,4750,5880,13109,19421,12564,19094,11456,23580,12034,20994,6249,7730,21164,28437,7699,15381,1,0,1510,1422,3936,5374,3586,6480,3845,9317,4506,8384,2419,3019,5124,7870,4156,9985,130092,77919,22320,2897,77000,24,12,126,82
2021-03-29T23:59:59+02:00,2,6,4709,5836,12988,19325,12495,19010,11375,23471,11881,20859,6088,7530,19734,26754,7572,15178,1,0,1451,1381,3881,5326,3511,6408,3724,9173,4351,8192,2295,2879,4556,7196,3999,9708,126480,75240,21452,2679,76746,23,11,124,79
2021-03-28T23:59:59+02:00,2,6,4662,5767,12865,19183,12408,18916,11272,23369,11767,20753,5936,7322,18551,25247,7453,14981,1,0,1418,1338,3784,5218,3317,6180,3635,9055,4298,8135,2240,2813,3798,6177,3813,9437,123461,72175,20656,2381,76211,16,11,121,74
2021-03-27T23:59:59+01:00,2,6,4629,5717,12755,19019,12293,18754,11155,23165,11660,20606,5867,7234,18260,24900,7442,14963,1,0,1410,1335,3779,5214,3313,6173,3353,8705,4099,7837,2234,2810,3785,6142,3776,9371,121625,70861,20616,2381,76055,12,11,120,72
2021-03-26T23:59:59+01:00,2,5,4590,5661,12640,18826,12156,18552,11004,22935,11497,20392,5701,7017,17649,24104,7343,14812,1,0,1408,1333,3774,5207,3289,6155,3333,8685,3882,7387,2054,2402,3520,5854,3623,9131,118512,68572,20276,2374,75971,10,10,117,72
2021-03-25T23:59:59+01:00,2,5,4514,5568,12442,18584,11954,18227,10793,22606,11254,20064,5485,6729,16616,22797,7216,14621,1,0,1399,1321,3755,5180,3255,6128,3280,8647,3832,7343,1980,2289,3083,5171,3461,8821,114535,66586,19198,2273,75619,7,10,115,70
2021-03-24T23:59:59+01:00,2,5,4430,5452,12219,18130,11736,17810,10569,22209,11020,19691,5213,6380,15572,21579,7074,14393,1,0,1376,1307,3730,5135,3219,6064,3226,8575,3780,7269,1925,2231,2774,4836,3307,8546,111413,65187,18103,2031,73844,7,10,114,66
2021-03-23T23:59:59+01:00,2,5,4373,5380,12050,17791,11535,17455,10376,21841,10790,19398,5069,6178,14927,20759,6935,14218,1,0,1358,1299,3713,5116,3197,6047,3200,8523,3738,7226,1886,2171,2542,4558,3094,8218,109019,63818,17368,1989,72571,5,10,114,65
2021-03-22T23:59:59+01:00,2,5,4321,5300,11849,17457,11347,17131,10151,21515,10576,19094,4917,5966,14308,20043,6803,14035,1,0,1345,1289,3682,5083,3165,6010,3174,8466,3701,7181,1841,2116,2346,4302,2896,7880,107144,62552,16646,1848,70907,4,10,113,64
2021-03-21T23:59:59+01:00,2,5,4249,5174,11568,17041,11062,16729,9881,21059,10318,18736,4803,5791,13611,19252,6659,13826,1,0,1336,1288,3665,5067,3143,5976,3151,8439,3682,7157,1820,2084,2177,4139,2725,7608,105249,61543,15348,1843,69050,4,7,112,61
2021-03-20T23:59:59+01:00,2,5,4220,5104,11426,16710,10938,16417,9740,20765,10142,18454,4674,5629,12982,18305,6518,13610,1,0,1335,1287,3664,5065,3139,5975,3148,8434,3676,7151,1815,2079,2145,4076,2699,7565,103049,61339,15343,1843,67131,4,7,111,61
2021-03-19T23:59:59+01:00,2,4,4174,5022,11256,16344,10752,16065,9564,20385,9921,18094,4515,5433,11954,17097,6356,13399,1,0,1327,1280,3647,5036,3109,5897,3103,8339,3570,6974,1688,1967,2069,4010,2589,7355,100337,60050,14932,1839,64953,4,7,108,61
2021-03-18T23:59:59+01:00,2,4,4086,4916,11005,15917,10488,15618,9282,19918,9698,17750,4369,5267,11325,16226,6125,13134,1,0,1323,1269,3629,5002,3089,5853,3081,8283,3543,6925,1667,1934,2033,3940,2462,7145,98530,59364,13924,1746,62564,4,7,105,58
2021-03-17T23:59:59+01:00,2,4,3907,4798,10705,15505,10230,15259,9038,19555,9443,17399,4248,5100,10509,14982,5861,12709,1,0,1322,1266,3615,4983,3081,5833,3071,8249,3524,6902,1663,1909,2009,3909,2351,6959,95863,58853,12375,1730,60906,4,5,105,55
2021-03-16T23:59:59+01:00,2,4,3762,4672,10370,15041,9961,14888,8762,19108,9144,17032,4107,4932,9688,13858,5581,12352,1,0,1308,1263,3611,4976,3071,5828,3065,8235,3515,6887,1634,1883,1969,3856,2230,6777,93533,58394,11181,1652,58443,4,4,103,55
2021-03-15T23:59:59+01:00,2,4,3615,4551,10058,14585,9669,14432,8461,18635,8854,16622,3958,4762,8970,12789,5354,12026,1,0,1298,1255,3589,4965,3059,5804,3043,8196,3495,6844,1617,1867,1950,3824,2113,6589,91553,57800,9819,1649,55874,4,3,98,53
2021-03-14T23:59:59+01:00,2,4,3543,4456,9803,14156,9419,14035,8140,18142,8572,16230,3795,4574,8160,11550,5042,11560,1,0,1284,1248,3568,4947,3038,5762,3021,8117,3466,6776,1590,1812,1889,3696,1945,6191,89218,57268,8795,1026,53074,4,1,95,52
2021-03-13T23:59:59+01:00,2,4,3460,4201,9490,13487,9169,13452,7908,17553,8362,15789,3683,4466,7965,11254,4991,11468,1,0,1284,1248,3568,4947,3036,5761,3020,8116,3463,6773,1587,1810,1887,3692,1944,6190,88542,57247,8794,1026,49272,4,1,95,49
2021-03-12T23:59:59+01:00,2,4,3394,4050,9241,12959,8932,12925,7672,16919,8002,15034,3519,4295,7573,10843,4850,11277,1,0,1280,1244,3563,4933,3033,5757,3013,8108,3459,6766,1560,1781,1865,3674,1844,6010,86737,56815,8543,1023,46117,4,1,93,48
2021-03-11T23:59:59+01:00,2,4,3234,3778,8858,12200,8626,12252,7339,16131,7655,14383,3357,4091,7010,10120,4653,10969,1,0,1262,1233,3529,4889,2988,5678,2978,7985,3407,6667,1512,1725,1782,3468,1640,5478,84263,56052,8089,125,42220,3,1,89,41
2021-03-10T23:59:59+01:00,2,4,3165,3670,8367,11694,7947,11774,7019,15636,7354,13787,3195,3928,6441,9422,4475,10691,1,0,1251,1219,3499,4832,2955,5600,2942,7847,3352,6544,1469,1680,1720,3368,1518,5190,82402,54845,7534,102,38548,0,1,86,39
2021-03-09T23:59:59+01:00,2,3,3056,3490,7693,11250,7070,11299,6599,15025,6990,13183,2957,3624,5928,8781,4317,10408,1,0,1246,1216,3476,4786,2928,5535,2925,7795,3333,6498,1455,1655,1685,3325,1407,4984,80082,54146,6165,67,35342,0,1,85,36
2021-03-08T23:59:59+01:00,2,3,2883,3250,7062,10709,6264,10818,6200,14504,6591,12615,2742,3412,5321,8042,4167,10136,1,0,1240,1209,3454,4722,2903,5459,2886,7700,3301,6423,1448,1646,1682,3315,1402,4981,77252,53670,5013,65,32373,0,1,82,36
2021-03-07T23:59:59+01:00,2,3,2770,3115,6731,10211,5857,10274,5903,14056,6344,12224,2641,3317,4558,6980,3950,9853,1,0,1236,1206,3450,4717,2898,5446,2882,7683,3293,6409,1442,1632,1659,3274,1385,4937,73988,53452,4178,62,30546,0,1,76,35
2021-03-06T23:59:59+01:00,2,3,2724,2970,6548,9763,5661,9857,5429,13195,5967,11486,2619,3288,4552,6969,3947,9850,1,0,1236,1205,3446,4711,2896,5445,2881,7682,3292,6406,1441,1629,1659,3272,1384,4937,72758,53426,4178,62,27818,0,1,75,34
2021-03-05T23:59:59+01:00,2,3,2622,2709,6335,9186,5446,9463,5251,12628,5585,10502,2390,2820,4171,6586,3808,9629,1,0,1222,1202,3430,4696,2890,5432,2871,7664,3280,6387,1427,1621,1658,3268,1380,4933,70413,53267,3942,62,24705,0,1,75,32
2021-03-04T23:59:59+01:00,2,3,2540,2497,6123,8756,5289,9124,5068,12203,5406,10123,2294,2650,3611,5760,3637,9282,1,0,1210,1186,3385,4598,2858,5364,2839,7567,3249,6311,1406,1611,1644,3254,1370,4922,68340,52688,3492,59,22461,0,1,74,27
2021-03-03T23:59:59+01:00,2,3,2481,2438,5953,8347,5119,8759,4852,11752,5218,9675,2211,2544,3202,5319,3475,8982,1,0,1189,1176,3350,4550,2820,5298,2797,7468,3201,6235,1386,1584,1624,3223,1364,4904,66897,52090,3247,55,20114,0,1,73,24
2021-03-02T23:59:59+01:00,2,3,2423,2343,5794,8013,4961,8505,4686,11351,5052,9355,2140,2453,2895,4957,3256,8657,1,0,1184,1165,3331,4528,2805,5271,2779,7419,3193,6207,1381,1574,1606,3203,1361,4899,65514,51829,2984,54,18276,0,0,72,24
2021-03-01T23:59:59+01:00,2,3,2396,2312,5685,7793,4862,8360,4600,11198,4950,9180,2082,2375,2595,4631,3065,8337,1,0,1178,1162,3316,4510,2793,5242,2762,7373,3177,6179,1375,1571,1599,3194,1358,4893,64237,51605,2759,54,17361,0,0,69,24
2021-02-28T23:59:59+01:00,2,3,2343,2266,5503,7531,4688,8137,4461,11012,4839,9049,2041,2309,2296,4327,2862,8021,1,0,1168,1156,3302,4500,2786,5235,2757,7359,3169,6165,1370,1568,1591,3174,1357,4860,63107,51442,2454,54,16060,0,0,69,22
2021-02-27T23:59:59+01:00,2,3,2253,1954,5330,7109,4588,7831,4378,10666,4765,8800,2012,2248,2265,4280,2840,7970,1,0,1164,1152,3301,4498,2780,5233,2753,7356,3164,6161,1369,1568,1589,3170,1356,4859,62864,51403,2454,51,13908,0,0,68,20
2021-02-26T23:59:59+01:00,2,3,2183,1872,5184,6877,4442,7572,4226,10400,4556,8514,1883,2139,2204,4239,2731,7787,1,0,1142,1139,3285,4464,2767,5193,2742,7304,3143,6107,1363,1557,1585,3162,1355,4857,61527,51097,2448,50,12773,0,0,66,19
2021-02-25T23:59:59+01:00,2,3,2048,1767,4858,6470,4015,7119,3942,9883,4323,8132,1824,2080,2173,4180,2614,7592,1,0,1123,1121,3245,4418,2737,5142,2696,7196,3103,6014,1351,1541,1568,3121,1341,4798,61045,50451,2340,48,9575,0,0,65,17
2021-02-24T23:59:59+01:00,2,3,2013,1701,4741,6256,3912,6907,3819,9639,4201,7973,1801,2046,2142,4137,2500,7391,1,0,1110,1115,3216,4354,2702,5078,2670,7111,3075,5944,1336,1523,1544,3071,1329,4729,60494,49856,2095,36,8530,0,0,65,16
2021-02-23T23:59:59+01:00,2,3,1782,1558,4367,5770,3629,6521,3597,9256,4045,7690,1768,2013,2096,4088,2386,7205,1,0,1091,1103,3180,4326,2674,5020,2645,7035,3039,5884,1316,1503,1517,3036,1319,4674,60020,49325,2048,22,5644,0,0,64,16
2021-02-22T23:59:59+01:00,2,3,1772,1539,4315,5711,3592,6460,3530,9160,3984,7595,1734,1986,2071,4037,2265,7006,1,0,1085,1089,3158,4282,2655,4981,2620,6976,3009,5830,1303,1487,1506,3025,1311,4665,59471,48954,1905,13,5323,0,0,63,16
2021-02-21T23:59:59+01:00,2,3,1759,1533,4283,5677,3548,6422,3490,9107,3940,7544,1722,1977,2066,4027,2141,6840,1,0,1077,1078,3136,4241,2625,4929,2605,6908,2980,5743,1290,1471,1482,2964,1282,4583,59115,48368,1899,11,5008,0,0,59,16
2021-02-20T23:59:59+01:00,2,3,1753,1532,4276,5674,3545,6419,3489,9105,3937,7543,1717,1974,2064,4023,2140,6840,1,0,1077,1078,3133,4239,2625,4929,2604,6907,2980,5743,1290,1470,1481,2964,1282,4583,59096,48359,1899,11,4984,0,0,57,16
2021-02-19T23:59:59+01:00,2,3,1722,1519,4262,5653,3533,6405,3478,9095,3928,7526,1690,1945,2043,4005,2039,6657,1,0,1076,1076,3131,4237,2624,4928,2604,6904,2977,5741,1290,1469,1481,2962,1282,4583,58671,48340,1893,11,4886,0,0,55,15
2021-02-18T23:59:59+01:00,2,3,1667,1486,4166,5540,3461,6301,3390,8930,3840,7383,1666,1908,2010,3932,1907,6457,1,0,1026,1034,2992,4018,2497,4659,2493,6566,2869,5476,1256,1425,1449,2875,1253,4428,58011,46294,1802,9,4185,0,0,51,14
2021-02-17T23:59:59+01:00,2,2,1644,1456,4072,5392,3376,6148,3272,8695,3711,7180,1610,1835,1932,3825,1781,6140,0,0,968,985,2842,3795,2381,4349,2368,6157,2740,5164,1205,1362,1401,2763,1203,4250,56760,43911,1790,8,3474,0,0,49,14
2021-02-16T23:59:59+01:00,2,2,1566,1387,3910,5203,3241,5967,3164,8462,3588,7017,1586,1809,1898,3796,1662,5931,0,0,880,955,2709,3641,2284,4139,2243,5836,2611,4913,1147,1267,1253,2458,936,3616,56068,40873,1774,5,2304,0,0,45,10
2021-02-15T23:59:59+01:00,2,2,1547,1367,3861,5119,3181,5882,3107,8348,3522,6911,1572,1793,1883,3773,1653,5908,0,0,844,932,2629,3511,2210,3960,2163,5558,2523,4702,1101,1201,1160,2277,865,3386,55596,39013,1770,3,2021,0,0,44,6
2021-02-14T23:59:59+01:00,2,2,1479,1337,3779,5045,3137,5777,3052,8195,3478,6802,1552,1761,1829,3642,1594,5650,0,0,835,926,2576,3441,2169,3893,2109,5438,2457,4596,1073,1163,1070,2100,790,3137,55354,37766,1140,2,1575,0,0,44,5
2021-02-13T23:59:59+01:00,2,2,1475,1336,3770,5039,3130,5776,3048,8193,3475,6800,1551,1757,1829,3640,1592,5650,0,0,835,926,2576,3441,2169,3892,2107,5436,2456,4596,1070,1162,1070,2100,790,3137,55331,37760,1139,0,1551,0,0,44,3
2021-02-12T23:59:59+01:00,2,1,1435,1317,3733,5005,3107,5756,3026,8160,3456,6756,1535,1747,1819,3623,1584,5629,0,0,827,919,2542,3388,2135,3846,2077,5383,2439,4565,1069,1160,1069,2098,789,3135,55106,37439,1136,0,1406,0,0,43,2
2021-02-11T23:59:59+01:00,2,1,1382,1268,3616,4836,3016,5582,2928,7851,3357,6543,1475,1686,1750,3439,1492,5284,0,0,788,853,2289,2945,1907,3373,1846,4635,2166,4034,979,1088,972,1900,730,2852,54466,33357,146,0,857,0,0,39,0
2021-02-10T23:59:59+01:00,2,1,1356,1245,3553,4731,2951,5477,2885,7701,3304,6410,1456,1668,1722,3401,1478,5245,0,0,705,793,1997,2536,1696,2930,1611,4026,1907,3575,867,940,802,1520,586,2327,53815,28818,144,0,591,0,0,36,0
2021-02-09T23:59:59+01:00,2,1,1344,1226,3497,4660,2922,5408,2864,7609,3267,6341,1448,1652,1694,3378,1468,5232,0,0,655,711,1734,2190,1504,2544,1426,3527,1736,3215,835,907,777,1441,564,2211,53504,25977,139,0,334,0,0,36,0
2021-02-08T23:59:59+01:00,2,1,1330,1222,3468,4630,2902,5370,2842,7558,3247,6312,1436,1645,1684,3352,1466,5213,0,0,640,674,1584,1956,1363,2286,1294,3219,1579,2952,795,886,728,1333,531,2037,53200,23857,114,0,331,0,0,35,0
2021-02-07T23:59:59+01:00,2,1,1197,1179,3365,4576,2848,5327,2815,7520,3221,6274,1426,1627,1675,3329,1459,5181,0,0,495,527,1313,1601,1122,1836,1082,2629,1351,2428,691,757,646,1172,484,1808,52905,19942,86,0,0,0,0,31,0
2021-02-06T23:59:59+01:00,2,1,1193,1177,3363,4574,2844,5325,2808,7517,3217,6271,1425,1625,1674,3325,1458,5180,0,0,372,375,1114,1352,985,1532,941,2220,1185,2011,603,658,618,1154,481,1805,52862,17406,86,0,0,0,0,31,0
2021-02-05T23:59:59+01:00,2,0,1181,1166,3347,4551,2836,5297,2798,7474,3199,6225,1419,1617,1671,3319,1457,5180,0,0,272,217,930,1037,839,1163,765,1772,1009,1601,486,552,591,1134,478,1801,52624,14647,86,0,0,0,0,29,0
2021-02-04T23:59:59+01:00,2,0,1165,1147,3301,4499,2796,5222,2756,7344,3151,6141,1404,1601,1657,3285,1447,5152,0,0,143,89,629,668,549,741,526,1164,668,1003,306,371,484,986,433,1638,51980,10398,61,0,0,0,0,29,0
2021-02-03T23:59:59+01:00,2,0,1143,1141,3275,4456,2767,5181,2733,7296,3121,6086,1394,1590,1631,3244,1440,5099,0,0,122,72,499,519,417,597,422,917,512,756,253,291,379,770,334,1276,51515,8136,56,0,0,0,0,28,0
2021-02-02T23:59:59+01:00,2,0,1121,1127,3239,4425,2735,5128,2708,7222,3086,6022,1369,1561,1595,3190,1414,5003,0,0,113,63,415,419,346,518,370,826,459,673,233,268,333,695,306,1140,50865,7177,55,0,0,0,0,27,0
2021-02-01T23:59:59+01:00,2,0,1105,1115,3219,4373,2708,5067,2677,7096,3055,5926,1349,1531,1569,3152,1397,4938,0,0,84,48,314,314,254,391,277,618,328,506,194,219,262,555,238,893,50198,5495,55,0,0,0,0,26,0
2021-01-31T23:59:59+01:00,2,0,1097,1105,3203,4342,2683,5023,2661,7041,3042,5882,1337,1514,1546,3086,1369,4852,0,0,73,46,288,290,229,346,255,574,298,465,173,200,216,454,195,724,49704,4826,55,0,0,0,0,26,0
2021-01-30T23:59:59+01:00,2,0,1096,1105,3200,4337,2681,5022,2660,7040,3042,5881,1337,1513,1545,3086,1369,4852,0,0,72,41,278,276,216,331,250,563,294,459,172,197,215,454,195,724,49690,4737,52,0,0,0,0,26,0
2021-01-29T23:59:59+01:00,2,0,1094,1103,3198,4334,2681,5020,2660,7038,3039,5879,1337,1513,1545,3085,1369,4852,0,0,65,37,261,261,193,311,234,546,283,448,166,193,211,448,194,722,49671,4573,52,0,0,0,0,26,0
2021-01-28T23:59:59+01:00,2,0,1073,1084,3131,4232,2628,4911,2602,6882,2973,5748,1321,1491,1529,3017,1345,4726,0,0,55,20,164,155,129,188,164,361,208,284,133,150,165,284,117,432,48622,3009,49,0,0,0,0,24,0
2021-01-27T23:59:59+01:00,2,0,1027,1046,3049,4091,2547,4734,2507,6602,2889,5547,1288,1445,1487,2923,1308,4574,0,0,26,7,101,71,59,93,85,211,119,150,102,118,122,214,90,313,47007,1881,39,0,0,0,0,20,0
2021-01-26T23:59:59+01:00,1,0,949,1018,2932,3957,2467,4550,2425,6423,2820,5391,1260,1394,1397,2769,1084,4166,0,0,25,7,96,70,58,92,83,211,117,149,100,117,121,214,90,313,44960,1863,27,0,0,0,0,16,0
2021-01-25T23:59:59+01:00,1,0,931,1001,2848,3828,2423,4403,2365,6228,2761,5241,1239,1370,1383,2741,1071,4130,0,0,25,7,94,69,56,90,83,211,117,147,100,116,121,214,90,313,43934,1853,18,0,0,0,0,12,0
2021-01-24T23:59:59+01:00,1,0,921,997,2827,3811,2412,4371,2339,6189,2727,5180,1226,1363,1373,2716,1057,4096,0,0,25,7,94,69,56,89,83,210,116,147,99,116,121,214,90,313,43583,1849,14,0,0,0,0,9,0
2021-01-23T23:59:59+01:00,1,0,921,997,2827,3810,2412,4370,2337,6187,2726,5180,1223,1362,1372,2716,1057,4096,0,0,25,6,94,69,56,89,83,210,116,147,99,116,121,214,90,311,43576,1846,12,0,0,0,0,6,0
2021-01-22T23:59:59+01:00,1,0,914,989,2795,3764,2378,4305,2305,6112,2706,5133,1221,1359,1371,2713,1056,4093,0,0,25,6,94,68,56,89,83,210,116,147,99,116,121,214,90,311,43200,1845,12,0,0,0,0,3,0
2021-01-21T23:59:59+01:00,1,0,898,921,2541,3354,2176,3888,2123,5501,2481,4648,1163,1313,1322,2594,1020,3935,0,0,21,6,83,62,52,72,70,170,96,134,89,100,101,154,74,235,39866,1519,12,0,0,0,0,1,0
2021-01-20T23:59:59+01:00,1,0,818,856,2232,2947,1970,3429,1894,4893,2226,4175,1049,1171,1151,2239,886,3410,0,0,21,6,83,62,52,71,69,170,95,134,89,100,101,154,72,235,35335,1514,12,0,0,0,0,0,0
2021-01-19T23:59:59+01:00,1,0,754,775,1939,2504,1731,2972,1660,4231,1983,3701,975,1074,1023,1949,778,3028,0,0,10,3,50,46,33,44,35,100,44,77,41,37,50,83,44,152,31068,849,10,0,0,0,0,0,0
2021-01-18T23:59:59+01:00,1,0,680,715,1710,2111,1492,2500,1414,3548,1732,3197,888,987,917,1733,722,2745,0,0,5,2,19,11,13,21,17,54,17,33,21,22,26,56,31,82,27087,430,5,0,0,0,0,0,0
2021-01-17T23:59:59+01:00,0,0,502,554,1390,1707,1214,1967,1160,2816,1451,2574,747,831,762,1441,599,2351,0,0,0,1,4,2,0,0,0,0,0,0,1,0,0,0,0,0,22063,8,3,0,0,0,0,0,0
2021-01-16T23:59:59+01:00,0,0,382,403,1209,1463,1093,1680,1021,2418,1293,2167,660,734,734,1424,597,2350,0,0,0,0,0,0,0,0,0,0,0,0,0,0,0,0,0,0,19626,0,2,0,0,0,0,0,0
2021-01-15T23:59:59+01:00,0,0,279,242,1025,1165,943,1334,852,1972,1116,1765,541,623,695,1389,584,2309,0,0,0,0,0,0,0,0,0,0,0,0,0,0,0,0,0,0,16833,0,1,0,0,0,0,0,0
2021-01-14T23:59:59+01:00,0,0,162,107,711,781,651,864,617,1314,752,1145,354,434,570,1203,524,2059,0,0,0,0,0,0,0,0,0,0,0,0,0,0,0,0,0,0,12248,0,0,0,0,0,0,0,0
2021-01-13T23:59:59+01:00,0,0,135,88,601,616,527,698,500,1056,595,879,298,358,481,1016,451,1755,0,0,0,0,0,0,0,0,0,0,0,0,0,0,0,0,0,0,10054,0,0,0,0,0,0,0,0
2021-01-12T23:59:59+01:00,0,0,125,72,515,525,451,597,432,924,524,773,263,309,393,819,377,1370,0,0,0,0,0,0,0,0,0,0,0,0,0,0,0,0,0,0,8469,0,0,0,0,0,0,0,0
2021-01-11T23:59:59+01:00,0,0,95,59,419,432,366,485,346,747,419,598,229,258,326,685,307,1158,0,0,0,0,0,0,0,0,0,0,0,0,0,0,0,0,0,0,6929,0,0,0,0,0,0,0,0
2021-01-10T23:59:59+01:00,0,0,79,51,354,358,299,402,293,650,349,528,200,227,261,545,245,902,0,0,0,0,0,0,0,0,0,0,0,0,0,0,0,0,0,0,5743,0,0,0,0,0,0,0,0
2021-01-09T23:59:59+01:00,0,0,78,48,340,337,275,381,285,634,341,521,199,226,260,543,245,902,0,0,0,0,0,0,0,0,0,0,0,0,0,0,0,0,0,0,5615,0,0,0,0,0,0,0,0
2021-01-08T23:59:59+01:00,0,0,72,40,303,303,230,340,255,590,314,480,181,206,235,482,224,798,0,0,0,0,0,0,0,0,0,0,0,0,0,0,0,0,0,0,5053,0,0,0,0,0,0,0,0
2021-01-07T23:59:59+01:00,0,0,58,26,210,199,161,242,196,425,244,343,151,167,180,317,150,512,0,0,0,0,0,0,0,0,0,0,0,0,0,0,0,0,0,0,3581,0,0,0,0,0,0,0,0
2021-01-06T23:59:59+01:00,0,0,46,15,163,119,113,161,145,297,179,244,119,135,139,250,107,367,0,0,0,0,0,0,0,0,0,0,0,0,0,0,0,0,0,0,2599,0,0,0,0,0,0,0,0
2021-01-05T23:59:59+01:00,0,0,28,8,98,72,59,94,88,214,118,152,109,125,130,231,106,341,0,0,0,0,0,0,0,0,0,0,0,0,0,0,0,0,0,0,1973,0,0,0,0,0,0,0,0
2021-01-04T23:59:59+01:00,0,0,26,8,97,70,56,91,88,214,118,150,109,123,129,231,106,341,0,0,0,0,0,0,0,0,0,0,0,0,0,0,0,0,0,0,1957,0,0,0,0,0,0,0,0
2021-01-03T23:59:59+01:00,0,0,26,8,97,69,56,90,88,213,117,150,108,123,129,231,106,341,0,0,0,0,0,0,0,0,0,0,0,0,0,0,0,0,0,0,1952,0,0,0,0,0,0,0,0
2021-01-02T23:59:59+01:00,0,0,26,7,97,69,56,90,87,213,116,150,108,123,129,231,106,340,0,0,0,0,0,0,0,0,0,0,0,0,0,0,0,0,0,0,1948,0,0,0,0,0,0,0,0
2021-01-01T23:59:59+01:00,0,0,26,7,97,69,56,90,87,213,115,149,108,123,129,231,106,340,0,0,0,0,0,0,0,0,0,0,0,0,0,0,0,0,0,0,1946,0,0,0,0,0,0,0,0
2020-12-31T23:59:59+01:00,0,0,26,7,97,69,56,90,87,213,114,149,108,123,129,231,106,340,0,0,0,0,0,0,0,0,0,0,0,0,0,0,0,0,0,0,1945,0,0,0,0,0,0,0,0
2020-12-30T23:59:59+01:00,0,0,26,7,97,69,55,90,86,213,114,149,108,123,129,231,105,340,0,0,0,0,0,0,0,0,0,0,0,0,0,0,0,0,0,0,1942,0,0,0,0,0,0,0,0
2020-12-29T23:59:59+01:00,0,0,14,2,65,54,33,61,50,138,64,91,53,54,74,142,65,232,0,0,0,0,0,0,0,0,0,0,0,0,0,0,0,0,0,0,1192,0,0,0,0,0,0,0,0
2020-12-28T23:59:59+01:00,0,0,5,2,36,26,20,31,21,67,25,41,23,22,27,51,34,82,0,0,0,0,0,0,0,0,0,0,0,0,0,0,0,0,0,0,513,0,0,0,0,0,0,0,0
2020-12-27T23:59:59+01:00,0,0,1,0,8,6,8,2,1,5,0,2,1,1,2,2,4,6,0,0,0,0,0,0,0,0,0,0,0,0,0,0,0,0,0,0,49,0,0,0,0,0,0,0,0
