Datum,<24_1_m,<24_1_w,25-34_1_m,25-34_1_w,35-44_1_m,35-44_1_w,45-54_1_m,45-54_1_w,55-64_1_m,55-64_1_w,65-74_1_m,65-74_1_w,75-84_1_m,75-84_1_w,>84_1_m,>84_1_w,<24_2_m,<24_2_w,25-34_2_m,25-34_2_w,35-44_2_m,35-44_2_w,45-54_2_m,45-54_2_w,55-64_2_m,55-64_2_w,65-74_2_m,65-74_2_w,75-84_2_m,75-84_2_w,>84_2_m,>84_2_w,bp_1,bp_2,mo_1,mo_2,az_1,az_2,ja
2021-06-20T23:59:59+02:00,31760,34163,66686,67730,62651,65374,71954,79229,75869,80632,48480,61080,38794,54095,8402,17472,12388,13765,28912,33195,30376,35497,35728,44705,48756,55496,32454,41860,33888,47114,7596,15639,600749,376625,95234,50491,151290,73155,17098
2021-06-19T23:59:59+02:00,31309,33726,65986,67196,62110,64874,71244,78654,75748,80536,48462,61061,38783,54085,8401,17472,12239,13548,28691,32898,30119,35184,35529,44471,47344,54129,32236,41571,33821,47007,7591,15617,596997,371487,94308,50481,151290,72975,17052
2021-06-18T23:59:59+02:00,30781,33185,65044,66485,61379,64285,70368,77841,75450,80279,48408,61001,38762,54049,8398,17465,12019,13282,28312,32500,29815,34785,35145,44084,45643,52453,31923,41122,33700,46814,7576,15590,591804,364789,93089,50201,151289,72775,16998
2021-06-17T23:59:59+02:00,30061,32489,63844,65518,60330,63457,68866,76537,75061,79966,48322,60869,38711,53980,8392,17451,11559,12875,27536,31832,29098,34139,34314,43401,44187,50975,31536,40578,33553,46590,7558,15559,585967,357534,90490,49084,151166,72441,16231
2021-06-16T23:59:59+02:00,29428,31808,62527,64436,59167,62431,66643,74693,74390,79433,48145,60686,38629,53886,8380,17433,11201,12575,26876,31175,28417,33552,33594,42771,43664,50453,31289,40252,33429,46428,7546,15533,579869,353955,86031,48400,150809,70994,15406
2021-06-15T23:59:59+02:00,28649,30986,61192,63274,58140,61483,65442,73622,74022,79080,48036,60553,38586,53795,8374,17410,10901,12227,26276,30475,27778,32819,32920,42049,42137,48850,30903,39763,33267,46221,7526,15481,572917,347345,84413,47545,150374,69763,14940
2021-06-14T23:59:59+02:00,28078,30270,60103,62269,57298,60656,64322,72635,73668,78775,47960,60439,38535,53730,8361,17388,10570,11865,25537,29638,27055,32038,32152,41255,40905,47532,30576,39322,33150,46020,7501,15439,567142,341292,82746,46571,150177,68270,14422
2021-06-13T23:59:59+02:00,27604,29726,59195,61388,56554,59905,63180,71616,73305,78443,47875,60338,38496,53673,8351,17361,10252,11506,24812,28793,26352,31231,31396,40397,39408,45968,30156,38790,32971,45734,7478,15359,562223,334335,80890,45811,149957,66517,13940
2021-06-12T23:59:59+02:00,27328,29400,58656,60906,56218,59628,62517,70972,73146,78355,47854,60310,38485,53655,8348,17359,10113,11345,24316,28190,25836,30682,30888,39832,38360,45022,30009,38632,32883,45577,7474,15352,559353,330155,79937,45810,149941,64640,13906
2021-06-11T23:59:59+02:00,26899,28876,57926,60126,55560,59036,61571,69986,72865,78122,47789,60232,38461,53628,8345,17354,9945,11106,23798,27529,25335,30037,30302,39187,37308,44048,29775,38314,32754,45370,7464,15330,554360,325405,78653,45554,149918,62798,13845
2021-06-10T23:59:59+02:00,26244,28236,56842,59183,54649,58250,60262,68780,72460,77811,47730,60141,38435,53577,8335,17328,9634,10783,22886,26576,24391,29128,29189,38255,36002,42925,29453,37887,32487,44951,7406,15267,548863,318577,76463,44857,149666,60515,13271
2021-06-09T23:59:59+02:00,25562,27595,55712,58116,53662,57368,59321,67871,72100,77514,47655,60042,38385,53519,8324,17302,9290,10481,21950,25681,23456,28242,28149,37305,34339,41170,29117,37444,32323,44695,7368,15186,543212,311164,75297,44166,149305,58632,12234
2021-06-08T23:59:59+02:00,24768,26792,54425,57026,52590,56419,58324,66972,71678,77190,47578,59930,38334,53432,8304,17273,8976,10190,20982,24789,22431,27367,27090,36342,33050,39889,28793,36997,32028,44252,7324,15120,536644,304892,74386,43412,148863,56174,11142
2021-06-07T23:59:59+02:00,23983,26066,53012,55803,51364,55458,57154,65985,71251,76874,47497,59838,38292,53369,8294,17248,8679,9918,20087,23946,21431,26560,26036,35451,32226,39174,28533,36637,31798,43845,7280,15039,529483,300341,73496,42604,148441,53627,10068
2021-06-06T23:59:59+02:00,23369,25448,51885,54727,50290,54499,56191,65024,70850,76576,47419,59771,38257,53310,8286,17233,8426,9651,19266,23053,20525,25691,24966,34481,31416,38440,28271,36327,31548,43464,7236,14971,523250,295844,72490,41870,148078,50701,9317
2021-06-05T23:59:59+02:00,23027,25030,51068,53918,49641,53934,55710,64482,70729,76439,47404,59743,38250,53304,8284,17233,8159,9223,18629,22024,19835,24653,24086,33295,30452,37227,27996,35931,31447,43308,7230,14958,518950,289555,72486,41833,147503,47808,9257
2021-06-04T23:59:59+02:00,22500,24383,50057,52962,48887,53085,55041,63712,70460,76195,47378,59712,38236,53290,8282,17227,7885,8848,18010,21174,19170,23652,23135,32020,29331,35984,27740,35598,31346,43163,7218,14941,512678,283283,72168,41763,147476,45084,9085
2021-06-03T23:59:59+02:00,21737,23602,48631,51694,47759,52004,54077,62686,70077,75851,47318,59618,38199,53246,8271,17206,7543,8358,17272,20139,18382,22511,22098,30571,28233,34587,27245,34859,31159,42874,7187,14874,505071,276606,71329,41021,147190,41879,8386
2021-06-02T23:59:59+02:00,21288,23017,47648,50766,46982,51305,53326,61964,69895,75691,47284,59586,38179,53217,8265,17194,7343,8066,16559,19469,17537,21765,21261,29535,27201,33301,26820,34300,31013,42645,7166,14814,499008,270481,71317,41005,147163,39190,8119
2021-06-01T23:59:59+02:00,20478,22154,45767,49023,45383,49901,51758,60452,69365,75249,47200,59481,38125,53148,8253,17152,7004,7695,15317,18570,16093,20794,20057,28290,26076,31971,26310,33670,30799,42326,7126,14721,489867,264149,69991,40445,146616,35810,6415
2021-05-31T23:59:59+02:00,19902,21564,44439,47878,44189,48827,50504,59305,68823,74869,47134,59383,38080,53078,8243,17125,6667,7315,14186,17748,14763,19890,18881,27127,24939,30714,25842,33030,30633,42050,7096,14633,483629,257971,68845,39906,146157,32925,4712
2021-05-30T23:59:59+02:00,19523,21111,43440,46920,43301,47939,49488,58297,68368,74412,47029,59234,38019,52971,8228,17088,6443,7019,13625,17048,14143,19200,17961,26117,23861,29571,25155,32152,30366,41670,7059,14556,477688,252086,67819,39111,145743,30631,4118
2021-05-29T23:59:59+02:00,19381,20970,43063,46587,42977,47699,49258,58103,68319,74368,47023,59225,38013,52969,8228,17088,6250,6701,13097,16253,13504,18330,17064,24911,22859,28388,25007,31942,30317,41594,7056,14549,475717,246549,67720,39111,145720,28048,4114
2021-05-28T23:59:59+02:00,19023,20614,42378,45967,42480,47160,48745,57546,68077,74118,46966,59141,37986,52925,8225,17083,5971,6232,12535,15365,12841,17450,16157,23657,21867,27071,24781,31609,30238,41481,7046,14533,471473,240608,67226,39006,145655,25140,4080
2021-05-27T23:59:59+02:00,18411,20012,41228,44999,41503,46297,47763,56669,67568,73742,46859,59000,37938,52857,8214,17044,5702,5836,11874,14523,12049,16522,15090,22432,20666,25627,24331,30946,30086,41246,7013,14459,465720,233355,65725,38206,144939,23121,3720
2021-05-26T23:59:59+02:00,17919,19525,40119,44073,40503,45433,46714,55776,67046,73289,46716,58832,37867,52706,8197,16998,5471,5607,11303,13731,11313,15658,14059,21260,19335,24105,23797,30215,29896,40942,6965,14365,460620,226144,63710,37357,143955,21093,3428
2021-05-25T23:59:59+02:00,17451,19046,39106,43192,39567,44603,45726,54834,66536,72828,46557,58616,37790,52579,8174,16952,5234,5360,10736,13072,10560,14853,12949,20007,17988,22661,23264,29486,29684,40658,6916,14290,455351,218859,62142,36430,142860,19225,3204
2021-05-24T23:59:59+02:00,17048,18678,38276,42465,38710,43915,44854,54045,66086,72413,46443,58445,37730,52460,8157,16916,5057,5199,10275,12593,9927,14281,12024,19130,16733,21446,22677,28699,29489,40369,6868,14213,450767,212057,60930,35499,142145,18625,2799
2021-05-23T23:59:59+02:00,16851,18475,37792,42089,38267,43528,44410,53646,65839,72209,46378,58356,37695,52419,8151,16894,4839,5030,9813,12109,9285,13674,11025,18288,15645,20441,22215,28156,29271,40116,6831,14137,447603,205163,60568,35421,142113,17576,2715
2021-05-22T23:59:59+02:00,16614,18211,37095,41552,37622,43079,43848,53244,64862,71234,46191,58114,37638,52320,8142,16875,4698,4682,9621,11727,9123,13355,10772,17820,15409,20073,22125,28052,29242,40083,6826,14131,441299,203965,60565,35420,142094,15671,2683
2021-05-21T23:59:59+02:00,16160,17737,36011,40636,36597,42187,42782,52332,63585,70013,45990,57806,37563,52189,8129,16844,4572,4563,9422,11463,8919,13109,10412,17473,15031,19717,21931,27790,29185,40000,6816,14125,431825,202052,60223,35116,141843,14690,2670
2021-05-20T23:59:59+02:00,15259,16924,34561,39141,35224,40882,41377,51107,62426,68944,45721,57499,37433,52021,8111,16800,4385,4334,8883,10870,8289,12391,9682,16607,14265,18725,21205,26786,29012,39731,6783,14052,421761,197735,58562,34284,140812,11686,2295
2021-05-19T23:59:59+02:00,14624,16266,33389,37637,34138,39624,40248,50136,60477,67214,45316,56998,37263,51781,8072,16705,4265,4174,8608,10506,8003,12002,9218,16096,13593,18014,20412,25745,28802,39454,6732,13950,411010,193533,57061,33481,139721,10464,2096
2021-05-18T23:59:59+02:00,14104,15741,32343,36622,33088,38718,39209,49185,58481,65427,45003,56585,37121,51558,8046,16653,4024,3956,8128,9914,7532,11454,8659,15404,12887,17208,19534,24616,28596,39150,6700,13849,402430,189481,55133,32643,138530,7696,1791
2021-05-17T23:59:59+02:00,13784,15416,31844,36080,32619,38168,38589,48536,56563,63702,44366,55820,36878,51204,8020,16594,3915,3809,7872,9642,7235,11156,8237,14979,12292,16554,18682,23554,28395,38864,6670,13780,394890,185144,54051,31898,137735,7087,1507
2021-05-16T23:59:59+02:00,13526,15119,31328,35583,32165,37677,38046,47960,54677,61840,43879,55188,36704,50920,7996,16551,3786,3685,7596,9345,6901,10821,7741,14491,11716,15927,17804,22490,28207,38608,6643,13720,387979,180909,53092,31063,137091,6512,997
2021-05-15T23:59:59+02:00,13343,14880,31071,35261,31915,37354,37819,47712,53090,60330,43664,54918,36634,50796,7993,16524,3765,3667,7575,9321,6885,10802,7725,14478,11702,15907,17657,22241,28033,38342,6637,13713,382187,179932,53090,31063,137045,6473,982
2021-05-14T23:59:59+02:00,13052,14548,30610,34773,31556,36897,37297,47227,51234,58489,43332,54463,36512,50611,7979,16491,3730,3643,7509,9254,6834,10738,7664,14411,11467,15643,16961,21188,27783,37925,6624,13682,374453,177066,52769,30726,136918,6333,931
2021-05-13T23:59:59+02:00,12717,14168,29973,34138,30972,36292,36593,46562,49792,56950,42951,53909,36354,50387,7960,16462,3648,3587,7393,9160,6750,10645,7560,14302,11070,15184,15939,20009,27454,37357,6587,13615,367404,173302,51771,30169,136176,5960,829
2021-05-12T23:59:59+02:00,12565,13996,29689,33833,30710,36006,36294,46244,49535,56665,42851,53805,36303,50308,7954,16425,3627,3558,7366,9125,6724,10608,7534,14269,10875,15008,15562,19538,27188,36953,6570,13571,364764,171296,51694,30159,136019,5915,706
2021-05-11T23:59:59+02:00,12138,13582,28860,33036,29878,35266,35424,45446,47834,54916,42461,53270,36142,50032,7924,16339,3518,3429,7122,8856,6522,10310,7314,13892,10325,14395,14621,18403,26834,36436,6546,13489,357916,167664,49995,29279,134155,4587,482
2021-05-10T23:59:59+02:00,11770,13261,28124,32320,29095,34569,34643,44679,46583,53663,42101,52803,35970,49744,7879,16241,3472,3372,6992,8726,6428,10198,7178,13696,10011,14037,13928,17557,26471,35900,6524,13424,351684,164879,48885,28906,132502,3755,374
2021-05-09T23:59:59+02:00,11486,12958,27439,31637,28445,33889,33892,43977,45092,52183,41660,52257,35788,49462,7849,16165,3415,3315,6867,8582,6329,10055,7071,13490,9600,13649,13197,16674,26155,35440,6508,13378,344678,162060,47813,28356,131400,3021,288
2021-05-08T23:59:59+02:00,11376,12873,27033,31328,28006,33576,33440,43675,44077,51357,41532,52116,35749,49404,7847,16160,3410,3312,6860,8579,6321,10048,7065,13478,9590,13634,13063,16490,25575,34616,6478,13315,340177,160211,47773,28330,131314,3008,285
2021-05-07T23:59:59+02:00,11201,12692,26558,30954,27564,33215,32939,43321,43054,50538,41295,51806,35650,49252,7837,16139,3355,3280,6811,8540,6273,9999,7009,13422,9365,13331,12371,15576,24766,33436,6439,13250,335123,156172,47465,27966,131160,2818,267
2021-05-06T23:59:59+02:00,10736,12340,25599,30183,26522,32428,31706,42486,41520,49367,40948,51294,35476,49029,7802,16076,3287,3220,6681,8398,6164,9868,6850,13238,9059,12965,11631,14585,23960,32288,6413,13194,327313,152433,46399,27023,129543,2088,257
2021-05-05T23:59:59+02:00,10306,12099,24718,29588,25652,31750,30591,41693,39617,47571,40549,50778,35277,48765,7754,15975,3239,3178,6567,8270,6067,9757,6748,13093,8776,12638,10814,13624,23118,31184,6388,13139,319480,148590,45548,26142,127481,1694,174
2021-05-04T23:59:59+02:00,10011,11821,23901,28939,24683,31015,29502,40831,38151,46125,40114,50226,35030,48443,7714,15874,3198,3151,6497,8194,5987,9690,6675,13021,8475,12341,10001,12673,22330,30126,6364,13088,312850,144911,44589,25341,124872,1490,69
2021-05-03T23:59:59+02:00,9765,11556,23157,28350,23864,30420,28565,40100,37273,45411,39779,49796,34836,48164,7673,15781,3148,3116,6425,8117,5913,9629,6582,12934,8193,12060,9163,11634,21578,29133,6343,13050,308005,141210,43815,24530,122640,1248,30
2021-05-02T23:59:59+02:00,9566,11334,22492,27788,23124,29834,27727,39463,36537,44820,39537,49476,34733,47991,7642,15730,3108,3093,6385,8074,5882,9597,6545,12895,7953,11811,8478,10844,21023,28410,6324,13035,303193,138060,43051,24256,121526,1117,24
2021-05-01T23:59:59+02:00,9378,11123,22104,27316,22640,29256,27061,38729,35745,43948,39306,49143,34649,47851,7638,15718,3101,3087,6358,8064,5869,9590,6526,12880,7938,11798,8437,10767,20991,28367,6320,13032,297116,137774,43050,24249,121415,1078,24
2021-04-30T23:59:59+02:00,9193,10905,21718,26883,22180,28698,26278,37941,34816,43029,39090,48841,34563,47720,7626,15699,3082,3071,6336,8049,5848,9574,6498,12857,7908,11765,8395,10686,20946,28297,6318,13027,290881,137471,43044,24180,121237,988,18
2021-04-29T23:59:59+02:00,8870,10622,21129,26300,21500,27999,25303,36958,33558,41658,38113,47528,34283,47287,7578,15587,3044,3030,6243,7940,5770,9470,6395,12708,7669,11448,7773,9979,20596,27830,6301,12965,282180,135426,42260,22970,119816,748,17
2021-04-28T23:59:59+02:00,8562,10373,20604,25815,20851,27404,24380,36046,32168,40158,37027,46052,33975,46834,7525,15467,2970,2976,6130,7818,5668,9347,6295,12548,7397,11126,7097,9135,20235,27325,6263,12901,273534,133010,41492,21678,118198,526,17
2021-04-27T23:59:59+02:00,8348,10162,20161,25392,20228,26863,23520,35250,30969,38780,36011,44717,33635,46312,7468,15358,2943,2945,6026,7717,5614,9255,6222,12419,7151,10880,6492,8408,19884,26889,6248,12884,265848,130932,40627,20746,116682,282,17
2021-04-26T23:59:59+02:00,8128,9962,19742,24974,19680,26326,22683,34469,29763,37507,35023,43401,33369,45870,7427,15244,2926,2933,5990,7677,5572,9217,6184,12378,6915,10641,5892,7697,19555,26501,6228,12861,258252,128994,39807,19906,115493,251,16
2021-04-25T23:59:59+02:00,7996,9805,19397,24709,19301,25980,22037,33826,28744,36477,33983,42083,33083,45482,7393,15173,2913,2923,5972,7655,5552,9199,6163,12353,6877,10606,5732,7481,19260,26083,6212,12819,251128,128375,39092,19168,115233,241,16
2021-04-24T23:59:59+02:00,7792,9588,18950,24276,18741,25443,21199,32973,27750,35504,33757,41787,33004,45345,7383,15162,2909,2917,5958,7647,5545,9190,6158,12349,6863,10587,5652,7359,19179,25967,6209,12811,245208,127931,39090,19131,114340,222,16
2021-04-23T23:59:59+02:00,7534,9358,18488,23796,18177,24824,20328,32115,26623,34302,33057,40708,32878,45143,7371,15141,2901,2898,5928,7624,5509,9146,6115,12311,6814,10529,5454,7054,18660,25348,6134,12678,237686,126099,38761,18787,113380,201,16
2021-04-22T23:59:59+02:00,7271,9116,17859,23174,17376,24035,19245,31059,25316,32843,32108,39468,32655,44824,7336,15072,2884,2879,5884,7570,5462,9064,6048,12233,6730,10446,5113,6590,17995,24511,6046,12523,228689,123966,37843,17827,112209,169,16
2021-04-21T23:59:59+02:00,7029,8911,17321,22669,16705,23433,18227,30111,23785,31252,31174,38291,32393,44442,7293,14995,2864,2858,5843,7517,5405,8990,5983,12133,6631,10367,4900,6246,17343,23713,5959,12373,219865,121900,37074,17065,111076,144,16
2021-04-20T23:59:59+02:00,6811,8680,16745,22185,15955,22744,17186,29073,22328,29746,30122,36901,32111,44075,7249,14914,2847,2843,5799,7479,5364,8943,5933,12068,6555,10300,4749,6031,16748,22982,5868,12228,210945,120238,36198,16348,109666,135,16
2021-04-19T23:59:59+02:00,6594,8494,16196,21748,15274,22172,16156,28134,20897,28324,28878,35373,31828,43655,7202,14816,2834,2826,5777,7446,5328,8913,5889,12019,6474,10221,4587,5818,16122,22292,5789,12109,202307,118611,35423,15686,107995,131,16
2021-04-18T23:59:59+02:00,6380,8327,15743,21403,14638,21604,15104,27302,19535,27113,27631,33853,31533,43281,7158,14735,2773,2773,5644,7321,5221,8802,5788,11871,6372,10109,4428,5595,15553,21637,5702,11971,193797,116994,34595,14422,106932,128,16
2021-04-17T23:59:59+02:00,6335,8291,15582,21326,14470,21518,14840,27109,19257,26843,27166,33352,31426,43159,7152,14723,2740,2721,5544,7167,5110,8641,5689,11675,6283,9998,4365,5508,15333,21369,5695,11962,192584,115251,34590,14418,105359,115,16
2021-04-16T23:59:59+02:00,6256,8227,15400,21157,14261,21370,14532,26835,18752,26308,26244,32255,31313,42966,7131,14705,2685,2657,5423,6986,4987,8461,5522,11432,6097,9785,4124,5241,14723,20603,5620,11859,189233,112061,34305,14023,104158,105,16
2021-04-15T23:59:59+02:00,6172,8132,15182,20939,13989,21085,14070,26454,17980,25528,25041,30812,31089,42671,7105,14636,2604,2553,5224,6732,4783,8159,5313,11114,5885,9509,3908,4955,13915,19541,5529,11734,184689,108268,33496,13082,102684,92,16
2021-04-14T23:59:59+02:00,6077,8049,14972,20732,13728,20848,13659,26101,17151,24743,23636,29191,30810,42314,7060,14551,2389,2414,5016,6472,4599,7909,5086,10859,5664,9240,3758,4711,13192,18649,5435,11563,180082,105223,32621,11632,100903,85,16
2021-04-13T23:59:59+02:00,6009,7983,14773,20592,13503,20665,13279,25782,16415,24041,22115,27541,30541,41931,7032,14452,2288,2345,4848,6277,4421,7704,4877,10604,5478,9022,3620,4532,12660,18043,5344,11431,175864,102883,31746,10520,99028,75,16
2021-04-12T23:59:59+02:00,5928,7893,14541,20390,13203,20410,12873,25343,15695,23313,20680,25779,30287,41619,6998,14384,2142,2232,4673,6123,4273,7520,4719,10419,5340,8868,3492,4370,12229,17524,5257,11304,171520,101209,30690,9186,97110,74,16
2021-04-11T23:59:59+02:00,5835,7803,14320,20192,12908,20191,12435,24971,15007,22648,19323,24172,30064,41320,6963,14310,2096,2191,4555,6006,4159,7392,4593,10289,5215,8751,3365,4226,11741,16914,5149,11132,167256,99473,29735,8214,95456,72,15
2021-04-10T23:59:59+02:00,5830,7795,14302,20179,12899,20180,12418,24957,14924,22556,18654,23259,29821,40964,6947,14287,2090,2179,4544,5996,4147,7381,4580,10273,5153,8673,3260,4113,11184,16078,5035,10952,166191,97341,29708,8214,94058,68,15
2021-04-09T23:59:59+02:00,5816,7778,14272,20131,12857,20131,12370,24906,14545,22114,17211,21464,29472,40425,6919,14253,2065,2168,4525,5978,4120,7356,4537,10240,5116,8622,3146,3975,10321,15085,4926,10792,163601,94922,29369,7969,91680,67,14
2021-04-08T23:59:59+02:00,5767,7747,14175,20054,12780,20054,12263,24796,14089,21551,15494,19353,28940,39527,6870,14146,2040,2152,4498,5923,4068,7274,4471,10161,5046,8551,3037,3854,9818,14471,4758,10585,159783,93087,28348,7543,89464,66,11
2021-04-07T23:59:59+02:00,5733,7713,14067,19974,12689,19974,12166,24685,13606,21072,14046,17538,28375,38693,6823,14059,2018,2139,4444,5853,3984,7199,4381,10071,4960,8464,2939,3749,9048,13325,4567,10262,155423,90570,27473,6768,88307,55,10
2021-04-06T23:59:59+02:00,5697,7682,13970,19902,12611,19917,12084,24617,13116,20582,12447,15533,27798,37879,6806,13993,1946,2074,4314,5733,3884,7073,4260,9926,4856,8340,2824,3621,8304,12343,4351,9972,151420,88199,26593,5560,86612,53,9
2021-04-05T23:59:59+02:00,5654,7648,13898,19836,12541,19851,12027,24536,12719,20199,10850,13581,27189,36974,6777,13941,1869,1994,4149,5578,3722,6917,4104,9784,4713,8216,2672,3486,7462,11322,4149,9673,148236,85854,25580,3897,84396,50,9
2021-04-04T23:59:59+02:00,5639,7629,13886,19816,12536,19833,12019,24517,12581,20081,9813,12281,26798,36412,6756,13896,1867,1989,4142,5576,3720,6912,4099,9777,4712,8210,2666,3473,7208,10829,4084,9584,146507,84902,25576,3897,82404,43,6
2021-04-03T23:59:59+02:00,5635,7618,13869,19799,12527,19824,12009,24506,12560,20031,8786,11068,26046,35339,6715,13801,1864,1986,4140,5571,3718,6908,4091,9765,4696,8199,2660,3462,7052,10551,4065,9526,144043,84309,25569,3897,80516,43,5
2021-04-02T23:59:59+02:00,5628,7600,13830,19774,12491,19781,11966,24458,12468,19947,8105,10090,24622,33432,6603,13593,1853,1970,4114,5549,3695,6865,4051,9686,4569,7918,2527,3323,6671,10126,3948,9371,139601,82512,25234,3676,79548,43,5
2021-04-01T23:59:59+02:00,5563,7515,13738,19639,12377,19636,11820,24298,11844,19469,7377,9172,23293,31683,6508,13403,1780,1899,4010,5448,3632,6797,3981,9616,4497,7814,2424,3172,6144,9393,3819,9165,135405,80277,24109,3273,77817,37,4
2021-03-31T23:59:59+02:00,5505,7451,13611,19484,12246,19488,11639,24097,11564,19215,6867,8534,22008,29972,6387,13218,1766,1887,3989,5425,3599,6769,3945,9566,4459,7762,2351,3085,5633,8702,3690,8998,131480,78528,23022,3057,76780,37,4
2021-03-30T23:59:59+02:00,5437,7376,13476,19327,12133,19319,11506,23935,11397,19078,6476,8108,20793,28428,6280,13053,1747,1849,3948,5391,3530,6700,3856,9445,4332,7591,2210,2868,5193,8140,3585,8785,128129,76326,22094,2819,75898,24,1
2021-03-29T23:59:59+02:00,5384,7327,13369,19238,12071,19234,11410,23832,11255,18934,6136,7662,19547,26967,6185,12902,1681,1804,3898,5350,3447,6626,3743,9296,4177,7396,2099,2734,4595,7431,3476,8566,124565,73687,21231,2609,75656,22,1
2021-03-28T23:59:59+02:00,5323,7251,13252,19095,11991,19153,11315,23730,11153,18832,5797,7277,18543,25625,6091,12746,1642,1750,3789,5244,3245,6386,3680,9203,4126,7345,2036,2668,3793,6342,3357,8386,121589,70665,20444,2313,75140,13,1
2021-03-27T23:59:59+01:00,5286,7188,13144,18932,11872,18986,11205,23519,11048,18703,5723,7172,18282,25305,6083,12737,1636,1747,3785,5239,3242,6380,3360,8801,3964,7103,2031,2664,3774,6306,3327,8329,119760,69367,20407,2313,75017,7,1
2021-03-26T23:59:59+01:00,5237,7121,13033,18749,11754,18793,11040,23285,10895,18507,5528,6912,17699,24535,6008,12629,1635,1745,3779,5233,3221,6363,3338,8780,3733,6604,1881,2325,3478,5978,3210,8143,116691,67132,20070,2307,74963,6,1
2021-03-25T23:59:59+01:00,5156,7018,12831,18493,11550,18471,10822,22951,10656,18189,5274,6584,16707,23256,5907,12483,1624,1734,3756,5203,3189,6338,3289,8744,3681,6562,1800,2183,3025,5272,3094,7902,112721,65184,18998,2206,74628,5,1
2021-03-24T23:59:59+01:00,5056,6874,12615,18047,11347,18078,10592,22552,10446,17856,4954,6173,15704,22096,5803,12302,1598,1720,3732,5155,3154,6273,3231,8674,3632,6491,1743,2126,2693,4891,2973,7678,109645,63795,17909,1963,72940,5,1
2021-03-23T23:59:59+01:00,4985,6775,12444,17713,11160,17731,10398,22190,10246,17592,4816,5938,15039,21311,5700,12159,1581,1713,3719,5137,3133,6256,3211,8625,3598,6447,1708,2071,2446,4598,2789,7393,107324,62497,17181,1922,71691,5,1
2021-03-22T23:59:59+01:00,4925,6672,12243,17375,10980,17410,10184,21856,10033,17323,4656,5706,14417,20598,5599,12010,1566,1703,3694,5101,3102,6218,3178,8576,3564,6400,1665,2017,2232,4317,2614,7101,105498,61259,16465,1783,70023,5,1
2021-03-21T23:59:59+01:00,4832,6514,11951,16962,10702,17011,9928,21408,9784,16999,4524,5519,13733,19807,5480,11833,1557,1702,3677,5084,3081,6185,3157,8545,3544,6376,1647,1997,2055,4131,2463,6863,103623,60280,15169,1778,68194,5,1
2021-03-20T23:59:59+01:00,4793,6422,11809,16612,10571,16715,9787,21089,9607,16732,4398,5362,13103,18855,5362,11639,1556,1701,3677,5082,3078,6184,3154,8540,3539,6372,1641,1991,2023,4067,2444,6826,101436,60091,15165,1778,66254,5,1
2021-03-19T23:59:59+01:00,4737,6315,11633,16252,10400,16357,9606,20700,9400,16398,4210,5143,12091,17649,5242,11469,1548,1693,3660,5049,3047,6109,3115,8445,3434,6196,1524,1897,1953,4007,2334,6623,98753,58854,14756,1774,64092,5,1
2021-03-18T23:59:59+01:00,4639,6176,11367,15816,10138,15925,9339,20230,9188,16078,4066,4975,11441,16772,5055,11237,1542,1677,3644,5016,3024,6065,3095,8388,3408,6156,1505,1865,1914,3932,2211,6420,96954,58172,13750,1684,61737,5,1
2021-03-17T23:59:59+01:00,4440,6039,11071,15385,9880,15578,9096,19852,8948,15758,3938,4791,10600,15479,4840,10897,1539,1674,3631,4996,3020,6047,3084,8351,3391,6134,1503,1845,1890,3900,2102,6236,94307,57667,12207,1670,60077,5,1
2021-03-16T23:59:59+01:00,4279,5884,10714,14916,9629,15210,8801,19412,8669,15412,3797,4631,9758,14310,4609,10608,1523,1671,3627,4990,3011,6040,3078,8343,3381,6119,1481,1822,1852,3850,1983,6060,91979,57235,11019,1590,57640,5,1
2021-03-15T23:59:59+01:00,4111,5733,10396,14442,9340,14745,8498,18937,8402,15024,3646,4454,9021,13211,4440,10357,1512,1663,3609,4976,2999,6017,3059,8305,3361,6076,1465,1810,1836,3817,1869,5875,90024,56655,9657,1589,55076,5,0
2021-03-14T23:59:59+01:00,4030,5617,10115,13987,9084,14348,8181,18449,8140,14655,3470,4249,8182,11929,4194,9987,1498,1656,3585,4957,2977,5968,3038,8227,3336,6013,1431,1758,1778,3683,1706,5500,87714,56131,8648,975,52255,5,0
2021-03-13T23:59:59+01:00,3939,5368,9838,13405,8886,13860,7967,17954,7963,14317,3381,4174,7983,11622,4164,9922,1498,1656,3585,4957,2976,5968,3038,8227,3335,6011,1427,1757,1775,3678,1705,5499,87064,56114,8648,975,49031,3,0
2021-03-12T23:59:59+01:00,3853,5190,9588,12874,8659,13311,7720,17285,7605,13622,3225,4022,7600,11197,4058,9777,1496,1652,3582,4944,2972,5964,3031,8220,3331,6005,1401,1724,1754,3660,1607,5325,85307,55691,8401,974,45878,3,0
2021-03-11T23:59:59+01:00,3676,4822,9222,12152,8360,12637,7369,16491,7290,13036,3069,3820,7017,10425,3914,9541,1472,1636,3554,4902,2927,5875,2995,8102,3281,5916,1360,1669,1674,3449,1413,4828,82875,54953,7954,98,42012,2,0
2021-03-10T23:59:59+01:00,3593,4667,8652,11646,7735,12159,7059,15947,6993,12509,2910,3677,6436,9677,3790,9339,1457,1619,3526,4841,2895,5793,2958,7952,3224,5815,1323,1626,1621,3349,1296,4556,81072,53775,7402,75,38315,1,0
2021-03-09T23:59:59+01:00,3457,4448,7899,11194,6889,11666,6659,15326,6643,11931,2692,3387,5908,9026,3672,9112,1451,1614,3502,4790,2869,5729,2942,7902,3207,5771,1307,1603,1589,3307,1189,4361,78790,53091,6047,41,35072,1,0
2021-03-08T23:59:59+01:00,3252,4160,7172,10662,6150,11184,6258,14770,6261,11407,2492,3189,5281,8251,3569,8902,1443,1602,3479,4722,2840,5660,2904,7810,3179,5701,1304,1594,1585,3299,1185,4359,75972,52626,4904,40,32084,0,0
2021-03-07T23:59:59+01:00,3119,3990,6824,10161,5730,10628,5979,14328,6040,11058,2401,3112,4451,7113,3426,8707,1440,1599,3476,4717,2835,5648,2900,7791,3170,5691,1300,1577,1565,3260,1170,4321,72736,52421,4072,39,30259,0,0
2021-03-06T23:59:59+01:00,3068,3803,6630,9722,5535,10194,5467,13403,5716,10428,2388,3096,4446,7102,3424,8706,1439,1597,3474,4714,2833,5647,2899,7790,3169,5688,1298,1574,1565,3258,1169,4321,71515,52396,4072,39,27541,0,0
2021-03-05T23:59:59+01:00,2961,3486,6409,9176,5333,9784,5291,12827,5316,9443,2188,2702,4050,6686,3315,8536,1426,1590,3457,4700,2828,5634,2891,7772,3158,5669,1284,1570,1565,3254,1164,4317,69195,52240,3841,39,24467,0,0
2021-03-04T23:59:59+01:00,2866,3232,6193,8759,5178,9440,5113,12395,5142,9104,2077,2501,3486,5836,3195,8270,1413,1568,3415,4604,2794,5569,2860,7670,3128,5606,1266,1563,1550,3241,1157,4306,67156,51671,3401,39,22230,0,0
2021-03-03T23:59:59+01:00,2803,3154,6013,8346,4997,9059,4905,11943,4961,8690,1994,2398,3064,5359,3068,8030,1390,1557,3379,4553,2757,5506,2817,7565,3086,5540,1252,1542,1532,3210,1151,4289,65736,51088,3160,38,19888,0,0
2021-03-02T23:59:59+01:00,2741,3043,5843,8011,4840,8791,4742,11538,4823,8395,1915,2310,2757,4989,2875,7744,1384,1545,3360,4536,2741,5478,2804,7517,3078,5511,1248,1534,1513,3191,1149,4285,64406,50836,2905,38,18046,0,0
2021-03-01T23:59:59+01:00,2706,2992,5736,7788,4750,8667,4656,11382,4725,8231,1864,2229,2449,4646,2708,7468,1375,1542,3347,4517,2732,5445,2785,7466,3067,5493,1242,1530,1506,3183,1147,4281,63160,50620,2684,38,17153,0,0
2021-02-28T23:59:59+01:00,2640,2932,5557,7531,4580,8444,4523,11199,4625,8114,1812,2171,2154,4324,2530,7194,1363,1535,3335,4507,2724,5438,2778,7449,3060,5483,1238,1527,1500,3167,1146,4250,62070,50462,2383,38,15877,0,0
2021-02-27T23:59:59+01:00,2524,2553,5399,7146,4479,8136,4447,10847,4556,7883,1785,2118,2128,4281,2511,7142,1360,1532,3333,4507,2719,5436,2774,7445,3056,5481,1237,1526,1499,3167,1146,4250,61838,50433,2383,35,13714,0,0
2021-02-26T23:59:59+01:00,2458,2446,5255,6912,4333,7882,4293,10580,4351,7607,1664,2030,2070,4245,2406,6966,1339,1518,3315,4471,2709,5396,2762,7392,3033,5432,1232,1516,1495,3160,1145,4248,60524,50128,2377,35,12597,0,0
2021-02-25T23:59:59+01:00,2327,2316,4892,6498,3921,7412,4014,10077,4136,7261,1615,1986,2038,4185,2295,6776,1320,1497,3283,4431,2670,5336,2725,7282,2996,5350,1222,1500,1481,3120,1133,4193,60048,49506,2270,33,9431,0,0
2021-02-24T23:59:59+01:00,2287,2244,4771,6273,3828,7194,3885,9839,4021,7119,1595,1961,2008,4140,2183,6581,1306,1486,3253,4366,2636,5269,2700,7204,2966,5283,1206,1482,1458,3071,1122,4128,59505,48913,2025,23,8399,0,0
2021-02-23T23:59:59+01:00,2026,2051,4409,5805,3555,6791,3665,9463,3875,6871,1578,1932,1963,4095,2071,6399,1286,1474,3209,4331,2611,5209,2676,7129,2929,5234,1189,1461,1434,3034,1112,4081,59054,48390,1979,9,5516,0,0
2021-02-22T23:59:59+01:00,2015,2028,4355,5745,3520,6726,3599,9366,3820,6784,1545,1909,1940,4042,1955,6205,1281,1456,3189,4290,2591,5169,2650,7067,2899,5187,1181,1450,1423,3024,1106,4072,58517,48031,1836,4,5201,0,0
2021-02-21T23:59:59+01:00,2003,2021,4322,5710,3477,6692,3559,9302,3780,6742,1535,1903,1935,4033,1838,6042,1273,1440,3167,4252,2563,5118,2636,7000,2869,5104,1168,1434,1400,2963,1085,4001,58172,47469,1832,4,4890,0,0
2021-02-20T23:59:59+01:00,2002,2019,4317,5708,3475,6692,3559,9301,3779,6741,1530,1902,1933,4029,1837,6042,1273,1440,3166,4250,2563,5118,2635,6999,2869,5104,1168,1433,1399,2963,1085,4001,58158,47462,1832,4,4876,0,0
2021-02-19T23:59:59+01:00,1982,2010,4307,5692,3466,6677,3548,9291,3768,6728,1505,1870,1911,4009,1738,5864,1271,1439,3166,4249,2562,5117,2635,6997,2867,5102,1168,1433,1399,2962,1085,4001,57739,47449,1827,4,4800,0,0
2021-02-18T23:59:59+01:00,1933,1966,4205,5584,3404,6573,3452,9113,3691,6606,1489,1836,1876,3935,1608,5671,1219,1377,3018,4021,2443,4829,2522,6664,2767,4885,1138,1385,1368,2877,1061,3862,57090,45432,1737,4,4115,0,0
2021-02-17T23:59:59+01:00,1906,1922,4103,5428,3320,6420,3335,8860,3568,6441,1434,1764,1807,3833,1493,5371,1149,1304,2862,3799,2330,4514,2391,6226,2651,4634,1089,1322,1316,2767,1023,3706,55864,43079,1726,4,3415,0,0
2021-02-16T23:59:59+01:00,1807,1831,3949,5235,3191,6231,3221,8643,3452,6283,1412,1741,1779,3799,1379,5169,1053,1261,2735,3635,2232,4292,2252,5911,2530,4403,1042,1221,1158,2458,783,3116,55155,40080,1709,2,2258,0,0
2021-02-15T23:59:59+01:00,1791,1805,3899,5148,3134,6143,3158,8529,3394,6185,1402,1728,1765,3777,1371,5149,1013,1225,2653,3500,2158,4112,2167,5630,2444,4209,999,1154,1073,2270,721,2923,54691,38250,1707,1,1980,0,0
2021-02-14T23:59:59+01:00,1717,1770,3818,5072,3093,6027,3102,8369,3351,6090,1382,1697,1712,3639,1315,4914,1000,1215,2608,3432,2118,4043,2108,5505,2384,4110,964,1117,994,2085,655,2702,54445,37039,1092,1,1531,0,0
2021-02-13T23:59:59+01:00,1714,1768,3810,5069,3087,6025,3099,8368,3348,6088,1381,1694,1712,3637,1313,4914,1000,1215,2608,3432,2118,4043,2107,5505,2382,4110,964,1117,994,2085,655,2702,54427,37037,1091,0,1509,0,0
2021-02-12T23:59:59+01:00,1677,1743,3773,5039,3067,6006,3075,8330,3331,6049,1365,1687,1703,3620,1305,4896,991,1203,2574,3380,2085,3994,2079,5456,2365,4080,963,1117,993,2085,654,2700,54202,36719,1089,0,1375,0,0
2021-02-11T23:59:59+01:00,1622,1679,3665,4874,2967,5825,2974,8023,3239,5857,1310,1626,1636,3435,1225,4584,942,1103,2301,2936,1877,3484,1836,4721,2113,3609,887,1046,904,1881,606,2446,53579,32692,122,0,840,0,0
2021-02-10T23:59:59+01:00,1599,1652,3603,4755,2900,5726,2927,7858,3192,5748,1296,1610,1611,3392,1212,4549,849,1016,2012,2521,1664,3026,1592,4101,1867,3198,790,890,737,1504,484,1979,52928,28230,120,0,582,0,0
2021-02-09T23:59:59+01:00,1580,1626,3551,4690,2871,5654,2904,7759,3155,5685,1293,1601,1582,3371,1204,4536,787,907,1742,2172,1471,2622,1421,3594,1702,2883,762,857,715,1425,465,1878,52618,25403,115,0,329,0,0
2021-02-08T23:59:59+01:00,1559,1622,3527,4660,2852,5612,2879,7707,3140,5659,1283,1593,1574,3343,1202,4522,767,857,1588,1927,1325,2371,1290,3278,1545,2654,733,833,665,1311,437,1719,52317,23300,90,0,327,0,0
2021-02-07T23:59:59+01:00,1409,1573,3436,4603,2801,5571,2851,7666,3117,5626,1275,1577,1565,3321,1199,4491,594,668,1324,1583,1097,1906,1078,2672,1325,2193,629,713,590,1147,396,1515,52018,19430,63,0,0,0,0
2021-02-06T23:59:59+01:00,1405,1570,3434,4602,2795,5568,2846,7662,3113,5623,1273,1574,1563,3319,1199,4491,445,476,1132,1358,965,1576,927,2247,1161,1806,551,630,571,1133,393,1512,51974,16883,63,0,0,0,0
2021-02-05T23:59:59+01:00,1394,1558,3419,4580,2786,5541,2836,7616,3092,5578,1269,1566,1560,3312,1198,4491,327,274,948,1049,812,1198,762,1793,973,1421,451,539,548,1117,391,1508,51733,14111,63,0,0,0,0
2021-02-04T23:59:59+01:00,1375,1535,3372,4529,2746,5458,2796,7487,3045,5501,1257,1553,1546,3278,1191,4467,167,118,643,682,523,757,515,1151,639,885,288,369,452,971,356,1369,51095,9885,41,0,0,0,0
2021-02-03T23:59:59+01:00,1352,1526,3332,4479,2713,5407,2774,7421,3012,5442,1249,1536,1521,3228,1183,4399,146,96,509,526,400,616,424,910,490,679,236,290,354,774,278,1087,50534,7815,40,0,0,0,0
2021-02-02T23:59:59+01:00,1330,1512,3288,4442,2681,5347,2748,7344,2980,5382,1227,1506,1487,3166,1158,4308,130,80,425,429,335,532,380,827,434,613,219,267,306,703,258,976,49867,6914,39,0,0,0,0
2021-02-01T23:59:59+01:00,1313,1496,3263,4390,2651,5274,2714,7211,2950,5294,1211,1484,1461,3128,1144,4248,102,57,317,322,246,404,283,616,310,460,181,217,240,559,200,757,49193,5271,39,0,0,0,0
2021-01-31T23:59:59+01:00,1306,1482,3247,4359,2628,5230,2700,7157,2936,5255,1199,1466,1438,3062,1125,4173,91,54,287,297,225,357,260,572,281,427,160,197,198,454,164,613,48724,4637,39,0,0,0,0
2021-01-30T23:59:59+01:00,1306,1482,3244,4355,2627,5230,2699,7155,2936,5255,1199,1465,1437,3062,1125,4173,91,51,277,283,215,341,255,563,277,419,159,196,197,454,164,613,48714,4555,36,0,0,0,0
2021-01-29T23:59:59+01:00,1304,1481,3244,4351,2627,5229,2698,7153,2934,5253,1199,1465,1437,3061,1125,4173,85,47,256,268,192,317,243,550,265,412,156,194,193,448,163,611,48698,4400,36,0,0,0,0
2021-01-28T23:59:59+01:00,1281,1451,3172,4241,2577,5110,2634,6998,2875,5141,1184,1439,1423,2994,1105,4060,71,25,157,163,129,193,166,364,197,259,126,145,147,278,95,355,47651,2870,34,0,0,0,0
2021-01-27T23:59:59+01:00,1225,1393,3083,4102,2500,4924,2541,6711,2796,4972,1150,1393,1386,2901,1077,3926,36,10,92,77,61,93,80,210,114,141,97,114,107,205,71,253,46056,1761,24,0,0,0,0
2021-01-26T23:59:59+01:00,1139,1354,2963,3956,2428,4745,2456,6523,2724,4842,1130,1336,1291,2749,869,3532,35,10,89,76,60,92,78,210,112,140,95,113,107,205,71,253,44024,1746,13,0,0,0,0
2021-01-25T23:59:59+01:00,1120,1324,2883,3823,2382,4593,2393,6327,2664,4709,1118,1317,1276,2717,859,3505,35,10,88,76,58,92,78,209,112,139,95,113,107,205,71,253,43002,1741,8,0,0,0,0
2021-01-24T23:59:59+01:00,1108,1319,2866,3806,2372,4563,2363,6276,2633,4663,1109,1309,1265,2695,848,3472,35,10,88,76,58,92,78,209,112,139,95,113,107,205,71,253,42661,1741,6,0,0,0,0
2021-01-23T23:59:59+01:00,1108,1319,2866,3806,2372,4563,2363,6276,2631,4663,1109,1309,1265,2695,848,3472,35,10,88,76,58,92,78,209,112,139,95,113,107,205,71,252,42659,1740,6,0,0,0,0
2021-01-22T23:59:59+01:00,1100,1309,2831,3760,2341,4492,2332,6207,2612,4620,1108,1308,1264,2694,847,3469,35,10,88,76,58,92,78,209,112,139,95,113,107,205,71,252,42288,1740,6,0,0,0,0
2021-01-21T23:59:59+01:00,1068,1205,2565,3349,2151,4058,2145,5598,2401,4176,1062,1265,1219,2563,819,3327,30,9,78,68,54,74,65,172,90,128,87,96,89,152,60,196,38965,1448,6,0,0,0,0
2021-01-20T23:59:59+01:00,972,1117,2258,2931,1939,3583,1908,4978,2155,3750,964,1114,1055,2212,714,2886,30,9,78,68,54,73,65,172,90,128,87,96,89,152,60,196,34530,1447,6,0,0,0,0
2021-01-19T23:59:59+01:00,893,998,1964,2498,1695,3091,1678,4312,1927,3338,896,1014,927,1930,624,2559,13,5,50,47,33,41,33,101,40,77,37,35,46,81,36,127,30339,802,5,0,0,0,0
2021-01-18T23:59:59+01:00,815,910,1721,2088,1459,2603,1419,3616,1694,2886,819,932,825,1704,578,2315,7,3,17,12,14,19,17,53,15,34,22,23,23,54,27,73,26381,413,3,0,0,0,0
2021-01-17T23:59:59+01:00,604,702,1407,1696,1184,2044,1162,2860,1422,2326,675,786,690,1414,476,1966,1,1,2,2,0,0,0,0,0,0,0,0,0,0,0,0,21411,6,3,0,0,0,0
2021-01-16T23:59:59+01:00,457,510,1232,1476,1068,1732,1014,2448,1268,1950,598,706,670,1401,474,1965,0,0,0,0,0,0,0,0,0,0,0,0,0,0,0,0,18967,0,2,0,0,0,0
2021-01-15T23:59:59+01:00,334,306,1051,1182,915,1383,852,1990,1079,1574,497,612,636,1370,464,1927,0,0,0,0,0,0,0,0,0,0,0,0,0,0,0,0,16170,0,2,0,0,0,0
2021-01-14T23:59:59+01:00,188,139,732,804,624,885,612,1309,722,1012,328,434,530,1182,417,1719,0,0,0,0,0,0,0,0,0,0,0,0,0,0,0,0,11637,0,0,0,0,0,0
2021-01-13T23:59:59+01:00,162,112,611,630,498,703,499,1037,568,786,274,356,446,1012,362,1462,0,0,0,0,0,0,0,0,0,0,0,0,0,0,0,0,9518,0,0,0,0,0,0
2021-01-12T23:59:59+01:00,146,94,532,538,426,608,442,923,498,699,244,309,361,819,303,1161,0,0,0,0,0,0,0,0,0,0,0,0,0,0,0,0,8103,0,0,0,0,0,0
2021-01-11T23:59:59+01:00,116,74,428,439,348,497,353,736,395,541,212,256,300,687,249,972,0,0,0,0,0,0,0,0,0,0,0,0,0,0,0,0,6603,0,0,0,0,0,0
2021-01-10T23:59:59+01:00,100,61,354,364,287,412,299,642,328,480,184,225,238,545,198,756,0,0,0,0,0,0,0,0,0,0,0,0,0,0,0,0,5473,0,0,0,0,0,0
2021-01-09T23:59:59+01:00,100,59,336,345,264,388,292,628,320,473,183,224,237,543,198,756,0,0,0,0,0,0,0,0,0,0,0,0,0,0,0,0,5346,0,0,0,0,0,0
2021-01-08T23:59:59+01:00,94,52,297,308,223,346,265,595,292,444,167,204,216,477,179,671,0,0,0,0,0,0,0,0,0,0,0,0,0,0,0,0,4830,0,0,0,0,0,0
2021-01-07T23:59:59+01:00,76,33,204,207,160,248,202,429,227,313,138,160,161,309,112,419,0,0,0,0,0,0,0,0,0,0,0,0,0,0,0,0,3398,0,0,0,0,0,0
2021-01-06T23:59:59+01:00,64,21,151,124,114,162,149,305,169,219,106,129,122,237,76,293,0,0,0,0,0,0,0,0,0,0,0,0,0,0,0,0,2441,0,0,0,0,0,0
2021-01-05T23:59:59+01:00,40,11,90,77,61,96,84,213,113,142,101,119,114,219,75,271,0,0,0,0,0,0,0,0,0,0,0,0,0,0,0,0,1826,0,0,0,0,0,0
2021-01-04T23:59:59+01:00,38,11,90,77,58,94,84,212,113,141,101,118,114,219,75,271,0,0,0,0,0,0,0,0,0,0,0,0,0,0,0,0,1816,0,0,0,0,0,0
2021-01-03T23:59:59+01:00,38,11,90,77,58,94,84,212,113,141,101,118,114,219,75,271,0,0,0,0,0,0,0,0,0,0,0,0,0,0,0,0,1816,0,0,0,0,0,0
2021-01-02T23:59:59+01:00,38,11,90,77,58,94,84,212,112,141,101,118,114,219,75,270,0,0,0,0,0,0,0,0,0,0,0,0,0,0,0,0,1814,0,0,0,0,0,0
2021-01-01T23:59:59+01:00,38,11,90,77,58,94,84,212,112,140,101,118,114,219,75,270,0,0,0,0,0,0,0,0,0,0,0,0,0,0,0,0,1813,0,0,0,0,0,0
2020-12-31T23:59:59+01:00,38,11,90,77,58,94,84,212,111,140,101,118,114,219,75,270,0,0,0,0,0,0,0,0,0,0,0,0,0,0,0,0,1812,0,0,0,0,0,0
2020-12-30T23:59:59+01:00,38,11,90,77,57,94,84,212,111,140,101,118,114,219,75,270,0,0,0,0,0,0,0,0,0,0,0,0,0,0,0,0,1811,0,0,0,0,0,0
2020-12-29T23:59:59+01:00,19,5,63,57,35,60,49,137,62,89,46,50,67,131,47,182,0,0,0,0,0,0,0,0,0,0,0,0,0,0,0,0,1099,0,0,0,0,0,0
2020-12-28T23:59:59+01:00,7,4,36,26,20,29,20,68,22,41,23,22,24,49,27,72,0,0,0,0,0,0,0,0,0,0,0,0,0,0,0,0,490,0,0,0,0,0,0
2020-12-27T23:59:59+01:00,1,0,7,5,6,2,1,5,0,2,0,1,2,3,4,5,0,0,0,0,0,0,0,0,0,0,0,0,0,0,0,0,44,0,0,0,0,0,0
