Datum,<15_m,<15_w,15-24_1_m,15-24_1_w,25-34_1_m,25-34_1_w,35-44_1_m,35-44_1_w,45-54_1_m,45-54_1_w,55-64_1_m,55-64_1_w,65-74_1_m,65-74_1_w,75-84_1_m,75-84_1_w,>84_1_m,>84_1_w,<24_2_m,<24_2_w,25-34_2_m,25-34_2_w,35-44_2_m,35-44_2_w,45-54_2_m,45-54_2_w,55-64_2_m,55-64_2_w,65-74_2_m,65-74_2_w,75-84_2_m,75-84_2_w,>84_2_m,>84_2_w,bp_1,bp_2,mo_1,mo_2,az_1,az_2,ja,unb_1,unb_2
2021-10-15T23:59:59+02:00,11433,10908,69351,69344,110588,107617,100345,99792,96442,101875,95163,96961,56887,70553,44584,61849,11056,22454,62552,62652,104084,100530,94938,93505,91943,96765,91544,93211,55137,68370,43380,59911,10551,21267,844354,793779,136857,131278,158696,145611,97156,213,212
2021-10-14T23:59:59+02:00,11329,10817,69192,69182,110476,107492,100240,99707,96365,101800,95117,96913,56866,70520,44572,61826,11052,22449,62288,62413,103959,100343,94808,93335,91839,96646,91479,93136,55103,68326,43363,59886,10549,21260,843214,792128,136804,131192,158694,145606,97064,213,212
2021-10-13T23:59:59+02:00,11234,10753,69061,69075,110375,107396,100157,99620,96291,101721,95069,96859,56834,70480,44557,61795,11046,22432,62132,62270,103835,100210,94705,93194,91756,96562,91422,93068,55068,68283,43343,59858,10542,21251,842248,791035,136744,131121,158692,145597,96932,213,212
2021-10-12T23:59:59+02:00,11095,10647,68883,68942,110281,107284,100064,99529,96235,101665,95031,96814,56819,70448,44548,61778,11039,22421,61975,62114,103710,100081,94592,93076,91668,96493,91363,93013,55017,68251,43332,59839,10539,21240,841190,789910,136682,131060,158692,145592,96820,212,210
2021-10-11T23:59:59+02:00,11023,10585,68745,68831,110171,107182,99979,99450,96176,101591,94976,96774,56791,70422,44529,61757,11034,22408,61809,61951,103584,99959,94497,92981,91596,96408,91314,92966,54981,68208,43317,59813,10530,21232,840255,788872,136616,130978,158689,145582,96725,212,210
2021-10-10T23:59:59+02:00,10951,10535,68589,68724,110039,107047,99888,99361,96111,101515,94933,96737,56773,70402,44523,61743,11026,22403,61626,61805,103426,99801,94393,92851,91509,96303,91238,92927,54956,68184,43308,59800,10527,21222,839333,787751,136567,130919,158685,145572,96576,212,210
2021-10-09T23:59:59+02:00,10926,10517,68504,68667,109977,107002,99849,99323,96075,101483,94918,96723,56767,70396,44522,61742,11026,22403,61541,61731,103345,99725,94337,92796,91468,96258,91217,92906,54950,68173,43303,59792,10526,21221,838957,787222,136538,130861,158683,145569,96503,212,210
2021-10-08T23:59:59+02:00,10855,10463,68364,68574,109846,106900,99778,99231,96010,101437,94871,96676,56755,70380,44519,61739,11026,22402,61374,61550,103215,99577,94223,92680,91385,96165,91169,92866,54935,68160,43297,59783,10524,21220,838140,786131,136491,130774,158682,145562,96373,212,210
2021-10-07T23:59:59+02:00,10777,10387,68167,68402,109683,106735,99646,99091,95924,101321,94799,96610,56733,70343,44505,61718,11022,22391,61099,61303,103024,99363,94077,92464,91278,96033,91095,92795,54905,68111,43282,59752,10517,21211,836798,784351,136421,130654,158680,145554,96215,212,210
2021-10-06T23:59:59+02:00,10710,10331,68001,68266,109560,106603,99557,98986,95844,101263,94754,96559,56691,70301,44491,61698,11019,22377,60921,61134,102890,99219,93968,92349,91206,95937,91021,92722,54874,68071,43269,59725,10512,21194,835768,783186,136359,130593,158679,145543,96063,212,210
2021-10-05T23:59:59+02:00,10605,10242,67832,68131,109420,106464,99448,98860,95782,101187,94709,96505,56673,70274,44482,61662,11014,22364,60728,60963,102746,99036,93853,92200,91108,95850,90960,92649,54847,68028,43252,59707,10508,21179,834628,781927,136288,130528,158678,145538,95918,212,210
2021-10-04T23:59:59+02:00,10568,10212,67671,67970,109268,106321,99361,98756,95694,101104,94658,96448,56639,70228,44468,61633,11011,22342,60580,60784,102612,98903,93725,92081,91019,95758,90902,92600,54812,67986,43228,59673,10502,21159,833603,780840,136216,130471,158676,145529,95716,211,210
2021-10-03T23:59:59+02:00,10503,10157,67471,67805,109104,106171,99249,98653,95608,101007,94594,96394,56607,70196,44460,61608,11010,22339,60387,60631,102426,98729,93588,91921,90923,95648,90828,92543,54776,67942,43211,59648,10499,21151,832485,779590,136148,130386,158672,145520,95490,211,210
2021-10-02T23:59:59+02:00,10478,10131,67370,67712,109019,106106,99186,98591,95558,100958,94573,96373,56596,70178,44460,61607,11009,22337,60269,60517,102354,98653,93521,91856,90877,95601,90802,92521,54769,67925,43210,59644,10498,21151,831956,779004,136086,130337,158670,145500,95389,211,210
2021-10-01T23:59:59+02:00,10393,10031,67219,67552,108840,105966,99069,98482,95480,100892,94521,96334,56579,70160,44458,61595,11007,22335,60076,60294,102187,98500,93393,91714,90773,95494,90741,92464,54752,67896,43207,59635,10497,21148,830914,777740,136028,130252,158668,145461,95162,211,210
2021-09-30T23:59:59+02:00,10315,9962,67001,67335,108636,105730,98896,98293,95346,100755,94429,96235,56544,70115,44441,61564,11003,22321,59827,60036,101989,98293,93209,91504,90637,95347,90653,92373,54725,67847,43192,59602,10487,21134,829336,776081,135938,130135,158662,145413,94841,211,210
2021-09-29T23:59:59+02:00,10237,9906,66812,67153,108447,105540,98749,98135,95225,100650,94348,96165,56504,70060,44424,61530,10998,22302,59656,59869,101808,98118,93075,91341,90529,95244,90582,92292,54692,67799,43173,59556,10484,21120,827980,774870,135873,130059,158658,145380,94530,211,210
2021-09-28T23:59:59+02:00,10153,9833,66630,66950,108249,105381,98605,97980,95116,100540,94264,96087,56463,70021,44412,61492,10991,22275,59471,59692,101621,97963,92943,91208,90407,95116,90503,92224,54661,67762,43157,59528,10475,21105,826620,773711,135811,129974,158656,145346,94211,211,210
2021-09-27T23:59:59+02:00,10025,9700,66396,66704,108043,105212,98474,97837,95030,100433,94188,96016,56436,69974,44399,61461,10986,22264,59274,59510,101443,97829,92806,91073,90305,95008,90433,92149,54624,67707,43135,59501,10467,21094,825234,772667,135739,129895,158655,145305,93806,211,210
2021-09-26T23:59:59+02:00,9907,9607,66161,66479,107818,105026,98309,97694,94914,100311,94105,95936,56399,69943,44385,61438,10981,22251,59040,59318,101244,97650,92661,90911,90199,94890,90361,92075,54595,67680,43121,59473,10462,21079,823823,771540,135661,129802,158649,145246,93387,211,210
2021-09-25T23:59:59+02:00,9869,9567,66046,66355,107715,104936,98235,97634,94857,100260,94074,95908,56395,69935,44383,61435,10980,22251,58930,59201,101142,97558,92580,90841,90159,94824,90324,92054,54583,67669,43117,59469,10462,21079,823275,770995,135601,129750,158649,145218,93166,211,210
2021-09-24T23:59:59+02:00,9808,9507,65889,66176,107549,104769,98090,97491,94737,100157,94004,95853,56380,69918,44375,61421,10980,22249,58716,58976,100962,97367,92456,90696,90052,94718,90241,91988,54562,67647,43114,59464,10461,21076,822263,769820,135531,129684,158649,145156,92765,211,210
2021-09-23T23:59:59+02:00,9717,9386,65575,65847,107291,104522,97899,97264,94578,99992,93902,95743,56336,69859,44351,61392,10974,22220,58425,58698,100721,97141,92271,90488,89920,94568,90146,91884,54514,67598,43092,59436,10460,21053,820493,768294,135412,129574,158643,145086,92155,211,210
2021-09-22T23:59:59+02:00,9646,9306,65241,65532,107088,104312,97706,97062,94422,99859,93775,95646,56290,69790,44317,61349,10963,22198,58247,58521,100542,96978,92094,90352,89804,94450,90040,91808,54480,67554,43064,59405,10454,21038,818762,767275,135303,129497,158638,145003,91653,211,210
2021-09-21T23:59:59+02:00,9559,9220,65017,65291,106884,104134,97534,96905,94307,99751,93694,95575,56240,69739,44299,61306,10956,22186,58058,58342,100351,96826,91955,90222,89717,94361,89951,91734,54441,67497,43043,59366,10445,21020,817319,766239,135227,129403,158635,144940,91270,211,210
2021-09-20T23:59:59+02:00,9499,9163,64734,64988,106692,103952,97374,96741,94202,99655,93628,95499,56200,69696,44279,61263,10951,22175,57868,58193,100174,96684,91803,90072,89576,94262,89872,91663,54396,67460,43017,59330,10439,21004,815910,765256,135150,129322,158630,144793,90854,211,210
2021-09-19T23:59:59+02:00,9449,9119,64457,64819,106465,103760,97226,96575,94065,99556,93526,95425,56171,69642,44269,61238,10948,22163,57627,58000,99934,96511,91619,89908,89394,94091,89755,91581,54359,67399,42998,59296,10438,20991,814599,764065,135069,129206,158627,144531,90431,211,210
2021-09-18T23:59:59+02:00,9417,9074,64363,64719,106347,103664,97116,96489,93997,99485,93493,95397,56163,69633,44265,61233,10946,22162,57507,57880,99831,96413,91497,89828,89323,94028,89719,91551,54349,67394,42991,59293,10436,20987,814029,763438,134980,129141,158625,144519,90182,211,210
2021-09-17T23:59:59+02:00,9339,8988,64172,64560,106172,103508,96947,96335,93867,99388,93420,95321,56147,69606,44254,61227,10940,22156,57304,57647,99646,96253,91345,89712,89207,93922,89642,91490,54334,67367,42983,59286,10436,20984,812934,762326,134893,129045,158621,144502,89752,211,210
2021-09-16T23:59:59+02:00,9249,8882,63901,64270,105903,103254,96716,96099,93680,99211,93318,95232,56096,69552,44241,61200,10933,22142,57055,57380,99384,96025,91152,89505,89032,93763,89541,91403,54288,67317,42961,59265,10431,20972,811162,760840,134806,128909,158611,144438,89152,211,210
2021-09-15T23:59:59+02:00,9179,8827,63553,63981,105705,103042,96509,95906,93545,99053,93216,95148,56058,69495,44206,61169,10928,22115,56882,57224,99192,95862,90983,89349,88927,93650,89438,91341,54256,67269,42936,59232,10427,20956,809427,759798,134752,128792,158607,144402,88700,211,210
2021-09-14T23:59:59+02:00,9137,8776,63264,63776,105474,102830,96312,95728,93412,98912,93100,95062,56012,69438,44181,61131,10923,22099,56681,57044,99017,95676,90816,89186,88795,93539,89356,91270,54219,67229,42914,59205,10422,20941,807904,758766,134683,128700,158599,144304,88232,211,209
2021-09-13T23:59:59+02:00,9102,8742,62972,63515,105250,102602,96142,95560,93268,98777,93013,94964,55962,69384,44164,61098,10916,22087,56474,56863,98824,95486,90662,89029,88664,93433,89270,91195,54182,67184,42894,59176,10419,20924,806412,757681,134595,128586,158589,144262,87773,211,209
2021-09-12T23:59:59+02:00,9051,8694,62669,63273,105007,102356,95933,95332,93107,98648,92917,94884,55912,69335,44148,61067,10911,22076,56275,56703,98582,95278,90495,88861,88529,93317,89173,91120,54139,67127,42872,59148,10415,20907,804900,756658,134497,128459,158585,144191,87188,211,209
2021-09-11T23:59:59+02:00,9004,8661,62548,63143,104865,102236,95830,95223,93022,98570,92878,94852,55897,69321,44143,61055,10911,22075,56128,56614,98434,95172,90397,88762,88430,93251,89136,91094,54129,67108,42868,59138,10415,20906,804218,756062,134439,128382,158585,144172,86842,211,209
2021-09-10T23:59:59+02:00,8909,8551,62313,62881,104668,102024,95659,95033,92881,98445,92784,94780,55863,69292,44129,61037,10911,22073,55887,56408,98236,94986,90213,88579,88298,93122,89052,91024,54107,67087,42855,59119,10415,20902,802844,754904,134376,128266,158582,144157,86281,211,209
2021-09-09T23:59:59+02:00,8811,8453,62005,62608,104394,101709,95426,94744,92706,98220,92649,94664,55824,69228,44108,61007,10901,22052,55638,56185,97985,94736,89992,88348,88137,92969,88910,90939,54065,67038,42834,59089,10409,20896,800892,753499,134272,128081,158578,144085,85617,211,209
2021-09-08T23:59:59+02:00,8751,8403,61790,62380,104181,101476,95239,94526,92544,98055,92536,94535,55789,69162,44074,60967,10888,22028,55480,56031,97801,94532,89835,88154,87980,92825,88791,90834,54027,66976,42798,59047,10398,20862,799441,752495,134167,127933,158569,143998,84997,211,209
2021-09-07T23:59:59+02:00,8700,8350,61553,62170,103955,101243,95056,94336,92404,97915,92434,94459,55755,69113,44045,60912,10878,22006,55285,55868,97584,94336,89650,87989,87853,92717,88693,90745,53985,66930,42773,59015,10393,20845,797967,751416,134063,127806,158565,143870,84539,211,209
2021-09-06T23:59:59+02:00,8659,8308,61349,61997,103755,101071,94916,94180,92287,97790,92348,94385,55698,69056,44023,60885,10871,21973,55117,55700,97386,94173,89483,87832,87725,92592,88596,90665,53933,66882,42752,58970,10383,20821,796744,750313,133973,127672,158554,143786,84130,211,209
2021-09-05T23:59:59+02:00,8598,8259,61140,61795,103594,100885,94761,94012,92165,97678,92271,94318,55671,69016,44013,60864,10866,21966,54913,55499,97193,93973,89295,87672,87585,92467,88512,90579,53884,66832,42735,58947,10378,20805,795569,749151,133893,127502,158551,143691,83709,211,209
2021-09-04T23:59:59+02:00,8547,8229,61022,61686,103508,100787,94660,93927,92109,97610,92236,94293,55662,69005,44007,60854,10866,21965,54787,55385,97075,93847,89179,87573,87516,92386,88463,90545,53869,66821,42729,58936,10378,20804,794978,748500,133845,127379,158547,143673,83453,211,209
2021-09-03T23:59:59+02:00,8469,8157,60833,61504,103339,100634,94514,93786,92006,97496,92164,94241,55634,68979,43999,60840,10864,21958,54581,55203,96874,93631,88986,87381,87370,92213,88370,90466,53837,66787,42718,58917,10374,20801,793887,747251,133792,127152,158539,143637,83049,211,209
2021-09-02T23:59:59+02:00,8352,8066,60582,61261,103088,100395,94321,93567,91821,97336,92047,94143,55588,68922,43976,60805,10860,21937,54317,54946,96581,93354,88745,87109,87149,92008,88227,90351,53792,66705,42687,58866,10364,20765,792253,745602,133683,126795,158528,143519,82452,211,209
2021-09-01T23:59:59+02:00,8288,7984,60374,61050,102893,100225,94173,93416,91705,97213,91943,94070,55545,68872,43958,60781,10852,21919,54062,54727,96354,93134,88550,86895,86971,91841,88087,90242,53727,66616,42649,58822,10354,20744,791015,744154,133610,126535,158512,143400,81973,211,205
2021-08-31T23:59:59+02:00,8208,7909,60170,60806,102696,100045,93998,93260,91583,97098,91820,93989,55500,68821,43932,60741,10843,21903,53809,54469,96087,92885,88336,86662,86814,91681,87926,90138,53683,66544,42623,58767,10347,20725,789668,742662,133530,126226,158500,143291,81473,211,205
2021-08-30T23:59:59+02:00,8112,7833,59967,60622,102526,99903,93881,93130,91466,96996,91753,93910,55467,68793,43916,60707,10838,21887,53559,54276,95847,92652,88127,86434,86636,91539,87800,90015,53627,66466,42582,58703,10330,20696,788567,741231,133473,125913,158493,143144,81022,211,204
2021-08-29T23:59:59+02:00,8035,7755,59690,60382,102288,99706,93697,92957,91327,96879,91664,93821,55422,68743,43892,60677,10836,21878,53208,53966,95527,92364,87836,86175,86401,91343,87646,89888,53558,66391,42552,58663,10324,20679,787212,739323,133383,125577,158478,142999,80424,211,204
2021-08-28T23:59:59+02:00,7979,7688,59553,60271,102183,99598,93593,92874,91242,96804,91619,93791,55408,68730,43884,60673,10835,21876,53030,53818,95366,92232,87701,86064,86290,91255,87577,89845,53541,66370,42543,58656,10322,20678,786593,738501,133344,125472,158474,142973,80038,211,204
2021-08-27T23:59:59+02:00,7913,7603,59366,60079,102013,99431,93452,92747,91131,96698,91533,93734,55386,68701,43874,60656,10834,21873,52783,53572,95071,91958,87480,85859,86117,91100,87470,89746,53498,66334,42528,58630,10317,20675,785607,736929,133282,125271,158436,142937,79547,211,204
2021-08-26T23:59:59+02:00,7827,7504,59129,59832,101787,99212,93234,92524,90953,96517,91426,93636,55337,68639,43841,60629,10828,21861,52448,53289,94705,91608,87145,85549,85876,90842,87312,89614,53435,66245,42482,58587,10310,20663,784137,735020,133184,124863,158413,142805,78830,211,202
2021-08-25T23:59:59+02:00,7755,7414,58901,59635,101618,99069,93083,92342,90833,96394,91317,93557,55299,68587,43807,60585,10823,21838,52147,53037,94402,91354,86921,85306,85679,90654,87179,89488,53367,66159,42434,58519,10304,20632,782925,733296,133102,124551,158403,142737,78276,210,200
2021-08-24T23:59:59+02:00,7705,7362,58681,59417,101432,98896,92917,92180,90722,96267,91232,93486,55261,68533,43780,60542,10817,21813,51826,52774,94052,91068,86621,85056,85469,90463,87027,89327,53282,66065,42386,58453,10296,20610,781789,731477,133010,124249,158396,142518,77697,210,200
2021-08-23T23:59:59+02:00,7649,7310,58478,59211,101269,98740,92787,92020,90630,96182,91156,93401,55223,68490,43751,60516,10813,21795,51504,52508,93714,90790,86373,84781,85274,90293,86892,89202,53204,65972,42351,58403,10289,20592,780650,729583,132939,123963,158386,142344,77295,210,199
2021-08-22T23:59:59+02:00,7581,7254,58283,59029,101066,98581,92629,91884,90535,96066,91077,93334,55187,68444,43737,60492,10807,21781,51132,52155,93314,90388,86065,84475,85037,90065,86723,89078,53125,65866,42318,58342,10281,20570,779628,727261,132837,123651,158374,142128,76777,210,195
2021-08-21T23:59:59+02:00,7527,7216,58149,58906,100932,98475,92524,91780,90436,96005,91020,93299,55167,68422,43729,60475,10805,21778,50800,51854,93147,90240,85896,84317,84890,89941,86637,89015,53094,65842,42308,58326,10280,20564,778951,725736,132762,123423,158373,142087,76408,210,195
2021-08-20T23:59:59+02:00,7474,7164,57994,58734,100760,98324,92373,91646,90321,95881,90944,93239,55145,68397,43719,60458,10803,21773,50468,51515,92883,89973,85633,84083,84675,89737,86504,88905,53063,65801,42285,58302,10273,20557,777996,723771,132713,123217,158367,142022,75922,210,195
2021-08-19T23:59:59+02:00,7407,7104,57747,58499,100485,98096,92165,91454,90161,95716,90816,93136,55103,68338,43694,60427,10796,21759,50024,51077,92453,89572,85226,83681,84364,89422,86290,88722,52992,65693,42247,58241,10263,20539,776634,721074,132580,122771,158359,141816,75179,210,194
2021-08-18T23:59:59+02:00,7343,7049,57566,58338,100300,97916,92020,91291,90022,95596,90715,93042,55036,68274,43665,60382,10786,21739,49673,50710,92076,89246,84906,83350,84087,89172,86100,88550,52878,65578,42176,58149,10248,20509,775482,718683,132490,122382,158352,141577,74606,209,194
2021-08-17T23:59:59+02:00,7281,6998,57376,58181,100108,97742,91854,91143,89900,95465,90619,92950,54997,68226,43640,60354,10784,21724,49180,50289,91626,88824,84503,82995,83758,88878,85894,88347,52775,65453,42118,58072,10242,20485,774368,715668,132386,121973,158339,141287,74100,208,194
2021-08-16T23:59:59+02:00,7222,6932,57193,58005,99905,97567,91706,90982,89758,95348,90504,92853,54945,68165,43611,60303,10777,21710,48614,49714,91148,88377,84034,82599,83423,88585,85663,88141,52672,65338,42060,57994,10233,20448,773200,712139,132294,121529,158332,141059,73511,208,194
2021-08-15T23:59:59+02:00,7156,6884,56972,57817,99720,97383,91548,90842,89634,95242,90415,92794,54907,68124,43591,60274,10773,21703,47491,48577,90504,87686,83477,82055,83028,88197,85376,87934,52564,65216,42016,57935,10224,20429,772118,706325,132183,120900,158324,140879,73005,208,193
2021-08-14T23:59:59+02:00,7124,6851,56850,57729,99579,97284,91445,90766,89546,95173,90364,92749,54892,68108,43586,60267,10772,21702,47338,48433,90271,87512,83264,81847,82903,88096,85306,87890,52536,65185,42007,57924,10223,20427,771593,705508,132127,120576,158320,140828,72598,208,193
2021-08-13T23:59:59+02:00,7078,6806,56696,57600,99421,97156,91318,90629,89440,95059,90283,92685,54862,68057,43572,60244,10770,21695,47033,48115,89794,87107,82864,81470,82639,87863,85136,87749,52493,65117,41985,57900,10220,20415,770764,703281,132068,120019,158313,140748,72079,206,193
2021-08-12T23:59:59+02:00,7043,6756,56492,57438,99208,96979,91144,90463,89295,94917,90188,92605,54824,68004,43546,60210,10762,21678,46618,47724,89146,86530,82284,80919,82259,87536,84908,87570,52419,65015,41932,57841,10210,20397,769700,700306,131965,119177,158300,140498,71440,206,192
2021-08-11T23:59:59+02:00,7008,6701,56305,57266,99001,96797,90984,90322,89162,94803,90077,92502,54772,67944,43515,60171,10753,21663,46202,47265,88519,85878,81702,80408,81921,87230,84637,87327,52331,64874,41860,57716,10191,20348,768571,697129,131867,118221,158277,140163,70887,203,191
2021-08-10T23:59:59+02:00,6947,6653,56120,57100,98781,96648,90827,90172,89033,94690,89993,92425,54727,67897,43499,60131,10749,21650,45765,46796,87872,85250,81093,79865,81510,86850,84392,87111,52210,64765,41800,57633,10177,20317,767508,693786,131773,117277,158258,139846,70359,203,191
2021-08-09T23:59:59+02:00,6895,6594,55947,56937,98586,96494,90672,90034,88892,94594,89882,92362,54688,67848,43474,60096,10742,21635,45198,46241,87034,84574,80403,79277,81096,86501,84099,86887,52098,64633,41744,57532,10163,20275,766483,689966,131700,116212,158248,139498,69797,203,188
2021-08-08T23:59:59+02:00,6824,6525,55720,56746,98375,96305,90493,89868,88755,94472,89787,92286,54632,67801,43448,60061,10735,21614,44592,45626,85961,83633,79495,78464,80552,86023,83768,86586,51963,64479,41680,57441,10150,20248,765260,684825,131588,115029,158228,139182,69226,203,188
2021-08-07T23:59:59+02:00,6780,6474,55575,56622,98235,96189,90364,89765,88660,94414,89724,92246,54613,67775,43445,60051,10732,21609,43751,44744,85623,83295,79018,78024,80192,85670,83586,86441,51900,64395,41659,57405,10145,20239,764588,681105,131526,113880,158224,139077,68790,203,187
2021-08-06T23:59:59+02:00,6724,6425,55383,56472,98003,96005,90211,89635,88535,94297,89626,92175,54573,67747,43436,60024,10729,21605,42829,43854,85153,82826,78430,77468,79802,85285,83395,86294,51847,64330,41633,57373,10137,20225,763625,677137,131426,112597,158217,138941,68192,203,186
2021-08-05T23:59:59+02:00,6658,6353,55062,56226,97704,95735,89950,89413,88322,94105,89456,92039,54508,67657,43406,59972,10720,21587,41587,42684,84420,82142,77651,76667,79205,84720,83038,85991,51717,64170,41572,57270,10122,20193,761968,671560,131299,110959,158205,138396,67256,203,185
2021-08-04T23:59:59+02:00,6577,6303,54822,56039,97452,95522,89765,89247,88180,93965,89338,91941,54455,67605,43368,59925,10716,21577,41111,42190,83193,81092,76308,75522,78715,84264,82718,85744,51575,64031,41515,57183,10106,20167,760677,666357,131190,109447,158191,137926,66594,203,185
2021-08-03T23:59:59+02:00,6511,6237,54564,55844,97216,95330,89588,89083,88037,93819,89192,91820,54377,67524,43331,59867,10708,21569,40672,41763,81942,79953,74884,74333,78106,83694,82173,85251,51361,63826,41414,57028,10093,20131,759298,660527,131085,107746,158166,137222,65923,203,185
2021-08-02T23:59:59+02:00,6449,6175,54325,55641,96955,95108,89366,88908,87865,93679,89048,91707,54294,67451,43298,59815,10705,21549,40193,41276,80621,78841,73334,73126,77480,83129,81629,84766,51191,63622,41339,56907,10076,20097,757864,654455,130935,105985,158144,136617,65251,202,183
2021-08-01T23:59:59+02:00,6383,6089,54057,55376,96688,94837,89127,88732,87662,93535,88884,91597,54225,67365,43261,59763,10698,21542,39673,40783,79328,77760,71920,72021,76587,82376,81043,84299,51001,63383,41251,56802,10065,20073,756252,648271,130740,104081,158119,136003,64567,199,180
2021-07-31T23:59:59+02:00,6347,6051,53934,55282,96567,94742,89026,88666,87571,93464,88839,91561,54213,67355,43255,59759,10698,21541,38714,39762,78882,77315,71383,71469,76202,82049,80928,84204,50982,63350,41235,56790,10065,20070,755769,643595,130570,103206,158116,135908,64273,199,180
2021-07-30T23:59:59+02:00,6292,6016,53757,55140,96407,94565,88869,88517,87439,93349,88756,91491,54176,67324,43242,59741,10696,21539,37707,38706,78175,76662,70629,70731,75687,81521,80527,83879,50905,63261,41201,56730,10059,20058,754870,637401,130254,102067,158113,135698,63937,198,179
2021-07-29T23:59:59+02:00,6241,5957,53521,54955,96145,94337,88657,88309,87268,93174,88616,91364,54116,67260,43219,59704,10688,21518,36459,37471,77117,75792,69578,69779,74879,80758,79989,83449,50773,63096,41134,56635,10042,20031,753624,629625,129772,100510,158097,135142,63415,197,179
2021-07-28T23:59:59+02:00,6204,5904,53320,54785,95938,94130,88507,88128,87152,93034,88504,91266,54058,67185,43185,59656,10678,21488,35846,36868,75947,74811,68303,68680,74117,80044,79498,82991,50632,62895,41064,56532,10026,19990,752446,623285,129323,99096,158080,134352,63132,197,177
2021-07-27T23:59:59+02:00,6155,5863,53086,54563,95677,93920,88324,87943,86994,92881,88380,91168,54005,67109,43143,59593,10664,21440,35192,36113,74488,73561,66850,67464,73253,79199,78954,82472,50457,62682,40984,56411,10001,19948,751033,615983,128891,97645,158057,133120,62786,197,176
2021-07-26T23:59:59+02:00,6098,5810,52866,54355,95431,93732,88126,87776,86830,92744,88251,91067,53944,67029,43114,59537,10657,21418,34424,35282,72972,72225,65477,66227,72205,78208,78363,81941,50284,62467,40906,56263,9979,19903,749687,607909,128467,96111,158040,132047,62451,196,176
2021-07-25T23:59:59+02:00,6060,5766,52658,54153,95179,93502,87949,87582,86672,92613,88143,90970,53893,66966,43086,59493,10647,21383,33718,34520,71629,71017,64360,65212,71203,77294,77887,81489,50166,62281,40841,56176,9973,19868,748281,600935,128193,94544,158019,131245,62082,196,176
2021-07-24T23:59:59+02:00,5973,5708,52383,53854,94871,93186,87702,87372,86496,92456,88043,90889,53864,66932,43074,59470,10647,21377,33213,34029,70766,70320,63689,64657,70327,76592,77682,81338,50111,62238,40819,56151,9973,19866,746396,596516,128141,93609,158018,131117,61601,196,176
2021-07-23T23:59:59+02:00,5920,5652,52109,53579,94471,92898,87404,87157,86315,92279,87904,90795,53831,66884,43066,59452,10644,21371,32694,33381,69700,69463,62909,63990,69424,75742,77279,81011,50036,62140,40787,56112,9966,19852,744344,590898,128067,92451,158012,130944,61167,196,176
2021-07-22T23:59:59+02:00,5850,5588,51691,53177,93993,92452,87017,86824,86005,91980,87693,90609,53746,66790,43037,59392,10636,21345,31987,32658,68384,68470,61858,63109,67806,74384,76626,80500,49885,61933,40695,55996,9945,19812,741296,584446,127831,89695,157988,130175,60570,195,175
2021-07-21T23:59:59+02:00,5798,5535,51320,52793,93556,92035,86710,86523,85748,91736,87519,90421,53662,66706,42978,59325,10625,21317,31373,32008,67052,67427,60771,62215,65762,72694,75721,79755,49594,61624,40534,55808,9921,19755,738487,578152,127591,85378,157958,129084,60130,195,175
2021-07-20T23:59:59+02:00,5740,5471,50929,52399,93091,91569,86344,86197,85479,91481,87296,90224,53570,66571,42929,59266,10618,21291,30714,31359,65587,66237,59637,61253,64584,71634,75109,79199,49389,61392,40428,55650,9897,19694,735517,571105,127369,83702,157902,128059,59536,195,175
2021-07-19T23:59:59+02:00,5663,5397,50457,51939,92621,91090,85973,85864,85231,91268,87089,90045,53477,66451,42893,59186,10600,21256,30171,30775,64421,65177,58720,60392,63430,70598,74510,78684,49215,61196,40336,55504,9869,19650,732242,565315,127140,81895,157867,126870,59110,195,175
2021-07-18T23:59:59+02:00,5594,5327,49630,51124,91542,90034,85241,85250,84749,90835,86795,89753,53371,66302,42830,59089,10590,21225,29616,30188,63233,64102,57796,59475,62251,69571,73959,78184,49067,61033,40278,55421,9857,19622,725767,559470,126807,79869,157850,126061,58716,195,174
2021-07-17T23:59:59+02:00,5420,5140,49277,50790,91399,89898,85046,85090,84593,90697,86688,89670,53351,66275,42819,59077,10589,21222,29228,29807,62585,63506,57241,59053,61500,68836,73653,77943,48957,60915,40239,55363,9847,19611,724585,556454,126631,78901,157845,125447,57838,195,174
2021-07-16T23:59:59+02:00,5319,5049,48953,50498,91133,89674,84800,84893,84393,90513,86549,89563,53309,66243,42801,59063,10586,21217,28732,29305,61645,62597,56395,58365,60446,67798,73151,77522,48796,60727,40193,55294,9842,19602,723206,551496,126461,77579,157835,124708,56913,194,174
2021-07-15T23:59:59+02:00,5183,4916,48479,50086,90732,89293,84440,84514,84089,90235,86327,89394,53229,66152,42746,58993,10577,21190,28003,28675,60326,61528,55268,57380,59034,66484,72417,76935,48566,60465,40104,55163,9827,19547,720731,545665,126041,75384,157800,123035,55848,193,174
2021-07-14T23:59:59+02:00,5077,4801,48124,49710,90424,89000,84153,84200,83840,89996,86125,89236,53139,66045,42688,58904,10560,21158,27471,28112,59230,60535,54297,56534,58155,65634,71809,76347,48298,60187,39998,54989,9805,19503,718561,540238,125681,74464,157751,121337,55033,192,174
2021-07-13T23:59:59+02:00,4965,4684,47720,49326,90026,88647,83848,83893,83573,89736,85919,89067,53029,65940,42633,58839,10554,21137,26808,27435,57860,59349,53106,55542,57165,64721,71083,75709,48020,59863,39868,54811,9773,19451,716198,533891,125310,73350,157694,119286,54180,191,173
2021-07-12T23:59:59+02:00,4794,4514,47169,48809,89629,88304,83453,83572,83324,89475,85729,88906,52949,65845,42585,58776,10542,21122,26178,26777,56358,57998,51820,54483,55942,63575,70338,75091,47646,59434,39692,54588,9732,19386,713477,526602,124942,72330,157630,116938,53294,191,173
2021-07-11T23:59:59+02:00,4399,4141,46219,47882,89196,87870,83039,83185,83014,89187,85533,88758,52862,65754,42560,58720,10531,21105,25574,26208,54981,56737,50525,53438,54900,62542,69742,74539,47300,59054,39567,54413,9707,19344,709509,519976,124472,71322,157591,115148,52232,188,172
2021-07-10T23:59:59+02:00,4386,4128,45889,47538,88740,87389,82706,82875,82910,89087,85467,88701,52841,65731,42551,58706,10530,21101,25086,25670,53890,55792,49664,52855,54301,61974,69526,74353,46931,58635,39467,54308,9702,19333,708839,515650,124004,71237,157414,113827,50869,187,172
2021-07-09T23:59:59+02:00,4367,4116,45471,47095,88119,86824,82330,82531,82658,88899,85353,88609,52805,65702,42544,58693,10526,21092,24382,24892,52569,54560,48722,51975,53522,61123,69104,73948,46572,58225,39379,54218,9695,19321,707417,509474,123419,70831,157251,112479,49498,186,172
2021-07-08T23:59:59+02:00,4337,4089,44919,46594,87257,86113,81799,82015,82404,88657,85158,88455,52738,65635,42512,58647,10515,21076,23392,23951,50627,52983,47337,50823,52381,59995,68412,73312,46051,57665,39242,54054,9667,19252,705291,501719,122527,69558,156960,109937,47981,185,171
2021-07-07T23:59:59+02:00,4314,4062,44334,46000,86419,85353,81246,81533,82118,88359,84949,88291,52659,65534,42469,58583,10507,21056,22501,23034,48681,51300,45819,49683,51140,58810,67711,72777,45314,56922,39047,53816,9635,19194,702773,493533,121527,68447,156703,106828,46603,182,169
2021-07-06T23:59:59+02:00,4281,4041,43789,45476,85553,84615,80631,80943,81748,88028,84773,88115,52570,65452,42431,58521,10498,21031,21662,22165,46677,49516,44432,48431,49859,57472,66962,72058,44484,56147,38861,53577,9617,19139,700122,484558,120505,67364,156403,103856,45288,180,169
2021-07-05T23:59:59+02:00,4259,4005,42627,44487,84036,83512,79902,80323,81289,87605,84498,87850,52455,65316,42380,58442,10484,21003,20469,21096,44717,47912,43410,47467,48830,56509,66265,71439,43720,55285,38686,53353,9593,19101,696797,478565,119445,66491,156038,100764,42016,179,169
2021-07-04T23:59:59+02:00,4232,3983,41264,43269,82386,82194,79175,79716,80817,87183,84227,87648,52362,65190,42337,58391,10471,20974,19115,19890,42917,46385,42710,46721,48018,55656,65681,70870,42977,54435,38523,53162,9573,19054,693675,473898,118292,65554,155614,98149,38061,179,168
2021-07-03T23:59:59+02:00,3765,3566,39689,41721,81521,81537,78690,79227,80371,86705,84008,87476,52294,65089,42319,58339,10468,20968,18304,19200,41998,45690,42292,46346,47612,55256,65515,70704,42386,53706,38460,53063,9566,19044,689923,471959,116980,65455,155530,96555,35143,179,168
2021-07-02T23:59:59+02:00,3207,2995,38133,40221,80788,80806,78018,78520,79851,86201,83767,87272,52242,65003,42291,58292,10456,20955,17534,18469,40840,44722,41556,45647,46778,54472,64993,70253,41435,52500,38330,52875,9550,19025,684877,466877,115575,64987,155378,94058,33012,178,166
2021-07-01T23:59:59+02:00,2560,2448,36413,38552,79803,79938,77178,77687,79144,85563,83452,86995,52119,64846,42228,58189,10438,20926,16650,17540,39291,43481,40340,44586,45474,53340,64250,69674,40544,51362,38181,52667,9533,18993,678536,460447,113846,63333,155154,91291,30767,178,166
2021-06-30T23:59:59+02:00,2518,2418,35401,37533,77960,78436,75477,76194,78498,85015,83166,86703,51986,64686,42168,58092,10426,20899,15615,16559,37611,42260,39141,43481,44317,52279,63494,69044,39998,50676,38063,52468,9511,18957,672669,454306,112110,61995,154940,89406,27681,178,165
2021-06-29T23:59:59+02:00,2483,2386,34561,36632,76359,76941,73864,74782,77703,84299,82620,86212,51803,64467,42092,57961,10408,20863,14779,15653,36297,41111,38230,42657,43097,51227,62776,68459,39286,49739,37927,52248,9488,18913,666309,449114,110231,60163,154671,87454,25049,178,164
2021-06-28T23:59:59+02:00,2442,2352,33735,35819,74746,75524,72183,73387,76681,83512,82016,85714,51627,64239,42015,57855,10395,20830,14029,14890,35236,40088,37409,41928,41967,50227,62125,67913,38414,48654,37760,52026,9469,18867,659832,444265,108274,58647,154074,85254,22716,178,163
2021-06-27T23:59:59+02:00,2427,2337,32997,35071,73183,74152,70774,72180,75283,82389,81340,85158,51430,64022,41950,57737,10385,20801,13392,14255,34277,39325,36751,41327,41031,49375,61582,67470,37548,47621,37608,51847,9454,18836,653625,440352,106337,57879,153121,82988,20357,177,161
2021-06-26T23:59:59+02:00,1790,1727,31954,33964,72823,73833,70308,71715,74991,82078,81247,85079,51410,63996,41936,57727,10384,20798,13198,14046,33613,38782,36104,40906,40508,49040,60590,66461,36552,46483,37440,51634,9440,18803,648826,434364,105397,57825,153117,81042,20246,175,160
2021-06-25T23:59:59+02:00,1172,1129,30830,32787,72328,73297,69697,71020,74565,81631,80871,84756,51348,63908,41902,57684,10379,20784,12864,13655,32762,37988,35235,40086,39561,48199,59376,65226,36036,45783,37249,51334,9417,18762,642489,425940,104203,57376,153110,79979,20112,175,159
2021-06-24T23:59:59+02:00,569,569,29486,31459,71548,72536,68824,70134,73892,80996,80424,84392,51242,63779,41850,57614,10368,20750,12197,12946,31586,36684,34016,38823,38430,47087,57739,63850,35559,45265,37092,51144,9398,18702,634652,416578,102715,55821,152998,78094,19894,174,158
2021-06-23T23:59:59+02:00,542,536,28982,30904,70435,71555,67553,68994,73142,80309,79973,83987,51130,63604,41790,57518,10352,20718,11702,12413,30587,35443,33083,37602,37406,46202,55792,62129,35004,44699,36925,50918,9377,18637,628413,406791,101141,54756,152892,76834,19405,174,157
2021-06-22T23:59:59+02:00,519,519,28461,30304,69262,70521,66347,67968,72464,79605,79561,83617,51022,63478,41742,57434,10343,20692,11355,11996,29674,34514,32129,36710,36447,45301,53816,60285,34619,44223,36788,50676,9348,18579,622067,398240,99678,53187,152758,75716,19183,174,155
2021-06-21T23:59:59+02:00,487,485,27792,29621,67942,69338,65158,66840,71706,78825,79167,83226,50915,63368,41683,57345,10329,20651,11062,11679,29049,33930,31577,36142,35839,44710,51969,58629,33908,43421,36491,50251,9318,18503,615237,390656,98175,51990,152636,75040,18658,173,154
2021-06-20T23:59:59+02:00,402,404,27156,28951,66713,68197,64138,65905,70902,78084,78813,82889,50838,63241,41634,57278,10324,20618,10774,11411,28501,33426,31121,35652,35326,44186,50121,56831,33366,42739,36294,49916,9288,18443,608839,383225,96712,51239,152536,74568,18228,173,150
2021-06-19T23:59:59+02:00,369,370,26769,28573,65980,67623,63610,65401,70103,77429,78662,82765,50817,63216,41618,57262,10323,20618,10640,11212,28247,33105,30866,35328,35102,43924,48676,55435,33107,42392,36210,49777,9280,18415,604870,377814,95767,51227,152536,74376,18163,173,150
2021-06-18T23:59:59+02:00,341,337,26309,28099,64965,66884,62873,64790,69182,76591,78272,82433,50754,63141,41591,57226,10319,20610,10424,10968,27847,32683,30536,34915,34710,43526,46936,53757,32754,41877,36073,49566,9261,18381,599444,370942,94526,50938,152530,74154,18045,173,149
2021-06-17T23:59:59+02:00,312,306,25664,27487,63694,65887,61871,63983,67593,75180,77745,82029,50654,62987,41528,57145,10306,20583,10007,10605,27058,31986,29796,34235,33873,42826,45425,52260,32307,41244,35909,49310,9230,18331,593340,363495,91866,49795,152368,73769,17209,172,148
2021-06-16T23:59:59+02:00,277,268,25130,26892,62391,64752,60767,63011,65324,73256,76902,81373,50440,62779,41437,57033,10287,20551,9683,10342,26408,31312,29093,33613,33144,42189,44830,51694,32036,40880,35763,49110,9209,18290,587073,359790,87356,49088,151948,72258,16324,170,148
2021-06-15T23:59:59+02:00,238,237,24477,26184,60982,63528,59686,62029,64169,72172,76395,80953,50318,62630,41386,56937,10280,20521,9413,10059,25808,30574,28457,32859,32463,41465,43268,50060,31585,40324,35591,48877,9179,18226,579909,353052,85730,48195,151493,71004,15821,170,148
2021-06-14T23:59:59+02:00,215,205,24002,25583,59872,62475,58810,61183,63093,71167,75922,80564,50230,62507,41336,56865,10265,20496,9119,9756,25057,29681,27695,32024,31674,40649,41978,48715,31215,39825,35454,48654,9149,18175,574033,346895,84013,47176,151289,69327,15286,170,147
2021-06-13T23:59:59+02:00,210,190,23583,25113,58930,61569,58037,60395,61985,70198,75458,80143,50140,62391,41285,56806,10253,20466,8834,9451,24348,28838,26985,31186,30913,39793,40417,47126,30750,39214,35251,48348,9119,18085,569009,339828,82158,46392,151063,67551,14753,170,145
2021-06-12T23:59:59+02:00,197,172,23325,24832,58371,61060,57676,60116,61343,69558,75257,80031,50115,62360,41273,56792,10250,20462,8715,9331,23872,28257,26463,30612,30385,39233,39316,46151,30581,39035,35156,48183,9115,18074,566053,335577,81204,46389,151055,65670,14709,170,145
2021-06-11T23:59:59+02:00,178,157,22956,24393,57619,60246,56999,59485,60436,68625,74911,79726,50040,62285,41247,56756,10248,20456,8575,9138,23355,27583,25930,29955,29802,38597,38236,45139,30313,38679,35013,47961,9102,18047,561008,330718,79912,46128,151041,63811,14634,169,144
2021-06-10T23:59:59+02:00,163,140,22414,23812,56477,59308,56071,58665,59174,67451,74372,79327,49968,62177,41223,56706,10233,20427,8311,8883,22482,26639,24966,29016,28681,37660,36845,43971,29956,38198,34733,47527,9035,17971,555418,323802,77703,45420,150803,61504,14016,169,142
2021-06-09T23:59:59+02:00,143,125,21781,23228,55213,58205,54995,57753,58225,66542,73910,78934,49880,62077,41171,56644,10219,20396,8016,8621,21551,25776,24036,28133,27645,36710,35125,42179,29566,37697,34546,47257,8993,17880,549618,316356,76250,44688,150450,59600,12956,168,140
2021-06-08T23:59:59+02:00,121,107,21104,22517,53900,57075,53877,56771,57272,65686,73364,78499,49791,61953,41116,56552,10201,20367,7749,8377,20652,24885,22981,27270,26610,35748,33762,40873,29209,37191,34225,46799,8942,17797,542930,310046,75320,43917,150011,57132,11844,168,138
2021-06-07T23:59:59+02:00,104,90,20451,21883,52461,55816,52617,55791,56116,64699,72812,78096,49706,61847,41070,56489,10188,20339,7493,8151,19812,24064,21959,26461,25578,34877,32827,40092,28927,36798,33975,46372,8891,17704,535638,305420,74419,43099,149603,54582,10747,168,138
2021-06-06T23:59:59+02:00,97,85,19939,21349,51317,54707,51508,54811,55149,63747,72301,77692,49619,61769,41034,56426,10180,20323,7281,7956,19031,23168,21057,25586,24508,33893,31911,39274,28637,36456,33720,45982,8840,17630,529304,300864,73397,42357,149268,51660,9919,165,135
2021-06-05T23:59:59+02:00,91,77,19669,21040,50534,53950,50855,54308,54675,63271,72170,77580,49608,61755,41030,56423,10177,20323,7050,7543,18388,22100,20331,24474,23633,32639,30873,37955,28303,35991,33596,45806,8833,17610,524954,294559,73391,42318,149187,48279,9839,165,135
2021-06-04T23:59:59+02:00,81,71,19217,20453,49470,52935,50037,53441,54021,62482,71827,77252,49580,61717,41010,56408,10175,20318,6827,7227,17762,21252,19643,23479,22693,31359,29649,36612,28015,35625,33482,45630,8821,17589,518464,288087,73063,42249,149170,45565,9634,164,134
2021-06-03T23:59:59+02:00,70,60,18537,19758,47950,51631,48819,52313,53048,61457,71323,76793,49514,61613,40972,56360,10162,20293,6535,6828,17025,20206,18842,22329,21686,29929,28480,35126,27473,34843,33276,45304,8784,17514,510693,281342,72050,41494,148895,42344,8873,162,131
2021-06-02T23:59:59+02:00,65,56,18156,19244,46928,50642,47936,51548,52297,60695,71073,76581,49475,61579,40953,56332,10154,20279,6344,6592,16384,19516,17916,21570,20839,28979,27385,33720,27007,34237,33115,45053,8755,17444,504404,275061,72032,41480,148874,39669,8523,160,126
2021-06-01T23:59:59+02:00,54,50,17477,18504,45058,48906,46278,50085,50779,59230,70395,75983,49383,61468,40894,56260,10142,20231,6064,6275,15222,18616,16401,20603,19621,27723,26153,32322,26450,33539,32864,44701,8709,17342,495294,268548,70666,40908,148326,36294,6735,156,122
2021-05-31T23:59:59+02:00,52,46,16994,18010,43746,47761,45056,48974,49537,58105,69712,75471,49300,61364,40848,56192,10130,20193,5785,5946,14174,17784,14985,19679,18438,26606,24926,30979,25931,32819,32669,44404,8675,17243,489041,262245,69501,40366,147856,33375,4938,155,121
2021-05-30T23:59:59+02:00,46,45,16664,17613,42774,46820,44148,48071,48530,57106,69154,74925,49195,61209,40776,56077,10114,20150,5594,5700,13627,17082,14355,18979,17538,25634,23823,29806,25160,31869,32370,43986,8630,17154,483084,256275,68470,39563,147447,31093,4262,154,116
2021-05-29T23:59:59+02:00,46,44,16531,17488,42409,46503,43802,47807,48290,56914,69096,74872,49189,61203,40769,56073,10114,20149,5430,5455,13116,16277,13711,18132,16692,24466,22708,28505,25001,31636,32306,43891,8627,17147,481107,250665,68347,39563,147439,28506,4253,153,115
2021-05-28T23:59:59+02:00,45,42,16226,17182,41705,45875,43290,47241,47779,56381,68819,74577,49124,61120,40742,56023,10111,20144,5188,5071,12581,15364,13031,17269,15829,23230,21605,27066,24750,31267,32211,43758,8617,17131,476806,244613,67840,39459,147413,25573,4214,153,111
2021-05-27T23:59:59+02:00,42,39,15700,16638,40550,44885,42272,46344,46789,55490,68240,74141,49002,60959,40688,55952,10100,20104,4950,4726,11934,14547,12248,16336,14757,22035,20347,25553,24248,30530,32039,43496,8583,17047,470921,237260,66322,38653,146695,23512,3846,151,107
2021-05-26T23:59:59+02:00,40,38,15288,16200,39455,43965,41232,45467,45758,54612,67634,73629,48850,60777,40604,55786,10078,20056,4757,4526,11381,13788,11528,15489,13746,20904,18947,23959,23664,29743,31822,43150,8529,16945,465769,229990,64298,37782,145706,21456,3545,151,107
2021-05-25T23:59:59+02:00,40,37,14882,15789,38451,43076,40265,44614,44806,53691,67015,73099,48667,60537,40525,55652,10052,20003,4541,4318,10840,13148,10763,14718,12674,19662,17513,22451,23076,28961,31585,42823,8472,16850,460437,222607,62718,36838,144595,19548,3300,151,104
2021-05-24T23:59:59+02:00,40,36,14536,15464,37615,42342,39397,43940,43945,52904,66485,72613,48544,60360,40462,55528,10032,19958,4397,4190,10394,12682,10128,14139,11783,18827,16227,21186,22400,28128,31368,42491,8413,16760,455824,215689,61484,35896,143849,18932,2894,150,104
2021-05-23T23:59:59+02:00,36,36,14368,15288,37148,41967,38946,43536,43495,52497,66214,72386,48462,60267,40423,55481,10025,19934,4207,4050,9928,12209,9508,13534,10838,18011,15028,20123,21929,27557,31115,42202,8362,16674,452623,208687,61103,35815,143827,17866,2806,150,103
2021-05-22T23:59:59+02:00,34,34,14172,15072,36457,41404,38258,43084,42920,52086,65195,71369,48256,60008,40351,55367,10015,19913,4096,3753,9714,11792,9355,13208,10596,17566,14758,19721,21835,27440,31081,42160,8355,16665,446158,207458,61099,35812,143813,15949,2775,150,103
2021-05-21T23:59:59+02:00,33,33,13787,14663,35390,40494,37195,42162,41854,51184,63838,70079,48027,59672,40271,55219,9998,19880,3986,3654,9508,11527,9140,12941,10261,17238,14343,19349,21614,27154,31019,42070,8346,16657,436557,205498,60739,35506,143577,14948,2758,148,99
2021-05-20T23:59:59+02:00,30,33,12980,13924,33951,39038,35775,40764,40447,49985,62543,68929,47734,59332,40126,55037,9977,19830,3835,3479,8983,10921,8491,12230,9561,16387,13587,18383,20796,26033,30824,41771,8307,16570,426317,201126,59039,34661,142557,11899,2375,147,99
2021-05-19T23:59:59+02:00,30,32,12435,13350,32775,37623,34676,39388,39318,49025,60535,67153,47251,58774,39940,54773,9934,19724,3729,3342,8705,10545,8195,11856,9122,15878,12949,17720,19930,24902,30597,41467,8250,16455,415454,196875,57521,33847,141445,10656,2171,145,95
2021-05-18T23:59:59+02:00,28,32,12012,12892,31741,36613,33596,38476,38276,48092,58468,65280,46895,58327,39784,54532,9902,19665,3528,3175,8208,9949,7725,11312,8576,15207,12268,16950,18986,23666,30359,41125,8212,16349,406773,192762,55572,33006,140252,7862,1872,142,95
2021-05-17T23:59:59+02:00,26,31,11758,12607,31222,36056,33100,37918,37684,47454,56566,63572,46191,57503,39506,54133,9865,19591,3441,3064,7941,9673,7428,11014,8172,14793,11695,16344,18063,22533,30124,40805,8177,16273,399180,188376,54442,32260,139441,7234,1580,140,92
2021-05-16T23:59:59+02:00,26,31,11540,12351,30697,35552,32637,37426,37162,46881,54664,61742,45642,56804,39312,53814,9837,19535,3343,2962,7651,9378,7104,10672,7698,14327,11113,15756,17133,21380,29914,40515,8138,16204,392201,184084,53474,31408,138777,6645,1063,138,90
2021-05-15T23:59:59+02:00,26,31,11380,12145,30419,35218,32400,37106,36934,46617,53095,60259,45392,56499,39235,53675,9831,19507,3321,2943,7626,9349,7089,10651,7680,14312,11094,15734,17022,21164,29704,40205,8130,16194,386384,183085,53470,31407,138731,6593,1046,138,89
2021-05-14T23:59:59+02:00,26,31,11132,11856,29946,34714,32020,36643,36416,46140,51214,58421,45030,55997,39095,53469,9815,19467,3293,2921,7555,9278,7032,10579,7616,14250,10911,15533,16284,20093,29418,39716,8113,16154,378563,180141,53139,31068,138597,6454,996,137,89
2021-05-13T23:59:59+02:00,23,30,10842,11520,29294,34062,31415,36038,35739,45468,49739,56904,44598,55368,38923,53222,9788,19420,3213,2871,7424,9174,6942,10484,7513,14139,10579,15184,15220,18848,29029,39074,8070,16079,371417,176313,52123,30505,137842,6065,876,135,86
2021-05-12T23:59:59+02:00,22,28,10708,11374,29006,33742,31143,35746,35425,45153,49455,56592,44502,55261,38871,53143,9781,19381,3199,2844,7391,9138,6910,10448,7482,14098,10407,15026,14841,18410,28723,38589,8048,16032,368725,174233,52036,30494,137684,6020,754,134,86
2021-05-11T23:59:59+02:00,21,25,10350,11043,28149,32922,30320,34989,34562,44366,47715,54814,44045,54662,38696,52854,9743,19278,3110,2746,7148,8857,6683,10145,7266,13729,9929,14481,13851,17262,28307,37970,8010,15938,361780,170545,50327,29598,135788,4678,526,133,86
2021-05-10T23:59:59+02:00,20,25,10040,10755,27401,32217,29545,34294,33793,43596,46406,53540,43661,54152,38507,52551,9693,19164,3067,2699,7019,8732,6587,10024,7121,13550,9661,14177,13147,16394,27878,37356,7985,15858,355515,167711,49209,29215,134093,3835,413,130,82
2021-05-09T23:59:59+02:00,19,25,9800,10501,26713,31530,28887,33601,33069,42899,44867,52056,43161,53530,38307,52247,9656,19078,3018,2651,6891,8590,6482,9884,7007,13337,9349,13865,12348,15494,27511,36815,7965,15802,348404,164846,48136,28664,132955,3093,325,126,82
2021-05-08T23:59:59+02:00,19,25,9707,10428,26330,31228,28432,33282,32602,42591,43812,51226,43008,53367,38268,52186,9653,19072,3014,2647,6882,8585,6477,9876,6999,13325,9339,13852,12311,15432,26830,35864,7928,15726,343828,162972,48096,28637,132867,3078,319,126,82
2021-05-07T23:59:59+02:00,18,25,9564,10278,25856,30844,27974,32903,32096,42238,42764,50397,42736,53024,38158,52029,9641,19045,2950,2620,6822,8542,6421,9821,6947,13272,9163,13630,11678,14621,25881,34474,7880,15644,338671,158852,47788,28268,132709,2865,300,122,82
2021-05-06T23:59:59+02:00,16,24,9158,9983,24937,30075,26910,32100,30867,41410,41147,49179,42352,52473,37963,51786,9603,18971,2878,2573,6691,8395,6303,9691,6798,13084,8891,13327,11025,13752,24911,33088,7845,15582,330804,155044,46709,27309,131040,2116,284,117,82
2021-05-05T23:59:59+02:00,16,23,8784,9780,24054,29475,26055,31447,29781,40622,39167,47360,41905,51924,37755,51502,9546,18858,2834,2540,6571,8265,6202,9576,6697,12938,8644,13067,10309,12918,23893,31762,7816,15510,322954,151132,45857,26420,128924,1709,202,117,80
2021-05-04T23:59:59+02:00,16,22,8541,9540,23271,28828,25080,30708,28709,39783,37642,45893,41430,51337,37478,51156,9495,18735,2791,2517,6499,8192,6117,9506,6620,12851,8407,12846,9575,12053,22943,30512,7782,15447,316275,147369,44886,25615,126288,1497,99,116,79
2021-05-03T23:59:59+02:00,16,21,8330,9326,22573,28247,24245,30106,27799,39084,36684,45142,41082,50866,37261,50866,9444,18632,2742,2483,6428,8115,6036,9439,6530,12768,8180,12631,8819,11153,22022,29291,7751,15396,311404,143602,44111,24790,124037,1255,60,112,78
2021-05-02T23:59:59+02:00,16,21,8164,9163,21938,27669,23511,29516,26981,38465,35868,44506,40824,50537,37146,50678,9409,18575,2705,2459,6386,8075,5999,9404,6489,12726,7998,12457,8217,10411,21311,28419,7730,15377,306584,140400,43345,24513,122898,1123,52,108,76
2021-05-01T23:59:59+02:00,15,21,8008,8976,21563,27216,23032,28948,26334,37747,35039,43611,40557,50160,37047,50524,9403,18558,2699,2451,6361,8065,5983,9395,6471,12713,7982,12440,8180,10347,21272,28362,7726,15373,300464,140108,43343,24505,122793,1081,51,108,76
2021-04-30T23:59:59+02:00,15,20,7857,8796,21174,26791,22582,28377,25578,36960,34021,42641,40326,49839,36949,50370,9391,18535,2677,2437,6337,8047,5961,9377,6442,12692,7950,12407,8141,10278,21222,28280,7723,15363,294126,139798,43335,24430,122610,987,44,107,76
2021-04-29T23:59:59+02:00,14,20,7579,8553,20580,26211,21913,27695,24647,35995,32743,41300,39280,48435,36632,49897,9333,18406,2642,2402,6246,7937,5872,9276,6349,12552,7746,12132,7514,9549,20812,27763,7699,15288,285359,137722,42549,23198,121179,742,44,102,74
2021-04-28T23:59:59+02:00,13,18,7297,8337,20059,25745,21275,27101,23763,35147,31339,39848,38113,46843,36290,49403,9271,18265,2571,2353,6131,7816,5761,9145,6247,12396,7525,11857,6823,8700,20395,27180,7659,15217,276675,135253,41770,21894,119540,514,44,98,72
2021-04-27T23:59:59+02:00,12,18,7107,8157,19632,25316,20652,26564,22903,34363,30119,38520,37020,45396,35908,48834,9201,18138,2545,2328,6030,7719,5708,9046,6181,12271,7310,11662,6217,7962,19992,26680,7639,15194,268831,133155,40902,20948,117985,267,44,98,71
2021-04-26T23:59:59+02:00,11,18,6925,7990,19210,24896,20104,26040,22091,33606,28902,37279,35960,43973,35601,48347,9150,18011,2532,2317,5984,7676,5663,9007,6143,12226,7122,11500,5604,7226,19617,26235,7616,15166,261119,131187,40077,20102,116781,235,40,97,71
2021-04-25T23:59:59+02:00,11,17,6819,7853,18875,24624,19723,25699,21479,32982,27912,36318,34825,42540,35283,47917,9108,17929,2518,2309,5966,7651,5643,8988,6123,12200,7084,11473,5476,7042,19280,25771,7600,15121,253897,130555,39361,19358,116522,224,39,95,70
2021-04-24T23:59:59+02:00,11,17,6654,7675,18433,24197,19170,25163,20692,32180,26825,35264,34574,42227,35190,47752,9098,17917,2514,2302,5954,7641,5632,8978,6118,12196,7074,11466,5401,6930,19183,25629,7597,15113,247926,130096,39356,19318,115623,207,39,95,69
2021-04-23T23:59:59+02:00,11,17,6427,7473,17984,23720,18604,24550,19864,31364,25659,34063,33794,41055,35046,47519,9084,17894,2508,2283,5927,7619,5595,8939,6073,12150,7028,11414,5237,6650,18643,24997,7497,14942,240332,128242,39026,18969,114637,185,39,94,68
2021-04-22T23:59:59+02:00,10,16,6211,7264,17377,23136,17812,23772,18811,30337,24333,32623,32754,39700,34800,47160,9044,17815,2492,2267,5881,7568,5545,8855,5994,12071,6953,11343,4950,6228,17926,24120,7376,14745,231278,126060,38103,18000,113464,150,39,91,66
2021-04-21T23:59:59+02:00,10,15,6008,7081,16847,22667,17153,23167,17819,29436,22779,31029,31747,38460,34503,46717,8995,17726,2468,2250,5837,7510,5485,8780,5928,11969,6857,11263,4788,5954,17225,23267,7260,14564,222370,123956,37327,17229,112333,118,39,90,64
2021-04-20T23:59:59+02:00,9,14,5822,6884,16283,22193,16402,22513,16821,28431,21303,29556,30593,36965,34185,46271,8941,17627,2454,2236,5788,7471,5444,8734,5880,11900,6779,11199,4671,5796,16623,22492,7134,14384,213326,122266,36439,16513,110921,110,38,89,59
2021-04-19T23:59:59+02:00,9,14,5635,6724,15749,21765,15727,21960,15824,27554,19910,28154,29204,35317,33866,45787,8881,17508,2443,2219,5764,7438,5408,8700,5841,11854,6698,11122,4542,5635,15975,21774,7026,14222,204592,120612,35660,15846,109214,107,38,84,59
2021-04-18T23:59:59+02:00,8,14,5446,6583,15316,21442,15108,21396,14851,26760,18572,27015,27812,33666,33532,45362,8819,17418,2393,2172,5633,7312,5293,8588,5735,11703,6592,11004,4423,5449,15385,21109,6910,14040,196031,118965,34826,14578,108142,103,38,83,58
2021-04-17T23:59:59+02:00,8,13,5408,6547,15163,21366,14935,21310,14614,26581,18317,26794,27305,33120,33406,45214,8810,17403,2366,2133,5532,7158,5188,8431,5635,11516,6504,10873,4370,5385,15140,20815,6900,14026,194807,117208,34821,14574,106565,95,38,83,58
2021-04-16T23:59:59+02:00,8,13,5343,6492,14985,21217,14722,21149,14327,26335,17897,26383,26259,31888,33270,45006,8789,17380,2321,2082,5417,6971,5050,8250,5484,11273,6305,10652,4168,5150,14489,20019,6803,13879,191448,113956,34534,14174,105360,88,38,83,58
2021-04-15T23:59:59+02:00,7,12,5271,6413,14771,21006,14455,20861,13897,25985,17258,25753,24888,30269,33010,44680,8753,17298,2249,1997,5221,6736,4853,7933,5278,10953,6090,10366,3966,4897,13656,18934,6689,13711,186866,110127,33723,13229,103878,79,38,82,57
2021-04-14T23:59:59+02:00,7,12,5189,6344,14567,20806,14199,20637,13511,25649,16589,25130,23305,28481,32697,44279,8698,17204,2057,1877,5002,6475,4667,7683,5051,10704,5853,10078,3831,4691,12921,18015,6561,13496,182250,107023,32850,11773,102085,73,38,81,56
2021-04-13T23:59:59+02:00,7,12,5135,6294,14361,20676,13959,20455,13167,25350,16018,24627,21592,26625,32377,43863,8668,17096,1970,1824,4835,6284,4482,7459,4851,10448,5647,9839,3690,4523,12401,17399,6436,13333,178001,104610,31976,10655,100187,63,38,80,56
2021-04-12T23:59:59+02:00,7,11,5072,6226,14142,20482,13655,20192,12777,24933,15437,24074,19983,24679,32085,43501,8626,17021,1842,1731,4652,6125,4331,7283,4689,10255,5511,9680,3573,4369,11965,16888,6324,13171,173613,102923,30921,9314,98251,61,38,80,54
2021-04-11T23:59:59+02:00,7,11,5001,6151,13920,20284,13359,19980,12359,24579,14868,23561,18472,22899,31824,43159,8581,16940,1804,1694,4532,6012,4220,7159,4566,10124,5375,9549,3457,4250,11473,16277,6191,12963,169313,101166,29961,8335,96568,59,36,77,51
2021-04-10T23:59:59+02:00,7,11,4996,6142,13902,20269,13350,19969,12341,24561,14843,23540,17780,21974,31532,42740,8563,16913,1800,1680,4517,6002,4205,7144,4553,10110,5322,9482,3352,4135,10919,15444,6061,12765,168236,99016,29934,8335,95153,57,33,77,51
2021-04-09T23:59:59+02:00,7,11,4982,6122,13862,20221,13304,19918,12292,24502,14579,23286,16257,20083,31125,42092,8529,16870,1775,1665,4494,5986,4177,7117,4509,10072,5284,9433,3265,4014,10050,14456,5912,12567,165597,96557,29596,8086,92743,55,31,75,48
2021-04-08T23:59:59+02:00,7,11,4937,6095,13761,20147,13223,19837,12191,24398,14238,22924,14483,17862,30502,41084,8466,16746,1752,1650,4464,5933,4125,7032,4445,9992,5212,9357,3155,3909,9572,13849,5705,12320,161736,94698,28563,7651,90516,54,24,73,46
2021-04-07T23:59:59+02:00,7,11,4906,6064,13650,20063,13128,19749,12083,24290,13855,22561,12962,16003,29859,40103,8412,16645,1733,1636,4410,5864,4039,6959,4357,9908,5123,9257,3064,3814,8811,12752,5466,11912,157276,92121,27684,6873,89297,46,22,72,44
2021-04-06T23:59:59+02:00,7,11,4876,6040,13551,19996,13045,19691,12008,24227,13478,22211,11323,13994,29200,39131,8380,16574,1670,1581,4279,5735,3930,6836,4237,9758,5019,9127,2948,3693,8103,11819,5192,11546,153262,89728,26806,5638,87585,45,20,70,43
2021-04-05T23:59:59+02:00,7,10,4838,6010,13475,19929,12976,19623,11952,24147,13205,21958,9707,12042,28471,38077,8344,16511,1599,1514,4124,5583,3762,6681,4083,9607,4864,8997,2817,3576,7289,10851,4919,11154,150046,87346,25788,3971,85360,42,19,69,43
2021-04-04T23:59:59+02:00,7,10,4821,5993,13464,19907,12966,19605,11945,24128,13106,21886,8679,10779,28019,37436,8319,16455,1597,1511,4116,5577,3761,6676,4078,9603,4862,8988,2812,3566,7052,10383,4835,11029,148307,86383,25784,3971,83349,36,17,68,40
2021-04-03T23:59:59+02:00,7,10,4818,5982,13447,19888,12954,19595,11935,24117,13092,21869,7771,9710,27137,36192,8269,16343,1593,1507,4114,5572,3759,6673,4070,9591,4848,8974,2805,3553,6913,10117,4796,10947,145830,85771,25775,3971,81448,35,16,67,40
2021-04-02T23:59:59+02:00,7,10,4813,5962,13411,19861,12916,19552,11889,24068,13019,21803,7257,8960,25545,34088,8123,16072,1583,1491,4088,5548,3733,6633,4034,9530,4727,8689,2677,3396,6537,9719,4646,10741,141362,83942,25434,3742,80479,35,14,67,40
2021-04-01T23:59:59+02:00,6,9,4763,5902,13317,19717,12797,19403,11740,23914,12421,21359,6692,8249,24036,32113,7995,15830,1519,1443,3976,5428,3667,6561,3966,9463,4648,8584,2581,3255,6022,9035,4468,10464,137157,81664,24293,3334,78735,31,13,65,39
2021-03-31T23:59:59+02:00,6,9,4712,5845,13193,19562,12663,19248,11551,23733,12159,21097,6369,7874,22551,30156,7842,15600,1506,1432,3951,5405,3634,6533,3927,9416,4608,8529,2517,3179,5531,8386,4289,10224,133207,79872,23199,3117,77689,31,10,65,38
2021-03-30T23:59:59+02:00,6,9,4647,5777,13055,19413,12552,19067,11421,23568,11991,20959,6178,7656,21158,28421,7696,15395,1489,1396,3910,5372,3569,6461,3838,9303,4476,8359,2380,2975,5107,7827,4143,9967,129833,77637,22269,2874,76798,19,6,63,37
2021-03-29T23:59:59+02:00,6,9,4607,5735,12936,19319,12486,18982,11339,23462,11839,20825,6019,7456,19730,26731,7569,15192,1429,1355,3856,5325,3495,6392,3719,9160,4322,8168,2257,2835,4541,7153,3986,9690,126228,74965,21401,2661,76546,18,5,62,35
2021-03-28T23:59:59+02:00,6,9,4559,5666,12814,19178,12400,18890,11237,23362,11732,20721,5867,7250,18546,25223,7449,14994,1396,1312,3757,5217,3301,6165,3631,9043,4271,8112,2203,2771,3784,6136,3801,9420,123219,71908,20604,2365,76016,11,5,59,32
2021-03-27T23:59:59+01:00,6,9,4527,5616,12705,19014,12284,18728,11121,23158,11623,20571,5800,7165,18257,24875,7438,14976,1390,1309,3752,5213,3298,6158,3344,8694,4071,7813,2197,2768,3771,6101,3764,9355,121375,70592,20564,2365,75871,7,5,58,30
2021-03-26T23:59:59+01:00,6,8,4491,5559,12593,18824,12151,18528,10969,22927,11463,20359,5635,6950,17647,24080,7339,14824,1388,1308,3747,5206,3275,6142,3325,8674,3859,7363,2018,2361,3507,5815,3611,9116,118273,68317,20222,2358,75796,7,4,58,30
2021-03-25T23:59:59+01:00,6,8,4415,5467,12395,18585,11950,18205,10759,22599,11223,20032,5420,6663,16614,22772,7212,14633,1379,1297,3727,5180,3241,6115,3273,8636,3812,7320,1947,2248,3071,5132,3448,8807,114297,66337,19149,2258,75451,5,4,57,30
2021-03-24T23:59:59+01:00,6,8,4334,5355,12175,18134,11731,17793,10536,22207,10990,19659,5150,6317,15568,21554,7070,14405,1356,1283,3703,5136,3205,6050,3219,8565,3760,7247,1893,2191,2761,4796,3297,8533,111178,64942,18058,2017,73695,4,4,57,29
2021-03-23T23:59:59+01:00,6,8,4277,5286,12007,17790,11531,17440,10345,21840,10765,19368,5013,6120,14926,20737,6930,14230,1340,1275,3687,5116,3184,6032,3193,8514,3721,7204,1856,2132,2529,4522,3086,8205,108805,63585,17326,1975,72427,4,4,57,29
2021-03-22T23:59:59+01:00,6,8,4225,5208,11808,17457,11343,17116,10121,21515,10549,19064,4863,5911,14303,20021,6797,14046,1327,1265,3656,5083,3152,5995,3166,8457,3684,7160,1811,2078,2332,4268,2889,7867,106940,62321,16606,1834,70757,3,4,54,29
2021-03-21T23:59:59+01:00,6,8,4153,5084,11530,17041,11061,16712,9849,21058,10292,18710,4750,5740,13606,19231,6653,13839,1319,1264,3639,5067,3130,5962,3143,8430,3665,7136,1791,2049,2163,4104,2717,7595,105052,61313,15307,1829,68906,3,4,54,26
2021-03-20T23:59:59+01:00,5,8,4125,5014,11388,16710,10937,16398,9709,20761,10116,18427,4621,5579,12977,18287,6513,13621,1318,1263,3639,5065,3127,5961,3140,8425,3660,7131,1787,2044,2131,4042,2692,7552,102855,61116,15302,1829,66981,3,4,54,26
2021-03-19T23:59:59+01:00,5,7,4080,4932,11220,16347,10753,16046,9534,20380,9896,18067,4461,5379,11947,17077,6350,13410,1309,1256,3622,5036,3097,5883,3094,8331,3556,6955,1662,1932,2057,3978,2579,7344,100143,59834,14888,1825,64805,3,4,51,26
2021-03-18T23:59:59+01:00,5,7,3994,4828,10971,15924,10489,15601,9252,19913,9671,17723,4314,5213,11320,16206,6119,13144,1305,1245,3605,5001,3077,5839,3073,8275,3529,6906,1642,1899,2021,3911,2453,7132,98333,59149,13879,1733,62428,3,4,50,25
2021-03-17T23:59:59+01:00,5,7,3818,4713,10674,15512,10230,15244,9009,19550,9416,17373,4193,5046,10501,14964,5856,12717,1304,1242,3592,4983,3070,5819,3063,8241,3512,6882,1639,1875,1997,3881,2341,6946,95675,58637,12331,1719,60768,3,4,50,25
2021-03-16T23:59:59+01:00,5,7,3675,4589,10337,15049,9961,14875,8734,19104,9118,17007,4053,4879,9678,13834,5575,12358,1291,1239,3588,4976,3060,5814,3057,8229,3504,6868,1613,1850,1958,3830,2220,6764,93340,58190,11137,1641,58308,3,3,50,25
2021-03-15T23:59:59+01:00,5,7,3528,4470,10027,14586,9669,14420,8436,18629,8830,16597,3907,4710,8963,12766,5346,12033,1281,1231,3567,4964,3048,5790,3035,8190,3484,6826,1598,1837,1939,3798,2103,6575,91365,57598,9774,1639,55741,3,2,47,25
2021-03-14T23:59:59+01:00,5,7,3455,4384,9768,14155,9417,14022,8118,18135,8548,16203,3745,4523,8154,11524,5034,11568,1267,1225,3546,4946,3027,5748,3013,8110,3456,6758,1571,1783,1878,3670,1935,6176,89033,57065,8753,1017,52935,3,0,44,25
2021-03-13T23:59:59+01:00,5,7,3373,4127,9453,13489,9167,13443,7890,17550,8339,15764,3634,4419,7961,11228,4983,11476,1267,1225,3546,4946,3027,5748,3012,8109,3453,6756,1567,1782,1876,3666,1934,6175,88364,57046,8753,1017,49147,3,0,44,24
2021-03-12T23:59:59+01:00,5,7,3310,3985,9205,12952,8928,12918,7656,16913,7981,15013,3471,4248,7573,10819,4842,11286,1263,1222,3541,4932,3024,5745,3005,8101,3449,6750,1540,1753,1855,3650,1836,5994,86579,56618,8502,1016,45987,3,0,44,24
2021-03-11T23:59:59+01:00,5,7,3156,3711,8822,12202,8624,12247,7323,16125,7634,14363,3311,4042,7008,10097,4647,10976,1245,1211,3509,4889,2979,5668,2970,7977,3397,6652,1495,1700,1771,3445,1632,5461,84113,55863,8044,115,42102,2,0,41,22
2021-03-10T23:59:59+01:00,5,7,3089,3604,8333,11698,7945,11769,7003,15631,7334,13770,3152,3882,6438,9399,4469,10698,1234,1197,3479,4832,2947,5591,2934,7838,3343,6529,1453,1658,1709,3346,1510,5173,82263,54662,7488,92,38435,0,0,40,20
2021-03-09T23:59:59+01:00,5,6,2982,3424,7657,11256,7066,11292,6587,15019,6969,13164,2917,3584,5926,8761,4311,10414,1229,1194,3456,4785,2920,5526,2918,7786,3325,6483,1439,1634,1673,3303,1398,4968,79946,53963,6124,57,35230,0,0,40,18
2021-03-08T23:59:59+01:00,5,6,2807,3187,7022,10715,6256,10813,6185,14498,6572,12595,2708,3375,5316,8022,4161,10143,1223,1187,3434,4721,2895,5449,2879,7691,3293,6408,1432,1625,1670,3295,1393,4965,77113,53488,4984,55,32251,0,0,38,18
2021-03-07T23:59:59+01:00,5,6,2694,3054,6693,10220,5847,10271,5889,14051,6328,12203,2609,3284,4550,6957,3943,9858,1219,1184,3431,4716,2890,5437,2875,7674,3285,6394,1426,1611,1647,3254,1376,4921,73851,53271,4150,52,30427,0,0,34,18
2021-03-06T23:59:59+01:00,5,6,2650,2911,6508,9772,5650,9858,5412,13193,5951,11465,2587,3256,4544,6946,3940,9855,1219,1183,3428,4710,2888,5436,2874,7673,3284,6391,1425,1608,1647,3252,1375,4921,72619,53246,4150,52,27708,0,0,32,17
2021-03-05T23:59:59+01:00,5,6,2554,2654,6295,9196,5436,9466,5235,12627,5572,10482,2358,2788,4163,6563,3802,9634,1206,1180,3412,4694,2883,5423,2865,7655,3272,6372,1411,1600,1646,3248,1370,4917,70279,53088,3915,52,24610,0,0,32,15
2021-03-04T23:59:59+01:00,5,6,2476,2447,6082,8761,5277,9125,5053,12204,5395,10104,2263,2618,3604,5738,3632,9286,1194,1164,3369,4595,2850,5355,2833,7558,3241,6297,1392,1592,1632,3234,1360,4906,68207,52510,3470,51,22367,0,0,32,12
2021-03-03T23:59:59+01:00,4,6,2419,2392,5911,8350,5108,8761,4838,11754,5206,9659,2180,2512,3195,5296,3472,8990,1173,1155,3334,4549,2813,5289,2792,7459,3192,6221,1372,1566,1612,3203,1354,4888,66770,51915,3225,47,20027,0,0,31,11
2021-03-02T23:59:59+01:00,4,6,2363,2298,5754,8018,4950,8506,4673,11354,5043,9339,2111,2421,2888,4937,3254,8663,1168,1145,3316,4528,2798,5262,2775,7410,3184,6193,1367,1556,1594,3184,1351,4883,65396,51657,2964,47,18191,0,0,31,11
2021-03-01T23:59:59+01:00,4,6,2336,2267,5647,7801,4851,8361,4588,11201,4941,9165,2054,2344,2589,4614,3063,8343,1162,1142,3302,4510,2786,5233,2758,7364,3170,6165,1361,1553,1587,3174,1348,4877,64119,51435,2741,47,17285,0,0,30,11
2021-02-28T23:59:59+01:00,3,6,2283,2223,5466,7542,4676,8141,4451,11016,4831,9036,2014,2280,2291,4310,2859,8027,1153,1136,3288,4500,2779,5226,2753,7350,3163,6151,1356,1550,1579,3155,1347,4844,62989,51274,2439,47,15997,0,0,30,10
2021-02-27T23:59:59+01:00,3,6,2195,1912,5294,7118,4577,7833,4369,10668,4759,8786,1986,2219,2261,4264,2837,7976,1149,1132,3286,4498,2774,5224,2749,7347,3158,6147,1355,1550,1578,3153,1346,4843,62753,51236,2439,44,13841,0,0,30,10
2021-02-26T23:59:59+01:00,3,6,2130,1835,5151,6882,4430,7574,4216,10401,4549,8502,1857,2111,2200,4224,2728,7793,1127,1119,3270,4463,2762,5184,2738,7295,3137,6093,1349,1539,1574,3145,1345,4841,61418,50929,2433,43,12711,0,0,30,10
2021-02-25T23:59:59+01:00,3,6,2001,1734,4828,6474,4002,7120,3932,9884,4316,8120,1798,2052,2169,4166,2612,7597,1109,1102,3230,4418,2731,5134,2692,7188,3098,6000,1338,1523,1557,3104,1331,4782,60937,50288,2327,41,9521,0,0,29,9
2021-02-24T23:59:59+01:00,3,6,1967,1668,4712,6260,3898,6907,3811,9641,4193,7961,1775,2019,2138,4123,2497,7396,1096,1097,3200,4356,2696,5070,2666,7103,3069,5929,1322,1506,1532,3054,1319,4713,60384,49692,2083,29,8479,0,0,29,8
2021-02-23T23:59:59+01:00,3,6,1740,1523,4340,5773,3616,6520,3592,9261,4037,7678,1745,1987,2093,4075,2383,7211,1077,1084,3164,4329,2668,5012,2640,7027,3033,5870,1302,1486,1505,3019,1309,4658,59921,49162,2036,15,5597,0,0,29,7
2021-02-22T23:59:59+01:00,3,6,1731,1505,4290,5714,3580,6456,3526,9166,3976,7582,1711,1960,2067,4024,2263,7013,1072,1071,3143,4283,2648,4973,2615,6967,3004,5817,1290,1472,1494,3008,1301,4649,59373,48792,1894,9,5277,0,0,29,7
2021-02-21T23:59:59+01:00,3,6,1719,1500,4260,5680,3536,6418,3486,9112,3932,7532,1701,1952,2062,4014,2139,6846,1065,1060,3122,4243,2619,4923,2600,6899,2976,5729,1277,1456,1471,2947,1273,4567,59019,48213,1888,8,4963,0,0,28,7
2021-02-20T23:59:59+01:00,3,6,1716,1499,4254,5677,3534,6417,3486,9110,3929,7531,1696,1950,2060,4010,2138,6846,1065,1060,3120,4241,2619,4923,2599,6898,2976,5729,1277,1455,1470,2947,1273,4567,59002,48205,1888,8,4945,0,0,27,7
2021-02-19T23:59:59+01:00,3,6,1690,1492,4240,5658,3522,6404,3475,9100,3920,7516,1669,1921,2039,3992,2037,6664,1064,1059,3119,4240,2618,4922,2599,6895,2973,5727,1277,1454,1470,2945,1273,4567,58579,48189,1882,8,4862,0,0,25,6
2021-02-18T23:59:59+01:00,3,6,1640,1460,4145,5547,3449,6300,3387,8935,3832,7375,1647,1886,2005,3920,1904,6464,1018,1017,2978,4021,2492,4653,2489,6556,2864,5462,1245,1411,1438,2858,1244,4414,57922,46148,1791,8,4167,0,0,25,5
2021-02-17T23:59:59+01:00,3,5,1618,1430,4048,5398,3366,6147,3268,8700,3706,7173,1592,1814,1927,3814,1778,6146,960,968,2829,3799,2376,4342,2365,6145,2735,5150,1193,1348,1390,2745,1194,4238,56675,43765,1781,7,3454,0,0,23,5
2021-02-16T23:59:59+01:00,3,5,1542,1362,3888,5206,3232,5965,3160,8467,3584,7007,1569,1790,1892,3785,1656,5933,873,937,2697,3644,2280,4131,2239,5823,2605,4899,1137,1255,1243,2440,928,3607,55976,40729,1765,4,2284,0,0,21,5
2021-02-15T23:59:59+01:00,3,5,1525,1343,3839,5120,3172,5879,3103,8353,3518,6902,1558,1776,1877,3762,1647,5910,837,914,2616,3515,2205,3952,2158,5545,2517,4689,1092,1190,1150,2261,857,3377,55507,38869,1762,2,2003,0,0,20,4
2021-02-14T23:59:59+01:00,3,5,1459,1315,3758,5046,3129,5773,3048,8199,3475,6793,1538,1744,1823,3631,1588,5652,828,908,2566,3447,2166,3884,2104,5426,2451,4583,1064,1151,1061,2084,782,3128,55265,37628,1134,2,1560,0,0,20,3
2021-02-13T23:59:59+01:00,3,5,1456,1314,3750,5040,3122,5772,3045,8197,3472,6791,1537,1740,1823,3629,1586,5652,828,908,2566,3447,2166,3883,2102,5425,2450,4583,1062,1150,1060,2084,782,3128,55244,37623,1133,0,1537,0,0,20,1
2021-02-12T23:59:59+01:00,3,4,1418,1296,3713,5007,3099,5752,3023,8164,3453,6746,1521,1730,1814,3612,1577,5631,820,901,2533,3393,2131,3838,2072,5372,2432,4552,1061,1149,1059,2083,781,3126,55018,37302,1131,0,1395,0,0,19,1
2021-02-11T23:59:59+01:00,3,4,1368,1250,3600,4834,3007,5578,2925,7854,3354,6534,1462,1671,1742,3428,1485,5284,781,837,2280,2947,1904,3365,1839,4624,2161,4021,971,1077,963,1884,722,2844,54377,33219,137,0,852,0,0,17,1
2021-02-10T23:59:59+01:00,3,4,1343,1226,3538,4731,2943,5473,2883,7704,3300,6401,1443,1654,1714,3390,1471,5244,700,779,1989,2537,1692,2920,1602,4015,1903,3561,859,930,792,1504,578,2320,53724,28680,135,0,590,0,0,16,1
2021-02-09T23:59:59+01:00,3,3,1330,1208,3482,4662,2914,5404,2862,7611,3263,6332,1435,1638,1686,3367,1461,5231,650,699,1724,2186,1500,2533,1417,3515,1733,3199,827,897,767,1427,556,2204,53411,25833,130,0,335,0,0,16,1
2021-02-08T23:59:59+01:00,3,3,1317,1204,3453,4632,2895,5365,2840,7560,3244,6303,1423,1631,1676,3341,1459,5212,635,664,1573,1950,1359,2276,1285,3207,1575,2936,788,877,719,1320,523,2029,53111,23715,104,0,332,0,0,14,1
2021-02-07T23:59:59+01:00,3,3,1183,1161,3349,4577,2841,5322,2813,7522,3219,6265,1413,1614,1667,3318,1452,5179,488,519,1307,1592,1117,1828,1074,2616,1347,2414,684,749,637,1159,476,1799,52815,19805,76,0,0,0,0,10,1
2021-02-06T23:59:59+01:00,3,3,1179,1159,3347,4575,2837,5320,2806,7519,3215,6261,1412,1612,1666,3315,1451,5178,365,370,1107,1344,981,1524,934,2209,1181,1999,597,653,610,1141,474,1796,52772,17284,76,0,0,0,0,10,1
2021-02-05T23:59:59+01:00,3,2,1167,1148,3332,4553,2830,5293,2796,7477,3197,6215,1406,1604,1663,3309,1450,5178,264,209,924,1027,835,1154,758,1760,1007,1589,482,548,584,1121,471,1792,52537,14524,76,0,0,0,0,10,1
2021-02-04T23:59:59+01:00,3,2,1151,1130,3286,4502,2790,5218,2754,7347,3149,6131,1392,1589,1649,3275,1440,5150,137,84,623,657,545,737,520,1157,668,994,302,367,479,974,426,1628,51895,10297,53,0,0,0,0,10,1
2021-02-03T23:59:59+01:00,3,2,1129,1124,3258,4456,2761,5178,2731,7296,3119,6075,1382,1578,1623,3234,1432,5098,117,68,494,509,414,595,417,914,512,747,249,287,374,759,329,1266,51422,8050,48,0,0,0,0,9,1
2021-02-02T23:59:59+01:00,3,2,1107,1110,3222,4425,2730,5125,2706,7222,3084,6012,1358,1550,1587,3178,1406,5001,108,59,412,412,343,517,367,824,459,665,229,264,328,686,301,1131,50772,7104,47,0,0,0,0,9,1
2021-02-01T23:59:59+01:00,3,2,1091,1099,3204,4372,2701,5064,2675,7095,3054,5917,1337,1521,1560,3140,1389,4936,80,44,311,308,252,392,275,618,328,500,191,215,257,546,233,884,50105,5433,47,0,0,0,0,8,1
2021-01-31T23:59:59+01:00,3,2,1085,1088,3189,4342,2677,5020,2659,7040,3041,5872,1325,1504,1537,3074,1362,4850,70,42,285,284,227,345,253,574,298,460,170,196,212,446,191,715,49615,4767,47,0,0,0,0,8,1
2021-01-30T23:59:59+01:00,3,2,1084,1088,3186,4338,2676,5020,2658,7039,3041,5871,1325,1503,1536,3074,1362,4850,70,38,278,270,214,330,248,563,294,454,169,193,211,446,191,715,49604,4683,44,0,0,0,0,8,1
2021-01-29T23:59:59+01:00,3,2,1083,1087,3185,4334,2676,5018,2657,7037,3038,5869,1325,1503,1536,3073,1362,4850,64,34,260,256,191,310,232,546,283,446,163,189,207,440,190,713,49586,4523,44,0,0,0,0,8,1
2021-01-28T23:59:59+01:00,3,2,1062,1068,3116,4232,2622,4909,2599,6881,2971,5738,1310,1481,1520,3005,1339,4726,54,18,164,153,127,187,163,360,208,282,130,146,161,277,113,424,48537,2967,41,0,0,0,0,6,0
2021-01-27T23:59:59+01:00,3,2,1016,1030,3034,4090,2541,4730,2505,6599,2887,5537,1277,1436,1479,2911,1302,4574,25,6,100,70,59,92,84,211,118,148,99,114,117,207,86,305,46916,1841,31,0,0,0,0,6,0
2021-01-26T23:59:59+01:00,2,2,939,1002,2917,3957,2462,4545,2423,6418,2817,5381,1251,1386,1389,2758,1077,4169,25,6,95,69,58,91,82,211,116,147,97,113,117,207,86,305,44870,1825,19,0,0,0,0,6,0
2021-01-25T23:59:59+01:00,2,2,921,985,2837,3829,2418,4398,2363,6222,2758,5231,1232,1364,1375,2731,1064,4133,25,6,94,69,56,89,82,211,116,145,97,112,117,207,86,305,43847,1817,13,0,0,0,0,5,0
2021-01-24T23:59:59+01:00,2,2,911,981,2817,3813,2408,4366,2337,6183,2725,5170,1219,1357,1366,2707,1050,4098,25,6,94,69,56,89,82,210,115,145,96,112,117,207,86,305,43498,1814,9,0,0,0,0,5,0
2021-01-23T23:59:59+01:00,2,2,911,981,2817,3812,2408,4366,2336,6182,2724,5170,1217,1356,1365,2707,1050,4098,25,6,94,69,56,89,82,210,115,145,96,112,117,207,86,303,43493,1812,8,0,0,0,0,3,0
2021-01-22T23:59:59+01:00,2,2,904,974,2786,3766,2373,4301,2304,6107,2703,5123,1215,1354,1364,2705,1049,4095,25,6,94,69,56,89,82,210,115,145,96,112,117,207,86,303,43118,1812,8,0,0,0,0,1,0
2021-01-21T23:59:59+01:00,2,2,889,907,2530,3354,2172,3886,2122,5496,2480,4637,1158,1307,1315,2580,1012,3931,21,6,83,63,52,73,69,170,95,134,86,97,99,154,73,235,39771,1510,8,0,0,0,0,1,0
2021-01-20T23:59:59+01:00,2,2,810,844,2218,2946,1966,3425,1890,4888,2224,4164,1044,1166,1145,2226,877,3405,21,6,83,63,52,72,68,170,94,134,86,97,99,154,71,235,35234,1505,8,0,0,0,0,0,0
2021-01-19T23:59:59+01:00,2,2,748,765,1924,2500,1726,2967,1656,4228,1982,3690,970,1070,1017,1938,771,3024,10,3,50,44,33,44,35,100,44,77,39,36,49,83,44,152,30973,843,7,0,0,0,0,0,0
2021-01-18T23:59:59+01:00,2,2,675,706,1695,2102,1488,2495,1410,3543,1729,3185,887,984,911,1723,715,2742,5,2,19,10,13,21,17,54,17,33,19,21,26,56,31,82,26990,426,4,0,0,0,0,0,0
2021-01-17T23:59:59+01:00,1,2,496,545,1379,1698,1209,1963,1155,2809,1448,2563,746,828,757,1431,592,2347,0,1,4,2,0,0,0,0,0,0,1,0,0,0,0,0,21966,8,3,0,0,0,0,0,0
2021-01-16T23:59:59+01:00,1,1,375,396,1198,1454,1089,1678,1015,2411,1292,2158,660,732,730,1414,590,2346,0,0,0,0,0,0,0,0,0,0,0,0,0,0,0,0,19538,0,2,0,0,0,0,0,0
2021-01-15T23:59:59+01:00,1,1,271,235,1016,1154,940,1332,847,1965,1114,1755,541,621,692,1379,577,2305,0,0,0,0,0,0,0,0,0,0,0,0,0,0,0,0,16745,0,1,0,0,0,0,0,0
2021-01-14T23:59:59+01:00,0,0,155,105,702,771,648,864,612,1307,751,1135,352,432,567,1191,517,2054,0,0,0,0,0,0,0,0,0,0,0,0,0,0,0,0,12163,0,0,0,0,0,0,0,0
2021-01-13T23:59:59+01:00,0,0,130,84,592,604,524,697,495,1050,594,869,296,356,478,1006,445,1749,0,0,0,0,0,0,0,0,0,0,0,0,0,0,0,0,9969,0,0,0,0,0,0,0,0
2021-01-12T23:59:59+01:00,0,0,120,68,510,517,447,596,430,920,523,764,261,307,390,809,371,1364,0,0,0,0,0,0,0,0,0,0,0,0,0,0,0,0,8397,0,0,0,0,0,0,0,0
2021-01-11T23:59:59+01:00,0,0,91,55,414,421,362,485,345,746,418,591,227,256,323,676,301,1151,0,0,0,0,0,0,0,0,0,0,0,0,0,0,0,0,6862,0,0,0,0,0,0,0,0
2021-01-10T23:59:59+01:00,0,0,76,47,350,348,296,403,292,649,348,523,199,225,259,537,240,895,0,0,0,0,0,0,0,0,0,0,0,0,0,0,0,0,5687,0,0,0,0,0,0,0,0
2021-01-09T23:59:59+01:00,0,0,76,45,335,327,272,381,284,633,340,516,198,224,258,535,240,895,0,0,0,0,0,0,0,0,0,0,0,0,0,0,0,0,5559,0,0,0,0,0,0,0,0
2021-01-08T23:59:59+01:00,0,0,71,37,301,294,227,340,255,590,313,477,180,204,233,475,219,792,0,0,0,0,0,0,0,0,0,0,0,0,0,0,0,0,5008,0,0,0,0,0,0,0,0
2021-01-07T23:59:59+01:00,0,0,57,25,210,196,159,241,196,424,243,340,150,165,178,310,145,506,0,0,0,0,0,0,0,0,0,0,0,0,0,0,0,0,3545,0,0,0,0,0,0,0,0
2021-01-06T23:59:59+01:00,0,0,45,15,162,117,112,160,145,297,178,241,118,133,136,243,102,361,0,0,0,0,0,0,0,0,0,0,0,0,0,0,0,0,2565,0,0,0,0,0,0,0,0
2021-01-05T23:59:59+01:00,0,0,28,7,97,70,59,93,87,214,117,149,108,124,127,224,101,335,0,0,0,0,0,0,0,0,0,0,0,0,0,0,0,0,1940,0,0,0,0,0,0,0,0
2021-01-04T23:59:59+01:00,0,0,26,7,97,69,56,90,87,214,117,147,108,122,127,224,101,335,0,0,0,0,0,0,0,0,0,0,0,0,0,0,0,0,1927,0,0,0,0,0,0,0,0
2021-01-03T23:59:59+01:00,0,0,26,7,97,69,56,90,87,213,116,147,107,122,127,224,101,335,0,0,0,0,0,0,0,0,0,0,0,0,0,0,0,0,1924,0,0,0,0,0,0,0,0
2021-01-02T23:59:59+01:00,0,0,26,7,97,69,56,90,87,213,115,147,107,122,127,224,101,334,0,0,0,0,0,0,0,0,0,0,0,0,0,0,0,0,1922,0,0,0,0,0,0,0,0
2021-01-01T23:59:59+01:00,0,0,26,7,97,69,56,90,87,213,114,146,107,122,127,224,101,334,0,0,0,0,0,0,0,0,0,0,0,0,0,0,0,0,1920,0,0,0,0,0,0,0,0
2020-12-31T23:59:59+01:00,0,0,26,7,97,69,56,90,87,213,113,146,107,122,127,224,101,334,0,0,0,0,0,0,0,0,0,0,0,0,0,0,0,0,1919,0,0,0,0,0,0,0,0
2020-12-30T23:59:59+01:00,0,0,26,7,97,69,55,90,86,213,113,146,107,122,127,224,100,334,0,0,0,0,0,0,0,0,0,0,0,0,0,0,0,0,1916,0,0,0,0,0,0,0,0
2020-12-29T23:59:59+01:00,0,0,14,2,65,52,33,60,50,138,64,88,53,53,72,135,62,226,0,0,0,0,0,0,0,0,0,0,0,0,0,0,0,0,1167,0,0,0,0,0,0,0,0
2020-12-28T23:59:59+01:00,0,0,5,2,36,24,20,30,21,67,25,41,23,22,27,51,34,82,0,0,0,0,0,0,0,0,0,0,0,0,0,0,0,0,510,0,0,0,0,0,0,0,0
2020-12-27T23:59:59+01:00,0,0,1,0,8,5,8,2,1,5,0,2,1,1,2,2,4,6,0,0,0,0,0,0,0,0,0,0,0,0,0,0,0,0,48,0,0,0,0,0,0,0,0
