Datum,<15_m,<15_w,15-24_1_m,15-24_1_w,25-34_1_m,25-34_1_w,35-44_1_m,35-44_1_w,45-54_1_m,45-54_1_w,55-64_1_m,55-64_1_w,65-74_1_m,65-74_1_w,75-84_1_m,75-84_1_w,>84_1_m,>84_1_w,<24_2_m,<24_2_w,25-34_2_m,25-34_2_w,35-44_2_m,35-44_2_w,45-54_2_m,45-54_2_w,55-64_2_m,55-64_2_w,65-74_2_m,65-74_2_w,75-84_2_m,75-84_2_w,>84_2_m,>84_2_w,bp_1,bp_2,mo_1,mo_2,az_1,az_2,ja,unb_1,unb_2
2021-07-27T23:59:59+02:00,6098,5802,51965,53045,94785,93267,87798,87688,86469,92327,87849,90745,53579,66746,42752,59204,10320,20745,34263,35036,73745,72912,66341,67044,72612,78441,78287,81835,49979,62213,40587,55912,9749,19435,743593,609207,128194,96948,157723,132222,61598,76,69
2021-07-26T23:59:59+02:00,6042,5753,51759,52848,94564,93088,87612,87530,86319,92197,87728,90651,53524,66674,42723,59157,10314,20730,33542,34265,72273,71630,65005,65875,71608,77523,77722,81339,49818,62012,40514,55781,9733,19397,742347,601546,127788,95442,157710,131231,61292,76,69
2021-07-25T23:59:59+02:00,6008,5711,51567,52661,94323,92872,87459,87353,86172,92075,87623,90562,53474,66612,42696,59119,10305,20705,32845,33532,70953,70443,63915,64878,70616,76624,77261,80900,49707,61833,40451,55699,9727,19366,741045,594724,127542,93886,157693,130455,60941,76,69
2021-07-24T23:59:59+02:00,5926,5659,51299,52384,94025,92570,87220,87145,86002,91927,87528,90484,53446,66578,42685,59097,10305,20699,32365,33064,70108,69766,63249,64330,69747,75931,77058,80748,49654,61791,40430,55674,9727,19364,739253,590409,127494,92960,157693,130332,60463,76,69
2021-07-23T23:59:59+02:00,5871,5605,51038,52126,93646,92304,86943,86937,85825,91752,87399,90393,53414,66533,42677,59079,10302,20693,31867,32458,69066,68932,62475,63676,68843,75094,76659,80424,49578,61694,40398,55637,9720,19350,737295,584920,127433,91805,157686,130159,60047,76,69
2021-07-22T23:59:59+02:00,5803,5542,50634,51740,93197,91877,86571,86624,85531,91470,87188,90217,53331,66442,42648,59021,10293,20668,31191,31762,67789,67956,61442,62812,67232,73759,76024,79921,49427,61492,40308,55527,9699,19312,734379,578637,127209,89071,157664,129400,59469,76,69
2021-07-21T23:59:59+02:00,5752,5492,50285,51374,92778,91478,86279,86336,85287,91238,87023,90040,53250,66361,42592,58955,10283,20642,30610,31150,66463,66930,60373,61925,65209,72084,75123,79182,49138,61185,40150,55340,9675,19258,731688,572446,126987,84786,157640,128330,59054,76,69
2021-07-20T23:59:59+02:00,5693,5431,49909,50993,92331,91023,85920,86018,85028,90997,86809,89849,53161,66231,42549,58898,10277,20617,29974,30529,65026,65772,59241,60973,64030,71032,74513,78637,48935,60956,40045,55183,9654,19197,728818,565506,126775,83135,157592,127314,58473,76,69
2021-07-19T23:59:59+02:00,5614,5358,49449,50547,91868,90561,85561,85694,84783,90786,86606,89675,53068,66115,42513,58824,10260,20581,29445,29976,63883,64734,58334,60113,62882,70006,73924,78126,48763,60762,39955,55041,9627,19152,725615,559821,126554,81344,157559,126136,58059,76,69
2021-07-18T23:59:59+02:00,5546,5292,48633,49749,90837,89548,84853,85094,84317,90367,86319,89386,52963,65970,42450,58728,10250,20550,28903,29401,62729,63679,57420,59211,61713,68987,73382,77632,48620,60603,39897,54958,9615,19124,719317,554077,126232,79328,157544,125345,57683,76,69
2021-07-17T23:59:59+02:00,5373,5107,48285,49422,90696,89416,84665,84937,84164,90233,86210,89303,52943,65944,42440,58717,10249,20547,28527,29036,62090,63087,56878,58789,60960,68254,73077,77393,48512,60486,39857,54900,9606,19114,718160,551102,126061,78365,157539,124737,56815,76,69
2021-07-16T23:59:59+02:00,5277,5017,47967,49147,90435,89201,84425,84737,83963,90051,86074,89196,52902,65913,42422,58703,10246,20542,28041,28551,61167,62184,56039,58106,59913,67222,72575,76979,48353,60299,39812,54832,9601,19105,716815,546202,125895,77051,157528,124007,55904,76,69
2021-07-15T23:59:59+02:00,5142,4889,47505,48749,90052,88837,84076,84362,83666,89779,85860,89032,52824,65824,42371,58637,10236,20516,27323,27951,59871,61151,54935,57142,58532,65952,71858,76408,48132,60045,39726,54707,9586,19050,714435,540493,125482,74948,157497,122373,54867,76,69
2021-07-14T23:59:59+02:00,5038,4776,47171,48381,89761,88558,83799,84057,83421,89545,85660,88877,52739,65717,42315,58549,10219,20486,26814,27419,58798,60164,53982,56310,57665,65108,71248,75827,47869,59767,39624,54535,9564,19006,712344,535169,125126,74036,157454,120697,54069,76,69
2021-07-13T23:59:59+02:00,4925,4659,46780,48009,89377,88206,83500,83758,83165,89293,85461,88715,52633,65615,42262,58486,10213,20467,26174,26771,57438,58988,52797,55332,56681,64203,70529,75192,47595,59449,39499,54359,9535,18956,710055,528901,124758,72942,157408,118672,53227,76,69
2021-07-12T23:59:59+02:00,4758,4490,46250,47506,88984,87873,83123,83450,82921,89046,85276,88557,52553,65522,42214,58422,10201,20452,25562,26135,55939,57648,51513,54281,55461,63070,69792,74576,47226,59022,39326,54138,9495,18891,707414,521688,124392,71923,157363,116340,52353,76,68
2021-07-11T23:59:59+02:00,4361,4122,45317,46592,88563,87447,82712,83070,82620,88763,85087,88415,52467,65434,42190,58367,10190,20435,24972,25579,54572,56399,50220,53249,54418,62042,69204,74032,46882,58640,39203,53962,9471,18849,703533,515118,123923,70920,157323,114568,51297,76,68
2021-07-10T23:59:59+02:00,4349,4107,44992,46262,88113,86968,82388,82765,82520,88666,85019,88357,52448,65411,42181,58353,10189,20431,24494,25056,53505,55475,49369,52672,53825,61479,68989,73847,46512,58225,39103,53859,9466,18840,702879,510867,123460,70837,157151,113258,49953,76,68
2021-07-09T23:59:59+02:00,4331,4094,44571,45831,87508,86421,82010,82430,82272,88482,84907,88265,52414,65382,42174,58340,10185,20422,23807,24291,52191,54242,48441,51793,53048,60630,68574,73449,46153,57820,39017,53771,9458,18828,701505,504755,122885,70434,156985,111915,48588,76,67
2021-07-08T23:59:59+02:00,4307,4068,44030,45356,86657,85723,81490,81930,82022,88244,84714,88112,52349,65315,42142,58294,10176,20405,22842,23377,50260,52696,47072,50646,51919,59512,67896,72821,45640,57268,38882,53609,9430,18759,699451,497102,121999,69174,156693,109392,47115,76,67
2021-07-07T23:59:59+02:00,4284,4041,43462,44791,85837,84963,80953,81460,81738,87953,84512,87953,52272,65217,42103,58232,10169,20385,21984,22492,48327,51029,45572,49518,50693,58343,67213,72291,44909,56532,38693,53372,9399,18701,697006,489037,121008,68065,156442,106304,45793,76,65
2021-07-06T23:59:59+02:00,4249,4021,42924,44279,84992,84242,80348,80875,81374,87626,84338,87778,52182,65136,42066,58169,10159,20360,21158,21647,46357,49249,44194,48266,49425,57006,66470,71573,44083,55765,38508,53133,9381,18645,694412,480124,119986,66986,156137,103356,44507,76,65
2021-07-05T23:59:59+02:00,4226,3985,41786,43317,83502,83166,79621,80271,80928,87209,84071,87521,52065,64999,42020,58092,10146,20333,19989,20607,44418,47663,43171,47306,48400,56054,65777,70957,43327,54905,38336,52910,9358,18606,691192,474197,118930,66120,155777,100274,41283,76,65
2021-07-04T23:59:59+02:00,4199,3964,40443,42132,81874,81861,78906,79666,80463,86787,83802,87327,51974,64873,41974,58041,10133,20304,18647,19401,42634,46154,42475,46570,47599,55199,65202,70391,42587,54060,38173,52719,9340,18559,688166,469583,117778,65194,155352,97662,37351,76,65
2021-07-03T23:59:59+02:00,3739,3549,38888,40608,81016,81210,78422,79177,80023,86311,83588,87159,51905,64772,41956,57989,10130,20298,17841,18713,41721,45468,42056,46191,47195,54804,65036,70226,42000,53332,38111,52619,9334,18549,684485,467658,116473,65096,155263,96073,34443,76,65
2021-07-02T23:59:59+02:00,3182,2982,37341,39133,80305,80482,77757,78480,79504,85805,83346,86959,51854,64685,41927,57941,10118,20285,17088,18003,40586,44514,41325,45502,46367,54025,64519,69780,41051,52127,37981,52430,9318,18530,679496,462639,115073,64638,155103,93590,32338,76,62
2021-07-01T23:59:59+02:00,2539,2439,35637,37498,79351,79636,76928,77660,78804,85167,83033,86682,51734,64527,41865,57837,10102,20257,16227,17116,39064,43291,40116,44443,45069,52902,63783,69212,40165,50994,37832,52223,9301,18498,673269,456330,113368,62997,154877,90837,30106,76,62
2021-06-30T23:59:59+02:00,2499,2408,34639,36509,77538,78147,75232,76164,78146,84621,82752,86388,51602,64363,41805,57743,10090,20230,15209,16157,37386,42067,38920,43331,43911,51848,63032,68588,39624,50319,37718,52028,9279,18463,667482,450234,111641,61662,154652,88974,27025,76,61
2021-06-29T23:59:59+02:00,2466,2377,33815,35633,75945,76667,73623,74747,77361,83910,82213,85903,51421,64145,41730,57612,10073,20194,14382,15263,36077,40928,38003,42512,42690,50800,62321,68006,38923,49386,37582,51811,9258,18420,661204,445098,109781,59826,154376,87035,24398,76,59
2021-06-28T23:59:59+02:00,2426,2343,33014,34842,74336,75263,71951,73351,76340,83128,81610,85408,51244,63918,41653,57506,10060,20160,13644,14521,35024,39916,37179,41784,41575,49810,61675,67465,38053,48305,37415,51593,9239,18373,654801,440311,107818,58318,153782,84848,22076,76,58
2021-06-27T23:59:59+02:00,2412,2328,32286,34108,72772,73895,70550,72150,74947,82012,80947,84864,51045,63705,41588,57392,10050,20131,13016,13897,34070,39167,36527,41182,40645,48964,61142,67024,37198,47282,37263,51416,9224,18342,648660,436458,105888,57556,152832,82596,19726,76,58
2021-06-26T23:59:59+02:00,1781,1724,31262,33019,72420,73578,70084,71686,74654,81704,80853,84778,51024,63675,41574,57382,10049,20128,12825,13692,33416,38630,35889,40765,40127,48629,60149,66028,36210,46152,37096,51203,9210,18309,643912,430522,104952,57508,152826,80661,19615,70,58
2021-06-25T23:59:59+02:00,1164,1128,30159,31861,71936,73056,69472,70989,74233,81261,80481,84457,50964,63590,41540,57339,10044,20115,12505,13307,32564,37834,35021,39946,39189,47794,58942,64797,35695,45456,36904,50902,9187,18265,637652,422127,103765,57064,152818,79604,19484,70,58
2021-06-24T23:59:59+02:00,565,571,28833,30565,71171,72325,68610,70113,73562,80638,80042,84099,50860,63463,41489,57270,10033,20081,11848,12617,31409,36537,33815,38684,38070,46688,57306,63424,35223,44936,36748,50715,9168,18205,629967,412853,102279,55517,152702,77717,19272,70,57
2021-06-23T23:59:59+02:00,538,538,28333,30028,70075,71351,67337,68982,72817,79951,79592,83698,50750,63289,41428,57175,10016,20051,11363,12094,30413,35293,32887,37466,37063,45812,55373,61715,34672,44374,36581,50487,9147,18140,623790,403142,100710,54458,152599,76463,18780,70,57
2021-06-22T23:59:59+02:00,515,522,27825,29456,68905,70331,66143,67958,72141,79249,79180,83334,50644,63161,41380,57091,10007,20026,11019,11698,29494,34360,31924,36583,36109,44929,53410,59884,34289,43897,36444,50246,9118,18083,617511,394648,99262,52888,152464,75351,18561,70,56
2021-06-21T23:59:59+02:00,483,488,27164,28801,67592,69165,64962,66832,71384,78471,78784,82939,50537,63053,41321,57005,9994,19984,10734,11391,28870,33783,31378,36022,35511,44342,51568,58232,33584,43098,36149,49824,9089,18007,610735,387119,97768,51694,152342,74685,18044,70,56
2021-06-20T23:59:59+02:00,398,406,26526,28145,66377,68035,63946,65891,70581,77731,78429,82604,50459,62929,41273,56936,9989,19951,10447,11132,28331,33283,30923,35530,35005,43822,49735,56451,33042,42420,35953,49493,9059,17947,604370,379740,96304,50945,152244,74226,17618,70,55
2021-06-19T23:59:59+02:00,366,372,26148,27787,65652,67467,63428,65402,69788,77081,78275,82476,50439,62904,41257,56921,9988,19951,10318,10939,28086,32966,30670,35213,34785,43563,48296,55064,32787,42076,35871,49357,9051,17919,600461,374378,95364,50933,152242,74041,17565,70,55
2021-06-18T23:59:59+02:00,339,338,25693,27331,64641,66730,62695,64793,68871,76249,77881,82138,50378,62828,41230,56885,9984,19943,10105,10705,27687,32548,30346,34804,34401,43173,46576,53412,32436,41563,35734,49145,9032,17886,595066,367580,94126,50647,152234,73830,17452,69,55
2021-06-17T23:59:59+02:00,310,307,25063,26734,63391,65735,61705,63984,67284,74850,77361,81738,50278,62676,41167,56802,9971,19915,9696,10355,26899,31866,29608,34129,33567,42476,45073,51925,31993,40937,35571,48891,9000,17836,589027,360187,91481,49511,152074,73460,16621,68,54
2021-06-16T23:59:59+02:00,277,269,24545,26163,62095,64612,60601,63001,65012,72934,76517,81082,50067,62466,41076,56689,9952,19884,9382,10106,26250,31203,28902,33509,32842,41851,44484,51363,31724,40580,35425,48693,8979,17795,582822,356513,86980,48807,151626,71975,15748,66,54
2021-06-15T23:59:59+02:00,238,238,23910,25484,60701,63413,59520,62018,63855,71851,76016,80658,49943,62317,41026,56592,9945,19854,9124,9839,25649,30470,28264,32754,32170,41129,42929,49743,31279,40028,35254,48460,8949,17731,575746,349829,85353,47915,151155,70724,15259,66,54
2021-06-14T23:59:59+02:00,216,207,23446,24904,59604,62360,58646,61173,62786,70848,75542,80269,49856,62196,40976,56521,9929,19828,8838,9540,24898,29583,27504,31924,31381,40315,41647,48410,30912,39530,35118,48236,8919,17680,569920,343712,83638,46896,150951,69049,14732,66,54
2021-06-13T23:59:59+02:00,211,192,23030,24440,58676,61456,57874,60391,61680,69880,75070,79838,49767,62079,40927,56462,9918,19799,8564,9244,24192,28749,26789,31090,30621,39464,40110,46841,30450,38925,34917,47932,8889,17591,564915,336709,81774,46121,150721,67279,14214,66,53
2021-06-12T23:59:59+02:00,198,175,22806,24177,58127,60958,57517,60112,61037,69237,74871,79724,49744,62048,40915,56448,9915,19795,8450,9128,23714,28164,26273,30523,30110,38906,39036,45871,30283,38746,34821,47767,8885,17580,562027,332522,80819,46118,150714,65394,14178,66,53
2021-06-11T23:59:59+02:00,180,159,22455,23768,57395,60147,56838,59484,60131,68306,74517,79414,49670,61975,40890,56412,9912,19789,8319,8940,23207,27495,25747,29869,29530,38275,37967,44865,30016,38392,34679,47544,8872,17554,557035,327709,79532,45859,150695,63544,14114,66,52
2021-06-10T23:59:59+02:00,165,142,21927,23214,56270,59223,55912,58666,58876,67136,73985,79006,49600,61868,40866,56360,9899,19761,8058,8695,22345,26554,24788,28935,28418,37354,36581,43706,29665,37918,34401,47112,8805,17479,551513,320847,77330,45154,150447,61249,13521,65,50
2021-06-09T23:59:59+02:00,144,129,21310,22669,55023,58132,54852,57760,57929,66233,73517,78614,49513,61768,40817,56298,9885,19731,7773,8432,21433,25690,23854,28046,27394,36409,34869,41926,29282,37420,34215,46843,8764,17389,545809,313443,75884,44429,150091,59349,12475,65,50
2021-06-08T23:59:59+02:00,122,111,20644,21989,53724,57008,53736,56789,56974,65375,72975,78180,49426,61645,40761,56205,9865,19700,7512,8199,20521,24799,22796,27183,26363,35456,33521,40627,28927,36914,33897,46392,8711,17306,539184,307156,74965,43667,149646,56889,11369,65,49
2021-06-07T23:59:59+02:00,105,93,20004,21394,52292,55760,52474,55816,55817,64392,72425,77780,49342,61539,40715,56140,9852,19672,7267,7980,19680,23978,21771,26370,25331,34590,32588,39847,28645,36526,33653,45968,8660,17215,531956,302551,74071,42851,149232,54334,10288,65,49
2021-06-06T23:59:59+02:00,98,87,19500,20862,51146,54672,51375,54843,54858,63444,71916,77376,49258,61465,40678,56077,9845,19656,7059,7782,18894,23089,20873,25500,24262,33611,31678,39036,28363,36189,33397,45578,8611,17140,525653,298004,73052,42113,148895,51407,9493,63,49
2021-06-05T23:59:59+02:00,93,79,19233,20567,50373,53919,50720,54333,54383,62948,71779,77256,49242,61446,40675,56073,9842,19656,6836,7377,18259,22026,20155,24392,23390,32381,30658,37726,28036,35731,33273,45405,8604,17120,521353,291723,73047,42075,148731,48103,9423,63,49
2021-06-04T23:59:59+02:00,83,72,18791,19990,49329,52920,49912,53465,53735,62168,71437,76928,49213,61411,40655,56058,9840,19649,6617,7068,17642,21177,19483,23409,22470,31118,29452,36399,27749,35370,33161,45233,8592,17101,514911,285347,72727,42007,148711,45397,9244,63,49
2021-06-03T23:59:59+02:00,72,61,18121,19320,47810,51625,48706,52348,52775,61158,70941,76468,49148,61309,40617,56013,9827,19625,6330,6678,16909,20138,18695,22264,21475,29707,28294,34922,27208,34595,32957,44909,8556,17026,507209,278640,71712,41264,148434,42187,8527,62,48
2021-06-02T23:59:59+02:00,67,57,17755,18820,46803,50651,47848,51609,52041,60412,70695,76255,49110,61273,40598,55985,9819,19611,6150,6443,16267,19459,17795,21517,20655,28772,27207,33525,26743,33991,32798,44659,8527,16956,500986,272417,71699,41249,148409,39502,8254,61,45
2021-06-01T23:59:59+02:00,56,51,17087,18101,44948,48916,46204,50151,50522,58968,70014,75654,49020,61161,40538,55912,9806,19563,5876,6134,15112,18565,16294,20561,19454,27540,25993,32141,26195,33302,32551,44312,8481,16852,491866,265986,70359,40685,147857,36118,6531,59,45
2021-05-31T23:59:59+02:00,54,47,16615,17622,43640,47778,44998,49051,49285,57858,69337,75141,48943,61059,40494,55843,9794,19528,5599,5815,14077,17740,14899,19649,18288,26439,24776,30806,25681,32588,32357,44016,8447,16754,485623,259728,69200,40142,147399,33212,4807,58,44
2021-05-30T23:59:59+02:00,47,46,16293,17232,42665,46846,44094,48145,48292,56862,68777,74592,48835,60905,40423,55731,9779,19485,5412,5574,13532,17043,14279,18959,17405,25475,23682,29637,24912,31641,32064,43601,8403,16666,479645,253786,68166,39343,146989,30924,4191,58,43
2021-05-29T23:59:59+02:00,47,46,16165,17116,42308,46531,43754,47882,48051,56673,68717,74532,48829,60898,40417,55728,9779,19485,5249,5334,13025,16233,13635,18110,16563,24312,22574,28341,24756,31411,32001,43508,8400,16659,477684,248211,68050,39343,146979,28330,4187,58,42
2021-05-28T23:59:59+02:00,46,44,15864,16811,41614,45903,43244,47323,47545,56131,68439,74235,48763,60816,40389,55679,9776,19480,5012,4950,12489,15319,12962,17251,15702,23087,21487,26910,24511,31047,31908,43374,8390,16642,473396,242224,67551,39238,146946,25390,4151,58,40
2021-05-27T23:59:59+02:00,43,40,15347,16292,40472,44925,42229,46442,46562,55247,67856,73803,48641,60657,40335,55607,9765,19439,4790,4614,11850,14497,12179,16316,14639,21899,20231,25404,24010,30308,31736,43114,8357,16560,467584,234908,66042,38433,146231,23340,3787,58,38
2021-05-26T23:59:59+02:00,41,39,14940,15868,39377,44009,41197,45561,45537,54372,67248,73293,48490,60478,40255,55439,9744,19391,4599,4419,11294,13737,11459,15467,13640,20767,18839,23821,23429,29529,31520,42774,8305,16459,462472,227661,64017,37576,145242,21295,3490,58,38
2021-05-25T23:59:59+02:00,41,38,14550,15467,38374,43123,40230,44707,44586,53454,66639,72763,48311,60246,40176,55307,9718,19337,4394,4217,10755,13093,10700,14686,12579,19538,17410,22317,22847,28751,31287,42457,8251,16372,457176,220338,62437,36637,144138,19387,3258,58,36
2021-05-24T23:59:59+02:00,40,38,14207,15144,37549,42389,39359,44036,43724,52674,66107,72280,48185,60069,40112,55185,9698,19293,4251,4092,10309,12634,10062,14103,11704,18707,16131,21065,22181,27921,31071,42134,8193,16286,452561,213487,61210,35698,143411,18777,2849,58,35
2021-05-23T23:59:59+02:00,36,38,14039,14971,37082,42016,38907,43632,43275,52270,65837,72054,48111,59979,40074,55140,9691,19269,4062,3953,9849,12161,9445,13498,10767,17896,14941,20005,21716,27356,30819,41848,8146,16205,449381,206532,60836,35619,143382,17719,2764,58,35
2021-05-22T23:59:59+02:00,34,36,13842,14755,36401,41451,38230,43179,42703,51864,64819,71048,47907,59723,40004,55027,9681,19247,3953,3658,9634,11749,9292,13172,10526,17453,14673,19605,21623,27239,30785,41808,8139,16196,442961,205318,60833,35617,143366,15804,2733,58,35
2021-05-21T23:59:59+02:00,33,35,13463,14354,35329,40537,37168,42251,41640,50968,63465,69766,47677,59386,39923,54880,9664,19214,3847,3562,9427,11485,9082,12907,10198,17127,14266,19237,21403,26953,30725,41718,8130,16188,433367,203381,60482,35311,143130,14814,2717,57,34
2021-05-20T23:59:59+02:00,30,35,12669,13630,33893,39086,35751,40843,40240,49772,62183,68617,47388,59044,39780,54700,9643,19163,3699,3381,8902,10884,8437,12201,9500,16282,13514,18280,20592,25842,30532,41422,8092,16103,423187,199042,58782,34467,142103,11782,2340,55,34
2021-05-19T23:59:59+02:00,30,34,12133,13066,32714,37662,34651,39462,39118,48815,60185,66851,46912,58487,39597,54439,9602,19057,3597,3251,8631,10513,8142,11828,9061,15775,12880,17622,19728,24713,30306,41119,8036,15988,412357,194816,57265,33655,140999,10548,2139,55,34
2021-05-18T23:59:59+02:00,28,34,11712,12623,31670,36644,33558,38549,38081,47881,58129,64994,46556,58038,39444,54200,9570,18998,3399,3087,8139,9910,7673,11283,8521,15110,12200,16853,18789,23487,30070,40776,8000,15883,403712,190739,55307,32816,139803,7760,1833,54,34
2021-05-17T23:59:59+02:00,26,33,11461,12347,31153,36089,33067,37988,37491,47247,56227,63289,45855,57216,39167,53803,9533,18924,3317,2978,7877,9627,7380,10986,8123,14698,11634,16250,17873,22356,29838,40457,7965,15809,396131,186377,54189,32069,138997,7145,1546,53,33
2021-05-16T23:59:59+02:00,26,33,11241,12093,30633,35586,32605,37496,36971,46677,54333,61465,45311,56518,38973,53484,9506,18869,3216,2879,7589,9338,7060,10642,7647,14237,11057,15667,16944,21210,29629,40168,7927,15741,389179,182108,53225,31224,138335,6561,1029,52,31
2021-05-15T23:59:59+02:00,26,33,11087,11890,30356,35253,32368,37176,36743,46414,52764,59988,45061,56212,38896,53346,9500,18841,3196,2861,7565,9311,7045,10621,7629,14224,11040,15646,16835,20997,29420,39863,7919,15731,383378,181128,53222,31223,138290,6512,1012,52,30
2021-05-14T23:59:59+02:00,26,33,10841,11609,29889,34747,31989,36716,36234,45942,50896,58161,44699,55711,38756,53138,9484,18801,3169,2843,7495,9241,6991,10550,7571,14167,10858,15448,16105,19932,29134,39377,7902,15691,375602,178227,52895,30884,138161,6373,962,52,30
2021-05-13T23:59:59+02:00,23,32,10559,11284,29243,34110,31390,36112,35563,45278,49427,56643,44269,55084,38585,52895,9457,18755,3101,2797,7368,9140,6904,10456,7469,14061,10533,15103,15049,18699,28749,38735,7859,15617,368517,174441,51878,30322,137411,5998,852,51,29
2021-05-12T23:59:59+02:00,23,30,10430,11142,28963,33793,31125,35820,35253,44967,49141,56335,44170,54977,38532,52813,9450,18717,3089,2771,7334,9104,6874,10421,7442,14022,10368,14947,14677,18271,28446,38259,7837,15570,365850,172408,51797,30312,137253,5954,730,51,29
2021-05-11T23:59:59+02:00,22,27,10084,10819,28111,32968,30294,35067,34394,44186,47408,54568,43718,54385,38356,52522,9412,18615,3002,2675,7091,8825,6651,10122,7228,13654,9888,14401,13700,17123,28033,37646,7800,15476,358942,168750,50092,29422,135366,4610,505,51,29
2021-05-10T23:59:59+02:00,21,27,9779,10546,27365,32267,29520,34370,33625,43422,46105,53304,43336,53874,38166,52217,9362,18502,2961,2630,6964,8702,6556,10005,7089,13473,9626,14094,13007,16265,27607,37037,7774,15396,352694,165946,48976,29043,133694,3775,396,48,27
2021-05-09T23:59:59+02:00,20,27,9548,10301,26688,31587,28854,33672,32905,42728,44587,51837,42836,53254,37966,51913,9325,18417,2913,2584,6841,8559,6450,9864,6977,13261,9311,13783,12210,15367,27244,36504,7754,15340,345636,163103,47900,28489,132573,3035,309,47,27
2021-05-08T23:59:59+02:00,20,27,9455,10233,26303,31286,28409,33358,32452,42424,43555,51009,42684,53091,37923,51851,9323,18411,2910,2580,6833,8555,6444,9856,6969,13250,9302,13771,12172,15305,26569,35559,7717,15264,341119,161242,47858,28463,132487,3022,303,47,27
2021-05-07T23:59:59+02:00,19,27,9314,10085,25832,30908,27964,32984,31947,42079,42520,50185,42413,52751,37810,51691,9311,18384,2863,2554,6780,8514,6388,9801,6918,13198,9129,13552,11541,14493,25631,34182,7670,15182,336012,157161,47551,28094,132329,2830,285,47,27
2021-05-06T23:59:59+02:00,17,26,8917,9796,24917,30141,26907,32185,30723,41263,40906,48977,42034,52207,37616,51449,9273,18311,2800,2508,6650,8368,6273,9673,6770,13012,8859,13255,10895,13633,24673,32804,7637,15121,328179,153395,46477,27141,130688,2095,274,47,27
2021-05-05T23:59:59+02:00,17,25,8552,9597,24037,29544,26044,31522,29636,40473,38931,47165,41591,51654,37408,51167,9216,18199,2760,2478,6533,8241,6173,9560,6668,12871,8614,12999,10190,12808,23663,31484,7608,15050,320336,149533,45626,26256,128579,1695,190,47,27
2021-05-04T23:59:59+02:00,17,24,8309,9370,23241,28899,25072,30783,28566,39638,37422,45702,41123,51068,37130,50819,9170,18078,2722,2457,6461,8169,6091,9495,6594,12793,8379,12780,9462,11955,22719,30244,7574,14987,313689,145831,44662,25450,125948,1491,85,47,26
2021-05-03T23:59:59+02:00,17,23,8107,9157,22544,28320,24234,30178,27659,38945,36465,44951,40776,50595,36916,50530,9120,17974,2677,2426,6392,8092,6013,9430,6506,12709,8151,12568,8720,11057,21805,29030,7543,14937,308831,142104,43885,24633,123704,1249,45,46,26
2021-05-02T23:59:59+02:00,17,23,7945,8993,21908,27746,23496,29588,26843,38324,35651,44321,40516,50264,36804,50343,9086,17917,2642,2404,6350,8050,5978,9396,6468,12669,7969,12395,8121,10323,21097,28164,7522,14919,304009,138928,43116,24358,122577,1118,38,45,26
2021-05-01T23:59:59+02:00,16,23,7793,8811,21535,27290,23014,29013,26200,37616,34828,43426,40253,49891,36707,50190,9080,17900,2636,2398,6324,8040,5963,9387,6450,12655,7952,12380,8085,10260,21058,28107,7518,14915,297917,138638,43115,24351,122471,1076,38,45,26
2021-04-30T23:59:59+02:00,16,21,7646,8633,21149,26861,22569,28448,25454,36840,33822,42463,40024,49572,36610,50037,9068,17879,2619,2385,6300,8022,5941,9370,6423,12635,7920,12347,8045,10190,21008,28024,7515,14906,291637,138329,43108,24278,122290,986,32,45,26
2021-04-29T23:59:59+02:00,15,21,7377,8394,20558,26290,21899,27767,24522,35877,32548,41127,38981,48168,36293,49564,9011,17751,2587,2352,6208,7912,5857,9268,6329,12493,7719,12074,7423,9469,20601,27509,7493,14832,282909,136274,42324,23052,120858,745,32,40,24
2021-04-28T23:59:59+02:00,14,19,7103,8177,20039,25819,21262,27169,23639,35030,31156,39678,37821,46583,35950,49069,8948,17609,2518,2305,6100,7791,5748,9138,6228,12344,7500,11804,6736,8625,20185,26934,7452,14761,274238,133836,41554,21757,119222,521,32,39,24
2021-04-27T23:59:59+02:00,13,19,6921,7999,19607,25395,20647,26633,22786,34257,29949,38362,36734,45142,35569,48499,8878,17482,2494,2280,5997,7694,5695,9042,6163,12221,7286,11606,6135,7890,19780,26437,7432,14738,266449,131745,40691,20816,117681,274,32,39,24
2021-04-26T23:59:59+02:00,12,19,6739,7835,19190,24973,20106,26110,21986,33505,28736,37131,35676,43722,35263,48016,8829,17358,2483,2271,5955,7652,5650,9003,6127,12178,7100,11442,5521,7160,19410,25989,7408,14711,258785,129789,39866,19975,116487,243,30,38,24
2021-04-25T23:59:59+02:00,12,18,6635,7702,18853,24704,19727,25773,21375,32891,27754,36176,34547,42295,34948,47588,8788,17277,2471,2264,5937,7629,5631,8986,6107,12153,7063,11415,5394,6979,19075,25525,7392,14667,251617,129168,39152,19234,116226,233,30,38,24
2021-04-24T23:59:59+02:00,12,18,6470,7526,18412,24273,19169,25236,20592,32090,26677,35132,34297,41982,34854,47423,8778,17265,2467,2258,5924,7620,5623,8975,6102,12149,7053,11408,5321,6868,18977,25384,7389,14659,245668,128715,39148,19195,115322,215,30,38,23
2021-04-23T23:59:59+02:00,12,18,6249,7328,17964,23801,18602,24627,19770,31277,25524,33940,33523,40810,34710,47186,8764,17242,2461,2240,5897,7596,5586,8937,6057,12105,7007,11356,5155,6592,18439,24759,7289,14490,238120,126874,38820,18849,114340,193,30,37,21
2021-04-22T23:59:59+02:00,11,17,6033,7120,17359,23214,17810,23846,18722,30257,24204,32510,32484,39458,34464,46830,8726,17164,2447,2225,5853,7546,5538,8853,5983,12027,6931,11286,4871,6177,17728,23887,7170,14296,229093,124723,37902,17887,113170,159,30,34,20
2021-04-21T23:59:59+02:00,11,16,5836,6941,16829,22743,17149,23243,17743,29360,22652,30919,31481,38228,34167,46394,8678,17077,2424,2208,5811,7491,5481,8778,5917,11927,6836,11206,4712,5903,17031,23040,7054,14115,220232,122639,37131,17119,112042,127,30,32,20
2021-04-20T23:59:59+02:00,10,15,5653,6748,16274,22270,16410,22587,16753,28361,21187,29453,30337,36743,33854,45964,8630,16989,2412,2194,5762,7454,5441,8733,5869,11861,6757,11143,4593,5750,16430,22266,6929,13936,211278,120962,36249,16403,110650,119,29,32,18
2021-04-19T23:59:59+02:00,10,15,5468,6591,15743,21841,15735,22031,15763,27485,19799,28055,28967,35111,33538,45491,8574,16875,2401,2181,5737,7421,5404,8700,5830,11816,6676,11067,4467,5589,15782,21557,6821,13775,202613,119322,35472,15740,108948,116,29,30,18
2021-04-18T23:59:59+02:00,9,15,5281,6450,15310,21517,15119,21470,14794,26698,18462,26917,27581,33464,33207,45073,8518,16789,2350,2135,5606,7301,5290,8587,5723,11667,6571,10948,4351,5402,15189,20891,6708,13597,194093,117688,34643,14471,107879,112,29,30,17
2021-04-17T23:59:59+02:00,9,14,5246,6415,15156,21442,14943,21385,14559,26519,18208,26696,27074,32924,33081,44925,8509,16774,2323,2095,5506,7148,5183,8428,5623,11479,6481,10815,4299,5340,14949,20597,6698,13584,192876,115933,34638,14467,106306,103,29,30,17
2021-04-16T23:59:59+02:00,9,14,5183,6361,14979,21290,14732,21224,14277,26269,17795,26285,26032,31693,32948,44712,8488,16751,2277,2045,5390,6965,5047,8247,5471,11239,6285,10594,4094,5107,14304,19812,6600,13439,189527,112707,34349,14071,105107,93,29,30,17
2021-04-15T23:59:59+02:00,7,13,5114,6284,14766,21077,14464,20936,13848,25919,17160,25657,24671,30086,32691,44389,8453,16673,2207,1961,5194,6730,4845,7926,5264,10922,6069,10310,3896,4857,13476,18730,6485,13272,184981,108889,33540,13128,103628,82,29,30,17
2021-04-14T23:59:59+02:00,7,13,5033,6214,14562,20878,14211,20714,13458,25585,16495,25040,23095,28302,32376,43985,8402,16579,2019,1841,4976,6469,4656,7677,5037,10673,5835,10025,3761,4650,12752,17814,6359,13058,180385,105806,32666,11675,101839,76,29,30,17
2021-04-13T23:59:59+02:00,7,13,4982,6167,14363,20743,13979,20533,13115,25290,15926,24538,21393,26458,32059,43563,8370,16472,1934,1789,4810,6282,4471,7458,4837,10418,5631,9793,3625,4486,12237,17199,6236,12897,176170,103431,31791,10561,99952,66,29,29,17
2021-04-12T23:59:59+02:00,7,12,4918,6102,14147,20546,13675,20271,12732,24877,15349,23985,19800,24517,31769,43203,8330,16398,1804,1698,4630,6123,4325,7282,4675,10226,5494,9636,3508,4331,11807,16690,6125,12734,171821,101752,30737,9226,98022,65,29,29,17
2021-04-11T23:59:59+02:00,7,12,4849,6026,13923,20348,13380,20061,12320,24526,14789,23476,18296,22746,31506,42864,8287,16319,1767,1662,4510,6010,4214,7159,4553,10095,5360,9507,3394,4212,11318,16081,5994,12528,167542,100009,29779,8249,96357,63,28,29,16
2021-04-10T23:59:59+02:00,7,12,4844,6018,13904,20334,13371,20051,12303,24510,14766,23457,17608,21824,31214,42446,8269,16292,1763,1650,4498,5999,4199,7145,4540,10081,5307,9442,3292,4099,10762,15247,5864,12330,166474,97869,29752,8249,94949,59,26,29,16
2021-04-09T23:59:59+02:00,7,12,4832,6001,13868,20285,13327,20004,12256,24456,14507,23206,16091,19939,30808,41800,8235,16249,1739,1640,4476,5984,4173,7118,4499,10047,5270,9393,3207,3982,9897,14259,5716,12132,163863,95435,29411,8001,92557,58,24,28,15
2021-04-08T23:59:59+02:00,7,12,4789,5973,13767,20211,13247,19924,12157,24352,14172,22848,14324,17731,30192,40792,8177,16128,1718,1627,4444,5931,4121,7034,4435,9967,5198,9316,3099,3879,9419,13659,5511,11887,160043,93592,28383,7566,90335,57,16,26,15
2021-04-07T23:59:59+02:00,7,12,4759,5945,13664,20129,13154,19839,12056,24251,13796,22492,12819,15888,29549,39826,8122,16030,1699,1615,4392,5864,4036,6960,4346,9883,5108,9217,3013,3784,8678,12567,5276,11484,155653,91053,27508,6793,89136,47,15,26,15
2021-04-06T23:59:59+02:00,7,12,4730,5919,13567,20062,13073,19779,11980,24186,13421,22141,11186,13884,28888,38856,8090,15959,1639,1561,4264,5738,3928,6836,4227,9736,5005,9088,2898,3663,7973,11638,5004,11119,151644,88673,26627,5572,87429,45,14,26,14
2021-04-05T23:59:59+02:00,7,11,4693,5892,13490,19996,13006,19711,11925,24106,13149,21887,9577,11942,28162,37807,8055,15897,1568,1492,4109,5588,3760,6680,4074,9587,4850,8960,2766,3546,7169,10677,4733,10730,148454,86309,25613,3912,85207,42,13,26,14
2021-04-04T23:59:59+02:00,7,11,4679,5874,13479,19976,12998,19694,11917,24086,13052,21817,8554,10682,27715,37165,8030,15840,1567,1490,4101,5582,3758,6675,4069,9582,4848,8952,2761,3537,6933,10213,4649,10605,146727,85353,25609,3912,83204,36,10,26,12
2021-04-03T23:59:59+02:00,7,11,4676,5864,13462,19957,12988,19684,11907,24076,13038,21799,7650,9615,26835,35923,7981,15729,1563,1486,4099,5577,3756,6672,4061,9570,4834,8939,2754,3526,6795,9953,4610,10525,144256,84752,25601,3912,81311,36,9,25,12
2021-04-02T23:59:59+02:00,7,11,4671,5846,13425,19932,12949,19641,11864,24028,12963,21731,7137,8868,25251,33823,7835,15461,1554,1470,4073,5554,3730,6631,4025,9509,4713,8653,2626,3371,6420,9560,4462,10327,139806,82937,25263,3686,80342,36,8,24,12
2021-04-01T23:59:59+02:00,6,10,4620,5787,13331,19787,12834,19490,11715,23872,12366,21285,6575,8163,23745,31852,7707,15224,1491,1424,3965,5431,3663,6560,3957,9443,4635,8550,2532,3230,5910,8877,4294,10053,135613,80683,24125,3284,78602,31,7,22,11
2021-03-31T23:59:59+02:00,6,10,4569,5732,13207,19634,12703,19336,11527,23692,12103,21025,6256,7792,22269,29898,7557,14996,1478,1413,3943,5408,3631,6532,3917,9396,4598,8497,2469,3155,5428,8235,4120,9815,131686,78922,23038,3068,77561,31,5,22,10
2021-03-30T23:59:59+02:00,6,10,4508,5668,13069,19485,12591,19161,11396,23527,11933,20887,6065,7577,20883,28172,7413,14792,1461,1377,3902,5375,3567,6462,3829,9282,4467,8326,2335,2951,5008,7681,3977,9560,128337,76704,22114,2826,76670,19,2,20,10
2021-03-29T23:59:59+02:00,6,10,4468,5629,12950,19390,12524,19078,11314,23425,11784,20752,5908,7379,19467,26494,7285,14591,1402,1336,3847,5332,3493,6392,3711,9138,4317,8137,2213,2810,4445,7015,3823,9285,124761,74053,21250,2615,76421,18,2,20,9
2021-03-28T23:59:59+02:00,6,10,4421,5565,12830,19253,12439,18984,11213,23329,11678,20651,5756,7174,18290,24990,7166,14397,1369,1292,3749,5226,3300,6167,3624,9021,4267,8081,2161,2747,3686,5995,3638,9018,121769,71005,20462,2317,75900,10,2,19,8
2021-03-27T23:59:59+01:00,6,10,4389,5514,12723,19089,12325,18819,11100,23125,11571,20502,5691,7092,18006,24644,7155,14382,1363,1289,3744,5222,3297,6160,3338,8673,4069,7783,2155,2744,3672,5962,3604,8958,119934,69702,20423,2317,75765,5,2,19,8
2021-03-26T23:59:59+01:00,6,9,4353,5461,12613,18901,12192,18619,10947,22897,11410,20293,5528,6878,17402,23855,7056,14233,1362,1288,3739,5215,3274,6142,3319,8653,3857,7338,1978,2340,3409,5678,3454,8726,116852,67450,20085,2310,75696,4,1,19,8
2021-03-25T23:59:59+01:00,6,9,4286,5374,12415,18663,11987,18290,10733,22569,11169,19966,5316,6594,16375,22548,6927,14044,1353,1278,3718,5189,3242,6114,3268,8616,3811,7295,1906,2227,2975,4997,3297,8422,112874,65489,19014,2209,75363,2,1,19,8
2021-03-24T23:59:59+01:00,6,9,4207,5263,12204,18214,11770,17878,10516,22179,10937,19594,5048,6249,15338,21332,6788,13820,1330,1265,3694,5144,3206,6052,3213,8546,3757,7222,1853,2168,2668,4663,3145,8147,109774,64097,17923,1966,73635,2,1,19,8
2021-03-23T23:59:59+01:00,6,9,4151,5200,12037,17871,11571,17528,10325,21816,10719,19307,4915,6054,14699,20518,6648,13647,1315,1259,3679,5126,3185,6035,3191,8498,3721,7179,1818,2110,2439,4393,2937,7826,107432,62776,17197,1925,72372,2,1,19,8
2021-03-22T23:59:59+01:00,6,9,4104,5122,11843,17539,11383,17201,10100,21490,10504,19005,4765,5848,14081,19804,6515,13461,1302,1250,3652,5093,3154,5999,3162,8442,3685,7134,1774,2054,2240,4143,2742,7494,105583,61525,16480,1785,70698,2,1,18,8
2021-03-21T23:59:59+01:00,6,9,4030,4999,11562,17128,11103,16794,9831,21036,10249,18655,4651,5677,13387,19014,6373,13253,1294,1249,3635,5078,3133,5966,3139,8412,3666,7112,1756,2027,2075,3982,2571,7226,103709,60531,15181,1780,68848,2,1,18,8
2021-03-20T23:59:59+01:00,5,9,4000,4930,11419,16793,10978,16477,9688,20733,10073,18373,4526,5517,12758,18064,6237,13038,1293,1248,3635,5076,3130,5965,3136,8407,3661,7108,1752,2022,2044,3921,2548,7185,101518,60341,15177,1780,66904,2,1,18,8
2021-03-19T23:59:59+01:00,5,8,3956,4850,11252,16433,10797,16122,9516,20353,9860,18014,4367,5322,11736,16854,6076,12827,1284,1241,3617,5050,3101,5889,3092,8315,3559,6934,1627,1912,1970,3859,2436,6977,98824,59077,14770,1776,64736,2,1,17,8
2021-03-18T23:59:59+01:00,5,8,3870,4748,11006,16007,10529,15679,9239,19885,9637,17673,4223,5156,11113,15988,5848,12560,1280,1230,3600,5015,3081,5845,3070,8259,3531,6888,1608,1880,1931,3789,2313,6766,97026,58390,13763,1686,62367,2,1,17,8
2021-03-17T23:59:59+01:00,5,8,3699,4633,10711,15588,10265,15320,8997,19524,9386,17325,4105,4989,10299,14745,5586,12137,1279,1228,3586,4997,3075,5825,3060,8226,3513,6865,1607,1856,1907,3761,2203,6579,94381,57885,12221,1672,60702,2,1,17,8
2021-03-16T23:59:59+01:00,5,8,3558,4508,10372,15126,9991,14950,8722,19082,9090,16962,3962,4824,9483,13623,5305,11778,1265,1225,3582,4990,3064,5821,3054,8215,3506,6851,1583,1833,1868,3710,2083,6401,92052,57449,11032,1592,58248,2,1,16,8
2021-03-15T23:59:59+01:00,5,8,3410,4392,10058,14658,9701,14492,8426,18608,8802,16550,3816,4654,8776,12561,5081,11457,1255,1217,3562,4978,3052,5797,3034,8176,3486,6808,1568,1820,1851,3677,1968,6216,90093,56865,9669,1591,55677,2,0,16,8
2021-03-14T23:59:59+01:00,5,8,3340,4303,9792,14224,9446,14089,8108,18116,8522,16155,3653,4468,7975,11327,4773,11002,1241,1211,3541,4960,3031,5756,3012,8096,3458,6740,1542,1771,1790,3550,1803,5828,87784,56340,8651,981,52858,2,0,13,8
2021-03-13T23:59:59+01:00,5,8,3266,4056,9486,13563,9205,13517,7884,17549,8320,15728,3546,4368,7784,11036,4725,10914,1241,1211,3541,4960,3031,5756,3011,8096,3457,6738,1538,1770,1788,3546,1802,5827,87133,56323,8651,981,49163,2,0,13,8
2021-03-12T23:59:59+01:00,5,8,3205,3920,9241,13024,8968,12986,7651,16913,7964,14978,3383,4198,7401,10629,4588,10728,1238,1208,3537,4946,3028,5753,3004,8088,3453,6732,1511,1741,1767,3528,1703,5652,85366,55900,8405,980,46006,2,0,13,8
2021-03-11T23:59:59+01:00,5,8,3057,3652,8865,12266,8664,12310,7318,16129,7622,14335,3226,3996,6846,9910,4400,10416,1219,1198,3503,4902,2986,5676,2969,7964,3402,6634,1467,1688,1688,3328,1505,5140,82924,55156,7960,105,42129,1,0,12,8
2021-03-10T23:59:59+01:00,5,7,2992,3545,8366,11755,7988,11826,6997,15638,7324,13744,3066,3839,6286,9218,4229,10142,1208,1184,3473,4844,2955,5601,2933,7824,3348,6512,1429,1648,1630,3232,1389,4861,81109,53982,7409,82,38438,0,0,11,8
2021-03-09T23:59:59+01:00,5,6,2887,3369,7682,11305,7091,11340,6578,15026,6961,13137,2837,3539,5778,8588,4073,9866,1203,1180,3451,4797,2928,5536,2916,7773,3330,6466,1415,1624,1595,3190,1284,4663,78816,53298,6054,48,35187,0,0,11,6
2021-03-08T23:59:59+01:00,5,6,2714,3134,7040,10761,6277,10861,6176,14497,6567,12571,2628,3328,5175,7849,3927,9599,1196,1174,3430,4731,2903,5461,2877,7679,3298,6390,1408,1615,1592,3182,1279,4660,75993,52824,4915,46,32197,0,0,10,6
2021-03-07T23:59:59+01:00,5,6,2602,3002,6709,10261,5866,10320,5881,14047,6327,12185,2532,3237,4410,6787,3710,9317,1193,1171,3427,4726,2898,5449,2873,7662,3290,6377,1403,1602,1571,3142,1264,4619,72744,52618,4084,44,30367,0,0,9,6
2021-03-06T23:59:59+01:00,5,5,2557,2860,6525,9807,5667,9903,5405,13192,5953,11446,2511,3210,4404,6776,3709,9316,1193,1170,3424,4722,2896,5448,2872,7661,3289,6374,1401,1599,1571,3140,1263,4619,71518,52593,4084,44,27640,0,0,9,6
2021-03-05T23:59:59+01:00,5,5,2466,2605,6313,9222,5453,9506,5228,12625,5569,10468,2285,2747,4025,6394,3570,9102,1181,1167,3406,4706,2892,5435,2864,7643,3278,6355,1387,1592,1570,3136,1258,4615,69192,52437,3851,44,24536,0,0,9,5
2021-03-04T23:59:59+01:00,5,5,2390,2400,6098,8787,5290,9165,5047,12204,5394,10090,2193,2577,3473,5571,3405,8764,1169,1153,3363,4608,2859,5369,2833,7545,3245,6281,1367,1585,1556,3122,1250,4604,67147,51863,3412,44,22290,0,0,9,3
2021-03-03T23:59:59+01:00,4,5,2333,2349,5928,8373,5119,8805,4835,11752,5204,9645,2111,2469,3070,5133,3246,8470,1149,1145,3329,4560,2822,5304,2793,7446,3199,6207,1347,1560,1537,3091,1244,4587,65722,51277,3169,42,19951,0,0,9,2
2021-03-02T23:59:59+01:00,4,5,2279,2261,5766,8039,4962,8550,4674,11352,5044,9327,2045,2378,2765,4776,3029,8149,1144,1136,3311,4539,2807,5278,2776,7398,3191,6179,1342,1549,1519,3074,1241,4581,64376,51022,2909,42,18111,0,0,9,2
2021-03-01T23:59:59+01:00,4,5,2253,2234,5662,7823,4863,8405,4590,11200,4945,9153,1990,2301,2469,4454,2841,7833,1138,1133,3297,4521,2795,5249,2760,7352,3176,6151,1336,1546,1512,3065,1238,4577,63114,50803,2688,42,17214,0,0,9,2
2021-02-28T23:59:59+01:00,3,5,2201,2191,5484,7565,4687,8185,4455,11015,4838,9027,1953,2239,2175,4151,2639,7524,1129,1127,3282,4511,2788,5242,2754,7338,3169,6137,1331,1543,1505,3050,1237,4545,62010,50645,2385,42,15933,0,0,9,2
2021-02-27T23:59:59+01:00,3,5,2114,1882,5307,7140,4589,7873,4372,10667,4766,8777,1925,2178,2147,4106,2619,7470,1125,1124,3280,4510,2783,5240,2750,7335,3165,6134,1329,1543,1505,3049,1236,4545,61778,50613,2385,39,13768,0,0,9,2
2021-02-26T23:59:59+01:00,3,5,2057,1804,5161,6903,4443,7613,4221,10402,4557,8495,1796,2071,2086,4069,2512,7291,1104,1111,3263,4476,2771,5201,2737,7282,3143,6080,1323,1532,1501,3041,1235,4543,60455,50304,2379,38,12646,0,0,9,2
2021-02-25T23:59:59+01:00,3,5,1940,1705,4835,6500,4015,7153,3935,9888,4322,8114,1738,2013,2053,4008,2402,7097,1088,1096,3226,4434,2741,5149,2692,7176,3103,5987,1313,1516,1487,3002,1222,4484,59978,49679,2272,36,9467,0,0,9,2
2021-02-24T23:59:59+01:00,3,5,1911,1647,4718,6286,3910,6939,3813,9647,4198,7954,1716,1981,2021,3966,2290,6899,1075,1091,3199,4372,2705,5083,2667,7092,3074,5916,1297,1499,1462,2954,1210,4415,59435,49085,2026,25,8434,0,0,9,2
2021-02-23T23:59:59+01:00,3,5,1686,1500,4347,5798,3629,6545,3592,9268,4043,7669,1687,1950,1977,3919,2177,6716,1056,1080,3161,4344,2677,5026,2643,7016,3039,5857,1277,1479,1436,2919,1200,4365,58980,48563,1979,11,5543,0,0,9,2
2021-02-22T23:59:59+01:00,3,5,1677,1481,4297,5739,3593,6482,3528,9175,3982,7574,1655,1923,1951,3868,2060,6519,1052,1067,3140,4299,2657,4987,2618,6957,3010,5805,1265,1465,1427,2909,1192,4356,58439,48199,1837,6,5227,0,0,9,2
2021-02-21T23:59:59+01:00,3,5,1665,1477,4267,5706,3550,6444,3487,9120,3938,7524,1647,1916,1946,3859,1940,6357,1047,1056,3119,4261,2628,4937,2603,6889,2981,5718,1251,1449,1407,2849,1168,4279,58096,47635,1831,6,4915,0,0,9,2
2021-02-20T23:59:59+01:00,3,5,1664,1476,4262,5703,3548,6443,3487,9119,3937,7523,1642,1915,1944,3855,1939,6357,1047,1056,3117,4259,2628,4937,2602,6888,2981,5718,1251,1448,1406,2849,1168,4279,58082,47627,1831,6,4900,0,0,9,2
2021-02-19T23:59:59+01:00,3,5,1647,1469,4250,5683,3537,6429,3476,9109,3927,7508,1616,1886,1923,3836,1839,6178,1046,1055,3116,4258,2627,4936,2602,6886,2978,5716,1251,1447,1406,2848,1168,4279,57665,47612,1826,6,4823,0,0,7,2
2021-02-18T23:59:59+01:00,3,5,1603,1438,4154,5572,3466,6327,3388,8945,3842,7368,1594,1851,1889,3766,1709,5981,1000,1012,2977,4033,2502,4665,2491,6551,2872,5454,1220,1404,1375,2763,1142,4130,57020,45584,1736,6,4138,0,0,7,2
2021-02-17T23:59:59+01:00,3,4,1581,1409,4058,5422,3381,6177,3270,8709,3715,7168,1542,1783,1817,3665,1592,5676,943,962,2824,3811,2385,4353,2364,6141,2743,5142,1172,1344,1329,2656,1095,3968,55807,43224,1725,6,3433,0,0,7,2
2021-02-16T23:59:59+01:00,3,4,1507,1342,3897,5226,3244,5996,3162,8477,3593,7002,1519,1757,1782,3635,1479,5469,858,930,2693,3655,2286,4142,2238,5821,2612,4888,1116,1253,1184,2356,841,3356,55114,40224,1708,3,2267,0,0,5,2
2021-02-15T23:59:59+01:00,3,4,1492,1324,3852,5141,3186,5909,3105,8362,3526,6896,1508,1743,1767,3612,1471,5449,824,908,2612,3527,2210,3962,2155,5543,2524,4675,1073,1189,1098,2182,777,3141,54649,38398,1706,1,1990,0,0,5,1
2021-02-14T23:59:59+01:00,3,4,1426,1296,3767,5064,3143,5800,3049,8208,3482,6787,1488,1712,1714,3485,1416,5201,815,902,2563,3459,2171,3894,2102,5423,2458,4569,1047,1153,1014,2010,706,2907,54404,37191,1095,1,1541,0,0,5,1
2021-02-13T23:59:59+01:00,3,4,1424,1295,3759,5060,3136,5799,3046,8206,3479,6785,1487,1709,1714,3483,1414,5201,815,902,2563,3459,2171,3894,2101,5423,2457,4569,1045,1152,1014,2010,706,2907,54386,37188,1094,0,1519,0,0,5,0
2021-02-12T23:59:59+01:00,3,3,1391,1279,3721,5026,3114,5779,3024,8173,3460,6741,1471,1699,1704,3466,1405,5182,808,894,2530,3406,2137,3849,2071,5369,2439,4538,1044,1151,1013,2010,705,2905,54159,36869,1092,0,1385,0,0,5,0
2021-02-11T23:59:59+01:00,3,3,1344,1236,3608,4854,3023,5605,2926,7863,3360,6529,1411,1639,1637,3288,1321,4858,771,831,2276,2962,1911,3373,1841,4625,2168,4010,961,1082,927,1818,656,2636,53529,32848,128,0,848,0,0,3,0
2021-02-10T23:59:59+01:00,3,3,1323,1214,3549,4744,2957,5500,2884,7713,3307,6398,1394,1622,1610,3247,1308,4821,695,774,1984,2554,1701,2925,1602,4018,1911,3548,851,935,764,1447,528,2147,52880,28384,126,0,589,0,0,2,0
2021-02-09T23:59:59+01:00,3,2,1310,1196,3494,4675,2927,5431,2863,7617,3270,6330,1387,1609,1582,3226,1298,4808,647,697,1724,2199,1507,2536,1418,3519,1739,3184,820,901,742,1375,507,2034,52570,25549,121,0,335,0,0,2,0
2021-02-08T23:59:59+01:00,3,2,1296,1192,3465,4645,2907,5393,2842,7565,3251,6300,1377,1602,1573,3200,1296,4790,634,663,1573,1962,1366,2284,1284,3211,1579,2924,781,880,694,1269,475,1865,52270,23444,95,0,332,0,0,2,0
2021-02-07T23:59:59+01:00,3,2,1164,1149,3358,4589,2852,5351,2815,7526,3226,6263,1367,1586,1565,3178,1291,4758,487,517,1304,1606,1126,1833,1076,2622,1352,2403,675,754,612,1110,430,1650,51974,19557,67,0,0,0,0,2,0
2021-02-06T23:59:59+01:00,3,2,1160,1147,3356,4587,2848,5348,2808,7523,3222,6259,1365,1584,1564,3175,1290,4758,363,368,1104,1354,989,1529,932,2208,1186,1984,586,652,585,1093,427,1647,51930,17007,67,0,0,0,0,2,0
2021-02-05T23:59:59+01:00,3,1,1149,1137,3340,4566,2840,5321,2797,7478,3203,6213,1359,1576,1561,3168,1289,4758,261,206,920,1036,841,1157,757,1756,1008,1575,469,546,558,1073,424,1643,51690,14230,67,0,0,0,0,2,0
2021-02-04T23:59:59+01:00,3,1,1133,1120,3295,4519,2799,5246,2755,7346,3155,6128,1345,1561,1548,3136,1280,4731,133,81,615,662,550,735,515,1145,666,985,288,363,458,927,386,1492,51054,10001,45,0,0,0,0,2,0
2021-02-03T23:59:59+01:00,3,1,1111,1114,3267,4473,2770,5201,2733,7291,3124,6070,1335,1552,1524,3095,1274,4686,115,65,490,512,419,595,414,905,511,742,240,284,359,728,302,1163,50578,7844,44,0,0,0,0,2,0
2021-02-02T23:59:59+01:00,3,1,1090,1101,3228,4442,2740,5148,2707,7215,3090,6006,1312,1524,1490,3038,1248,4595,105,56,407,414,348,517,366,818,458,660,219,261,314,658,278,1044,49933,6923,43,0,0,0,0,2,0
2021-02-01T23:59:59+01:00,3,1,1074,1090,3207,4389,2709,5086,2675,7088,3060,5909,1292,1496,1466,3002,1232,4532,78,41,310,310,256,393,273,609,324,495,180,211,248,521,216,813,49266,5278,43,0,0,0,0,2,0
2021-01-31T23:59:59+01:00,3,1,1069,1080,3192,4360,2685,5042,2660,7033,3046,5865,1281,1479,1446,2937,1209,4454,68,40,285,286,231,346,252,568,294,456,161,193,208,426,175,657,48797,4646,43,0,0,0,0,2,0
2021-01-30T23:59:59+01:00,3,1,1069,1080,3189,4356,2684,5042,2659,7032,3046,5864,1281,1478,1445,2937,1209,4454,68,37,278,272,218,330,247,557,290,450,160,190,207,426,175,657,48787,4562,40,0,0,0,0,2,0
2021-01-29T23:59:59+01:00,3,1,1068,1079,3188,4353,2684,5040,2659,7030,3043,5862,1281,1478,1445,2936,1209,4454,64,33,260,258,195,310,231,540,279,442,155,188,203,420,174,655,48771,4407,40,0,0,0,0,2,0
2021-01-28T23:59:59+01:00,3,1,1048,1060,3121,4248,2630,4929,2602,6874,2976,5731,1267,1456,1432,2870,1187,4334,55,18,163,154,129,186,161,355,204,279,124,145,157,261,102,378,47730,2871,37,0,0,0,0,2,0
2021-01-27T23:59:59+01:00,3,1,1003,1022,3035,4104,2549,4750,2507,6592,2892,5530,1237,1414,1396,2781,1154,4194,26,7,98,71,58,91,82,207,114,146,94,113,113,193,77,270,46135,1760,27,0,0,0,0,2,0
2021-01-26T23:59:59+01:00,2,1,926,993,2919,3969,2470,4565,2425,6412,2821,5375,1211,1365,1305,2628,940,3795,26,7,93,70,57,90,80,207,112,145,92,112,113,193,77,270,44104,1744,16,0,0,0,0,2,0
2021-01-25T23:59:59+01:00,2,1,911,976,2840,3840,2424,4417,2364,6216,2762,5224,1193,1343,1291,2603,930,3762,26,7,92,70,55,90,80,207,112,143,92,112,113,193,77,270,43087,1739,11,0,0,0,0,1,0
2021-01-24T23:59:59+01:00,2,1,901,972,2820,3825,2414,4385,2338,6177,2729,5164,1181,1337,1282,2581,917,3728,26,7,92,70,55,90,80,207,112,143,91,112,113,193,77,270,42745,1738,8,0,0,0,0,1,0
2021-01-23T23:59:59+01:00,2,1,901,972,2820,3824,2414,4385,2338,6177,2728,5164,1179,1336,1282,2581,917,3728,26,7,92,70,55,90,80,207,112,143,91,112,113,193,77,269,42742,1737,7,0,0,0,0,0,0
2021-01-22T23:59:59+01:00,2,1,895,965,2788,3778,2380,4320,2307,6102,2707,5117,1178,1335,1281,2580,916,3725,26,7,92,70,55,90,80,207,112,143,91,112,113,193,77,269,42370,1737,7,0,0,0,0,0,0
2021-01-21T23:59:59+01:00,2,1,880,897,2530,3362,2179,3904,2127,5494,2483,4631,1126,1287,1237,2459,886,3573,22,7,81,64,51,73,67,167,92,132,81,97,96,143,65,208,39051,1446,7,0,0,0,0,0,0
2021-01-20T23:59:59+01:00,2,1,805,835,2218,2957,1972,3438,1895,4885,2227,4154,1014,1147,1079,2113,773,3110,22,7,81,64,51,72,67,167,92,132,81,97,96,143,64,208,34618,1444,7,0,0,0,0,0,0
2021-01-19T23:59:59+01:00,2,1,745,757,1928,2514,1729,2977,1660,4228,1984,3682,941,1052,959,1840,676,2761,11,3,48,45,32,44,34,98,43,76,36,37,46,75,39,133,30430,800,6,0,0,0,0,0,0
2021-01-18T23:59:59+01:00,2,1,675,701,1699,2116,1491,2500,1411,3542,1727,3175,860,967,860,1634,624,2491,5,2,18,11,13,20,17,53,17,33,19,22,25,53,28,75,26473,411,3,0,0,0,0,0,0
2021-01-17T23:59:59+01:00,1,1,495,542,1382,1713,1210,1966,1155,2806,1449,2552,721,815,713,1355,514,2123,0,1,3,2,0,0,0,0,0,0,0,0,0,0,0,0,21511,6,2,0,0,0,0,0,0
2021-01-16T23:59:59+01:00,1,0,372,394,1200,1466,1090,1679,1014,2406,1292,2145,634,717,685,1339,512,2122,0,0,0,0,0,0,0,0,0,0,0,0,0,0,0,0,19067,0,1,0,0,0,0,0,0
2021-01-15T23:59:59+01:00,1,0,266,231,1016,1163,942,1332,845,1958,1112,1744,517,607,647,1306,501,2082,0,0,0,0,0,0,0,0,0,0,0,0,0,0,0,0,16269,0,1,0,0,0,0,0,0
2021-01-14T23:59:59+01:00,0,0,151,101,700,775,650,861,609,1300,748,1127,331,420,538,1124,451,1858,0,0,0,0,0,0,0,0,0,0,0,0,0,0,0,0,11744,0,0,0,0,0,0,0,0
2021-01-13T23:59:59+01:00,0,0,127,80,589,606,526,693,492,1044,591,862,278,346,452,957,394,1590,0,0,0,0,0,0,0,0,0,0,0,0,0,0,0,0,9627,0,0,0,0,0,0,0,0
2021-01-12T23:59:59+01:00,0,0,116,65,508,519,448,594,429,918,520,760,244,297,369,765,328,1242,0,0,0,0,0,0,0,0,0,0,0,0,0,0,0,0,8122,0,0,0,0,0,0,0,0
2021-01-11T23:59:59+01:00,0,0,87,52,415,421,364,484,343,741,413,587,210,246,309,636,269,1045,0,0,0,0,0,0,0,0,0,0,0,0,0,0,0,0,6622,0,0,0,0,0,0,0,0
2021-01-10T23:59:59+01:00,0,0,73,45,351,348,298,403,287,644,343,520,185,218,249,505,212,815,0,0,0,0,0,0,0,0,0,0,0,0,0,0,0,0,5496,0,0,0,0,0,0,0,0
2021-01-09T23:59:59+01:00,0,0,73,43,336,328,274,381,279,628,335,513,184,217,248,503,212,815,0,0,0,0,0,0,0,0,0,0,0,0,0,0,0,0,5369,0,0,0,0,0,0,0,0
2021-01-08T23:59:59+01:00,0,0,69,37,302,296,228,340,252,587,308,474,167,199,223,445,192,717,0,0,0,0,0,0,0,0,0,0,0,0,0,0,0,0,4836,0,0,0,0,0,0,0,0
2021-01-07T23:59:59+01:00,0,0,58,25,212,198,159,241,193,420,237,338,138,160,169,288,121,446,0,0,0,0,0,0,0,0,0,0,0,0,0,0,0,0,3403,0,0,0,0,0,0,0,0
2021-01-06T23:59:59+01:00,0,0,47,16,162,120,113,160,143,293,174,238,108,128,128,222,82,313,0,0,0,0,0,0,0,0,0,0,0,0,0,0,0,0,2447,0,0,0,0,0,0,0,0
2021-01-05T23:59:59+01:00,0,0,29,8,96,72,58,93,85,211,113,148,98,118,119,204,81,291,0,0,0,0,0,0,0,0,0,0,0,0,0,0,0,0,1824,0,0,0,0,0,0,0,0
2021-01-04T23:59:59+01:00,0,0,27,8,96,71,55,91,85,211,113,146,98,117,119,204,81,291,0,0,0,0,0,0,0,0,0,0,0,0,0,0,0,0,1813,0,0,0,0,0,0,0,0
2021-01-03T23:59:59+01:00,0,0,27,8,96,71,55,91,85,211,113,146,97,117,119,204,81,291,0,0,0,0,0,0,0,0,0,0,0,0,0,0,0,0,1812,0,0,0,0,0,0,0,0
2021-01-02T23:59:59+01:00,0,0,27,8,96,71,55,91,85,211,112,146,97,117,119,204,81,290,0,0,0,0,0,0,0,0,0,0,0,0,0,0,0,0,1810,0,0,0,0,0,0,0,0
2021-01-01T23:59:59+01:00,0,0,27,8,96,71,55,91,85,211,112,145,97,117,119,204,81,290,0,0,0,0,0,0,0,0,0,0,0,0,0,0,0,0,1809,0,0,0,0,0,0,0,0
2020-12-31T23:59:59+01:00,0,0,27,8,96,71,55,91,85,211,111,145,97,117,119,204,81,290,0,0,0,0,0,0,0,0,0,0,0,0,0,0,0,0,1808,0,0,0,0,0,0,0,0
2020-12-30T23:59:59+01:00,0,0,27,8,96,71,54,91,85,211,111,145,97,117,119,204,80,290,0,0,0,0,0,0,0,0,0,0,0,0,0,0,0,0,1806,0,0,0,0,0,0,0,0
2020-12-29T23:59:59+01:00,0,0,15,2,64,53,32,61,50,138,64,88,47,51,66,119,51,195,0,0,0,0,0,0,0,0,0,0,0,0,0,0,0,0,1096,0,0,0,0,0,0,0,0
2020-12-28T23:59:59+01:00,0,0,5,2,36,26,19,30,21,67,25,41,20,22,26,47,28,74,0,0,0,0,0,0,0,0,0,0,0,0,0,0,0,0,489,0,0,0,0,0,0,0,0
2020-12-27T23:59:59+01:00,0,0,0,0,7,5,7,2,1,5,0,2,0,1,2,2,4,6,0,0,0,0,0,0,0,0,0,0,0,0,0,0,0,0,44,0,0,0,0,0,0,0,0
