Datum,<15_m,<15_w,15-24_1_m,15-24_1_w,25-34_1_m,25-34_1_w,35-44_1_m,35-44_1_w,45-54_1_m,45-54_1_w,55-64_1_m,55-64_1_w,65-74_1_m,65-74_1_w,75-84_1_m,75-84_1_w,>84_1_m,>84_1_w,<24_2_m,<24_2_w,25-34_2_m,25-34_2_w,35-44_2_m,35-44_2_w,45-54_2_m,45-54_2_w,55-64_2_m,55-64_2_w,65-74_2_m,65-74_2_w,75-84_2_m,75-84_2_w,>84_2_m,>84_2_w,bp_1,bp_2,mo_1,mo_2,az_1,az_2,ja,unb_1,unb_2
2021-07-26T23:59:59+02:00,6037,5746,51727,52807,94523,93048,87571,87497,86281,92153,87701,90619,53505,66656,42709,59140,10309,20712,33515,34246,72238,71566,64958,65837,71556,77485,77683,81305,49804,61998,40500,55760,9729,19391,742081,601286,127710,95357,157665,131189,61209,76,69
2021-07-25T23:59:59+02:00,6003,5705,51541,52626,94286,92841,87425,87326,86144,92034,87602,90537,53459,66602,42690,59111,10303,20701,32826,33521,70925,70391,63876,64848,70576,76590,77232,80875,49697,61823,40441,55684,9724,19363,740795,594494,127489,93806,157648,130417,60928,76,69
2021-07-24T23:59:59+02:00,5921,5653,51273,52349,93989,92539,87186,87119,85974,91886,87507,90459,53431,66568,42679,59089,10303,20695,32355,33057,70089,69731,63220,64308,69712,75900,77031,80724,49644,61781,40420,55659,9724,19361,739005,590247,127441,92881,157648,130294,60450,76,69
2021-07-23T23:59:59+02:00,5866,5599,51012,52091,93610,92274,86909,86911,85797,91711,87379,90368,53399,66523,42671,59071,10300,20689,31857,32452,69048,68903,62448,63654,68809,75066,76631,80399,49568,61684,40388,55622,9717,19347,737047,584761,127381,91734,157641,130121,60035,76,69
2021-07-22T23:59:59+02:00,5798,5536,50608,51705,93161,91847,86537,86598,85503,91429,87169,90192,53316,66432,42642,59013,10291,20664,31183,31757,67772,67928,61416,62790,67201,73732,75997,79897,49417,61483,40298,55512,9696,19309,734132,578489,127157,89000,157619,129364,59457,76,69
2021-07-21T23:59:59+02:00,5747,5487,50259,51344,92744,91449,86245,86311,85262,91199,87005,90017,53236,66351,42587,58947,10281,20638,30602,31145,66447,66902,60350,61904,65178,72058,75096,79159,49128,61176,40140,55325,9672,19255,731451,572304,126944,84717,157596,128294,59042,76,69
2021-07-20T23:59:59+02:00,5688,5426,49884,50965,92299,90999,85888,85994,85004,90959,86791,89826,53147,66221,42544,58890,10275,20614,29966,30524,65010,65746,59219,60952,64000,71007,74486,78614,48925,60947,40035,55168,9651,19194,728595,565369,126733,83066,157549,127278,58461,76,69
2021-07-19T23:59:59+02:00,5609,5353,49425,50522,91837,90538,85531,85671,84760,90751,86590,89655,53054,66105,42508,58817,10258,20578,29438,29971,63872,64712,58323,60093,62861,69986,73903,78104,48754,60753,39945,55026,9624,19149,725406,559687,126517,81314,157516,126102,58047,76,69
2021-07-18T23:59:59+02:00,5542,5287,48611,49729,90809,89530,84825,85071,84295,90337,86304,89368,52949,65960,42445,58722,10248,20547,28895,29396,62718,63659,57409,59191,61693,68968,73362,77610,48611,60594,39887,54943,9612,19121,719131,553948,126200,79298,157502,125311,57670,76,69
2021-07-17T23:59:59+02:00,5369,5102,48266,49403,90668,89398,84639,84914,84142,90203,86195,89287,52929,65934,42435,58711,10247,20544,28519,29031,62079,63067,56867,58769,60941,68235,73057,77372,48504,60477,39847,54885,9603,19111,717980,550975,126030,78335,157498,124705,56802,76,69
2021-07-16T23:59:59+02:00,5274,5012,47954,49131,90411,89183,84400,84715,83941,90022,86060,89181,52888,65903,42418,58697,10244,20540,28034,28547,61155,62165,56028,58087,59895,67203,72555,76958,48345,60291,39803,54818,9598,19102,716652,546079,125865,77022,157490,123977,55891,76,69
2021-07-15T23:59:59+02:00,5140,4885,47493,48737,90028,88821,84054,84341,83645,89751,85848,89017,52810,65814,42367,58631,10234,20514,27315,27947,59861,61132,54925,57124,58514,65933,71838,76387,48124,60037,39717,54693,9583,19047,714285,540372,125456,74919,157459,122344,54854,76,69
2021-07-14T23:59:59+02:00,5036,4772,47159,48370,89737,88544,83777,84037,83401,89517,85648,88862,52725,65708,42311,58543,10217,20484,26806,27415,58790,60146,53973,56292,57647,65089,71229,75806,47861,59759,39615,54521,9561,19003,712200,535052,125100,74007,157416,120669,54056,76,69
2021-07-13T23:59:59+02:00,4923,4655,46769,47998,89353,88192,83478,83739,83145,89265,85449,88700,52619,65606,42258,58480,10211,20465,26166,26767,57430,58971,52788,55314,56662,64183,70510,75171,47587,59441,39491,54346,9532,18953,709913,528783,124732,72915,157370,118644,53214,76,69
2021-07-12T23:59:59+02:00,4756,4486,46240,47495,88960,87859,83102,83431,82902,89019,85264,88541,52539,65513,42210,58416,10199,20450,25554,26131,55931,57631,51504,54263,55442,63050,69774,74556,47218,59014,39318,54126,9492,18888,707276,521569,124366,71896,157324,116316,52340,76,68
2021-07-11T23:59:59+02:00,4360,4118,45307,46582,88539,87433,82692,83052,82601,88737,85075,88399,52453,65425,42186,58361,10188,20433,24965,25575,54564,56383,50211,53231,54400,62022,69186,74012,46874,58632,39195,53950,9468,18846,703399,515002,123898,70893,157284,114544,51284,76,68
2021-07-10T23:59:59+02:00,4348,4103,44982,46252,88089,86954,82370,82748,82502,88640,85007,88341,52434,65402,42177,58347,10187,20429,24487,25052,53497,55459,49361,52655,53808,61459,68971,73827,46504,58217,39095,53847,9463,18837,702746,510751,123435,70810,157112,113234,49943,76,68
2021-07-09T23:59:59+02:00,4330,4090,44562,45821,87484,86407,81993,82414,82255,88457,84895,88249,52400,65373,42170,58334,10183,20420,23802,24288,52183,54226,48434,51777,53033,60614,68557,73430,46145,57812,39009,53759,9455,18825,701375,504653,122861,70406,156947,111891,48578,76,67
2021-07-08T23:59:59+02:00,4306,4064,44021,45346,86633,85709,81474,81914,82005,88219,84702,88096,52336,65306,42138,58288,10174,20403,22837,23375,50252,52681,47065,50630,51905,59496,67879,72802,45632,57260,38874,53597,9427,18756,699323,497002,121975,69147,156655,109368,47105,76,67
2021-07-07T23:59:59+02:00,4283,4037,43453,44781,85813,84949,80937,81444,81721,87928,84500,87937,52259,65209,42099,58226,10167,20383,21979,22490,48319,51014,45565,49502,50679,58328,67196,72273,44902,56525,38685,53360,9396,18698,696878,488939,120984,68038,156404,106281,45784,76,65
2021-07-06T23:59:59+02:00,4248,4017,42915,44269,84969,84228,80332,80859,81357,87602,84326,87762,52170,65128,42062,58163,10157,20358,21154,21645,46349,49234,44187,48250,49411,56992,66453,71555,44076,55758,38500,53121,9378,18642,694286,480027,119962,66959,156099,103333,44499,76,65
2021-07-05T23:59:59+02:00,4224,3981,41778,43307,83481,83153,79605,80255,80912,87187,84059,87505,52053,64992,42016,58086,10144,20331,19985,20605,44410,47650,43164,47291,48386,56041,65760,70939,43320,54899,38328,52899,9355,18603,691073,474104,118906,66094,155739,100252,41275,76,65
2021-07-04T23:59:59+02:00,4197,3960,40435,42122,81853,81848,78890,79651,80447,86765,83790,87312,51963,64866,41970,58035,10131,20303,18643,19399,42627,46141,42468,46554,47585,55186,65185,70373,42580,54054,38165,52708,9337,18556,688050,469490,117754,65168,155315,97640,37343,76,65
2021-07-03T23:59:59+02:00,3737,3545,38880,40598,80995,81197,78406,79162,80007,86289,83576,87144,51894,64765,41952,57983,10128,20297,17837,18711,41714,45456,42049,46175,47181,54791,65019,70208,41993,53326,38103,52608,9331,18546,684369,467566,116449,65070,155226,96051,34435,76,65
2021-07-02T23:59:59+02:00,3180,2978,37333,39126,80284,80469,77741,78465,79488,85784,83334,86944,51843,64677,41923,57935,10116,20284,17085,18002,40579,44502,41319,45486,46353,54012,64502,69763,41044,52122,37973,52419,9315,18527,679380,462550,115050,64612,155067,93569,32331,76,62
2021-07-01T23:59:59+02:00,2537,2435,35629,37491,79331,79623,76912,77645,78788,85146,83021,86666,51723,64519,41861,57831,10100,20256,16224,17115,39057,43279,40110,44428,45056,52890,63766,69196,40158,50989,37824,52212,9298,18495,673152,456244,113346,62971,154841,90817,30099,76,62
2021-06-30T23:59:59+02:00,2497,2404,34631,36502,77518,78134,75217,76150,78130,84600,82740,86372,51591,64356,41801,57737,10088,20229,15206,16156,37380,42055,38913,43317,43898,51836,63015,68572,39617,50314,37710,52017,9276,18460,667368,450149,111618,61636,154617,88954,27018,76,61
2021-06-29T23:59:59+02:00,2464,2373,33807,35627,75925,76653,73610,74733,77345,83889,82201,85887,51410,64138,41726,57606,10071,20193,14379,15262,36071,40917,37996,42498,42677,50788,62304,67990,38916,49381,37574,51800,9255,18417,661092,445014,109758,59800,154341,87015,24391,76,59
2021-06-28T23:59:59+02:00,2424,2339,33007,34837,74317,75249,71938,73338,76324,83107,81598,85394,51234,63912,41649,57500,10058,20159,13641,14520,35018,39905,37172,41772,41562,49798,61659,67449,38046,48300,37407,51582,9236,18370,654694,440227,107796,58295,153749,84828,22069,76,58
2021-06-27T23:59:59+02:00,2410,2324,32279,34103,72753,73882,70537,72137,74931,81992,80935,84850,51036,63699,41584,57386,10048,20130,13013,13896,34064,39156,36520,41171,40634,48952,61127,67008,37192,47277,37256,51405,9221,18339,648554,436375,105867,57538,152800,82576,19719,76,58
2021-06-26T23:59:59+02:00,1779,1720,31255,33014,72401,73566,70071,71673,74638,81684,80841,84764,51017,63669,41570,57376,10047,20127,12822,13691,33411,38619,35882,40754,40116,48617,60133,66012,36204,46147,37089,51192,9207,18306,643809,430439,104931,57490,152794,80641,19608,70,58
2021-06-25T23:59:59+02:00,1163,1124,30152,31856,71917,73044,69459,70976,74217,81241,80469,84443,50957,63585,41536,57333,10042,20114,12502,13306,32559,37823,35014,39935,39178,47783,58926,64782,35689,45451,36897,50891,9184,18262,637550,422046,103744,57046,152787,79584,19477,70,58
2021-06-24T23:59:59+02:00,565,570,28826,30562,71154,72312,68597,70102,73546,80620,80030,84086,50853,63458,41485,57264,10031,20080,11845,12616,31404,36527,33808,38674,38060,46678,57291,63409,35217,44931,36741,50704,9165,18202,629872,412774,102262,55502,152672,77697,19265,70,57
2021-06-23T23:59:59+02:00,538,537,28327,30025,70058,71340,67325,68973,72801,79933,79580,83685,50743,63284,41424,57169,10014,20050,11360,12093,30408,35284,32880,37458,37054,45802,55358,61701,34666,44369,36574,50476,9144,18137,623701,403065,100693,54446,152569,76443,18773,70,57
2021-06-22T23:59:59+02:00,515,521,27819,29453,68889,70320,66131,67949,72125,79233,79168,83321,50636,63156,41376,57085,10005,20025,11016,11697,29490,34350,31918,36575,36100,44919,53395,59870,34284,43892,36437,50235,9115,18080,617424,394572,99246,52876,152433,75332,18554,70,56
2021-06-21T23:59:59+02:00,483,487,27158,28797,67577,69154,64952,66823,71369,78459,78774,82927,50529,63048,41317,57000,9992,19983,10731,11390,28865,33773,31371,36014,35502,44332,51553,58218,33579,43094,36142,49813,9086,18004,610656,387041,97755,51682,152311,74667,18037,70,56
2021-06-20T23:59:59+02:00,398,405,26520,28141,66364,68026,63936,65882,70567,77718,78418,82592,50451,62924,41269,56931,9987,19950,10444,11131,28327,33273,30916,35522,34996,43812,49721,56437,33037,42416,35946,49482,9056,17944,604292,379665,96293,50932,152213,74208,17611,70,55
2021-06-19T23:59:59+02:00,366,371,26142,27784,65639,67458,63419,65394,69774,77068,78264,82464,50431,62899,41253,56916,9986,19950,10315,10938,28082,32956,30663,35205,34776,43553,48282,55050,32782,42072,35864,49346,9048,17916,600386,374303,95353,50920,152211,74023,17558,70,55
2021-06-18T23:59:59+02:00,339,337,25687,27329,64628,66720,62687,64785,68857,76237,77870,82126,50370,62823,41226,56880,9982,19942,10102,10704,27683,32539,30339,34797,34392,43163,46563,53398,32431,41559,35727,49134,9029,17883,594992,367507,94116,50635,152203,73812,17445,69,55
2021-06-17T23:59:59+02:00,310,306,25057,26732,63379,65727,61697,63977,67269,74838,77350,81728,50270,62671,41164,56797,9969,19914,9693,10354,26895,31859,29603,34123,33558,42466,45061,51911,31988,40933,35564,48880,8997,17833,588958,360116,91470,49501,152043,73442,16616,68,54
2021-06-16T23:59:59+02:00,277,269,24539,26161,62083,64605,60593,62994,64997,72923,76506,81072,50059,62461,41073,56684,9950,19883,9379,10105,26246,31196,28897,33503,32833,41841,44472,51349,31719,40576,35418,48682,8976,17792,582755,356442,86969,48797,151596,71957,15743,66,54
2021-06-15T23:59:59+02:00,238,238,23904,25482,60689,63406,59513,62011,63841,71840,76005,80648,49936,62312,41023,56587,9943,19853,9121,9838,25645,30463,28259,32749,32161,41119,42917,49729,31274,40024,35247,48449,8946,17728,575681,349758,85342,47905,151126,70707,15254,66,54
2021-06-14T23:59:59+02:00,216,207,23441,24902,59593,62354,58640,61166,62772,70838,75531,80260,49849,62191,40973,56516,9927,19827,8835,9539,24894,29576,27499,31919,31372,40305,41635,48396,30907,39526,35111,48226,8916,17677,569860,343642,83628,46886,150922,69032,14727,66,54
2021-06-13T23:59:59+02:00,211,192,23025,24438,58665,61450,57868,60383,61666,69871,75059,79828,49760,62074,40924,56457,9916,19798,8561,9243,24188,28742,26784,31085,30611,39454,40098,46828,30445,38921,34910,47922,8886,17588,564854,336639,81764,46111,150692,67262,14209,66,53
2021-06-12T23:59:59+02:00,198,175,22801,24175,58116,60953,57511,60104,61024,69228,74860,79714,49737,62043,40912,56443,9913,19794,8447,9127,23710,28157,26268,30518,30100,38896,39024,45858,30278,38742,34814,47757,8882,17577,561968,332452,80809,46108,150685,65377,14173,66,53
2021-06-11T23:59:59+02:00,180,159,22450,23766,57384,60142,56832,59476,60119,68297,74506,79404,49662,61971,40887,56407,9910,19788,8316,8939,23203,27489,25742,29864,29520,38266,37956,44853,30012,38388,34672,47534,8869,17551,556976,327643,79523,45849,150666,63528,14109,66,52
2021-06-10T23:59:59+02:00,165,142,21922,23212,56259,59218,55906,58658,58864,67127,73974,78996,49592,61864,40863,56355,9897,19760,8055,8694,22341,26548,24783,28930,28409,37344,36570,43694,29661,37914,34395,47102,8802,17476,551454,320782,77321,45144,150418,61233,13516,65,50
2021-06-09T23:59:59+02:00,144,129,21305,22667,55013,58127,54846,57752,57918,66223,73506,78604,49505,61764,40814,56293,9883,19730,7771,8431,21429,25684,23849,28041,27386,36400,34858,41914,29278,37416,34209,46833,8761,17386,545751,313378,75874,44420,150062,59334,12471,65,50
2021-06-08T23:59:59+02:00,122,111,20640,21987,53714,57003,53730,56781,56963,65365,72964,78170,49418,61641,40758,56200,9863,19699,7510,8198,20517,24793,22791,27178,26355,35447,33510,40615,28923,36910,33891,46382,8708,17303,539127,307091,74955,43658,149617,56874,11365,65,49
2021-06-07T23:59:59+02:00,105,93,20000,21392,52282,55755,52468,55808,55806,64382,72415,77770,49334,61535,40712,56136,9850,19671,7265,7979,19677,23972,21766,26365,25323,34582,32577,39836,28641,36522,33647,45958,8657,17212,531900,302487,74061,42842,149204,54321,10284,65,49
2021-06-06T23:59:59+02:00,98,87,19496,20860,51136,54667,51369,54836,54848,63434,71906,77366,49250,61461,40675,56073,9843,19655,7057,7781,18891,23085,20868,25495,24254,33603,31667,39025,28359,36185,33391,45568,8608,17137,525599,297941,73042,42104,148867,51395,9489,63,49
2021-06-05T23:59:59+02:00,93,79,19229,20565,50364,53913,50714,54326,54373,62938,71769,77245,49234,61442,40672,56069,9840,19655,6834,7376,18256,22024,20151,24387,23382,32374,30647,37717,28032,35727,33267,45395,8601,17117,521300,291660,73037,42066,148701,48097,9419,63,49
2021-06-04T23:59:59+02:00,83,72,18789,19989,49320,52914,49907,53459,53728,62162,71427,76918,49205,61407,40652,56054,9838,19648,6615,7067,17639,21175,19479,23405,22463,31111,29442,36391,27745,35366,33155,45223,8589,17098,514870,285287,72717,41998,148681,45391,9241,63,49
2021-06-03T23:59:59+02:00,72,61,18119,19318,47801,51620,48701,52342,52769,61152,70931,76458,49141,61305,40614,56009,9825,19624,6328,6677,16907,20136,18691,22260,21469,29701,28284,34914,27204,34592,32951,44899,8553,17023,507169,278583,71703,41256,148404,42181,8524,62,48
2021-06-02T23:59:59+02:00,67,57,17753,18818,46794,50646,47843,51603,52035,60407,70685,76245,49103,61269,40595,55981,9817,19610,6149,6442,16265,19457,17791,21513,20649,28766,27197,33517,26739,33988,32792,44649,8524,16953,500947,272361,71690,41241,148379,39496,8251,61,45
2021-06-01T23:59:59+02:00,56,51,17085,18100,44939,48911,46199,50145,50515,58963,70003,75644,49013,61157,40535,55908,9804,19562,5875,6133,15110,18563,16290,20557,19449,27534,25984,32134,26191,33299,32545,44302,8478,16849,491825,265933,70350,40677,147828,36112,6528,59,45
2021-05-31T23:59:59+02:00,54,47,16613,17621,43632,47773,44993,49045,49278,57853,69325,75131,48936,61055,40491,55839,9792,19527,5598,5814,14075,17738,14896,19645,18283,26433,24769,30799,25677,32585,32351,44006,8444,16751,485582,259678,69191,40134,147370,33206,4804,58,44
2021-05-30T23:59:59+02:00,47,46,16291,17231,42657,46841,44089,48139,48285,56857,68765,74582,48828,60900,40420,55727,9777,19484,5411,5573,13530,17042,14276,18955,17400,25470,23675,29631,24908,31639,32058,43591,8400,16663,479603,253737,68157,39336,146960,30920,4188,58,43
2021-05-29T23:59:59+02:00,47,46,16163,17114,42300,46526,43749,47876,48043,56668,68705,74522,48822,60893,40414,55724,9777,19484,5248,5334,13023,16232,13632,18106,16559,24307,22567,28335,24752,31409,31995,43498,8397,16656,477640,248164,68041,39336,146950,28326,4184,58,42
2021-05-28T23:59:59+02:00,46,44,15862,16809,41606,45898,43239,47317,47537,56126,68427,74225,48756,60812,40386,55675,9774,19479,5011,4950,12487,15318,12959,17247,15698,23082,21481,26905,24507,31044,31902,43364,8387,16639,473353,242178,67542,39231,146917,25386,4148,58,40
2021-05-27T23:59:59+02:00,43,40,15345,16290,40464,44920,42224,46436,46554,55243,67844,73794,48634,60653,40332,55603,9763,19438,4789,4614,11848,14496,12176,16312,14635,21894,20225,25399,24006,30307,31730,43104,8354,16557,467543,234862,66033,38427,146202,23337,3784,58,38
2021-05-26T23:59:59+02:00,41,39,14938,15866,39369,44004,41192,45555,45529,54368,67236,73284,48483,60474,40252,55436,9742,19390,4598,4419,11292,13736,11456,15463,13636,20762,18835,23816,23425,29528,31514,42764,8302,16456,462431,227616,64008,37570,145214,21293,3487,58,38
2021-05-25T23:59:59+02:00,41,38,14548,15465,38366,43118,40225,44701,44578,53450,66627,72754,48304,60242,40173,55304,9716,19335,4393,4217,10753,13092,10697,14682,12575,19536,17406,22312,22843,28750,31281,42447,8248,16369,457134,220294,62428,36632,144110,19386,3255,58,36
2021-05-24T23:59:59+02:00,40,38,14205,15142,37541,42384,39354,44031,43716,52670,66096,72271,48178,60065,40109,55182,9696,19291,4250,4092,10307,12633,10059,14099,11700,18706,16127,21061,22177,27920,31065,42124,8190,16283,452519,213444,61202,35693,143384,18777,2846,58,35
2021-05-23T23:59:59+02:00,36,38,14037,14969,37074,42011,38902,43627,43267,52266,65826,72045,48104,59975,40071,55137,9689,19267,4061,3953,9847,12160,9442,13494,10763,17895,14937,20001,21712,27355,30813,41838,8143,16202,449339,206489,60828,35614,143355,17719,2761,58,35
2021-05-22T23:59:59+02:00,34,36,13840,14753,36393,41446,38225,43174,42695,51860,64808,71039,47900,59719,40001,55024,9679,19245,3952,3658,9633,11748,9289,13168,10522,17453,14669,19601,21619,27238,30779,41798,8136,16193,442919,205277,60825,35612,143339,15804,2730,58,35
2021-05-21T23:59:59+02:00,33,35,13461,14352,35321,40534,37163,42246,41632,50964,63455,69757,47670,59382,39920,54877,9662,19212,3846,3562,9426,11484,9079,12903,10194,17127,14262,19233,21400,26952,30719,41708,8127,16185,433328,203341,60474,35306,143103,14814,2714,57,34
2021-05-20T23:59:59+02:00,30,35,12667,13628,33885,39083,35746,40838,40233,49768,62172,68608,47381,59040,39777,54697,9641,19161,3698,3381,8901,10883,8434,12197,9496,16282,13510,18276,20589,25841,30526,41412,8089,16100,423147,199002,58775,34462,142076,11782,2337,55,34
2021-05-19T23:59:59+02:00,30,34,12131,13064,32707,37659,34646,39457,39111,48811,60174,66842,46905,58483,39594,54436,9600,19055,3596,3251,8630,10512,8139,11825,9057,15775,12876,17618,19725,24712,30300,41109,8033,15985,412318,194777,57258,33650,140972,10548,2136,55,34
2021-05-18T23:59:59+02:00,28,34,11710,12621,31663,36641,33555,38544,38074,47878,58118,64985,46550,58034,39441,54197,9568,18996,3398,3087,8138,9909,7670,11280,8517,15111,12196,16849,18786,23486,30064,40766,7997,15880,403673,190700,55300,32811,139779,7760,1831,54,34
2021-05-17T23:59:59+02:00,26,33,11459,12345,31146,36086,33064,37983,37484,47244,56216,63280,45849,57213,39164,53800,9531,18922,3316,2978,7876,9626,7377,10983,8119,14699,11630,16246,17870,22355,29832,40447,7962,15806,396093,186338,54182,32064,138973,7145,1544,53,33
2021-05-16T23:59:59+02:00,26,33,11239,12091,30626,35583,32602,37491,36964,46674,54323,61456,45305,56515,38970,53481,9504,18867,3215,2879,7588,9337,7057,10639,7643,14238,11053,15663,16941,21209,29623,40158,7924,15738,389141,182069,53219,31219,138311,6561,1027,52,31
2021-05-15T23:59:59+02:00,26,33,11085,11888,30349,35250,32365,37171,36736,46411,52754,59979,45055,56209,38893,53343,9498,18839,3195,2861,7564,9310,7042,10618,7625,14225,11036,15642,16832,20996,29414,39853,7916,15728,383340,181089,53216,31218,138266,6512,1010,52,30
2021-05-14T23:59:59+02:00,26,33,10839,11607,29882,34744,31986,36711,36227,45939,50887,58152,44693,55708,38753,53135,9482,18799,3168,2843,7494,9240,6988,10547,7567,14168,10854,15444,16102,19931,29128,39367,7899,15688,375565,178188,52889,30879,138137,6373,960,52,30
2021-05-13T23:59:59+02:00,23,32,10558,11282,29238,34107,31387,36107,35556,45275,49419,56634,44262,55081,38582,52892,9455,18753,3100,2797,7367,9139,6901,10453,7465,14062,10529,15099,15047,18698,28743,38725,7856,15614,368482,174402,51871,30318,137389,5998,850,51,29
2021-05-12T23:59:59+02:00,23,30,10429,11140,28958,33790,31122,35815,35246,44964,49133,56326,44163,54974,38529,52810,9448,18715,3088,2771,7333,9103,6871,10418,7438,14023,10364,14943,14675,18270,28440,38249,7834,15567,365815,172369,51790,30308,137231,5954,728,51,29
2021-05-11T23:59:59+02:00,22,27,10083,10817,28106,32965,30291,35062,34387,44184,47400,54559,43711,54382,38353,52519,9410,18613,3001,2675,7090,8824,6648,10119,7224,13654,9884,14397,13698,17122,28027,37636,7797,15473,358907,168711,50085,29418,135345,4609,503,51,29
2021-05-10T23:59:59+02:00,21,27,9778,10544,27361,32264,29517,34365,33618,43420,46098,53295,43329,53871,38163,52214,9360,18500,2960,2630,6963,8701,6553,10002,7085,13473,9623,14090,13005,16264,27601,37027,7771,15393,352659,165907,48969,29039,133674,3774,395,48,27
2021-05-09T23:59:59+02:00,20,27,9547,10300,26685,31584,28851,33668,32898,42726,44580,51829,42829,53251,37963,51910,9323,18415,2912,2584,6840,8558,6447,9861,6973,13261,9308,13779,12208,15366,27238,36496,7751,15337,345603,163066,47893,28485,132555,3034,308,47,27
2021-05-08T23:59:59+02:00,20,27,9454,10232,26300,31283,28406,33354,32445,42422,43548,51001,42677,53088,37920,51848,9321,18409,2909,2580,6832,8554,6441,9853,6965,13250,9299,13767,12170,15304,26563,35552,7714,15261,341086,161206,47851,28459,132469,3021,302,47,27
2021-05-07T23:59:59+02:00,19,27,9313,10084,25829,30905,27961,32980,31940,42077,42513,50177,42407,52748,37807,51688,9309,18382,2862,2554,6779,8513,6385,9798,6914,13198,9126,13548,11539,14492,25625,34175,7667,15179,335980,157125,47544,28090,132311,2829,284,47,27
2021-05-06T23:59:59+02:00,17,26,8916,9795,24915,30138,26904,32181,30716,41261,40899,48969,42028,52204,37612,51446,9271,18309,2799,2508,6649,8367,6270,9670,6766,13012,8856,13251,10893,13632,24667,32797,7634,15118,328146,153359,46470,27137,130671,2094,273,47,27
2021-05-05T23:59:59+02:00,17,25,8551,9596,24035,29541,26041,31518,29629,40472,38924,47157,41585,51651,37404,51164,9214,18197,2759,2478,6532,8240,6170,9557,6664,12871,8611,12995,10188,12807,23657,31477,7605,15047,320303,149497,45620,26252,128562,1694,189,47,27
2021-05-04T23:59:59+02:00,17,24,8308,9369,23239,28897,25069,30779,28559,39637,37414,45694,41117,51065,37126,50816,9168,18076,2721,2457,6460,8168,6088,9492,6591,12793,8377,12776,9460,11954,22713,30237,7571,14984,313655,145797,44656,25446,125932,1490,84,47,26
2021-05-03T23:59:59+02:00,17,23,8106,9156,22542,28318,24231,30174,27652,38944,36458,44944,40771,50592,36912,50528,9118,17972,2676,2426,6391,8091,6010,9427,6504,12709,8149,12564,8718,11057,21799,29023,7540,14934,308797,142072,43879,24629,123692,1248,44,46,26
2021-05-02T23:59:59+02:00,17,23,7944,8992,21906,27744,23493,29584,26836,38323,35644,44314,40511,50261,36800,50341,9084,17915,2641,2404,6349,8049,5975,9393,6466,12669,7967,12391,8119,10323,21091,28157,7519,14916,303975,138896,43110,24354,122565,1117,37,45,26
2021-05-01T23:59:59+02:00,16,23,7792,8810,21534,27288,23011,29009,26193,37615,34821,43419,40248,49888,36703,50188,9078,17898,2635,2398,6323,8039,5960,9384,6448,12655,7950,12376,8083,10260,21052,28100,7515,14912,297884,138606,43109,24347,122459,1075,37,45,26
2021-04-30T23:59:59+02:00,16,21,7645,8632,21148,26859,22566,28444,25447,36839,33815,42456,40019,49569,36606,50035,9066,17877,2618,2385,6299,8021,5938,9367,6421,12635,7918,12343,8043,10190,21002,28017,7512,14903,291604,138297,43102,24274,122278,985,31,45,26
2021-04-29T23:59:59+02:00,15,21,7376,8393,20557,26288,21896,27763,24516,35876,32541,41120,38976,48165,36289,49562,9009,17749,2586,2352,6207,7911,5854,9265,6327,12493,7717,12070,7421,9469,20595,27502,7490,14829,282877,136242,42318,23048,120846,744,31,40,24
2021-04-28T23:59:59+02:00,14,19,7102,8176,20038,25817,21259,27166,23633,35029,31149,39671,37816,46581,35946,49067,8946,17607,2517,2305,6099,7790,5745,9135,6226,12344,7498,11800,6734,8625,20179,26927,7449,14758,274207,133804,41549,21753,119210,520,31,39,24
2021-04-27T23:59:59+02:00,13,19,6920,7998,19606,25393,20644,26630,22781,34256,29943,38355,36729,45140,35565,48497,8876,17480,2493,2280,5996,7693,5692,9039,6161,12221,7284,11602,6134,7890,19774,26430,7429,14735,266420,131714,40686,20812,117669,273,31,39,24
2021-04-26T23:59:59+02:00,12,19,6738,7834,19189,24971,20103,26107,21981,33504,28731,37124,35671,43720,35259,48014,8827,17356,2482,2271,5954,7651,5647,9000,6125,12178,7098,11438,5520,7160,19404,25982,7405,14708,258757,129758,39861,19971,116475,242,29,38,24
2021-04-25T23:59:59+02:00,12,18,6634,7701,18852,24702,19724,25770,21371,32890,27749,36169,34542,42294,34944,47586,8786,17275,2470,2264,5936,7628,5628,8983,6105,12153,7061,11411,5393,6979,19069,25518,7389,14664,251591,129137,39147,19230,116214,232,29,38,24
2021-04-24T23:59:59+02:00,12,18,6469,7525,18411,24271,19166,25233,20589,32089,26672,35126,34292,41981,34850,47421,8776,17263,2466,2258,5923,7619,5621,8972,6100,12149,7051,11404,5320,6868,18971,25377,7386,14656,245643,128685,39143,19191,115311,214,29,38,23
2021-04-23T23:59:59+02:00,12,18,6248,7328,17963,23799,18599,24624,19767,31276,25519,33934,33518,40809,34706,47184,8762,17240,2460,2240,5896,7595,5584,8934,6056,12105,7005,11352,5154,6592,18433,24752,7286,14487,238096,126845,38815,18845,114329,192,29,37,21
2021-04-22T23:59:59+02:00,11,17,6032,7120,17358,23213,17807,23843,18719,30256,24199,32504,32479,39457,34460,46828,8724,17162,2446,2225,5852,7545,5536,8850,5982,12027,6930,11282,4870,6177,17722,23880,7167,14293,229069,124694,37897,17883,113160,159,29,34,20
2021-04-21T23:59:59+02:00,11,16,5835,6941,16828,22742,17146,23240,17740,29359,22648,30913,31476,38227,34163,46392,8676,17075,2423,2208,5810,7490,5479,8775,5916,11927,6835,11202,4711,5903,17025,23033,7051,14112,220209,122610,37126,17115,112032,127,29,32,20
2021-04-20T23:59:59+02:00,10,15,5652,6748,16273,22269,16407,22584,16750,28361,21183,29447,30332,36742,33850,45962,8628,16987,2411,2194,5761,7453,5439,8730,5868,11861,6756,11139,4592,5750,16424,22259,6926,13933,211255,120933,36245,16399,110640,119,28,32,18
2021-04-19T23:59:59+02:00,10,15,5467,6591,15742,21840,15732,22028,15760,27485,19795,28051,28962,35110,33533,45489,8572,16873,2400,2181,5736,7420,5402,8697,5829,11816,6675,11063,4466,5589,15777,21550,6818,13772,202589,119294,35468,15736,108940,116,28,30,18
2021-04-18T23:59:59+02:00,9,15,5280,6450,15309,21516,15116,21467,14791,26698,18458,26913,27576,33464,33202,45070,8516,16787,2349,2135,5605,7300,5288,8584,5722,11667,6571,10944,4350,5402,15185,20886,6705,13594,194068,117662,34640,14469,107871,112,28,30,17
2021-04-17T23:59:59+02:00,9,14,5245,6415,15155,21441,14940,21382,14556,26519,18204,26692,27069,32924,33076,44922,8507,16772,2322,2095,5505,7147,5181,8425,5622,11479,6481,10812,4298,5340,14945,20592,6695,13581,192851,115908,34635,14465,106298,103,28,30,17
2021-04-16T23:59:59+02:00,9,14,5182,6361,14978,21289,14729,21221,14274,26269,17791,26282,26027,31693,32942,44708,8486,16749,2276,2045,5389,6964,5045,8244,5470,11239,6285,10591,4093,5107,14301,19808,6597,13436,189502,112684,34346,14069,105098,93,28,30,17
2021-04-15T23:59:59+02:00,7,13,5114,6284,14765,21076,14461,20933,13845,25919,17156,25654,24667,30086,32685,44385,8451,16671,2206,1961,5193,6729,4843,7923,5263,10922,6069,10307,3895,4857,13473,18726,6482,13269,184956,108866,33538,13126,103620,82,28,30,17
2021-04-14T23:59:59+02:00,7,13,5033,6214,14561,20877,14208,20711,13455,25585,16491,25037,23091,28302,32370,43980,8400,16577,2018,1841,4975,6468,4654,7674,5036,10673,5835,10022,3760,4650,12749,17811,6356,13056,180359,105785,32664,11673,101831,76,28,30,17
2021-04-13T23:59:59+02:00,7,13,4982,6167,14362,20742,13976,20530,13112,25290,15922,24535,21389,26458,32053,43558,8368,16470,1933,1789,4809,6281,4469,7455,4836,10418,5631,9790,3624,4486,12234,17196,6233,12895,176144,103410,31789,10559,99944,66,28,29,17
2021-04-12T23:59:59+02:00,7,12,4918,6102,14146,20545,13672,20268,12730,24877,15345,23982,19796,24517,31763,43199,8328,16396,1803,1698,4629,6122,4323,7279,4674,10226,5494,9633,3507,4331,11804,16687,6122,12732,171796,101731,30735,9224,98015,65,28,29,17
2021-04-11T23:59:59+02:00,7,12,4849,6026,13922,20347,13377,20058,12318,24526,14785,23473,18292,22746,31500,42860,8285,16317,1766,1662,4509,6009,4212,7156,4552,10095,5360,9504,3393,4212,11315,16078,5991,12526,167517,99988,29777,8247,96350,63,27,29,16
2021-04-10T23:59:59+02:00,7,12,4844,6018,13903,20333,13368,20048,12301,24510,14762,23454,17604,21824,31208,42442,8267,16290,1762,1650,4497,5998,4197,7143,4539,10081,5307,9439,3291,4099,10759,15244,5861,12328,166449,97849,29750,8247,94942,59,25,29,16
2021-04-09T23:59:59+02:00,7,12,4832,6001,13868,20284,13324,20001,12254,24456,14504,23203,16088,19939,30802,41796,8232,16247,1738,1640,4476,5983,4171,7116,4498,10047,5270,9390,3206,3982,9894,14256,5714,12130,163839,95416,29409,7999,92550,58,24,28,15
2021-04-08T23:59:59+02:00,7,12,4789,5973,13767,20210,13244,19921,12155,24352,14169,22845,14321,17731,30186,40788,8174,16126,1717,1627,4444,5930,4119,7032,4434,9967,5198,9313,3098,3879,9416,13656,5509,11885,160019,93573,28381,7564,90328,57,16,26,15
2021-04-07T23:59:59+02:00,7,12,4759,5945,13664,20128,13151,19836,12054,24251,13793,22489,12816,15888,29543,39822,8119,16028,1698,1615,4392,5863,4034,6958,4345,9883,5108,9214,3012,3784,8675,12565,5274,11482,155629,91035,27506,6791,89129,47,15,26,15
2021-04-06T23:59:59+02:00,7,12,4730,5919,13567,20061,13070,19776,11978,24186,13418,22138,11184,13884,28882,38852,8087,15957,1638,1561,4264,5738,3926,6834,4226,9736,5005,9085,2897,3663,7971,11636,5002,11117,151621,88655,26625,5572,87422,45,14,26,14
2021-04-05T23:59:59+02:00,7,11,4693,5892,13490,19995,13003,19708,11923,24106,13146,21884,9575,11942,28156,37803,8052,15895,1567,1492,4109,5588,3758,6678,4073,9587,4850,8957,2765,3546,7167,10675,4731,10728,148431,86291,25611,3912,85200,42,13,26,14
2021-04-04T23:59:59+02:00,7,11,4679,5874,13479,19975,12995,19691,11915,24086,13049,21814,8552,10682,27709,37161,8027,15838,1566,1490,4101,5582,3756,6673,4068,9582,4848,8949,2760,3537,6931,10211,4647,10603,146704,85335,25607,3912,83197,36,10,26,12
2021-04-03T23:59:59+02:00,7,11,4676,5864,13462,19956,12986,19681,11905,24076,13035,21796,7648,9615,26829,35919,7978,15727,1562,1486,4099,5577,3754,6670,4060,9570,4834,8936,2753,3526,6793,9951,4608,10523,144234,84734,25599,3912,81304,36,9,25,12
2021-04-02T23:59:59+02:00,7,11,4671,5846,13425,19931,12947,19638,11863,24028,12960,21728,7135,8868,25245,33819,7832,15459,1553,1470,4073,5554,3728,6629,4024,9509,4713,8650,2625,3371,6418,9558,4460,10325,139785,82919,25261,3686,80335,36,8,24,12
2021-04-01T23:59:59+02:00,6,10,4620,5787,13331,19786,12832,19487,11714,23872,12363,21282,6573,8163,23740,31848,7704,15222,1490,1424,3965,5431,3661,6558,3956,9443,4635,8547,2531,3230,5908,8875,4292,10051,135593,80665,24123,3284,78595,31,7,22,11
2021-03-31T23:59:59+02:00,6,10,4569,5732,13207,19634,12701,19333,11526,23692,12100,21022,6254,7792,22264,29894,7554,14994,1477,1413,3943,5408,3629,6530,3916,9396,4598,8494,2468,3155,5426,8233,4118,9813,131666,78904,23036,3068,77555,31,5,22,10
2021-03-30T23:59:59+02:00,6,10,4508,5668,13069,19485,12589,19158,11395,23527,11930,20884,6064,7577,20877,28167,7410,14790,1460,1377,3902,5375,3565,6460,3828,9282,4467,8323,2334,2951,5006,7680,3975,9558,128316,76687,22111,2826,76665,19,2,20,10
2021-03-29T23:59:59+02:00,6,10,4468,5629,12950,19390,12522,19075,11313,23425,11781,20749,5907,7379,19462,26489,7282,14589,1401,1336,3847,5332,3491,6390,3710,9138,4317,8134,2212,2810,4443,7014,3821,9283,124741,74036,21247,2615,76416,18,2,20,9
2021-03-28T23:59:59+02:00,6,10,4421,5565,12830,19253,12437,18981,11212,23330,11676,20648,5755,7174,18285,24985,7163,14395,1369,1292,3749,5226,3298,6165,3623,9021,4267,8078,2160,2747,3684,5995,3636,9016,121752,70990,20459,2317,75894,10,2,19,8
2021-03-27T23:59:59+01:00,6,10,4389,5514,12723,19089,12323,18816,11099,23126,11569,20500,5690,7092,18001,24639,7152,14380,1363,1289,3744,5222,3295,6158,3337,8673,4069,7780,2154,2744,3670,5962,3602,8956,119918,69687,20420,2317,75759,5,2,19,8
2021-03-26T23:59:59+01:00,6,9,4353,5461,12613,18901,12190,18616,10946,22898,11408,20291,5527,6878,17398,23851,7053,14231,1362,1288,3739,5215,3272,6140,3318,8653,3857,7336,1977,2340,3407,5678,3452,8724,116838,67436,20082,2310,75690,4,1,19,8
2021-03-25T23:59:59+01:00,6,9,4286,5374,12415,18663,11985,18287,10732,22570,11167,19964,5315,6594,16371,22544,6924,14042,1353,1278,3718,5189,3240,6113,3267,8616,3811,7293,1905,2227,2973,4997,3295,8420,112860,65476,19011,2209,75357,2,1,19,8
2021-03-24T23:59:59+01:00,6,9,4207,5263,12204,18214,11768,17875,10515,22180,10935,19592,5047,6249,15334,21329,6785,13819,1330,1265,3694,5144,3205,6051,3212,8546,3757,7220,1852,2168,2666,4663,3143,8145,109762,64085,17920,1966,73629,2,1,19,8
2021-03-23T23:59:59+01:00,6,9,4151,5200,12037,17871,11569,17525,10324,21817,10717,19305,4914,6054,14695,20515,6645,13646,1315,1259,3679,5126,3184,6034,3191,8498,3721,7177,1817,2110,2437,4393,2935,7824,107420,62765,17194,1925,72366,2,1,19,8
2021-03-22T23:59:59+01:00,6,9,4104,5122,11843,17539,11381,17198,10099,21491,10502,19003,4764,5848,14077,19801,6512,13460,1302,1250,3652,5093,3153,5998,3162,8442,3685,7132,1773,2054,2238,4143,2740,7493,105571,61515,16477,1785,70692,2,1,18,8
2021-03-21T23:59:59+01:00,6,9,4030,4999,11562,17128,11101,16792,9830,21037,10247,18653,4650,5677,13384,19012,6370,13252,1294,1249,3635,5078,3132,5965,3139,8412,3666,7110,1755,2027,2074,3982,2569,7225,103697,60522,15180,1780,68843,2,1,18,8
2021-03-20T23:59:59+01:00,5,9,4000,4930,11419,16793,10976,16475,9687,20734,10071,18371,4525,5517,12755,18062,6234,13037,1293,1248,3635,5076,3129,5964,3136,8407,3661,7106,1751,2022,2043,3921,2546,7184,101506,60332,15176,1780,66899,2,1,18,8
2021-03-19T23:59:59+01:00,5,8,3956,4850,11252,16433,10795,16120,9515,20354,9858,18012,4366,5322,11733,16852,6074,12826,1284,1241,3617,5050,3100,5888,3092,8315,3559,6932,1626,1912,1969,3859,2435,6976,98812,59069,14769,1776,64732,2,1,17,8
2021-03-18T23:59:59+01:00,5,8,3870,4748,11006,16007,10527,15677,9238,19885,9635,17671,4222,5156,11111,15986,5846,12559,1280,1230,3600,5015,3080,5844,3070,8259,3531,6886,1607,1880,1930,3789,2312,6765,97014,58382,13762,1686,62363,2,1,17,8
2021-03-17T23:59:59+01:00,5,8,3699,4633,10711,15588,10263,15318,8996,19524,9384,17323,4104,4989,10297,14743,5584,12136,1279,1228,3586,4997,3074,5824,3060,8226,3513,6863,1606,1856,1906,3761,2202,6578,94369,57877,12220,1672,60698,2,1,17,8
2021-03-16T23:59:59+01:00,5,8,3558,4508,10372,15126,9989,14948,8721,19082,9088,16960,3961,4824,9481,13621,5303,11777,1265,1225,3582,4990,3063,5820,3054,8215,3506,6849,1582,1833,1867,3710,2082,6400,92040,57441,11031,1592,58244,2,1,16,8
2021-03-15T23:59:59+01:00,5,8,3410,4392,10058,14658,9699,14490,8425,18608,8800,16548,3815,4654,8774,12559,5079,11456,1255,1217,3562,4978,3051,5796,3034,8176,3486,6806,1567,1820,1850,3677,1967,6215,90081,56857,9668,1591,55673,2,0,16,8
2021-03-14T23:59:59+01:00,5,8,3340,4303,9792,14224,9444,14087,8107,18116,8520,16153,3652,4468,7973,11325,4771,11001,1241,1211,3541,4960,3030,5755,3012,8096,3458,6738,1541,1771,1789,3550,1802,5827,87772,56332,8650,981,52854,2,0,13,8
2021-03-13T23:59:59+01:00,5,8,3266,4056,9486,13564,9203,13516,7883,17549,8318,15727,3545,4368,7782,11034,4723,10913,1241,1211,3541,4960,3030,5755,3011,8096,3457,6736,1537,1770,1787,3546,1801,5826,87122,56315,8650,981,49161,2,0,13,8
2021-03-12T23:59:59+01:00,5,8,3205,3920,9241,13025,8966,12985,7650,16913,7962,14977,3382,4198,7399,10627,4586,10727,1238,1208,3537,4946,3027,5752,3004,8088,3453,6730,1510,1741,1766,3528,1702,5651,85355,55892,8404,980,46004,2,0,13,8
2021-03-11T23:59:59+01:00,5,8,3057,3652,8865,12266,8662,12309,7317,16129,7620,14334,3225,3996,6844,9908,4398,10415,1219,1198,3503,4902,2985,5675,2969,7964,3402,6632,1466,1688,1687,3328,1504,5139,82913,55148,7959,105,42126,1,0,12,8
2021-03-10T23:59:59+01:00,5,7,2992,3545,8366,11755,7986,11825,6996,15638,7322,13743,3065,3839,6284,9216,4227,10141,1208,1184,3473,4844,2954,5600,2933,7824,3348,6510,1428,1648,1629,3232,1388,4860,81098,53974,7408,82,38435,0,0,11,8
2021-03-09T23:59:59+01:00,5,6,2887,3369,7682,11305,7089,11339,6577,15026,6959,13136,2836,3539,5776,8587,4071,9865,1203,1180,3451,4797,2927,5535,2916,7773,3330,6464,1414,1624,1594,3190,1283,4662,78806,53290,6053,48,35184,0,0,11,6
2021-03-08T23:59:59+01:00,5,6,2714,3134,7040,10761,6275,10860,6175,14497,6565,12570,2627,3328,5173,7848,3925,9598,1196,1174,3430,4731,2902,5460,2877,7679,3298,6388,1407,1615,1591,3182,1278,4659,75983,52816,4914,46,32194,0,0,10,6
2021-03-07T23:59:59+01:00,5,6,2602,3002,6709,10261,5864,10319,5880,14047,6325,12184,2531,3237,4408,6787,3708,9316,1193,1171,3427,4726,2897,5448,2873,7662,3290,6375,1402,1602,1570,3142,1263,4618,72735,52610,4083,44,30364,0,0,9,6
2021-03-06T23:59:59+01:00,5,5,2557,2860,6525,9807,5665,9902,5404,13192,5951,11445,2510,3210,4402,6776,3707,9315,1193,1170,3424,4722,2895,5447,2872,7661,3289,6372,1400,1599,1570,3140,1262,4618,71509,52585,4083,44,27637,0,0,9,6
2021-03-05T23:59:59+01:00,5,5,2466,2605,6313,9222,5451,9505,5227,12625,5568,10468,2284,2747,4023,6394,3568,9101,1181,1167,3406,4706,2891,5434,2864,7643,3278,6353,1386,1592,1569,3136,1257,4614,69183,52429,3850,44,24535,0,0,9,5
2021-03-04T23:59:59+01:00,5,5,2390,2400,6098,8787,5289,9165,5047,12204,5393,10090,2192,2577,3471,5571,3403,8763,1169,1153,3363,4608,2858,5368,2833,7545,3245,6279,1366,1585,1555,3122,1249,4603,67141,51855,3411,44,22289,0,0,9,3
2021-03-03T23:59:59+01:00,4,5,2333,2349,5928,8373,5118,8805,4835,11752,5203,9645,2110,2469,3068,5133,3244,8469,1149,1145,3329,4560,2821,5303,2793,7446,3199,6205,1346,1560,1536,3091,1243,4586,65716,51269,3168,42,19950,0,0,9,2
2021-03-02T23:59:59+01:00,4,5,2279,2261,5766,8039,4961,8550,4674,11352,5043,9327,2044,2378,2764,4776,3027,8148,1144,1136,3311,4539,2806,5277,2776,7398,3191,6177,1341,1549,1518,3074,1240,4580,64370,51014,2909,42,18110,0,0,9,2
2021-03-01T23:59:59+01:00,4,5,2253,2234,5662,7823,4862,8405,4590,11200,4944,9153,1989,2301,2468,4454,2839,7833,1138,1133,3297,4521,2794,5248,2760,7352,3176,6149,1335,1546,1511,3065,1237,4576,63109,50795,2688,42,17213,0,0,9,2
2021-02-28T23:59:59+01:00,3,5,2201,2191,5484,7565,4686,8185,4455,11015,4837,9027,1952,2239,2175,4151,2637,7524,1129,1127,3282,4511,2787,5241,2754,7338,3169,6135,1330,1543,1504,3050,1236,4544,62006,50637,2385,42,15932,0,0,9,2
2021-02-27T23:59:59+01:00,3,5,2114,1882,5307,7140,4588,7873,4372,10667,4765,8777,1924,2178,2147,4106,2617,7470,1125,1124,3280,4510,2782,5239,2750,7335,3165,6132,1328,1543,1504,3049,1235,4544,61774,50605,2385,39,13767,0,0,9,2
2021-02-26T23:59:59+01:00,3,5,2057,1804,5161,6903,4442,7613,4221,10403,4556,8495,1795,2071,2086,4069,2511,7291,1104,1111,3263,4476,2770,5200,2737,7282,3143,6078,1322,1532,1500,3041,1234,4542,60453,50296,2379,38,12645,0,0,9,2
2021-02-25T23:59:59+01:00,3,5,1940,1705,4835,6500,4014,7153,3935,9889,4321,8114,1737,2013,2053,4008,2401,7097,1088,1096,3226,4434,2740,5148,2692,7176,3103,5985,1312,1516,1486,3002,1221,4483,59976,49671,2272,36,9466,0,0,9,2
2021-02-24T23:59:59+01:00,3,5,1911,1647,4718,6286,3909,6939,3813,9648,4197,7954,1715,1981,2021,3966,2289,6899,1075,1091,3199,4372,2704,5082,2667,7092,3074,5914,1296,1499,1461,2954,1209,4414,59433,49077,2026,25,8433,0,0,9,2
2021-02-23T23:59:59+01:00,3,5,1686,1500,4347,5798,3628,6545,3592,9269,4042,7669,1686,1950,1977,3919,2176,6716,1056,1080,3161,4344,2676,5025,2643,7016,3039,5855,1276,1479,1435,2919,1199,4364,58978,48555,1979,11,5542,0,0,9,2
2021-02-22T23:59:59+01:00,3,5,1677,1481,4297,5739,3592,6482,3528,9176,3981,7574,1654,1923,1951,3868,2059,6519,1052,1067,3140,4299,2656,4986,2618,6957,3010,5803,1264,1465,1426,2909,1191,4355,58437,48191,1837,6,5226,0,0,9,2
2021-02-21T23:59:59+01:00,3,5,1665,1477,4267,5706,3549,6444,3487,9121,3937,7523,1646,1916,1946,3859,1939,6357,1047,1056,3119,4261,2627,4936,2603,6889,2981,5717,1250,1449,1406,2849,1167,4278,58093,47628,1831,6,4914,0,0,9,2
2021-02-20T23:59:59+01:00,3,5,1664,1476,4262,5703,3547,6443,3487,9120,3936,7522,1641,1915,1944,3855,1938,6357,1047,1056,3117,4259,2627,4936,2602,6888,2981,5717,1250,1448,1405,2849,1167,4278,58079,47620,1831,6,4899,0,0,9,2
2021-02-19T23:59:59+01:00,3,5,1647,1469,4250,5683,3536,6429,3476,9110,3926,7507,1615,1886,1923,3836,1838,6178,1046,1055,3116,4258,2626,4935,2602,6886,2978,5715,1250,1447,1405,2848,1167,4278,57662,47605,1826,6,4822,0,0,7,2
2021-02-18T23:59:59+01:00,3,5,1603,1438,4154,5572,3465,6327,3388,8946,3842,7367,1593,1851,1889,3766,1708,5981,1000,1012,2977,4033,2501,4664,2491,6551,2872,5453,1219,1404,1374,2763,1141,4129,57017,45577,1736,6,4138,0,0,7,2
2021-02-17T23:59:59+01:00,3,4,1581,1409,4058,5422,3380,6177,3270,8710,3715,7167,1541,1783,1817,3665,1591,5676,943,962,2824,3811,2384,4352,2364,6141,2743,5141,1171,1344,1328,2656,1094,3967,55804,43217,1725,6,3433,0,0,7,2
2021-02-16T23:59:59+01:00,3,4,1507,1342,3897,5226,3243,5996,3162,8477,3593,7001,1518,1757,1782,3635,1478,5469,858,930,2693,3655,2285,4141,2238,5821,2612,4887,1115,1253,1183,2356,840,3355,55110,40217,1708,3,2267,0,0,5,2
2021-02-15T23:59:59+01:00,3,4,1492,1324,3852,5141,3185,5909,3105,8362,3526,6895,1507,1743,1767,3612,1470,5449,824,908,2612,3527,2209,3961,2155,5543,2524,4674,1072,1189,1097,2182,776,3140,54645,38391,1706,1,1990,0,0,5,1
2021-02-14T23:59:59+01:00,3,4,1426,1296,3767,5064,3142,5800,3049,8208,3482,6786,1487,1712,1714,3485,1415,5201,815,902,2563,3459,2170,3893,2102,5423,2458,4568,1046,1153,1013,2010,705,2906,54400,37184,1095,1,1541,0,0,5,1
2021-02-13T23:59:59+01:00,3,4,1424,1295,3759,5060,3135,5799,3046,8206,3479,6784,1486,1709,1714,3483,1413,5201,815,902,2563,3459,2170,3893,2101,5423,2457,4568,1044,1152,1013,2010,705,2906,54382,37181,1094,0,1519,0,0,5,0
2021-02-12T23:59:59+01:00,3,3,1391,1279,3721,5026,3113,5779,3024,8173,3460,6740,1470,1699,1704,3466,1404,5182,808,894,2530,3406,2136,3848,2071,5369,2439,4537,1043,1151,1012,2010,704,2904,54155,36862,1092,0,1385,0,0,5,0
2021-02-11T23:59:59+01:00,3,3,1344,1236,3608,4854,3022,5605,2926,7863,3360,6528,1410,1639,1637,3288,1320,4858,771,831,2276,2962,1910,3372,1841,4625,2168,4009,960,1082,926,1818,655,2635,53525,32841,128,0,848,0,0,3,0
2021-02-10T23:59:59+01:00,3,3,1323,1214,3549,4744,2956,5500,2884,7713,3307,6397,1393,1622,1610,3247,1307,4821,695,774,1984,2554,1700,2924,1602,4018,1911,3547,850,935,763,1447,527,2146,52876,28377,126,0,589,0,0,2,0
2021-02-09T23:59:59+01:00,3,2,1310,1196,3494,4675,2926,5431,2863,7617,3270,6329,1386,1609,1582,3226,1297,4808,647,697,1724,2199,1507,2535,1418,3519,1739,3183,819,901,742,1375,506,2033,52566,25544,121,0,335,0,0,2,0
2021-02-08T23:59:59+01:00,3,2,1296,1192,3465,4645,2906,5393,2842,7565,3251,6299,1376,1602,1573,3200,1295,4790,634,663,1573,1962,1366,2283,1284,3211,1579,2923,780,880,694,1269,474,1864,52266,23439,95,0,332,0,0,2,0
2021-02-07T23:59:59+01:00,3,2,1164,1149,3358,4589,2851,5350,2815,7526,3226,6261,1366,1586,1565,3178,1290,4758,487,517,1304,1606,1126,1833,1076,2622,1352,2403,674,754,612,1110,429,1649,51968,19554,67,0,0,0,0,2,0
2021-02-06T23:59:59+01:00,3,2,1160,1147,3356,4587,2847,5347,2808,7523,3222,6257,1364,1584,1564,3175,1289,4758,363,368,1104,1354,989,1529,932,2208,1186,1984,585,652,585,1093,426,1646,51924,17004,67,0,0,0,0,2,0
2021-02-05T23:59:59+01:00,3,1,1149,1137,3340,4566,2839,5320,2797,7478,3203,6211,1358,1576,1561,3168,1288,4758,261,206,920,1036,841,1157,757,1756,1008,1575,468,546,558,1073,423,1642,51684,14227,67,0,0,0,0,2,0
2021-02-04T23:59:59+01:00,3,1,1133,1120,3295,4519,2798,5245,2755,7346,3155,6126,1344,1561,1548,3136,1279,4731,133,81,615,662,550,735,515,1145,666,985,288,363,458,927,385,1491,51048,9999,45,0,0,0,0,2,0
2021-02-03T23:59:59+01:00,3,1,1111,1114,3267,4473,2769,5200,2733,7291,3124,6068,1334,1552,1524,3095,1273,4686,115,65,490,512,419,595,414,905,511,742,240,284,359,728,301,1162,50572,7842,44,0,0,0,0,2,0
2021-02-02T23:59:59+01:00,3,1,1090,1101,3228,4442,2739,5147,2707,7215,3090,6004,1311,1524,1490,3038,1247,4595,105,56,407,414,348,517,366,818,458,660,219,261,314,658,277,1043,49927,6921,43,0,0,0,0,2,0
2021-02-01T23:59:59+01:00,3,1,1074,1090,3207,4389,2708,5085,2675,7088,3060,5907,1291,1496,1466,3002,1231,4532,78,41,310,310,256,393,273,609,324,495,180,211,248,521,215,813,49260,5277,43,0,0,0,0,2,0
2021-01-31T23:59:59+01:00,3,1,1069,1080,3192,4360,2684,5041,2660,7033,3046,5864,1280,1479,1446,2937,1208,4454,68,40,285,286,231,346,252,568,294,456,161,193,208,426,174,657,48792,4645,43,0,0,0,0,2,0
2021-01-30T23:59:59+01:00,3,1,1069,1080,3189,4356,2683,5041,2659,7032,3046,5863,1280,1478,1445,2937,1208,4454,68,37,278,272,218,330,247,557,290,450,160,190,207,426,174,657,48782,4561,40,0,0,0,0,2,0
2021-01-29T23:59:59+01:00,3,1,1068,1079,3188,4353,2683,5039,2659,7030,3043,5861,1280,1478,1445,2936,1208,4454,64,33,260,258,195,310,231,540,279,442,155,188,203,420,173,655,48766,4406,40,0,0,0,0,2,0
2021-01-28T23:59:59+01:00,3,1,1048,1060,3121,4248,2629,4928,2602,6874,2976,5730,1266,1456,1432,2870,1186,4334,55,18,163,154,129,186,161,355,204,279,124,145,157,261,101,378,47725,2870,37,0,0,0,0,2,0
2021-01-27T23:59:59+01:00,3,1,1003,1022,3035,4104,2548,4749,2507,6592,2892,5529,1236,1414,1396,2781,1153,4194,26,7,98,71,58,91,82,207,114,146,94,113,113,193,76,270,46130,1759,27,0,0,0,0,2,0
2021-01-26T23:59:59+01:00,2,1,926,993,2919,3969,2469,4564,2425,6412,2821,5374,1210,1365,1305,2628,939,3795,26,7,93,70,57,90,80,207,112,145,92,112,113,193,76,270,44099,1743,16,0,0,0,0,2,0
2021-01-25T23:59:59+01:00,2,1,911,976,2840,3840,2423,4416,2364,6216,2762,5223,1192,1343,1291,2603,929,3762,26,7,92,70,55,90,80,207,112,143,92,112,113,193,76,270,43082,1738,11,0,0,0,0,1,0
2021-01-24T23:59:59+01:00,2,1,901,972,2820,3825,2413,4384,2338,6177,2729,5163,1180,1337,1282,2581,916,3728,26,7,92,70,55,90,80,207,112,143,91,112,113,193,76,270,42740,1737,8,0,0,0,0,1,0
2021-01-23T23:59:59+01:00,2,1,901,972,2820,3824,2413,4384,2338,6177,2728,5163,1178,1336,1282,2581,916,3728,26,7,92,70,55,90,80,207,112,143,91,112,113,193,76,269,42737,1736,7,0,0,0,0,0,0
2021-01-22T23:59:59+01:00,2,1,895,965,2788,3778,2379,4319,2307,6102,2707,5116,1177,1335,1281,2580,915,3725,26,7,92,70,55,90,80,207,112,143,91,112,113,193,76,269,42365,1736,7,0,0,0,0,0,0
2021-01-21T23:59:59+01:00,2,1,880,897,2530,3362,2178,3903,2127,5494,2483,4630,1125,1287,1237,2459,885,3573,22,7,81,64,51,73,67,167,92,132,81,97,96,143,64,208,39046,1445,7,0,0,0,0,0,0
2021-01-20T23:59:59+01:00,2,1,805,835,2218,2957,1971,3437,1895,4885,2227,4153,1013,1147,1079,2113,772,3110,22,7,81,64,51,72,67,167,92,132,81,97,96,143,64,208,34613,1444,7,0,0,0,0,0,0
2021-01-19T23:59:59+01:00,2,1,745,757,1928,2514,1729,2976,1660,4228,1984,3681,940,1052,959,1840,675,2761,11,3,48,45,32,44,34,98,43,76,36,37,46,75,39,133,30426,800,6,0,0,0,0,0,0
2021-01-18T23:59:59+01:00,2,1,675,701,1699,2116,1491,2499,1411,3542,1727,3174,859,967,860,1634,623,2491,5,2,18,11,13,20,17,53,17,33,19,22,25,53,28,75,26469,411,3,0,0,0,0,0,0
2021-01-17T23:59:59+01:00,1,1,495,542,1382,1713,1210,1966,1155,2806,1449,2552,720,815,713,1355,513,2123,0,1,3,2,0,0,0,0,0,0,0,0,0,0,0,0,21509,6,2,0,0,0,0,0,0
2021-01-16T23:59:59+01:00,1,0,372,394,1200,1466,1090,1679,1014,2406,1292,2145,633,717,685,1339,511,2122,0,0,0,0,0,0,0,0,0,0,0,0,0,0,0,0,19065,0,1,0,0,0,0,0,0
2021-01-15T23:59:59+01:00,1,0,266,231,1016,1163,942,1332,845,1958,1112,1744,516,607,647,1306,500,2082,0,0,0,0,0,0,0,0,0,0,0,0,0,0,0,0,16267,0,1,0,0,0,0,0,0
2021-01-14T23:59:59+01:00,0,0,151,101,700,775,650,861,609,1300,748,1127,331,420,538,1124,450,1858,0,0,0,0,0,0,0,0,0,0,0,0,0,0,0,0,11743,0,0,0,0,0,0,0,0
2021-01-13T23:59:59+01:00,0,0,127,80,589,606,526,693,492,1044,591,862,278,346,452,957,393,1590,0,0,0,0,0,0,0,0,0,0,0,0,0,0,0,0,9626,0,0,0,0,0,0,0,0
2021-01-12T23:59:59+01:00,0,0,116,65,508,519,448,594,429,918,520,760,244,297,369,765,327,1242,0,0,0,0,0,0,0,0,0,0,0,0,0,0,0,0,8121,0,0,0,0,0,0,0,0
2021-01-11T23:59:59+01:00,0,0,87,52,415,421,364,484,343,741,413,587,210,246,309,636,268,1045,0,0,0,0,0,0,0,0,0,0,0,0,0,0,0,0,6621,0,0,0,0,0,0,0,0
2021-01-10T23:59:59+01:00,0,0,73,45,351,348,298,403,287,644,343,520,185,218,249,505,211,815,0,0,0,0,0,0,0,0,0,0,0,0,0,0,0,0,5495,0,0,0,0,0,0,0,0
2021-01-09T23:59:59+01:00,0,0,73,43,336,328,274,381,279,628,335,513,184,217,248,503,211,815,0,0,0,0,0,0,0,0,0,0,0,0,0,0,0,0,5368,0,0,0,0,0,0,0,0
2021-01-08T23:59:59+01:00,0,0,69,37,302,296,228,340,252,587,308,474,167,199,223,445,191,717,0,0,0,0,0,0,0,0,0,0,0,0,0,0,0,0,4835,0,0,0,0,0,0,0,0
2021-01-07T23:59:59+01:00,0,0,58,25,212,198,159,241,193,420,237,338,138,160,169,288,120,446,0,0,0,0,0,0,0,0,0,0,0,0,0,0,0,0,3402,0,0,0,0,0,0,0,0
2021-01-06T23:59:59+01:00,0,0,47,16,162,120,113,160,143,293,174,238,108,128,128,222,81,313,0,0,0,0,0,0,0,0,0,0,0,0,0,0,0,0,2446,0,0,0,0,0,0,0,0
2021-01-05T23:59:59+01:00,0,0,29,8,96,72,58,93,85,211,113,148,98,118,119,204,80,291,0,0,0,0,0,0,0,0,0,0,0,0,0,0,0,0,1823,0,0,0,0,0,0,0,0
2021-01-04T23:59:59+01:00,0,0,27,8,96,71,55,91,85,211,113,146,98,117,119,204,80,291,0,0,0,0,0,0,0,0,0,0,0,0,0,0,0,0,1812,0,0,0,0,0,0,0,0
2021-01-03T23:59:59+01:00,0,0,27,8,96,71,55,91,85,211,113,146,97,117,119,204,80,291,0,0,0,0,0,0,0,0,0,0,0,0,0,0,0,0,1811,0,0,0,0,0,0,0,0
2021-01-02T23:59:59+01:00,0,0,27,8,96,71,55,91,85,211,112,146,97,117,119,204,80,290,0,0,0,0,0,0,0,0,0,0,0,0,0,0,0,0,1809,0,0,0,0,0,0,0,0
2021-01-01T23:59:59+01:00,0,0,27,8,96,71,55,91,85,211,112,145,97,117,119,204,80,290,0,0,0,0,0,0,0,0,0,0,0,0,0,0,0,0,1808,0,0,0,0,0,0,0,0
2020-12-31T23:59:59+01:00,0,0,27,8,96,71,55,91,85,211,111,145,97,117,119,204,80,290,0,0,0,0,0,0,0,0,0,0,0,0,0,0,0,0,1807,0,0,0,0,0,0,0,0
2020-12-30T23:59:59+01:00,0,0,27,8,96,71,54,91,85,211,111,145,97,117,119,204,80,290,0,0,0,0,0,0,0,0,0,0,0,0,0,0,0,0,1806,0,0,0,0,0,0,0,0
2020-12-29T23:59:59+01:00,0,0,15,2,64,53,32,61,50,138,64,88,47,51,66,119,51,195,0,0,0,0,0,0,0,0,0,0,0,0,0,0,0,0,1096,0,0,0,0,0,0,0,0
2020-12-28T23:59:59+01:00,0,0,5,2,36,26,19,30,21,67,25,41,20,22,26,47,28,74,0,0,0,0,0,0,0,0,0,0,0,0,0,0,0,0,489,0,0,0,0,0,0,0,0
2020-12-27T23:59:59+01:00,0,0,0,0,7,5,7,2,1,5,0,2,0,1,2,2,4,6,0,0,0,0,0,0,0,0,0,0,0,0,0,0,0,0,44,0,0,0,0,0,0,0,0
