Datum,<24_1_m,<24_1_w,25-34_1_m,25-34_1_w,35-44_1_m,35-44_1_w,45-54_1_m,45-54_1_w,55-64_1_m,55-64_1_w,65-74_1_m,65-74_1_w,75-84_1_m,75-84_1_w,>84_1_m,>84_1_w,<24_2_m,<24_2_w,25-34_2_m,25-34_2_w,35-44_2_m,35-44_2_w,45-54_2_m,45-54_2_w,55-64_2_m,55-64_2_w,65-74_2_m,65-74_2_w,75-84_2_m,75-84_2_w,>84_2_m,>84_2_w,bp_1,bp_2,mo_1,mo_2,az_1,az_2,ja
2021-05-12T23:59:59+02:00,12341,13666,29343,33358,30359,35528,35766,45672,48945,56119,42585,53366,36001,49539,7791,15911,3555,3450,7219,8927,6623,10440,7380,14066,10683,14768,15379,19307,27018,36426,6501,13364,359911,169105,51484,29833,134481,5754,414
2021-05-11T23:59:59+02:00,11942,13267,28535,32589,29553,34813,34929,44910,47287,54413,42216,52852,35856,49308,7771,15852,3456,3328,6988,8681,6426,10156,7177,13702,10172,14182,14463,18197,26682,35972,6487,13316,353218,165570,49821,28984,132708,4485,346
2021-05-10T23:59:59+02:00,11580,12951,27810,31878,28774,34119,34152,44152,46049,53176,41867,52400,35695,49048,7731,15779,3415,3277,6872,8566,6340,10055,7053,13518,9864,13836,13791,17372,26330,35463,6472,13274,347034,162844,48715,28635,131072,3679,340
2021-05-09T23:59:59+02:00,11299,12657,27128,31200,28137,33450,33416,43466,44574,51713,41440,51871,35517,48794,7705,15729,3360,3220,6747,8426,6241,9914,6949,13316,9455,13449,13063,16495,26016,35006,6456,13231,340203,160045,47650,28088,129989,2957,254
2021-05-08T23:59:59+02:00,11188,12571,26722,30892,27700,33142,32970,43167,43560,50889,41312,51732,35478,48738,7703,15723,3357,3217,6743,8424,6234,9908,6945,13304,9445,13434,12929,16312,25436,34184,6426,13168,335725,158206,47608,28063,129903,2946,251
2021-05-07T23:59:59+02:00,11019,12395,26266,30532,27273,32789,32474,42820,42551,50087,41079,51426,35379,48591,7693,15702,3302,3186,6699,8387,6188,9863,6892,13251,9220,13139,12238,15406,24629,33019,6387,13103,330784,154211,47305,27702,129750,2759,237
2021-05-06T23:59:59+02:00,10576,12050,25323,29771,26252,32015,31265,42000,41048,48933,40740,50936,35232,48400,7672,15658,3233,3131,6574,8252,6082,9740,6741,13072,8919,12778,11498,14421,23828,31879,6362,13048,323196,150502,46254,26768,128194,2061,227
2021-05-05T23:59:59+02:00,10157,11818,24453,29180,25393,31342,30163,41213,39165,47149,40354,50430,35049,48171,7634,15585,3189,3094,6465,8130,5990,9633,6641,12936,8644,12459,10686,13468,22994,30780,6337,12996,315539,146716,45417,25894,126155,1687,145
2021-05-04T23:59:59+02:00,9870,11548,23653,28547,24430,30614,29089,40368,37716,45716,39931,49901,34815,47878,7598,15502,3153,3070,6403,8062,5913,9566,6571,12867,8352,12167,9880,12525,22213,29730,6314,12947,309090,143090,44465,25100,123574,1496,47
2021-05-03T23:59:59+02:00,9628,11287,22917,27963,23621,30033,28172,39648,36852,45025,39601,49479,34645,47628,7565,15438,3103,3037,6334,7986,5842,9506,6481,12784,8077,11891,9051,11492,21467,28745,6294,12910,304415,139437,43693,24293,121384,1260,10
2021-05-02T23:59:59+02:00,9437,11077,22261,27414,22896,29461,27359,39028,36136,44460,39375,49168,34560,47478,7544,15410,3064,3016,6296,7945,5814,9478,6446,12749,7839,11645,8367,10708,20920,28038,6277,12897,299851,136344,42933,24021,120275,1129,5
2021-05-01T23:59:59+02:00,9251,10867,21875,26940,22413,28884,26695,38297,35346,43590,39145,48835,34476,47337,7540,15398,3057,3010,6274,7938,5802,9472,6428,12735,7825,11633,8327,10632,20888,27997,6273,12894,293792,136073,42932,24016,120160,1091,5
2021-04-30T23:59:59+02:00,9065,10652,21490,26510,21957,28331,25914,37516,34426,42677,38929,48532,34392,47207,7528,15378,3038,2995,6253,7925,5785,9457,6403,12715,7795,11601,8287,10554,20843,27929,6271,12888,287597,135784,42926,23948,119978,1004,3
2021-04-29T23:59:59+02:00,8752,10378,20908,25936,21284,27639,24950,36547,33180,41323,37959,47229,34121,46794,7493,15281,3000,2954,6160,7817,5711,9353,6301,12569,7559,11285,7668,9848,20494,27466,6253,12826,279032,133759,42143,22742,118597,761,2
2021-04-28T23:59:59+02:00,8445,10132,20388,25455,20638,27047,24036,35649,31814,39828,36879,45765,33829,46362,7448,15183,2928,2902,6052,7699,5614,9235,6205,12410,7292,10966,6997,9011,20136,26963,6216,12762,270536,131382,41372,21460,116988,544,2
2021-04-27T23:59:59+02:00,8234,9927,19961,25036,20032,26521,23203,34882,30650,38473,35877,44454,33511,45870,7405,15105,2901,2871,5952,7598,5563,9147,6134,12285,7049,10723,6399,8287,19787,26532,6202,12747,263118,129333,40508,20537,115513,305,2
2021-04-26T23:59:59+02:00,8022,9730,19546,24625,19492,25999,22387,34119,29469,37220,34903,43155,33255,45441,7371,15019,2884,2859,5918,7559,5522,9110,6096,12244,6816,10488,5810,7581,19459,26149,6185,12724,255737,127429,39688,19700,114327,274,1
2021-04-25T23:59:59+02:00,7891,9576,19209,24365,19118,25663,21751,33488,28464,36197,33868,41844,32976,45072,7344,14963,2872,2849,5902,7539,5503,9093,6075,12219,6780,10452,5653,7365,19167,25745,6173,12691,248747,126849,38979,18964,114062,264,1
2021-04-24T23:59:59+02:00,7689,9363,18769,23936,18570,25135,20925,32643,27475,35224,33640,41550,32897,44935,7334,14952,2868,2844,5888,7531,5496,9086,6069,12216,6766,10433,5573,7247,19087,25631,6170,12683,242894,126414,38978,18929,113164,244,1
2021-04-23T23:59:59+02:00,7434,9138,18313,23467,18014,24524,20064,31789,26359,34028,32941,40475,32770,44733,7321,14930,2860,2825,5859,7509,5462,9044,6027,12177,6721,10378,5376,6946,18566,25019,6096,12555,235443,124583,38654,18613,112202,223,1
2021-04-22T23:59:59+02:00,7172,8897,17688,22848,17220,23745,18990,30742,25065,32579,32004,39246,32563,44433,7297,14884,2845,2807,5818,7455,5416,8963,5960,12099,6638,10300,5036,6484,17903,24192,6009,12409,226597,122482,37744,17660,111031,191,1
2021-04-21T23:59:59+02:00,6932,8697,17149,22348,16552,23153,17985,29806,23545,31006,31075,38089,32317,44075,7258,14826,2826,2787,5778,7404,5365,8892,5898,12002,6540,10222,4828,6150,17252,23400,5925,12266,217952,120460,36975,16911,109885,163,1
2021-04-20T23:59:59+02:00,6719,8473,16578,21871,15807,22468,16953,28778,22096,29510,30029,36717,32042,43737,7220,14762,2809,2772,5735,7367,5325,8847,5850,11937,6467,10159,4686,5944,16670,22682,5840,12132,209206,118866,36103,16200,108450,155,1
2021-04-19T23:59:59+02:00,6510,8290,16029,21441,15134,21904,15931,27852,20676,28101,28793,35193,31770,43335,7187,14684,2796,2758,5714,7336,5291,8818,5809,11889,6387,10082,4526,5738,16056,22003,5763,12018,200718,117280,35332,15552,106779,151,1
2021-04-18T23:59:59+02:00,6296,8127,15579,21103,14500,21342,14880,27025,19321,26895,27551,33682,31498,42983,7161,14631,2735,2708,5582,7211,5185,8709,5708,11742,6289,9973,4372,5524,15492,21367,5683,11889,192351,115728,34505,14292,105717,148,1
2021-04-17T23:59:59+02:00,6253,8091,15423,21026,14332,21257,14620,26833,19045,26624,27087,33180,31391,42858,7155,14619,2702,2657,5482,7062,5074,8552,5610,11549,6200,9861,4309,5438,15272,21104,5676,11880,191148,114007,34501,14288,104144,132,1
2021-04-16T23:59:59+02:00,6173,8030,15242,20860,14121,21111,14316,26560,18535,26089,26163,32087,31272,42663,7134,14601,2648,2595,5362,6886,4954,8374,5448,11309,6018,9650,4071,5176,14667,20349,5602,11777,187798,110867,34219,13897,102939,121,1
2021-04-15T23:59:59+02:00,6090,7939,15024,20644,13851,20825,13859,26184,17776,25316,24967,30656,31056,42384,7120,14570,2569,2493,5164,6637,4751,8073,5245,10992,5811,9382,3861,4896,13867,19303,5518,11660,183383,107157,33411,12958,101466,106,1
2021-04-14T23:59:59+02:00,5994,7859,14818,20438,13597,20595,13452,25842,16957,24537,23563,29046,30793,42042,7094,14521,2355,2356,4957,6384,4568,7830,5024,10744,5592,9120,3718,4655,13148,18433,5432,11503,178937,104195,32519,11524,99691,99,1
2021-04-13T23:59:59+02:00,5927,7795,14623,20300,13376,20413,13078,25526,16230,23845,22048,27407,30538,41672,7077,14458,2256,2289,4793,6190,4392,7626,4818,10495,5411,8909,3584,4479,12620,17836,5345,11376,174848,101916,31646,10413,97818,89,1
2021-04-12T23:59:59+02:00,5848,7706,14397,20102,13079,20160,12677,25093,15518,23124,20620,25651,30292,41376,7049,14407,2110,2177,4618,6036,4244,7443,4660,10313,5275,8758,3459,4321,12190,17324,5260,11261,170592,100280,30595,9080,95911,88,1
2021-04-11T23:59:59+02:00,5759,7619,14182,19911,12795,19950,12246,24733,14848,22476,19268,24068,30081,41104,7024,14365,2066,2139,4503,5925,4132,7321,4539,10196,5155,8646,3336,4183,11710,16740,5161,11112,166528,98638,29643,8139,94257,86,1
2021-04-10T23:59:59+02:00,5755,7611,14167,19901,12787,19940,12229,24720,14765,22384,18598,23154,29836,40747,7006,14342,2060,2127,4494,5915,4120,7310,4526,10180,5094,8568,3233,4071,11155,15922,5049,10933,165466,96535,29617,8139,92858,82,1
2021-04-09T23:59:59+02:00,5741,7597,14141,19853,12751,19893,12185,24672,14389,21944,17154,21362,29485,40206,6978,14306,2037,2118,4476,5897,4094,7286,4483,10147,5058,8518,3118,3934,10293,14938,4941,10776,162900,94135,29279,7898,90477,80,1
2021-04-08T23:59:59+02:00,5693,7568,14049,19779,12677,19816,12080,24563,13936,21379,15438,19253,28948,39310,6926,14198,2014,2102,4450,5843,4041,7206,4419,10070,4989,8447,3012,3815,9791,14330,4774,10574,159091,92324,28259,7475,88263,78,0
2021-04-07T23:59:59+02:00,5658,7533,13947,19703,12593,19738,11991,24453,13465,20909,14002,17454,28388,38484,6879,14108,1993,2089,4399,5774,3960,7130,4330,9981,4904,8360,2912,3710,9024,13202,4581,10258,154799,89839,27383,6702,87123,66,0
2021-04-06T23:59:59+02:00,5622,7502,13853,19631,12515,19683,11911,24389,12981,20417,12402,15451,27808,37666,6862,14042,1921,2025,4270,5654,3861,7005,4210,9840,4802,8240,2799,3587,8286,12231,4366,9971,150812,87496,26503,5507,85420,65,0
2021-04-05T23:59:59+02:00,5582,7469,13783,19566,12445,19615,11856,24304,12583,20037,10801,13494,27195,36746,6825,13981,1844,1945,4106,5500,3698,6852,4057,9703,4664,8116,2653,3454,7453,11234,4171,9682,147633,85173,25444,3896,83205,63,0
2021-04-04T23:59:59+02:00,5568,7450,13772,19545,12440,19600,11848,24290,12444,19918,9764,12195,26799,36184,6804,13936,1842,1941,4100,5498,3696,6848,4053,9697,4663,8112,2647,3441,7201,10749,4106,9594,145903,84236,25442,3896,81212,56,0
2021-04-03T23:59:59+02:00,5564,7440,13757,19529,12432,19594,11839,24280,12426,19869,8738,10985,26045,35112,6763,13842,1839,1938,4098,5494,3694,6844,4046,9685,4648,8102,2642,3430,7046,10475,4088,9536,143451,83653,25437,3896,79327,56,0
2021-04-02T23:59:59+02:00,5558,7420,13718,19503,12398,19552,11796,24233,12334,19787,8058,10007,24614,33203,6652,13634,1829,1923,4072,5474,3673,6802,4006,9608,4522,7824,2510,3293,6665,10058,3970,9377,139005,81873,25101,3677,78361,56,0
2021-04-01T23:59:59+02:00,5495,7338,13626,19369,12286,19409,11649,24072,11713,19310,7333,9094,23282,31452,6556,13444,1756,1852,3970,5377,3611,6737,3937,9540,4451,7722,2409,3144,6139,9337,3840,9173,134812,79671,23977,3275,76639,49,0
2021-03-31T23:59:59+02:00,5441,7276,13503,19219,12157,19266,11471,23872,11433,19059,6822,8459,21994,29738,6434,13259,1742,1840,3950,5354,3579,6709,3902,9491,4415,7673,2337,3058,5628,8656,3711,9009,130902,77943,22896,3062,75605,49,0
2021-03-30T23:59:59+02:00,5374,7200,13371,19063,12047,19102,11342,23709,11270,18923,6431,8034,20782,28192,6326,13091,1723,1803,3909,5319,3512,6642,3815,9373,4289,7504,2195,2844,5186,8098,3606,8800,127553,75759,21975,2824,74729,35,0
2021-03-29T23:59:59+02:00,5322,7151,13263,18977,11986,19018,11248,23608,11129,18779,6093,7594,19539,26745,6232,12941,1662,1760,3863,5281,3429,6568,3706,9224,4134,7315,2087,2712,4591,7389,3496,8584,124019,73153,21115,2615,74491,33,0
2021-03-28T23:59:59+02:00,5261,7082,13148,18836,11906,18939,11157,23505,11027,18677,5757,7212,18541,25423,6140,12785,1625,1707,3754,5175,3228,6331,3644,9135,4084,7265,2022,2647,3792,6311,3376,8411,121085,70164,20331,2321,73980,22,0
2021-03-27T23:59:59+01:00,5224,7020,13040,18674,11787,18774,11048,23296,10922,18547,5684,7108,18280,25109,6132,12775,1619,1704,3750,5170,3226,6325,3328,8735,3924,7024,2017,2643,3773,6274,3347,8355,119268,68883,20296,2321,73856,10,0
2021-03-26T23:59:59+01:00,5176,6955,12929,18495,11671,18584,10886,23067,10772,18352,5492,6851,17700,24348,6057,12667,1618,1702,3744,5164,3205,6308,3306,8714,3696,6535,1868,2305,3477,5954,3230,8171,116226,66673,19962,2315,73814,9,0
2021-03-25T23:59:59+01:00,5097,6854,12725,18245,11473,18266,10671,22736,10535,18036,5240,6527,16710,23081,5956,12524,1607,1691,3722,5136,3175,6284,3260,8678,3645,6495,1788,2167,3022,5259,3112,7934,112291,64753,18896,2215,73489,7,0
2021-03-24T23:59:59+01:00,4999,6718,12516,17813,11270,17882,10449,22350,10324,17709,4922,6120,15708,21934,5853,12342,1581,1678,3698,5088,3141,6219,3203,8610,3596,6426,1731,2110,2693,4886,2990,7709,109243,63379,17813,1973,71853,7,0
2021-03-23T23:59:59+01:00,4929,6621,12352,17484,11087,17544,10263,21991,10128,17449,4786,5888,15044,21153,5749,12200,1565,1672,3685,5070,3121,6202,3183,8562,3562,6382,1697,2056,2444,4591,2807,7426,106959,62086,17089,1932,70620,7,0
2021-03-22T23:59:59+01:00,4868,6521,12156,17151,10909,17226,10059,21660,9919,17181,4628,5662,14421,20446,5648,12054,1549,1663,3660,5034,3091,6164,3149,8513,3529,6335,1655,2002,2231,4314,2632,7131,105152,60853,16381,1793,68976,6,0
2021-03-21T23:59:59+01:00,4776,6367,11870,16742,10636,16831,9806,21220,9673,16859,4497,5477,13737,19668,5529,11880,1540,1662,3643,5017,3071,6131,3128,8482,3511,6311,1637,1983,2058,4134,2483,6900,103304,59896,15088,1789,67176,6,0
2021-03-20T23:59:59+01:00,4737,6277,11729,16394,10506,16536,9666,20903,9497,16594,4374,5322,13109,18736,5412,11685,1539,1661,3643,5016,3068,6130,3125,8478,3506,6307,1631,1978,2026,4070,2464,6862,101147,59709,15084,1789,65246,6,0
2021-03-19T23:59:59+01:00,4682,6171,11558,16040,10336,16178,9486,20515,9293,16263,4187,5105,12098,17539,5290,11519,1531,1655,3626,4984,3039,6057,3086,8387,3403,6138,1520,1887,1955,4012,2355,6662,98475,58507,14678,1786,63107,4,0
2021-03-18T23:59:59+01:00,4586,6034,11289,15606,10073,15755,9219,20049,9081,15944,4044,4941,11448,16668,5103,11290,1525,1639,3611,4952,3017,6013,3067,8330,3377,6098,1501,1854,1916,3938,2230,6462,96687,57830,13673,1696,60770,4,0
2021-03-17T23:59:59+01:00,4389,5898,10994,15174,9819,15409,8979,19672,8843,15627,3917,4758,10608,15390,4888,10961,1523,1636,3598,4933,3013,5995,3056,8293,3361,6076,1499,1834,1892,3907,2119,6280,94063,57329,12153,1682,59110,4,0
2021-03-16T23:59:59+01:00,4229,5746,10639,14708,9569,15047,8687,19235,8566,15285,3775,4601,9772,14232,4659,10673,1508,1634,3594,4928,3004,5988,3050,8285,3351,6061,1478,1811,1855,3859,2001,6106,91762,56905,10962,1604,56699,4,0
2021-03-15T23:59:59+01:00,4062,5593,10325,14235,9282,14582,8385,18760,8304,14898,3625,4424,9037,13145,4488,10422,1497,1626,3576,4915,2993,5966,3031,8247,3331,6018,1463,1799,1840,3826,1889,5923,89826,56333,9598,1604,54143,3,0
2021-03-14T23:59:59+01:00,3982,5476,10044,13789,9025,14192,8070,18276,8043,14530,3447,4217,8199,11874,4240,10053,1483,1619,3552,4897,2971,5917,3012,8169,3307,5955,1429,1749,1782,3690,1726,5547,87524,55818,8585,984,51348,3,0
2021-03-13T23:59:59+01:00,3903,5268,9797,13276,8853,13780,7893,17867,7902,14241,3371,4149,8003,11570,4208,9986,1483,1619,3552,4897,2970,5917,3012,8169,3306,5953,1425,1748,1780,3686,1725,5546,86876,55801,8585,984,48606,3,0
2021-03-12T23:59:59+01:00,3819,5093,9551,12749,8627,13237,7648,17200,7548,13550,3215,3998,7620,11153,4101,9839,1481,1615,3549,4884,2966,5912,3005,8163,3302,5947,1399,1715,1759,3668,1627,5372,85131,55377,8340,984,45477,3,0
2021-03-11T23:59:59+01:00,3644,4733,9192,12035,8330,12569,7300,16411,7237,12969,3061,3798,7034,10393,3958,9607,1457,1598,3521,4841,2920,5823,2969,8045,3252,5858,1357,1660,1679,3454,1431,4868,82728,54634,7896,97,41647,2,0
2021-03-10T23:59:59+01:00,3562,4581,8627,11535,7711,12094,6990,15867,6945,12445,2905,3656,6449,9652,3832,9408,1442,1582,3492,4780,2888,5741,2931,7897,3197,5757,1320,1617,1624,3353,1313,4595,80936,53453,7343,74,37980,2,0
2021-03-09T23:59:59+01:00,3426,4365,7876,11089,6872,11604,6594,15249,6597,11877,2686,3370,5921,9006,3712,9181,1436,1577,3467,4730,2862,5677,2915,7847,3180,5713,1304,1594,1592,3312,1204,4397,78670,52766,5994,40,34761,1,0
2021-03-08T23:59:59+01:00,3227,4087,7154,10568,6138,11126,6204,14702,6222,11359,2495,3178,5298,8245,3612,8982,1428,1566,3445,4663,2834,5608,2878,7757,3153,5645,1301,1585,1588,3304,1200,4395,75886,52309,4901,40,31810,1,0
2021-03-07T23:59:59+01:00,3094,3918,6806,10065,5718,10575,5926,14265,6001,11011,2405,3100,4471,7118,3469,8791,1425,1563,3441,4658,2829,5596,2874,7738,3143,5634,1297,1567,1568,3266,1183,4355,72675,52098,4072,39,29986,0,0
2021-03-06T23:59:59+01:00,3043,3734,6613,9634,5525,10144,5418,13350,5681,10386,2391,3085,4466,7106,3466,8790,1424,1561,3439,4655,2827,5595,2873,7737,3142,5631,1295,1564,1568,3264,1182,4355,71465,52073,4072,39,27295,0,0
2021-03-05T23:59:59+01:00,2936,3426,6392,9096,5325,9739,5243,12773,5283,9406,2191,2691,4069,6694,3357,8621,1412,1554,3422,4641,2822,5582,2865,7719,3131,5613,1282,1561,1568,3259,1177,4351,69151,51920,3842,39,24249,0,0
2021-03-04T23:59:59+01:00,2841,3175,6172,8685,5172,9394,5067,12344,5108,9072,2078,2495,3502,5849,3233,8359,1400,1532,3382,4546,2790,5519,2835,7619,3104,5552,1269,1554,1558,3248,1172,4340,67122,51381,3402,39,22022,0,0
2021-03-03T23:59:59+01:00,2778,3098,5992,8279,4995,9015,4857,11890,4928,8659,1994,2391,3083,5377,3105,8113,1378,1522,3346,4495,2752,5456,2794,7515,3062,5489,1256,1533,1539,3217,1166,4323,65704,50805,3163,38,19687,0,0
2021-03-02T23:59:59+01:00,2717,2993,5822,7951,4840,8747,4699,11489,4791,8366,1915,2304,2773,5008,2913,7830,1372,1511,3327,4478,2737,5428,2781,7469,3054,5462,1252,1525,1520,3198,1164,4319,64377,50559,2909,38,17872,0,0
2021-03-01T23:59:59+01:00,2682,2946,5717,7728,4751,8623,4613,11333,4695,8202,1865,2223,2467,4669,2746,7550,1364,1509,3314,4459,2728,5396,2762,7419,3043,5445,1246,1521,1513,3190,1162,4315,63136,50348,2691,38,16983,0,0
2021-02-28T23:59:59+01:00,2616,2887,5536,7473,4581,8401,4483,11153,4598,8087,1814,2166,2174,4354,2569,7281,1352,1502,3302,4449,2720,5389,2756,7402,3036,5435,1242,1519,1507,3174,1161,4284,62068,50192,2392,38,15713,0,0
2021-02-27T23:59:59+01:00,2501,2514,5375,7094,4480,8096,4406,10803,4528,7848,1784,2110,2148,4310,2547,7229,1349,1499,3300,4449,2715,5387,2751,7398,3032,5433,1241,1518,1506,3174,1161,4284,61808,50162,2392,35,13573,0,0
2021-02-26T23:59:59+01:00,2435,2410,5238,6865,4338,7845,4256,10537,4326,7582,1665,2024,2090,4275,2444,7055,1328,1485,3282,4415,2705,5347,2740,7347,3009,5385,1235,1508,1502,3167,1160,4282,60531,49863,2386,34,12468,0,0
2021-02-25T23:59:59+01:00,2305,2279,4879,6454,3928,7379,3989,10040,4113,7238,1617,1981,2058,4218,2333,6868,1309,1465,3251,4376,2669,5287,2703,7237,2973,5303,1224,1492,1488,3127,1148,4227,60066,49247,2280,32,9333,0,0
2021-02-24T23:59:59+01:00,2266,2209,4758,6232,3836,7163,3861,9802,3998,7097,1597,1956,2028,4174,2219,6674,1295,1454,3221,4313,2635,5220,2678,7159,2943,5237,1208,1474,1465,3078,1137,4162,59525,48657,2036,22,8309,0,0
2021-02-23T23:59:59+01:00,2010,2016,4396,5768,3565,6763,3641,9427,3852,6848,1581,1927,1983,4129,2106,6494,1275,1442,3181,4278,2610,5160,2654,7085,2905,5188,1191,1453,1440,3041,1127,4113,59079,48135,1990,8,5437,0,0
2021-02-22T23:59:59+01:00,1999,1993,4340,5710,3529,6699,3576,9330,3797,6760,1550,1905,1960,4076,1991,6304,1270,1424,3161,4237,2589,5120,2628,7024,2876,5141,1183,1442,1428,3031,1121,4104,58549,47776,1847,3,5123,0,0
2021-02-21T23:59:59+01:00,1988,1986,4306,5676,3486,6665,3539,9268,3761,6718,1540,1899,1954,4067,1874,6143,1262,1408,3139,4200,2561,5069,2614,6957,2846,5059,1170,1426,1405,2969,1098,4032,58207,47212,1843,3,4820,0,0
2021-02-20T23:59:59+01:00,1987,1984,4301,5674,3484,6665,3539,9267,3760,6717,1535,1898,1952,4063,1873,6143,1262,1408,3138,4198,2561,5069,2613,6956,2846,5059,1170,1425,1404,2969,1098,4032,58193,47205,1843,3,4806,0,0
2021-02-19T23:59:59+01:00,1966,1975,4291,5658,3476,6650,3528,9257,3749,6704,1510,1866,1930,4043,1774,5965,1260,1407,3138,4197,2560,5068,2613,6954,2844,5057,1170,1425,1404,2968,1098,4032,57774,47192,1838,3,4730,0,0
2021-02-18T23:59:59+01:00,1921,1931,4188,5551,3413,6546,3434,9081,3672,6583,1494,1832,1895,3970,1644,5772,1209,1348,2990,3971,2441,4783,2501,6623,2745,4840,1140,1377,1372,2883,1074,3891,57125,45185,1748,3,4054,0,0
2021-02-17T23:59:59+01:00,1894,1889,4085,5400,3329,6393,3316,8828,3551,6419,1439,1760,1825,3867,1528,5471,1142,1276,2836,3750,2328,4468,2370,6185,2629,4588,1091,1313,1319,2771,1036,3734,55872,42833,1737,3,3385,0,0
2021-02-16T23:59:59+01:00,1795,1798,3931,5208,3200,6206,3202,8609,3434,6260,1417,1737,1797,3832,1412,5266,1046,1234,2709,3588,2229,4250,2231,5872,2508,4359,1044,1212,1160,2463,794,3142,55138,39840,1721,1,2245,0,0
2021-02-15T23:59:59+01:00,1779,1773,3881,5121,3143,6118,3139,8496,3377,6164,1407,1724,1784,3810,1404,5244,1006,1199,2628,3456,2155,4071,2146,5592,2422,4165,1001,1145,1075,2274,731,2947,54677,38012,1720,1,1967,0,0
2021-02-14T23:59:59+01:00,1704,1739,3802,5044,3102,6002,3083,8336,3334,6069,1387,1693,1731,3670,1347,5005,993,1189,2583,3389,2115,4002,2087,5467,2363,4068,966,1107,996,2090,664,2721,54430,36799,1098,1,1520,0,0
2021-02-13T23:59:59+01:00,1701,1737,3794,5041,3096,6000,3080,8335,3331,6067,1386,1691,1731,3668,1345,5005,993,1189,2583,3389,2115,4002,2086,5467,2362,4068,966,1107,996,2090,664,2721,54412,36798,1098,0,1498,0,0
2021-02-12T23:59:59+01:00,1663,1712,3756,5012,3076,5981,3056,8298,3314,6029,1370,1684,1722,3650,1337,4986,984,1177,2549,3338,2082,3954,2058,5418,2346,4038,965,1107,995,2090,663,2719,54186,36483,1097,0,1363,0,0
2021-02-11T23:59:59+01:00,1608,1649,3650,4847,2977,5802,2956,7993,3223,5840,1316,1624,1658,3464,1253,4669,935,1081,2278,2898,1873,3449,1818,4684,2097,3571,887,1036,902,1882,615,2457,53579,32463,121,0,829,0,0
2021-02-10T23:59:59+01:00,1588,1623,3588,4730,2909,5703,2910,7831,3178,5730,1302,1608,1634,3422,1239,4633,842,994,1994,2489,1662,2995,1574,4064,1852,3165,790,880,735,1503,489,1981,52930,28009,119,0,579,0,0
2021-02-09T23:59:59+01:00,1571,1597,3537,4664,2880,5631,2887,7733,3141,5666,1300,1599,1604,3401,1231,4619,779,888,1729,2144,1469,2594,1406,3561,1688,2853,761,847,712,1423,470,1879,52619,25203,115,0,327,0,0
2021-02-08T23:59:59+01:00,1551,1594,3513,4633,2861,5590,2863,7682,3126,5642,1290,1591,1596,3373,1229,4605,760,839,1577,1904,1322,2344,1276,3246,1532,2624,732,824,662,1308,441,1721,52324,23112,90,0,325,0,0
2021-02-07T23:59:59+01:00,1402,1547,3423,4575,2809,5549,2836,7640,3102,5608,1283,1575,1587,3352,1225,4574,589,655,1316,1564,1093,1883,1068,2648,1314,2170,628,704,587,1144,399,1514,52024,19276,63,0,0,0,0
2021-02-06T23:59:59+01:00,1398,1543,3422,4573,2803,5546,2831,7635,3098,5605,1281,1572,1585,3350,1225,4574,443,467,1125,1339,962,1555,919,2228,1152,1782,550,623,568,1130,396,1511,51978,16750,63,0,0,0,0
2021-02-05T23:59:59+01:00,1387,1531,3407,4552,2794,5519,2821,7590,3077,5560,1277,1564,1582,3343,1224,4574,325,269,941,1033,811,1182,755,1777,965,1402,450,532,545,1114,394,1507,51739,14002,63,0,0,0,0
2021-02-04T23:59:59+01:00,1368,1509,3358,4501,2754,5435,2780,7461,3031,5482,1264,1551,1568,3309,1217,4549,167,115,636,669,520,743,509,1139,633,872,287,362,446,968,359,1363,51097,9788,40,0,0,0,0
2021-02-03T23:59:59+01:00,1345,1499,3316,4450,2721,5383,2757,7395,2996,5420,1253,1529,1533,3240,1201,4442,146,94,503,518,396,604,421,897,485,672,238,289,357,784,288,1107,50440,7799,40,0,0,0,0
2021-02-02T23:59:59+01:00,1323,1485,3273,4412,2689,5321,2730,7317,2962,5358,1231,1498,1497,3178,1174,4348,130,78,419,425,333,524,380,816,430,608,221,267,311,714,266,993,49757,6915,39,0,0,0,0
2021-02-01T23:59:59+01:00,1306,1468,3248,4360,2659,5247,2696,7184,2933,5270,1215,1476,1470,3140,1160,4287,102,55,314,320,245,396,283,609,307,455,183,217,243,569,205,768,49080,5271,39,0,0,0,0
2021-01-31T23:59:59+01:00,1299,1454,3232,4330,2636,5203,2682,7130,2919,5231,1204,1459,1447,3073,1139,4211,91,52,284,296,224,349,260,566,278,422,162,196,200,463,168,623,48610,4634,39,0,0,0,0
2021-01-30T23:59:59+01:00,1299,1454,3229,4326,2635,5203,2681,7128,2919,5231,1204,1458,1446,3073,1139,4211,91,49,274,282,214,333,255,557,274,414,161,195,199,463,168,623,48600,4552,36,0,0,0,0
2021-01-29T23:59:59+01:00,1297,1453,3229,4322,2635,5202,2679,7126,2917,5229,1203,1458,1446,3072,1139,4211,85,45,253,268,192,309,243,544,262,406,158,193,195,457,167,621,48583,4398,35,0,0,0,0
2021-01-28T23:59:59+01:00,1274,1423,3155,4211,2583,5083,2616,6970,2859,5118,1189,1432,1432,3005,1119,4097,71,24,156,162,129,188,166,362,194,254,128,144,149,285,98,361,47533,2871,33,0,0,0,0
2021-01-27T23:59:59+01:00,1220,1366,3066,4073,2506,4897,2523,6682,2780,4946,1155,1386,1394,2911,1091,3963,36,9,91,77,62,90,80,209,111,138,99,113,110,212,74,256,45936,1767,23,0,0,0,0
2021-01-26T23:59:59+01:00,1135,1329,2948,3927,2433,4719,2438,6494,2708,4815,1135,1329,1298,2760,881,3570,35,9,88,76,61,89,78,209,109,137,97,112,110,212,74,256,43907,1752,12,0,0,0,0
2021-01-25T23:59:59+01:00,1116,1299,2868,3798,2387,4567,2374,6298,2648,4682,1123,1310,1283,2726,871,3543,35,9,87,76,59,89,78,208,109,136,97,112,110,212,74,256,42886,1747,7,0,0,0,0
2021-01-24T23:59:59+01:00,1104,1294,2851,3781,2377,4537,2344,6247,2617,4636,1114,1302,1272,2703,860,3509,35,9,87,76,59,89,78,208,109,136,97,112,110,212,74,256,42543,1747,5,0,0,0,0
2021-01-23T23:59:59+01:00,1104,1294,2851,3781,2377,4537,2344,6247,2616,4636,1114,1302,1272,2703,860,3509,35,9,87,76,59,89,78,208,109,136,97,112,110,212,74,256,42542,1747,5,0,0,0,0
2021-01-22T23:59:59+01:00,1096,1284,2816,3735,2345,4467,2313,6178,2598,4593,1113,1301,1271,2702,859,3506,35,9,87,76,59,89,78,208,109,136,97,112,110,212,74,256,42172,1747,5,0,0,0,0
2021-01-21T23:59:59+01:00,1065,1183,2552,3326,2155,4035,2128,5572,2387,4149,1066,1259,1225,2569,831,3361,30,8,77,68,55,72,65,171,89,125,89,95,91,156,63,199,38858,1453,5,0,0,0,0
2021-01-20T23:59:59+01:00,968,1095,2247,2911,1943,3561,1890,4953,2143,3725,968,1108,1060,2216,722,2909,30,8,77,68,55,71,65,171,89,125,89,95,91,156,63,199,34414,1452,5,0,0,0,0
2021-01-19T23:59:59+01:00,889,977,1957,2481,1699,3072,1662,4289,1916,3317,899,1007,929,1932,630,2574,13,4,49,47,33,39,33,100,39,75,38,35,47,84,37,130,30226,803,4,0,0,0,0
2021-01-18T23:59:59+01:00,811,892,1713,2074,1464,2588,1402,3592,1682,2866,820,926,825,1704,584,2325,7,2,17,12,14,18,17,53,15,34,22,23,24,56,28,75,26265,417,3,0,0,0,0
2021-01-17T23:59:59+01:00,601,690,1400,1686,1188,2032,1150,2842,1413,2307,676,779,690,1416,480,1969,1,0,2,2,0,0,0,0,0,0,0,0,0,0,0,0,21316,5,3,0,0,0,0
2021-01-16T23:59:59+01:00,457,500,1225,1467,1073,1722,1004,2433,1261,1930,599,701,670,1403,478,1968,0,0,0,0,0,0,0,0,0,0,0,0,0,0,0,0,18889,0,2,0,0,0,0
2021-01-15T23:59:59+01:00,334,300,1045,1175,921,1377,842,1978,1073,1557,498,606,636,1371,469,1930,0,0,0,0,0,0,0,0,0,0,0,0,0,0,0,0,16110,0,2,0,0,0,0
2021-01-14T23:59:59+01:00,188,135,727,798,625,877,603,1298,717,999,328,428,527,1183,422,1717,0,0,0,0,0,0,0,0,0,0,0,0,0,0,0,0,11572,0,0,0,0,0,0
2021-01-13T23:59:59+01:00,162,109,608,623,499,695,492,1025,563,776,274,349,442,1007,366,1454,0,0,0,0,0,0,0,0,0,0,0,0,0,0,0,0,9444,0,0,0,0,0,0
2021-01-12T23:59:59+01:00,146,90,531,534,429,601,438,912,493,692,247,309,367,832,311,1183,0,0,0,0,0,0,0,0,0,0,0,0,0,0,0,0,8115,0,0,0,0,0,0
2021-01-11T23:59:59+01:00,116,70,427,437,351,490,350,726,390,534,215,256,304,698,253,988,0,0,0,0,0,0,0,0,0,0,0,0,0,0,0,0,6605,0,0,0,0,0,0
2021-01-10T23:59:59+01:00,100,57,353,361,289,405,296,634,324,473,187,224,241,555,201,768,0,0,0,0,0,0,0,0,0,0,0,0,0,0,0,0,5468,0,0,0,0,0,0
2021-01-09T23:59:59+01:00,100,55,335,342,266,381,289,620,316,466,186,223,240,553,201,768,0,0,0,0,0,0,0,0,0,0,0,0,0,0,0,0,5341,0,0,0,0,0,0
2021-01-08T23:59:59+01:00,94,49,295,307,225,340,265,589,289,438,170,204,219,487,183,685,0,0,0,0,0,0,0,0,0,0,0,0,0,0,0,0,4839,0,0,0,0,0,0
2021-01-07T23:59:59+01:00,76,31,202,206,161,243,202,425,224,309,141,160,164,317,115,426,0,0,0,0,0,0,0,0,0,0,0,0,0,0,0,0,3402,0,0,0,0,0,0
2021-01-06T23:59:59+01:00,64,19,148,124,114,159,149,302,166,215,109,129,125,245,79,297,0,0,0,0,0,0,0,0,0,0,0,0,0,0,0,0,2444,0,0,0,0,0,0
2021-01-05T23:59:59+01:00,40,9,89,77,62,93,84,212,110,139,104,119,117,227,78,275,0,0,0,0,0,0,0,0,0,0,0,0,0,0,0,0,1835,0,0,0,0,0,0
2021-01-04T23:59:59+01:00,38,9,89,77,59,91,84,211,110,138,104,118,117,227,78,275,0,0,0,0,0,0,0,0,0,0,0,0,0,0,0,0,1825,0,0,0,0,0,0
2021-01-03T23:59:59+01:00,38,9,89,77,59,91,84,211,110,138,104,118,117,227,78,275,0,0,0,0,0,0,0,0,0,0,0,0,0,0,0,0,1825,0,0,0,0,0,0
2021-01-02T23:59:59+01:00,38,9,89,77,59,91,84,211,110,138,104,118,117,227,78,275,0,0,0,0,0,0,0,0,0,0,0,0,0,0,0,0,1825,0,0,0,0,0,0
2021-01-01T23:59:59+01:00,38,9,89,77,59,91,84,211,110,137,103,117,117,227,78,275,0,0,0,0,0,0,0,0,0,0,0,0,0,0,0,0,1822,0,0,0,0,0,0
2020-12-31T23:59:59+01:00,38,9,89,77,59,91,84,211,110,137,103,117,117,227,78,275,0,0,0,0,0,0,0,0,0,0,0,0,0,0,0,0,1822,0,0,0,0,0,0
2020-12-30T23:59:59+01:00,38,9,89,77,58,91,84,211,110,137,103,117,117,227,78,275,0,0,0,0,0,0,0,0,0,0,0,0,0,0,0,0,1821,0,0,0,0,0,0
2020-12-29T23:59:59+01:00,19,5,62,57,35,57,49,137,61,87,47,50,69,138,48,186,0,0,0,0,0,0,0,0,0,0,0,0,0,0,0,0,1107,0,0,0,0,0,0
2020-12-28T23:59:59+01:00,7,4,36,26,20,28,20,68,22,41,23,22,25,51,28,74,0,0,0,0,0,0,0,0,0,0,0,0,0,0,0,0,495,0,0,0,0,0,0
2020-12-27T23:59:59+01:00,1,0,7,5,6,2,1,5,0,2,0,1,2,3,4,5,0,0,0,0,0,0,0,0,0,0,0,0,0,0,0,0,44,0,0,0,0,0,0
