Datum,<15_m,<15_w,15-24_1_m,15-24_1_w,25-34_1_m,25-34_1_w,35-44_1_m,35-44_1_w,45-54_1_m,45-54_1_w,55-64_1_m,55-64_1_w,65-74_1_m,65-74_1_w,75-84_1_m,75-84_1_w,>84_1_m,>84_1_w,<24_2_m,<24_2_w,25-34_2_m,25-34_2_w,35-44_2_m,35-44_2_w,45-54_2_m,45-54_2_w,55-64_2_m,55-64_2_w,65-74_2_m,65-74_2_w,75-84_2_m,75-84_2_w,>84_2_m,>84_2_w,bp_1,bp_2,mo_1,mo_2,az_1,az_2,ja,unb_1,unb_2
2021-08-13T23:59:59+02:00,7008,6735,55571,56154,98550,96601,90872,90457,88962,94602,89807,92323,54441,67709,43192,59881,10445,21028,45992,46839,88941,86496,82364,81196,82085,87281,84573,87251,52053,64737,41634,57489,9988,19918,764099,697066,131555,119421,158214,140234,70379,91,84
2021-08-12T23:59:59+02:00,6974,6686,55372,56000,98356,96429,90706,90301,88821,94469,89720,92250,54405,67658,43170,59852,10438,21018,45597,46463,88332,85943,81809,80670,81721,86974,84351,87085,51983,64638,41588,57434,9978,19909,763092,694229,131449,118612,158203,139997,69790,91,84
2021-08-11T23:59:59+02:00,6939,6634,55195,55844,98165,96261,90570,90176,88702,94367,89624,92150,54357,67605,43141,59814,10429,21004,45197,46025,87745,85308,81257,80174,81415,86683,84101,86850,51902,64509,41517,57316,9962,19867,762022,691157,131357,117708,158182,139674,69325,91,84
2021-08-10T23:59:59+02:00,6883,6590,55024,55695,97970,96129,90418,90039,88586,94265,89546,92081,54322,67564,43125,59780,10425,20993,44782,45579,87120,84716,80666,79656,81018,86315,83865,86642,51792,64407,41461,57231,9949,19838,761038,687929,131265,116774,158163,139363,68878,91,84
2021-08-09T23:59:59+02:00,6835,6537,54860,55535,97792,95988,90281,89912,88465,94179,89448,92023,54289,67520,43101,59749,10419,20979,44245,45048,86308,84054,79991,79086,80615,85977,83579,86421,51688,64278,41406,57133,9936,19798,760114,684220,131194,115718,158155,139025,68358,91,84
2021-08-08T23:59:59+02:00,6773,6473,54647,55357,97605,95813,90113,89757,88340,94070,89362,91955,54238,67479,43077,59717,10412,20958,43661,44459,85271,83149,79111,78288,80089,85511,83262,86129,51560,64130,41348,57046,9924,19773,758989,679254,131086,114542,158135,138719,67845,91,84
2021-08-07T23:59:59+02:00,6729,6427,54512,55235,97480,95706,89994,89659,88253,94012,89302,91918,54222,67455,43073,59707,10409,20954,42840,43592,84951,82821,78651,77855,79740,85165,83082,85991,51499,64049,41327,57011,9919,19764,758358,675618,131020,113399,158131,138613,67447,91,83
2021-08-06T23:59:59+02:00,6674,6378,54332,55095,97268,95533,89848,89533,88133,93904,89213,91851,54183,67428,43064,59684,10405,20951,41928,42717,84508,82376,78065,77303,79358,84790,82897,85844,51449,63985,41300,56981,9911,19753,757439,671717,130932,112122,158124,138479,66891,91,83
2021-08-05T23:59:59+02:00,6611,6313,54034,54870,96998,95288,89614,89333,87940,93727,89050,91726,54123,67342,43035,59633,10396,20932,40720,41578,83800,81718,77308,76519,78774,84235,82548,85544,51323,63829,41239,56883,9896,19721,755926,666240,130809,110510,158113,137945,66026,91,83
2021-08-04T23:59:59+02:00,6539,6265,53814,54701,96779,95091,89453,89178,87815,93597,88947,91641,54071,67293,43000,59590,10394,20922,40266,41107,82620,80687,75990,75385,78295,83797,82242,85304,51188,63692,41184,56802,9881,19696,754722,661125,130708,109008,158100,137492,65469,91,83
2021-08-03T23:59:59+02:00,6475,6203,53558,54511,96556,94901,89285,89020,87676,93452,88804,91521,53995,67212,42965,59532,10386,20914,39833,40703,81379,79554,74575,74196,77698,83233,81702,84816,50979,63490,41084,56647,9868,19661,753379,655372,130605,107307,158078,136788,64813,91,83
2021-08-02T23:59:59+02:00,6415,6140,53323,54317,96306,94695,89077,88853,87521,93312,88665,91407,53913,67144,42934,59484,10383,20894,39375,40239,80083,78456,73034,72990,77082,82668,81163,84340,50810,63291,41010,56529,9851,19628,752000,649391,130463,105546,158057,136190,64172,91,83
2021-08-01T23:59:59+02:00,6351,6055,53060,54057,96052,94432,88849,88686,87321,93169,88502,91297,53854,67062,42898,59433,10376,20887,38865,39752,78798,77381,71633,71893,76199,81919,80581,83882,50629,63055,40928,56426,9841,19604,750436,643272,130271,103652,158037,135583,63506,91,83
2021-07-31T23:59:59+02:00,6316,6017,52945,53965,95937,94341,88748,88617,87233,93098,88458,91261,53843,67053,42892,59429,10376,20886,37922,38746,78356,76941,71104,71343,75817,81590,80467,83786,50610,63022,40910,56415,9841,19601,749965,638646,130107,102780,158034,135487,63218,91,83
2021-07-30T23:59:59+02:00,6263,5983,52779,53827,95784,94169,88599,88474,87108,92986,88377,91191,53806,67023,42880,59411,10374,20884,36933,37704,77668,76305,70362,70615,75307,81068,80068,83465,50536,62934,40878,56355,9835,19590,749104,632534,129795,101649,158031,135280,62897,91,83
2021-07-29T23:59:59+02:00,6212,5925,52549,53648,95537,93947,88389,88267,86945,92815,88239,91070,53751,66960,42858,59378,10367,20866,35697,36496,76626,75436,69315,69666,74508,80326,79531,83044,50403,62772,40812,56261,9818,19563,747900,624854,129330,100103,158017,134724,62385,91,83
2021-07-28T23:59:59+02:00,6176,5873,52356,53487,95338,93748,88249,88091,86829,92676,88132,90980,53695,66890,42826,59330,10358,20838,35096,35919,75478,74471,68045,68562,73752,79617,79041,82593,50267,62572,40744,56159,9802,19526,746782,618594,128894,98697,157998,133947,62107,91,83
2021-07-27T23:59:59+02:00,6128,5834,52125,53268,95080,93543,88073,87909,86674,92527,88013,90882,53644,66821,42782,59269,10344,20790,34450,35197,74038,73240,66598,67351,72897,78769,78500,82086,50098,62364,40664,56039,9779,19483,745405,611415,128475,97248,157976,132716,61759,91,82
2021-07-26T23:59:59+02:00,6071,5784,51913,53068,94847,93355,87882,87746,86518,92392,87883,90787,53583,66741,42753,59215,10337,20769,33699,34401,72533,71913,65241,66118,71857,77790,77912,81558,49929,62152,40586,55893,9758,19439,744098,603436,128053,95717,157961,131657,61441,91,82
2021-07-25T23:59:59+02:00,6033,5742,51720,52878,94595,93133,87719,87567,86369,92264,87775,90693,53533,66678,42725,59171,10327,20733,32995,33666,71196,70715,64139,65108,70855,76883,77447,81113,49813,61969,40522,55806,9752,19405,742763,596539,127779,94151,157942,130867,61080,91,82
2021-07-24T23:59:59+02:00,5946,5687,51451,52592,94292,92824,87475,87355,86194,92110,87678,90614,53503,66644,42714,59148,10327,20727,32512,33197,70346,70031,63470,64557,69981,76184,77243,80961,49760,61927,40501,55781,9752,19403,740924,592192,127724,93222,157939,130744,60603,91,82
2021-07-23T23:59:59+02:00,5892,5632,51188,52326,93908,92553,87188,87141,86014,91931,87544,90519,53470,66597,42706,59130,10324,20721,32010,32584,69295,69193,62692,63895,69075,75341,76843,80637,49685,61829,40469,55744,9745,19389,738920,586665,127656,92064,157932,130569,60185,91,82
2021-07-22T23:59:59+02:00,5823,5568,50780,51932,93457,92119,86808,86818,85710,91638,87328,90340,53385,66504,42677,59072,10315,20696,31326,31881,68003,68210,61652,63022,67459,73993,76198,80133,49534,61625,40379,55634,9724,19351,735950,580323,127423,89314,157906,129807,59600,91,82
2021-07-21T23:59:59+02:00,5772,5517,50424,51560,93030,91716,86509,86525,85458,91399,87159,90158,53302,66423,42619,59006,10304,20668,30735,31261,66672,67171,60575,62128,65422,72312,75293,79391,49244,61317,40220,55446,9700,19296,733212,574081,127191,85019,157881,128725,59174,91,82
2021-07-20T23:59:59+02:00,5713,5454,50041,51176,92577,91256,86147,86206,85197,91153,86942,89965,53212,66291,42575,58948,10298,20643,30089,30636,65226,66000,59437,61177,64240,71253,74682,78839,49039,61084,40114,55289,9678,19235,730311,567086,126973,83364,157831,127705,58588,91,82
2021-07-19T23:59:59+02:00,5634,5380,49581,50728,92109,90789,85785,85881,84949,90941,86738,89790,53119,66174,42539,58870,10281,20607,29559,30078,64074,64951,58523,60314,63089,70220,74088,78325,48865,60890,40024,55146,9650,19190,727085,561356,126749,81568,157798,126520,58172,91,82
2021-07-18T23:59:59+02:00,5566,5313,48761,49926,91061,89766,85069,85277,84482,90521,86448,89500,53013,66027,42476,58774,10271,20576,29012,29500,62906,63886,57601,59402,61917,69195,73544,77828,48720,60730,39966,55063,9638,19162,720736,555553,126422,79549,157783,125722,57795,91,82
2021-07-17T23:59:59+02:00,5392,5127,48412,49598,90918,89632,84875,85117,84328,90386,86339,89417,52991,66001,42465,58762,10270,20573,28635,29133,62267,63292,57056,58976,61159,68461,73238,77587,48610,60612,39926,55005,9628,19151,719567,552569,126246,78583,157776,125103,56923,91,82
2021-07-16T23:59:59+02:00,5295,5036,48093,49318,90655,89414,84630,84916,84125,90202,86201,89308,52950,65970,42446,58748,10267,20568,28148,28645,61338,62385,56211,58292,60105,67427,72735,77170,48451,60425,39881,54937,9623,19142,718201,547652,126077,77263,157765,124365,56008,91,82
2021-07-15T23:59:59+02:00,5160,4906,47623,48916,90268,89048,84276,84540,83827,89927,85983,89143,52872,65880,42393,58680,10257,20542,27425,28037,60032,61337,55095,57312,58707,66126,72013,76589,48229,60167,39795,54811,9607,19087,715793,541913,125659,75079,157732,122710,54966,91,82
2021-07-14T23:59:59+02:00,5054,4793,47282,48543,89976,88762,83994,84231,83578,89688,85781,88988,52784,65772,42336,58592,10240,20512,26912,27497,58954,60350,54137,56479,57835,65283,71402,76008,47964,59889,39693,54638,9585,19043,713666,536573,125302,74165,157685,121027,54162,91,82
2021-07-13T23:59:59+02:00,4941,4676,46887,48170,89589,88408,83692,83930,83317,89436,85582,88826,52677,65670,42282,58529,10234,20493,26269,26848,57588,59172,52946,55497,56847,64374,70679,75373,47689,59568,39565,54462,9556,18993,711365,530282,124933,73067,157638,118997,53312,91,81
2021-07-12T23:59:59+02:00,4774,4507,46350,47664,89193,88075,83306,83618,83072,89185,85395,88669,52597,65577,42234,58465,10222,20478,25653,26208,56087,57828,51655,54442,55623,63237,69939,74757,47319,59141,39390,54241,9515,18928,708712,523041,124565,72041,157576,116661,52437,91,80
2021-07-11T23:59:59+02:00,4375,4139,45414,46749,88771,87648,82894,83236,82768,88900,85205,88525,52512,65487,42209,58409,10211,20461,25058,25647,54714,56573,50359,53405,54578,62205,69350,74210,46974,58759,39267,54065,9491,18886,704807,516444,124094,71035,157538,114876,51383,91,80
2021-07-10T23:59:59+02:00,4363,4124,45087,46415,88319,87169,82565,82928,82666,88802,85137,88467,52493,65464,42200,58395,10210,20457,24577,25121,53641,55642,49504,52824,53985,61637,69135,74024,46604,58342,39167,53962,9486,18876,704146,512173,123631,70952,157363,113559,50030,91,80
2021-07-09T23:59:59+02:00,4344,4111,44667,45985,87708,86619,82189,82591,82416,88618,85025,88374,52459,65435,42193,58382,10206,20448,23884,24353,52322,54407,48569,51942,53205,60785,68715,73625,46244,57936,39081,53873,9478,18864,702761,506021,123055,70548,157197,112215,48666,91,79
2021-07-08T23:59:59+02:00,4319,4084,44123,45505,86852,85917,81669,82083,82163,88379,84830,88221,52394,65368,42161,58336,10197,20431,22916,23436,50390,52854,47195,50794,52071,59663,68035,72994,45731,57383,38946,53711,9450,18795,700681,498349,122166,69285,156905,109683,47189,91,79
2021-07-07T23:59:59+02:00,4296,4056,43555,44937,86029,85156,81127,81608,81879,88087,84628,88060,52316,65270,42121,58274,10190,20411,22057,22549,48452,51185,45690,49659,50840,58489,67349,72461,45000,56646,38757,53474,9419,18737,698216,490256,121172,68174,156655,106586,45867,90,77
2021-07-06T23:59:59+02:00,4263,4036,43014,44422,85184,84430,80520,81021,81513,87759,84455,87886,52227,65188,42084,58211,10181,20386,21230,21700,46476,49400,44307,48407,49569,57150,66605,71741,44173,55876,38572,53235,9401,18681,695613,481322,120150,67096,156352,103630,44576,89,77
2021-07-05T23:59:59+02:00,4240,4000,41875,43455,83692,83348,79791,80412,81063,87341,84185,87628,52110,65051,42036,58133,10167,20358,20060,20660,44534,47811,43282,47445,48544,56194,65909,71124,43416,55016,38400,53012,9378,18642,692364,475377,119091,66229,155988,100546,41353,89,77
2021-07-04T23:59:59+02:00,4213,3979,40531,42268,82059,82038,79074,79804,80593,86916,83916,87432,52020,64925,41990,58082,10154,20329,18716,19454,42746,46299,42586,46706,47740,55337,65331,70555,42672,54170,38236,52821,9359,18594,689317,470749,117939,65302,155564,97925,37414,89,77
2021-07-03T23:59:59+02:00,3750,3562,38974,40740,81203,81385,78588,79313,80152,86438,83701,87262,51951,64824,41972,58030,10151,20323,17909,18765,41832,45609,42166,46325,47334,54941,65165,70390,42084,53442,38174,52721,9352,18584,685624,468815,116626,65204,155478,96334,34502,89,77
2021-07-02T23:59:59+02:00,3190,2991,37424,39261,80489,80657,77918,78611,79632,85931,83459,87062,51900,64738,41943,57982,10139,20310,17155,18056,40695,44654,41433,45634,46504,54159,64645,69944,41134,52235,38044,52532,9336,18565,680610,463786,115219,64745,155320,93843,32399,89,74
2021-07-01T23:59:59+02:00,2545,2447,35715,37616,79524,79803,77087,77783,78926,85293,83143,86783,51779,64581,41881,57878,10120,20282,16293,17163,39164,43423,40220,44571,45200,53034,63909,69372,40247,51102,37894,52325,9319,18533,674336,457451,113512,63099,155092,91085,30157,89,74
2021-06-30T23:59:59+02:00,2504,2416,34714,36617,77698,78303,75383,76285,78268,84745,82860,86490,51649,64420,41821,57784,10108,20255,15274,16203,37484,42198,39022,43458,44041,51982,63157,68746,39703,50422,37779,52129,9297,18498,668499,451348,111779,61761,154875,89210,27078,89,73
2021-06-29T23:59:59+02:00,2471,2384,33885,35737,76100,76820,73767,74867,77480,84029,82317,86001,51468,64201,41746,57653,10091,20219,14446,15307,36172,41056,38103,42636,42816,50934,62446,68163,38998,49491,37643,51912,9276,18455,662186,446197,109908,59924,154604,87267,24449,89,72
2021-06-28T23:59:59+02:00,2431,2350,33082,34943,74485,75412,72087,73468,76458,83244,81712,85503,51289,63973,41669,57546,10078,20185,13705,14564,35119,40041,37277,41907,41696,49943,61799,67620,38126,48407,37476,51692,9256,18408,655749,441392,107942,58412,154009,85076,22126,89,71
2021-06-27T23:59:59+02:00,2417,2335,32351,34205,72918,74044,70684,72264,75063,82125,81038,84954,51089,63756,41604,57431,10068,20156,13075,13937,34160,39291,36624,41305,40765,49095,61262,67176,37268,47380,37324,51515,9241,18377,649577,437517,106005,57649,153057,82820,19774,89,71
2021-06-26T23:59:59+02:00,1785,1728,31322,33110,72566,73727,70218,71799,74769,81814,80943,84870,51067,63728,41590,57420,10067,20153,12885,13731,33501,38750,35984,40887,40247,48759,60268,66176,36280,46246,37157,51302,9227,18344,644810,431565,105068,57598,153051,80882,19663,84,71
2021-06-25T23:59:59+02:00,1167,1130,30212,31950,72081,73200,69603,71102,74346,81370,80567,84547,51006,63641,41556,57377,10062,20140,12563,13345,32649,37953,35116,40065,39309,47923,59057,64944,35765,45549,36965,51002,9204,18300,638520,423160,103880,57152,153042,79825,19531,84,71
2021-06-24T23:59:59+02:00,567,571,28884,30642,71311,72460,68731,70220,73674,80744,80122,84183,50900,63512,41504,57307,10051,20106,11907,12654,31488,36654,33904,38799,38185,46815,57422,63568,35292,45030,36809,50815,9185,18240,630770,413862,102388,55603,152928,77937,19319,84,70
2021-06-23T23:59:59+02:00,540,537,28383,30102,70208,71481,67455,69085,72928,80056,79673,83781,50789,63338,41443,57211,10034,20075,11420,12130,30491,35408,32975,37576,37174,45937,55488,61858,34742,44466,36642,50588,9164,18175,624569,404134,100813,54542,152826,76682,18827,84,70
2021-06-22T23:59:59+02:00,517,521,27872,29523,69036,70456,66255,68053,72251,79353,79258,83415,50683,63211,41395,57127,10025,20050,11076,11733,29571,34473,32012,36691,36214,45049,53522,60024,34357,43990,36505,50347,9135,18118,618262,395626,99355,52969,152692,75563,18608,84,69
2021-06-21T23:59:59+02:00,485,487,27210,28865,67720,69290,65072,66923,71491,78574,78862,83021,50576,63102,41336,57040,10012,20008,10787,11424,28946,33892,31463,36124,35617,44461,51679,58368,33650,43191,36210,49925,9106,18042,611471,388079,97860,51772,152571,74893,18089,83,69
2021-06-20T23:59:59+02:00,400,406,26573,28208,66502,68159,64053,65981,70687,77834,78506,82686,50498,62977,41288,56971,10007,19975,10500,11164,28400,33391,31007,35632,35109,43939,49843,56584,33108,42510,36013,49592,9076,17982,605100,380682,96393,51021,152473,74430,17662,83,67
2021-06-19T23:59:59+02:00,368,372,26195,27847,65773,67590,63532,65487,69890,77181,78352,82559,50478,62952,41272,56956,10006,19975,10371,10971,28154,33073,30753,35313,34887,43679,48401,55193,32849,42164,35930,49455,9068,17954,601170,375298,95452,51009,152471,74244,17609,83,67
2021-06-18T23:59:59+02:00,341,338,25738,27389,64761,66854,62794,64874,68972,76345,77961,82223,50417,62876,41245,56920,10002,19967,10157,10737,27754,32653,30427,34903,34502,43289,46677,53534,32498,41651,35793,49244,9049,17921,595766,368482,94211,50723,152463,74034,17495,82,67
2021-06-17T23:59:59+02:00,312,307,25109,26789,63509,65856,61802,64064,67381,74945,77438,81823,50317,62724,41182,56837,9989,19939,9743,10385,26963,31967,29686,34225,33666,42589,45174,52044,32054,41023,35630,48990,9017,17871,589713,361073,91562,49584,152305,73654,16662,81,66
2021-06-16T23:59:59+02:00,278,269,24590,26215,62210,64732,60695,63083,65107,73025,76591,81166,50106,62513,41091,56725,9970,19908,9426,10134,26313,31299,28978,33602,32939,41958,44584,51481,31785,40664,35484,48791,8996,17830,583491,357388,87055,48879,151862,72154,15787,79,66
2021-06-15T23:59:59+02:00,239,238,23955,25533,60812,63531,59614,62098,63952,71940,76089,80742,49982,62364,41041,56628,9963,19878,9166,9866,25712,30565,28339,32846,32264,41236,43027,49860,31340,40112,35313,48558,8966,17766,576403,350695,85427,47987,151392,70900,15298,79,66
2021-06-14T23:59:59+02:00,217,206,23491,24951,59709,62475,58737,61250,62880,70935,75614,80350,49895,62243,40991,56556,9947,19852,8880,9567,24960,29676,27576,32012,31473,40421,41744,48523,30972,39614,35176,48334,8936,17715,570554,344568,83709,46964,151188,69221,14769,79,66
2021-06-13T23:59:59+02:00,212,191,23075,24487,58779,61570,57962,60466,61774,69966,75144,79919,49806,62127,40942,56497,9935,19822,8605,9271,24252,28834,26860,31175,30712,39570,40201,46950,30510,39008,34975,48030,8906,17626,565546,337545,81844,46186,150957,67450,14248,79,65
2021-06-12T23:59:59+02:00,199,174,22850,24223,58230,61070,57605,60187,61131,69323,74945,79805,49782,62096,40930,56483,9932,19818,8491,9155,23774,28248,26343,30606,30200,39011,39126,45977,30343,38829,34879,47865,8902,17615,562655,333351,80888,46183,150949,65562,14212,79,65
2021-06-11T23:59:59+02:00,181,158,22499,23812,57493,60259,56927,59559,60226,68393,74593,79495,49708,62023,40905,56447,9929,19812,8360,8967,23265,27576,25815,29951,29620,38379,38055,44970,30075,38475,34737,47642,8889,17589,557658,328529,79599,45924,150935,63708,14148,79,64
2021-06-10T23:59:59+02:00,166,141,21971,23255,56367,59334,55998,58742,58970,67219,74058,79088,49637,61916,40881,56395,9916,19784,8100,8720,22401,26633,24853,29015,28503,37454,36666,43808,29724,38000,34459,47210,8822,17514,552124,321652,77394,45218,150690,61407,13551,79,62
2021-06-09T23:59:59+02:00,145,128,21354,22708,55115,58241,54937,57834,58021,66315,73593,78696,49550,61816,40831,56333,9902,19754,7814,8457,21485,25767,23917,28123,27474,36507,34950,42027,29341,37501,34274,46940,8781,17424,546409,314236,75946,44492,150337,59500,12502,79,60
2021-06-08T23:59:59+02:00,123,110,20686,22028,53810,57113,53819,56862,57066,65456,73048,78262,49463,61692,40776,56241,9882,19723,7548,8224,20572,24872,22859,27260,26443,35551,33601,40724,28984,36993,33954,46488,8728,17341,539770,307939,75027,43727,149894,57033,11390,79,59
2021-06-07T23:59:59+02:00,106,92,20044,21431,52375,55861,52555,55887,55908,64473,72498,77861,49378,61586,40730,56177,9869,19695,7302,8004,19730,24050,21834,26446,25411,34680,32667,39944,28700,36605,33709,46061,8677,17250,532526,303326,74132,42910,149482,54472,10307,79,59
2021-06-06T23:59:59+02:00,99,86,19537,20897,51228,54773,51455,54913,54947,63521,71990,77459,49294,61511,40693,56114,9862,19679,7094,7806,18942,23159,20934,25574,24340,33697,31755,39129,28418,36268,33453,45671,8628,17175,526213,298769,73111,42172,149147,51537,9510,77,59
2021-06-05T23:59:59+02:00,93,78,19272,20606,50458,54022,50802,54408,54472,63028,71855,77343,49279,61495,40690,56110,9859,19679,6868,7396,18303,22090,20215,24459,23468,32462,30733,37814,28090,35806,33329,45498,8621,17155,521908,292481,73106,42134,149018,48197,9440,77,59
2021-06-04T23:59:59+02:00,83,71,18829,20027,49412,53020,49991,53538,53825,62244,71511,77013,49250,61459,40670,56096,9857,19672,6652,7087,17684,21241,19541,23475,22542,31195,29526,36486,27803,35444,33217,45323,8609,17136,515445,286090,72785,42065,149000,45489,9261,77,59
2021-06-03T23:59:59+02:00,72,60,18158,19356,47894,51723,48786,52419,52862,61232,71015,76553,49186,61357,40632,56051,9844,19648,6364,6697,16950,20199,18749,22329,21546,29783,28367,35008,27260,34667,33012,44998,8573,17061,507735,279370,71770,41319,148724,42276,8543,76,58
2021-06-02T23:59:59+02:00,67,56,17791,18856,46884,50746,47927,51677,52124,60485,70769,76341,49149,61321,40613,56023,9836,19634,6183,6459,16304,19520,17844,21579,20718,28845,27276,33608,26794,34063,32853,44748,8544,16991,501500,273115,71755,41304,148700,39589,8269,75,55
2021-06-01T23:59:59+02:00,56,50,17123,18137,45029,49009,46281,50218,50604,59041,70089,75742,49059,61210,40553,55950,9823,19586,5909,6150,15148,18621,16340,20621,19516,27609,26057,32218,26243,33371,32605,44401,8498,16887,492380,266660,70415,40739,148148,36198,6544,73,55
2021-05-31T23:59:59+02:00,54,46,16649,17656,43719,47871,45074,49120,49366,57931,69413,75231,48982,61108,40509,55880,9811,19550,5632,5831,14110,17793,14943,19705,18350,26504,24839,30881,25727,32656,32411,44105,8464,16789,486138,260390,69252,40195,147688,33283,4820,72,54
2021-05-30T23:59:59+02:00,47,45,16326,17264,42743,46937,44169,48215,48374,56935,68853,74686,48875,60953,40438,55767,9796,19507,5444,5590,13564,17095,14322,19011,17464,25539,23742,29709,24958,31708,32118,43688,8419,16700,480159,254437,68217,39396,147280,30988,4202,72,50
2021-05-29T23:59:59+02:00,47,45,16196,17148,42384,46621,43827,47950,48133,56746,68794,74628,48869,60946,40432,55764,9796,19507,5281,5350,13056,16284,13677,18163,16622,24374,22633,28410,24802,31477,32055,43595,8416,16693,478197,248853,68096,39396,147270,28394,4198,72,49
2021-05-28T23:59:59+02:00,46,43,15896,16843,41689,45993,43317,47390,47627,56205,68518,74331,48804,60864,40404,55715,9793,19502,5042,4966,12520,15368,13000,17301,15758,23143,21540,26976,24556,31112,31961,43461,8406,16676,473914,242840,67596,39291,147238,25450,4160,72,47
2021-05-27T23:59:59+02:00,43,39,15379,16323,40543,45015,42301,46509,46642,55319,67933,73899,48683,60704,40350,55643,9782,19461,4819,4630,11880,14540,12216,16366,14690,21954,20283,25469,24052,30371,31789,43199,8373,16594,468098,235507,66085,38487,146518,23393,3795,72,45
2021-05-26T23:59:59+02:00,41,38,14971,15898,39446,44098,41268,45627,45618,54443,67327,73389,48531,60526,40270,55475,9761,19413,4627,4435,11323,13780,11494,15517,13688,20822,18889,23882,23467,29590,31573,42857,8321,16493,462981,228250,64059,37629,145531,21339,3497,72,45
2021-05-25T23:59:59+02:00,41,37,14581,15496,38443,43210,40301,44772,44667,53526,66718,72859,48351,60293,40191,55343,9735,19359,4421,4232,10782,13134,10734,14734,12623,19588,17455,22377,22885,28811,31338,42538,8263,16405,457683,220898,62479,36690,144424,19426,3265,72,43
2021-05-24T23:59:59+02:00,40,36,14239,15173,37614,42474,39429,44100,43804,52743,66188,72376,48226,60116,40127,55220,9715,19315,4278,4107,10336,12674,10094,14148,11742,18757,16169,21120,22215,27981,31121,42210,8204,16315,453063,214011,61250,35750,143694,18814,2856,72,42
2021-05-23T23:59:59+02:00,36,36,14072,15000,37143,42101,38979,43695,43353,52339,65918,72149,48151,60025,40089,55174,9707,19291,4087,3967,9875,12200,9471,13539,10802,17943,14978,20056,21749,27415,30869,41923,8156,16233,449876,207029,60873,35669,143666,17754,2771,72,42
2021-05-22T23:59:59+02:00,34,34,13876,14784,36457,41537,38301,43242,42782,51931,64899,71139,47946,59769,40019,55061,9697,19270,3976,3672,9659,11787,9318,13211,10561,17498,14709,19656,21656,27298,30835,41883,8149,16224,443445,205810,60870,35666,143651,15836,2740,72,42
2021-05-21T23:59:59+02:00,33,33,13497,14382,35385,40621,37239,42313,41718,51034,63546,69857,47716,59432,39938,54914,9680,19237,3870,3576,9452,11523,9108,12947,10231,17171,14301,19287,21436,27012,30775,41793,8140,16216,433847,203871,60517,35360,143416,14845,2724,71,40
2021-05-20T23:59:59+02:00,31,33,12703,13658,33946,39164,35818,40906,40316,49837,62263,68706,47427,59090,39795,54734,9659,19186,3722,3395,8926,10921,8462,12238,9533,16325,13546,18325,20621,25895,30581,41496,8101,16130,423653,199511,58816,34515,142387,11806,2347,69,40
2021-05-19T23:59:59+02:00,31,32,12166,13094,32767,37741,34715,39525,39191,48879,60264,66940,46951,58532,39612,54472,9618,19080,3619,3263,8653,10547,8166,11864,9091,15817,12909,17664,19757,24767,30355,41193,8045,16015,412821,195271,57298,33702,141277,10571,2145,69,38
2021-05-18T23:59:59+02:00,28,32,11744,12651,31723,36721,33622,38610,38151,47944,58206,65083,46596,58083,39458,54233,9586,19021,3421,3100,8159,9942,7695,11319,8550,15150,12228,16895,18817,23536,30118,40850,8008,15910,404168,191186,55338,32860,140080,7777,1839,67,38
2021-05-17T23:59:59+02:00,26,31,11493,12375,31206,36164,33128,38050,37561,47310,56304,63374,45896,57261,39181,53835,9549,18948,3339,2991,7897,9660,7402,11020,8149,14738,11658,16292,17901,22405,29885,40531,7973,15836,396587,186816,54215,32113,139272,7161,1552,66,37
2021-05-16T23:59:59+02:00,26,31,11271,12121,30684,35660,32666,37558,37039,46738,54410,61549,45352,56563,38987,53516,9522,18893,3238,2892,7609,9370,7081,10675,7673,14275,11078,15708,16972,21258,29676,40241,7935,15767,389632,182539,53247,31267,138608,6575,1034,65,35
2021-05-15T23:59:59+02:00,26,31,11117,11918,30406,35327,32429,37238,36810,46475,52840,60071,45102,56257,38910,53378,9516,18865,3217,2874,7584,9341,7066,10654,7654,14262,11061,15687,16863,21043,29467,39934,7927,15757,383828,181552,53244,31266,138562,6524,1017,65,34
2021-05-14T23:59:59+02:00,26,31,10870,11638,29938,34820,32050,36777,36298,46002,50970,58242,44740,55756,38770,53171,9500,18825,3190,2855,7514,9270,7010,10582,7595,14204,10878,15488,16132,19977,29181,39448,7910,15717,376042,178640,52917,30927,138433,6385,967,65,34
2021-05-13T23:59:59+02:00,23,30,10587,11313,29290,34180,31451,36173,35625,45336,49501,56725,44309,55129,38600,52928,9473,18779,3122,2809,7387,9169,6923,10488,7491,14095,10552,15142,15075,18743,28795,38805,7867,15643,368952,174844,51899,30365,137681,6010,856,64,33
2021-05-12T23:59:59+02:00,23,28,10458,11170,29008,33862,31184,35880,35313,45022,49215,56417,44210,55026,38547,52849,9466,18741,3110,2783,7353,9133,6893,10453,7463,14056,10385,14986,14703,18311,28492,38323,7845,15596,366282,172798,51818,30355,137522,5966,734,63,33
2021-05-11T23:59:59+02:00,22,25,10112,10847,28155,33036,30353,35127,34452,44239,47481,54649,43756,54433,38372,52558,9428,18639,3023,2686,7108,8853,6670,10153,7248,13686,9905,14438,13724,17162,28078,37706,7808,15501,359370,169129,50113,29463,135630,4617,508,63,33
2021-05-10T23:59:59+02:00,21,25,9806,10570,27410,32336,29576,34426,33683,43472,46176,53384,43373,53922,38183,52253,9378,18526,2981,2640,6981,8730,6575,10035,7109,13504,9641,14131,13030,16302,27651,37096,7782,15420,353121,166318,48996,29082,133944,3779,399,60,31
2021-05-09T23:59:59+02:00,20,25,9574,10325,26729,31652,28909,33725,32960,42775,44654,51913,42873,53302,37983,51949,9341,18441,2934,2594,6858,8587,6468,9893,6997,13292,9325,13820,12232,15402,27288,36561,7762,15364,346046,163470,47921,28526,132815,3039,312,56,31
2021-05-08T23:59:59+02:00,20,25,9481,10258,26344,31351,28463,33411,32507,42471,43622,51085,42721,53139,37942,51887,9339,18435,2931,2590,6850,8582,6462,9885,6989,13281,9316,13808,12194,15340,26611,35612,7725,15288,341531,161603,47879,28499,132729,3026,306,56,31
2021-05-07T23:59:59+02:00,19,25,9340,10110,25873,30972,28016,33037,32001,42123,42583,50259,42450,52799,37829,51727,9327,18408,2884,2564,6797,8541,6406,9830,6938,13229,9143,13587,11563,14528,25672,34233,7678,15206,336411,157519,47572,28130,132571,2832,288,56,31
2021-05-06T23:59:59+02:00,17,24,8942,9821,24956,30203,26955,32236,30772,41307,40966,49051,42070,52252,37634,51484,9289,18335,2820,2518,6667,8395,6291,9701,6790,13041,8873,13290,10915,13667,24710,32852,7645,15145,328565,153740,46497,27177,130920,2096,277,55,31
2021-05-05T23:59:59+02:00,17,23,8576,9621,24076,29604,26091,31572,29684,40517,38988,47238,41625,51699,37427,51203,9232,18223,2779,2487,6550,8267,6189,9587,6688,12900,8628,13032,10208,12840,23697,31528,7616,15074,320716,149861,45645,26290,128807,1696,193,55,31
2021-05-04T23:59:59+02:00,17,22,8333,9394,23280,28957,25118,30832,28613,39683,37477,45773,41157,51114,37149,50856,9185,18102,2740,2466,6478,8195,6107,9521,6614,12819,8391,12812,9479,11986,22752,30286,7582,15011,314066,146146,44680,25484,126173,1492,88,55,30
2021-05-03T23:59:59+02:00,17,21,8130,9180,22581,28377,24280,30227,27706,38988,36519,45023,40809,50642,36935,50566,9135,17998,2695,2435,6408,8118,6028,9456,6525,12735,8163,12599,8736,11087,21837,29071,7551,14961,309205,142413,43904,24664,123923,1251,48,54,30
2021-05-02T23:59:59+02:00,17,21,7967,9016,21943,27800,23541,29636,26888,38366,35705,44388,40550,50313,36822,50380,9101,17941,2657,2412,6366,8077,5991,9421,6485,12695,7981,12426,8136,10351,21129,28204,7530,14943,304378,139229,43135,24389,122788,1117,41,53,29
2021-05-01T23:59:59+02:00,16,21,7815,8834,21570,27343,23059,29061,26245,37657,34881,43493,40288,49938,36725,50227,9095,17924,2651,2406,6340,8067,5976,9412,6467,12681,7964,12411,8099,10287,21090,28147,7526,14939,298282,138938,43134,24382,122682,1074,41,53,29
2021-04-30T23:59:59+02:00,16,20,7667,8656,21183,26914,22614,28496,25497,36881,33873,42530,40059,49618,36628,50073,9083,17903,2633,2393,6315,8049,5954,9395,6440,12661,7932,12377,8059,10217,21040,28064,7523,14930,291996,138627,43127,24309,122501,983,35,52,29
2021-04-29T23:59:59+02:00,15,20,7398,8416,20590,26342,21943,27813,24565,35916,32598,41194,39015,48215,36310,49598,9026,17775,2601,2359,6223,7939,5870,9293,6346,12519,7729,12101,7436,9494,20634,27548,7501,14856,283257,136564,42343,23082,121067,742,35,47,27
2021-04-28T23:59:59+02:00,14,18,7123,8198,20069,25869,21306,27214,23679,35069,31203,39743,37855,46628,35968,49106,8963,17633,2532,2311,6115,7818,5761,9163,6244,12369,7510,11831,6748,8649,20218,26973,7460,14785,274580,134121,41571,21787,119429,518,35,43,27
2021-04-27T23:59:59+02:00,13,18,6941,8020,19636,25444,20687,26677,22826,34293,29992,38422,36767,45185,35587,48536,8893,17506,2507,2286,6012,7721,5708,9066,6178,12246,7295,11633,6147,7912,19812,26476,7440,14762,266775,132025,40707,20844,117883,271,35,43,27
2021-04-26T23:59:59+02:00,12,18,6759,7855,19218,25020,20145,26152,22023,33537,28777,37189,35707,43763,35280,48052,8843,17382,2495,2276,5969,7679,5663,9026,6142,12202,7109,11468,5533,7181,19441,26028,7416,14735,259094,130065,39882,20000,116682,240,32,42,27
2021-04-25T23:59:59+02:00,12,17,6654,7722,18880,24750,19766,25813,21411,32920,27793,36234,34578,42335,34965,47622,8801,17300,2483,2269,5951,7655,5644,9009,6122,12177,7072,11441,5406,7000,19106,25564,7400,14691,251911,129444,39168,19259,116421,230,31,42,27
2021-04-24T23:59:59+02:00,12,17,6490,7546,18438,24318,19207,25276,20628,32119,26712,35186,34328,42022,34871,47457,8791,17288,2479,2263,5938,7645,5636,8998,6117,12173,7062,11434,5333,6889,19008,25423,7397,14683,245954,128990,39163,19220,115516,212,31,42,26
2021-04-23T23:59:59+02:00,12,17,6267,7346,17990,23844,18637,24665,19803,31305,25556,33992,33552,40849,34727,47221,8777,17265,2473,2245,5911,7621,5599,8959,6072,12129,7016,11382,5167,6612,18470,24797,7297,14514,238387,127147,38835,18873,114531,190,31,41,24
2021-04-22T23:59:59+02:00,11,16,6052,7138,17385,23256,17844,23883,18753,30283,24237,32560,32511,39496,34482,46865,8739,17187,2459,2230,5867,7570,5551,8875,5997,12051,6940,11312,4883,6194,17758,23924,7178,14320,229351,124990,37918,17910,113360,156,31,38,23
2021-04-21T23:59:59+02:00,11,15,5853,6957,16854,22785,17183,23280,17771,29386,22683,30969,31507,38265,34185,46427,8691,17098,2435,2213,5825,7515,5493,8800,5931,11951,6845,11232,4723,5919,17060,23075,7062,14139,220476,122902,37149,17139,112228,124,31,36,23
2021-04-20T23:59:59+02:00,10,14,5670,6763,16298,22310,16442,22621,16776,28385,21215,29500,30361,36777,33869,45992,8640,17008,2422,2198,5776,7477,5453,8755,5883,11885,6766,11167,4604,5765,16459,22301,6936,13960,211493,121218,36267,16423,110825,116,30,36,21
2021-04-19T23:59:59+02:00,10,14,5483,6606,15766,21880,15766,22063,15786,27507,19823,28099,28988,35144,33552,45514,8582,16890,2411,2184,5751,7444,5416,8721,5844,11839,6685,11091,4478,5604,15810,21592,6828,13798,202802,119574,35488,15759,109119,113,30,34,21
2021-04-18T23:59:59+02:00,9,14,5296,6465,15332,21556,15148,21502,14815,26720,18486,26961,27601,33494,33221,45096,8524,16803,2360,2138,5620,7323,5302,8607,5737,11688,6580,10972,4362,5417,15217,20926,6715,13619,194272,117936,34658,14489,108049,109,30,34,20
2021-04-17T23:59:59+02:00,9,13,5260,6430,15178,21481,14972,21417,14580,26541,18232,26740,27094,32953,33095,44948,8515,16788,2333,2098,5520,7169,5195,8448,5637,11500,6490,10839,4310,5354,14976,20632,6705,13606,193054,116178,34653,14485,106475,100,30,34,20
2021-04-16T23:59:59+02:00,9,13,5197,6376,15001,21330,14761,21257,14298,26293,17817,26329,26051,31722,32962,44737,8494,16765,2287,2048,5404,6983,5058,8266,5485,11258,6293,10617,4105,5121,14330,19843,6607,13461,189709,112939,34365,14087,105274,91,30,34,20
2021-04-15T23:59:59+02:00,7,12,5128,6299,14788,21116,14493,20967,13869,25943,17182,25697,24689,30115,32705,44413,8458,16686,2217,1964,5208,6747,4856,7945,5278,10941,6077,10332,3907,4871,13501,18761,6492,13294,185153,109117,33556,13144,103794,81,30,34,20
2021-04-14T23:59:59+02:00,7,12,5048,6228,14584,20915,14239,20743,13479,25609,16516,25079,23113,28330,32393,44010,8405,16592,2028,1844,4990,6484,4667,7695,5051,10692,5843,10047,3771,4662,12774,17843,6365,13080,180552,106023,32682,11689,102004,75,30,34,20
2021-04-13T23:59:59+02:00,7,12,4996,6181,14385,20780,14005,20562,13137,25313,15947,24576,21409,26487,32077,43593,8373,16486,1943,1792,4823,6297,4482,7475,4850,10437,5639,9812,3635,4496,12257,17227,6242,12919,176334,103639,31807,10573,100122,65,30,33,20
2021-04-12T23:59:59+02:00,7,11,4932,6115,14169,20583,13699,20299,12752,24900,15369,24023,19816,24546,31787,43233,8332,16412,1813,1701,4642,6138,4333,7299,4688,10245,5502,9653,3516,4341,11826,16717,6131,12756,171978,101955,30753,9236,98191,63,30,33,18
2021-04-11T23:59:59+02:00,7,11,4863,6040,13945,20385,13403,20088,12338,24549,14808,23514,18310,22772,31526,42891,8289,16332,1776,1665,4522,6025,4222,7176,4566,10114,5368,9523,3402,4222,11335,16107,6000,12549,167696,100208,29794,8258,96520,61,29,32,17
2021-04-10T23:59:59+02:00,7,11,4858,6032,13926,20371,13394,20077,12321,24532,14785,23495,17622,21850,31235,42473,8271,16305,1772,1653,4510,6014,4207,7162,4553,10100,5315,9458,3299,4109,10778,15272,5871,12351,166629,98064,29767,8258,95110,59,27,32,17
2021-04-09T23:59:59+02:00,7,11,4845,6015,13889,20321,13350,20029,12274,24478,14525,23242,16105,19961,30830,41827,8237,16262,1748,1643,4488,5999,4181,7135,4512,10066,5277,9409,3214,3990,9911,14284,5723,12153,164012,95625,29426,8010,92714,58,25,31,16
2021-04-08T23:59:59+02:00,7,11,4802,5987,13788,20247,13269,19949,12174,24374,14190,22883,14338,17752,30213,40818,8179,16141,1727,1630,4456,5946,4129,7050,4448,9986,5205,9332,3106,3887,9433,13683,5518,11908,160187,93780,28398,7575,90491,57,17,29,16
2021-04-07T23:59:59+02:00,7,11,4772,5958,13684,20165,13175,19864,12071,24272,13812,22525,12831,15900,29569,39846,8124,16043,1708,1618,4403,5879,4045,6976,4359,9902,5115,9232,3019,3792,8689,12588,5283,11503,155781,91231,27523,6802,89280,47,16,29,16
2021-04-06T23:59:59+02:00,7,11,4743,5932,13587,20098,13093,19803,11995,24207,13436,22174,11198,13896,28907,38876,8092,15972,1648,1564,4275,5751,3937,6852,4240,9754,5012,9103,2904,3670,7984,11659,5011,11138,151769,88848,26641,5580,87573,45,15,29,15
2021-04-05T23:59:59+02:00,7,10,4705,5904,13510,20032,13026,19735,11940,24127,13164,21920,9588,11952,28181,37826,8057,15910,1577,1495,4120,5601,3769,6696,4086,9605,4857,8975,2772,3553,7177,10698,4740,10749,148577,86481,25624,3919,85350,42,14,29,15
2021-04-04T23:59:59+02:00,7,10,4691,5886,13499,20012,13018,19717,11932,24107,13067,21850,8565,10692,27734,37185,8032,15853,1575,1493,4112,5595,3767,6691,4081,9600,4855,8967,2767,3544,6941,10233,4656,10624,146850,85523,25620,3919,83347,36,11,29,13
2021-04-03T23:59:59+02:00,7,10,4688,5876,13482,19992,13008,19707,11922,24097,13053,21832,7661,9624,26852,35943,7983,15741,1571,1489,4110,5590,3765,6688,4073,9588,4841,8954,2760,3532,6803,9971,4617,10544,144375,84919,25612,3919,81453,36,10,28,13
2021-04-02T23:59:59+02:00,7,10,4683,5858,13445,19967,12969,19664,11878,24049,12978,21765,7148,8877,25268,33844,7837,15473,1562,1473,4084,5567,3739,6647,4037,9527,4720,8667,2632,3377,6428,9577,4468,10342,139925,83097,25274,3693,80485,36,9,27,13
2021-04-01T23:59:59+02:00,6,9,4635,5799,13351,19822,12853,19513,11729,23893,12380,21316,6585,8172,23763,31873,7710,15236,1496,1427,3975,5443,3672,6576,3969,9461,4642,8564,2538,3236,5916,8892,4299,10068,135733,80835,24137,3289,78742,31,8,25,12
2021-03-31T23:59:59+02:00,6,9,4584,5744,13226,19669,12721,19359,11541,23713,12118,21056,6266,7801,22286,29920,7560,15008,1483,1416,3951,5420,3640,6548,3929,9414,4604,8511,2475,3161,5434,8247,4125,9829,131806,79069,23050,3072,77701,31,5,25,11
2021-03-30T23:59:59+02:00,6,9,4520,5679,13088,19519,12608,19184,11410,23548,11948,20917,6076,7586,20900,28193,7416,14805,1466,1380,3910,5387,3576,6478,3841,9300,4473,8340,2340,2956,5014,7692,3982,9573,128452,76847,22125,2830,76810,19,2,23,11
2021-03-29T23:59:59+02:00,6,9,4480,5641,12969,19425,12541,19100,11328,23446,11799,20782,5919,7388,19484,26515,7288,14604,1407,1339,3855,5343,3502,6408,3723,9156,4323,8150,2218,2815,4451,7025,3828,9297,124878,74192,21260,2619,76561,18,2,23,10
2021-03-28T23:59:59+02:00,6,9,4433,5577,12848,19288,12456,19006,11227,23350,11693,20681,5768,7182,18307,25009,7169,14409,1374,1295,3757,5236,3309,6182,3636,9039,4273,8094,2164,2751,3692,6004,3643,9029,121885,71138,20471,2320,76038,10,2,22,9
2021-03-27T23:59:59+01:00,6,9,4401,5526,12741,19123,12341,18841,11113,23145,11586,20532,5703,7100,18021,24663,7158,14394,1368,1292,3752,5232,3306,6175,3350,8690,4075,7796,2158,2748,3678,5971,3609,8968,120049,69833,20432,2320,75898,5,2,22,9
2021-03-26T23:59:59+01:00,6,8,4365,5473,12631,18933,12208,18639,10960,22916,11425,20321,5540,6886,17418,23872,7059,14244,1367,1291,3747,5225,3283,6157,3331,8670,3863,7348,1981,2344,3414,5687,3458,8735,116958,67575,20094,2313,75829,4,1,22,9
2021-03-25T23:59:59+01:00,6,8,4298,5385,12433,18693,12003,18310,10746,22588,11184,19994,5328,6602,16390,22566,6931,14055,1358,1281,3726,5199,3249,6129,3280,8633,3817,7304,1909,2231,2980,5005,3300,8430,112980,65608,19022,2212,75495,2,1,22,9
2021-03-24T23:59:59+01:00,6,8,4218,5274,12221,18241,11784,17897,10526,22197,10951,19622,5059,6256,15350,21349,6792,13831,1335,1268,3702,5154,3213,6067,3225,8563,3763,7231,1856,2172,2673,4671,3148,8155,109874,64216,17929,1969,73756,2,1,22,9
2021-03-23T23:59:59+01:00,6,8,4162,5210,12054,17898,11585,17546,10334,21833,10732,19334,4926,6060,14710,20534,6652,13658,1320,1262,3687,5136,3192,6049,3200,8512,3726,7188,1821,2113,2444,4402,2940,7834,107526,62888,17203,1927,72490,2,1,22,9
2021-03-22T23:59:59+01:00,6,8,4115,5133,11858,17565,11397,17218,10109,21507,10517,19029,4775,5854,14092,19819,6519,13472,1307,1253,3660,5103,3160,6013,3171,8456,3690,7143,1777,2057,2245,4152,2745,7501,105673,61635,16485,1787,70813,2,1,21,9
2021-03-21T23:59:59+01:00,6,8,4041,5010,11576,17154,11116,16811,9839,21053,10261,18676,4661,5683,13396,19028,6378,13264,1299,1252,3643,5087,3139,5980,3148,8426,3670,7121,1759,2030,2080,3990,2573,7233,103793,60637,15186,1782,68960,2,1,21,9
2021-03-20T23:59:59+01:00,5,8,4011,4941,11433,16819,10991,16493,9696,20750,10085,18394,4534,5523,12766,18077,6241,13049,1298,1251,3643,5085,3136,5979,3145,8421,3665,7117,1755,2025,2049,3929,2550,7192,101598,60447,15181,1782,67015,2,1,21,9
2021-03-19T23:59:59+01:00,5,7,3967,4861,11266,16458,10809,16138,9523,20370,9871,18035,4375,5328,11742,16865,6080,12838,1289,1244,3625,5058,3106,5902,3100,8328,3563,6943,1630,1914,1975,3867,2438,6984,98901,59177,14772,1778,64844,2,1,20,9
2021-03-18T23:59:59+01:00,5,7,3880,4758,11020,16032,10540,15694,9245,19901,9648,17693,4231,5162,11118,15999,5852,12571,1285,1233,3608,5023,3086,5858,3078,8272,3536,6897,1611,1881,1936,3797,2315,6774,97102,58491,13765,1688,62468,2,1,20,9
2021-03-17T23:59:59+01:00,5,7,3709,4643,10725,15612,10275,15334,9003,19539,9397,17345,4112,4995,10304,14756,5590,12148,1284,1230,3594,5005,3080,5838,3068,8239,3518,6873,1610,1857,1912,3768,2205,6587,94456,57983,12223,1674,60799,2,1,20,9
2021-03-16T23:59:59+01:00,5,7,3567,4518,10386,15149,10001,14964,8728,19096,9101,16982,3969,4829,9487,13632,5309,11789,1270,1227,3590,4998,3069,5834,3062,8228,3511,6859,1586,1834,1873,3717,2085,6409,92123,57547,11034,1594,58342,2,1,19,9
2021-03-15T23:59:59+01:00,5,7,3419,4402,10071,14681,9710,14505,8431,18622,8813,16569,3823,4659,8779,12568,5085,11468,1260,1219,3570,4986,3057,5810,3042,8189,3491,6816,1571,1821,1856,3684,1970,6224,90160,56963,9671,1593,55769,2,0,17,9
2021-03-14T23:59:59+01:00,5,7,3349,4313,9805,14248,9455,14103,8113,18130,8533,16174,3660,4473,7978,11333,4777,11013,1246,1213,3549,4968,3036,5769,3020,8109,3463,6748,1545,1771,1795,3557,1805,5836,87851,56437,8653,983,52951,2,0,14,9
2021-03-13T23:59:59+01:00,5,7,3273,4061,9494,13580,9212,13525,7888,17557,8329,15742,3553,4371,7787,11040,4729,10925,1246,1213,3549,4968,3036,5769,3019,8109,3462,6746,1541,1770,1793,3553,1804,5835,87198,56420,8653,983,49213,2,0,14,9
2021-03-12T23:59:59+01:00,5,7,3212,3924,9248,13040,8974,12994,7655,16921,7973,14991,3390,4201,7404,10632,4591,10736,1242,1210,3544,4954,3033,5766,3012,8101,3458,6740,1514,1741,1772,3535,1704,5657,85425,55991,8407,982,46052,2,0,14,9
2021-03-11T23:59:59+01:00,5,7,3061,3656,8872,12281,8670,12318,7322,16138,7631,14348,3233,3999,6849,9913,4402,10424,1223,1200,3510,4910,2991,5689,2977,7977,3407,6642,1470,1688,1693,3335,1506,5143,82980,55247,7962,105,42174,1,0,13,9
2021-03-10T23:59:59+01:00,5,7,2996,3549,8373,11770,7993,11835,7001,15647,7331,13757,3073,3842,6289,9219,4231,10150,1212,1186,3480,4852,2960,5613,2941,7837,3353,6520,1432,1648,1635,3239,1390,4864,81163,54072,7411,82,38482,0,0,12,9
2021-03-09T23:59:59+01:00,5,6,2891,3373,7689,11319,7096,11348,6582,15035,6966,13150,2844,3541,5781,8588,4075,9874,1207,1182,3458,4805,2933,5548,2924,7785,3335,6474,1417,1624,1600,3196,1285,4666,78869,53385,6055,48,35227,0,0,12,7
2021-03-08T23:59:59+01:00,5,6,2718,3138,7047,10775,6282,10869,6181,14506,6572,12583,2633,3330,5178,7849,3929,9606,1200,1176,3437,4739,2908,5472,2885,7691,3303,6398,1410,1615,1597,3188,1280,4663,76045,52910,4917,46,32234,0,0,11,7
2021-03-07T23:59:59+01:00,5,6,2606,3006,6716,10274,5871,10328,5885,14056,6332,12194,2535,3239,4413,6786,3712,9323,1197,1173,3434,4734,2903,5460,2881,7674,3295,6385,1405,1602,1576,3148,1265,4622,72792,52704,4086,44,30399,0,0,10,7
2021-03-06T23:59:59+01:00,5,5,2561,2864,6532,9820,5672,9911,5409,13200,5958,11454,2514,3212,4407,6775,3711,9321,1197,1172,3431,4729,2901,5459,2880,7673,3294,6382,1403,1599,1576,3146,1264,4622,71564,52678,4086,44,27671,0,0,10,7
2021-03-05T23:59:59+01:00,5,5,2469,2609,6320,9235,5458,9514,5232,12633,5574,10476,2288,2749,4028,6393,3572,9106,1185,1169,3413,4713,2896,5446,2872,7655,3283,6363,1389,1592,1575,3142,1259,4618,69237,52521,3853,44,24566,0,0,10,6
2021-03-04T23:59:59+01:00,5,5,2393,2404,6105,8799,5295,9172,5051,12212,5399,10097,2196,2579,3475,5569,3406,8768,1173,1155,3370,4615,2863,5380,2840,7557,3250,6289,1369,1585,1561,3128,1251,4607,67188,51946,3413,44,22319,0,0,10,4
2021-03-03T23:59:59+01:00,4,5,2336,2353,5935,8385,5124,8812,4838,11760,5209,9651,2114,2471,3072,5131,3247,8474,1153,1147,3336,4567,2826,5315,2800,7458,3204,6215,1349,1560,1542,3097,1245,4590,65763,51360,3170,42,19978,0,0,10,3
2021-03-02T23:59:59+01:00,4,5,2282,2265,5773,8051,4967,8556,4675,11358,5048,9333,2048,2380,2767,4774,3030,8153,1148,1138,3318,4546,2811,5289,2783,7409,3196,6187,1344,1549,1524,3080,1242,4584,64411,51104,2910,42,18138,0,0,10,3
2021-03-01T23:59:59+01:00,4,5,2256,2238,5669,7835,4867,8411,4591,11206,4948,9159,1993,2303,2471,4452,2842,7837,1142,1135,3304,4528,2799,5260,2767,7363,3182,6159,1338,1546,1517,3071,1239,4580,63148,50886,2689,42,17240,0,0,10,3
2021-02-28T23:59:59+01:00,3,5,2204,2195,5491,7576,4691,8190,4455,11020,4841,9033,1956,2241,2176,4150,2639,7528,1133,1129,3289,4518,2792,5253,2761,7349,3175,6145,1333,1543,1510,3055,1238,4548,62039,50727,2387,42,15958,0,0,10,3
2021-02-27T23:59:59+01:00,3,5,2117,1886,5314,7151,4593,7878,4372,10671,4769,8783,1928,2180,2148,4105,2619,7474,1129,1125,3287,4517,2787,5251,2757,7346,3170,6142,1331,1543,1510,3054,1237,4548,61807,50693,2387,39,13792,0,0,10,3
2021-02-26T23:59:59+01:00,3,5,2060,1808,5167,6913,4446,7618,4221,10406,4560,8500,1799,2073,2087,4068,2512,7294,1108,1112,3270,4483,2775,5211,2744,7293,3148,6088,1325,1532,1506,3046,1236,4546,60481,50383,2381,38,12668,0,0,10,3
2021-02-25T23:59:59+01:00,3,5,1943,1709,4841,6511,4018,7157,3935,9892,4325,8119,1741,2015,2054,4007,2402,7100,1092,1097,3233,4440,2745,5159,2698,7186,3108,5995,1315,1516,1492,3006,1223,4487,60005,49754,2274,36,9488,0,0,10,3
2021-02-24T23:59:59+01:00,3,5,1914,1649,4724,6297,3913,6942,3813,9651,4201,7959,1719,1983,2022,3965,2290,6902,1079,1092,3206,4378,2709,5093,2673,7102,3079,5924,1299,1499,1467,2958,1211,4418,59461,49160,2028,25,8453,0,0,10,3
2021-02-23T23:59:59+01:00,3,5,1689,1502,4350,5808,3632,6548,3593,9272,4046,7674,1690,1952,1978,3918,2177,6719,1060,1081,3168,4350,2681,5036,2648,7026,3044,5865,1279,1479,1440,2923,1201,4368,59007,48636,1981,11,5558,0,0,10,3
2021-02-22T23:59:59+01:00,3,5,1680,1483,4299,5749,3596,6485,3529,9179,3985,7579,1658,1925,1952,3867,2060,6522,1056,1068,3147,4305,2661,4997,2623,6966,3015,5812,1267,1465,1431,2913,1193,4359,58466,48270,1839,6,5241,0,0,10,3
2021-02-21T23:59:59+01:00,3,5,1668,1479,4269,5716,3553,6447,3488,9125,3941,7529,1650,1918,1947,3858,1940,6360,1050,1057,3126,4267,2632,4947,2608,6897,2986,5725,1253,1449,1411,2853,1169,4282,58124,47704,1833,6,4929,0,0,10,3
2021-02-20T23:59:59+01:00,3,5,1667,1478,4264,5713,3551,6446,3488,9124,3940,7528,1645,1916,1945,3854,1939,6360,1050,1057,3124,4265,2632,4947,2607,6896,2986,5725,1253,1448,1410,2853,1169,4282,58109,47696,1833,6,4914,0,0,10,3
2021-02-19T23:59:59+01:00,3,5,1649,1471,4251,5693,3540,6432,3477,9114,3930,7513,1619,1887,1924,3836,1839,6180,1049,1056,3123,4264,2631,4946,2607,6894,2983,5723,1253,1447,1410,2852,1169,4282,57690,47681,1828,6,4837,0,0,8,3
2021-02-18T23:59:59+01:00,3,5,1605,1440,4155,5582,3469,6330,3389,8950,3845,7372,1597,1852,1890,3766,1709,5983,1003,1013,2984,4039,2505,4674,2496,6559,2877,5459,1222,1404,1378,2767,1143,4133,57045,45649,1738,6,4151,0,0,8,2
2021-02-17T23:59:59+01:00,3,4,1583,1411,4059,5432,3384,6180,3271,8715,3718,7171,1545,1784,1818,3665,1592,5678,946,963,2831,3817,2388,4362,2369,6148,2748,5147,1173,1344,1332,2660,1096,3971,55836,43287,1727,6,3442,0,0,8,2
2021-02-16T23:59:59+01:00,3,4,1509,1344,3899,5234,3247,5999,3163,8483,3596,7005,1521,1758,1783,3635,1479,5471,860,931,2700,3660,2289,4151,2243,5826,2617,4893,1117,1253,1187,2359,842,3359,55145,40282,1710,3,2272,0,0,6,2
2021-02-15T23:59:59+01:00,3,4,1494,1326,3853,5148,3188,5912,3106,8368,3529,6899,1510,1744,1768,3612,1471,5451,825,909,2619,3531,2213,3971,2159,5548,2529,4680,1074,1189,1101,2185,778,3144,54680,38453,1708,1,1992,0,0,6,1
2021-02-14T23:59:59+01:00,3,4,1428,1298,3768,5071,3145,5803,3050,8214,3485,6790,1490,1713,1716,3485,1416,5204,816,903,2570,3463,2174,3903,2105,5428,2463,4573,1047,1153,1016,2013,707,2909,54437,37241,1097,1,1543,0,0,6,1
2021-02-13T23:59:59+01:00,3,4,1426,1297,3760,5066,3138,5802,3047,8212,3482,6788,1489,1710,1716,3483,1414,5204,816,903,2570,3463,2174,3903,2104,5428,2462,4573,1045,1152,1016,2013,707,2909,54418,37238,1096,0,1521,0,0,6,0
2021-02-12T23:59:59+01:00,3,3,1393,1281,3722,5032,3116,5782,3025,8179,3463,6743,1473,1700,1706,3466,1405,5185,809,895,2537,3410,2140,3858,2074,5374,2444,4542,1044,1151,1015,2013,706,2907,54191,36919,1094,0,1386,0,0,6,0
2021-02-11T23:59:59+01:00,3,3,1346,1238,3609,4860,3025,5608,2927,7868,3363,6531,1413,1640,1639,3288,1321,4859,772,832,2283,2966,1914,3381,1843,4629,2173,4014,961,1082,929,1821,657,2638,53560,32895,128,0,849,0,0,4,0
2021-02-10T23:59:59+01:00,3,3,1325,1216,3550,4750,2959,5503,2885,7718,3310,6400,1396,1623,1612,3248,1308,4822,695,775,1991,2557,1704,2932,1604,4022,1916,3552,851,935,766,1450,529,2148,52912,28427,126,0,590,0,0,3,0
2021-02-09T23:59:59+01:00,3,2,1312,1198,3495,4681,2929,5434,2865,7622,3273,6332,1389,1609,1584,3226,1298,4809,647,697,1731,2201,1510,2543,1419,3523,1744,3188,820,901,744,1378,508,2035,52602,25589,121,0,335,0,0,3,0
2021-02-08T23:59:59+01:00,3,2,1298,1194,3466,4651,2909,5397,2844,7570,3254,6302,1379,1602,1575,3200,1296,4791,634,663,1580,1964,1369,2289,1285,3215,1584,2928,781,880,696,1272,476,1866,52303,23482,95,0,332,0,0,3,0
2021-02-07T23:59:59+01:00,3,2,1166,1151,3359,4595,2855,5355,2817,7531,3229,6265,1369,1586,1567,3178,1291,4759,487,517,1311,1608,1128,1839,1077,2625,1356,2407,675,754,614,1113,431,1650,52008,19592,67,0,0,0,0,3,0
2021-02-06T23:59:59+01:00,3,2,1162,1149,3357,4593,2851,5352,2810,7528,3225,6261,1367,1584,1566,3175,1290,4759,363,368,1111,1356,991,1535,933,2211,1190,1988,586,652,586,1096,428,1647,51964,17041,67,0,0,0,0,3,0
2021-02-05T23:59:59+01:00,3,1,1151,1138,3341,4572,2844,5325,2799,7483,3206,6215,1361,1576,1563,3168,1289,4759,261,206,926,1038,842,1163,758,1759,1012,1579,469,546,559,1076,425,1643,51724,14262,67,0,0,0,0,3,0
2021-02-04T23:59:59+01:00,3,1,1135,1121,3296,4524,2803,5249,2756,7351,3158,6131,1347,1561,1550,3136,1280,4732,133,81,621,664,551,740,516,1148,670,987,288,363,459,930,387,1492,51086,10030,45,0,0,0,0,3,0
2021-02-03T23:59:59+01:00,3,1,1113,1115,3270,4479,2774,5207,2734,7297,3128,6074,1337,1552,1527,3096,1274,4687,115,65,494,513,420,597,415,908,513,743,240,284,359,730,303,1163,50621,7862,44,0,0,0,0,3,0
2021-02-02T23:59:59+01:00,3,1,1092,1102,3231,4448,2744,5154,2708,7221,3094,6010,1314,1524,1493,3039,1248,4596,105,56,411,415,348,519,367,820,460,661,219,261,314,660,279,1044,49976,6939,43,0,0,0,0,3,0
2021-02-01T23:59:59+01:00,3,1,1076,1091,3210,4395,2713,5093,2677,7094,3064,5913,1294,1496,1469,3003,1232,4533,78,41,314,310,256,394,274,611,326,496,180,211,248,523,217,813,49311,5292,43,0,0,0,0,3,0
2021-01-31T23:59:59+01:00,3,1,1071,1081,3195,4366,2689,5049,2662,7038,3050,5869,1283,1479,1449,2939,1209,4455,68,40,288,286,231,347,253,570,296,457,161,193,208,427,176,657,48842,4658,43,0,0,0,0,3,0
2021-01-30T23:59:59+01:00,3,1,1070,1081,3192,4362,2688,5049,2661,7037,3050,5868,1283,1478,1448,2939,1209,4455,68,37,281,272,218,331,248,559,292,451,160,190,207,427,176,657,48831,4574,40,0,0,0,0,3,0
2021-01-29T23:59:59+01:00,3,1,1069,1080,3191,4358,2688,5047,2661,7035,3047,5866,1283,1478,1448,2938,1209,4455,64,33,263,258,195,311,232,542,281,443,155,188,203,421,175,655,48814,4419,40,0,0,0,0,3,0
2021-01-28T23:59:59+01:00,3,1,1049,1061,3124,4253,2634,4936,2603,6879,2980,5735,1269,1456,1434,2872,1187,4335,55,18,166,154,129,187,162,357,206,280,124,145,157,262,102,378,47772,2882,37,0,0,0,0,2,0
2021-01-27T23:59:59+01:00,3,1,1004,1023,3038,4109,2553,4756,2508,6596,2896,5534,1239,1414,1398,2783,1154,4195,26,7,100,71,58,92,83,209,116,147,94,113,113,193,77,270,46175,1769,27,0,0,0,0,2,0
2021-01-26T23:59:59+01:00,2,1,927,994,2922,3974,2474,4571,2426,6416,2825,5379,1213,1365,1307,2630,940,3796,26,7,95,70,57,91,81,209,114,146,92,112,113,193,77,270,44144,1753,16,0,0,0,0,2,0
2021-01-25T23:59:59+01:00,2,1,911,977,2843,3845,2428,4423,2365,6219,2766,5228,1195,1343,1293,2605,930,3763,26,7,94,70,55,91,81,209,114,144,92,112,113,193,77,270,43125,1748,11,0,0,0,0,1,0
2021-01-24T23:59:59+01:00,2,1,901,973,2823,3830,2418,4391,2339,6180,2733,5167,1182,1337,1284,2583,917,3729,26,7,94,70,55,91,81,209,113,144,91,112,113,193,77,270,42781,1746,8,0,0,0,0,1,0
2021-01-23T23:59:59+01:00,2,1,901,973,2823,3829,2418,4391,2339,6180,2732,5167,1180,1336,1284,2583,917,3729,26,7,94,70,55,91,81,209,113,144,91,112,113,193,77,269,42778,1745,7,0,0,0,0,0,0
2021-01-22T23:59:59+01:00,2,1,895,966,2791,3783,2384,4326,2308,6105,2711,5120,1179,1335,1283,2582,916,3726,26,7,94,70,55,91,81,209,113,144,91,112,113,193,77,269,42406,1745,7,0,0,0,0,0,0
2021-01-21T23:59:59+01:00,2,1,880,898,2533,3367,2183,3909,2128,5496,2487,4634,1127,1287,1239,2461,886,3574,22,7,83,64,51,74,68,169,93,133,81,97,96,143,65,208,39085,1454,7,0,0,0,0,0,0
2021-01-20T23:59:59+01:00,2,1,805,836,2221,2961,1976,3443,1896,4887,2231,4157,1015,1147,1081,2115,773,3111,22,7,83,64,51,73,68,169,93,133,81,97,96,143,64,208,34651,1452,7,0,0,0,0,0,0
2021-01-19T23:59:59+01:00,2,1,745,758,1931,2516,1733,2981,1660,4230,1988,3685,942,1052,961,1842,676,2762,11,3,50,45,32,45,35,100,44,77,36,37,46,75,39,133,30459,808,6,0,0,0,0,0,0
2021-01-18T23:59:59+01:00,2,1,675,702,1703,2118,1495,2505,1412,3544,1732,3179,861,967,862,1636,624,2492,5,2,19,11,13,20,17,54,17,33,19,22,25,53,28,75,26507,413,3,0,0,0,0,0,0
2021-01-17T23:59:59+01:00,1,1,495,542,1386,1715,1214,1971,1156,2809,1453,2556,722,815,714,1357,514,2123,0,1,3,2,0,0,0,0,0,0,0,0,0,0,0,0,21542,6,2,0,0,0,0,0,0
2021-01-16T23:59:59+01:00,1,0,372,395,1204,1468,1094,1684,1015,2409,1296,2149,635,717,686,1341,512,2122,0,0,0,0,0,0,0,0,0,0,0,0,0,0,0,0,19099,0,1,0,0,0,0,0,0
2021-01-15T23:59:59+01:00,1,0,266,232,1020,1166,945,1337,846,1961,1116,1748,518,607,648,1308,501,2082,0,0,0,0,0,0,0,0,0,0,0,0,0,0,0,0,16301,0,1,0,0,0,0,0,0
2021-01-14T23:59:59+01:00,0,0,151,102,704,778,652,866,610,1303,751,1130,332,420,539,1126,451,1858,0,0,0,0,0,0,0,0,0,0,0,0,0,0,0,0,11773,0,0,0,0,0,0,0,0
2021-01-13T23:59:59+01:00,0,0,127,81,593,608,528,698,493,1047,593,865,279,346,453,958,394,1590,0,0,0,0,0,0,0,0,0,0,0,0,0,0,0,0,9653,0,0,0,0,0,0,0,0
2021-01-12T23:59:59+01:00,0,0,116,65,511,520,449,596,430,919,522,762,245,297,369,766,328,1242,0,0,0,0,0,0,0,0,0,0,0,0,0,0,0,0,8137,0,0,0,0,0,0,0,0
2021-01-11T23:59:59+01:00,0,0,87,52,417,421,365,485,344,742,415,589,211,246,309,637,269,1045,0,0,0,0,0,0,0,0,0,0,0,0,0,0,0,0,6634,0,0,0,0,0,0,0,0
2021-01-10T23:59:59+01:00,0,0,73,45,352,348,299,404,288,645,345,522,185,218,249,505,212,814,0,0,0,0,0,0,0,0,0,0,0,0,0,0,0,0,5504,0,0,0,0,0,0,0,0
2021-01-09T23:59:59+01:00,0,0,73,43,337,328,275,382,280,629,337,515,184,217,248,503,212,814,0,0,0,0,0,0,0,0,0,0,0,0,0,0,0,0,5377,0,0,0,0,0,0,0,0
2021-01-08T23:59:59+01:00,0,0,69,37,303,296,229,341,253,588,310,476,167,199,223,445,192,716,0,0,0,0,0,0,0,0,0,0,0,0,0,0,0,0,4844,0,0,0,0,0,0,0,0
2021-01-07T23:59:59+01:00,0,0,58,25,213,198,160,242,194,421,239,340,138,160,169,288,121,445,0,0,0,0,0,0,0,0,0,0,0,0,0,0,0,0,3411,0,0,0,0,0,0,0,0
2021-01-06T23:59:59+01:00,0,0,47,16,163,120,113,161,144,294,176,240,108,128,128,222,82,312,0,0,0,0,0,0,0,0,0,0,0,0,0,0,0,0,2454,0,0,0,0,0,0,0,0
2021-01-05T23:59:59+01:00,0,0,29,8,97,72,58,94,86,212,115,149,98,118,119,204,81,291,0,0,0,0,0,0,0,0,0,0,0,0,0,0,0,0,1831,0,0,0,0,0,0,0,0
2021-01-04T23:59:59+01:00,0,0,27,8,97,71,55,92,86,212,115,147,98,117,119,204,81,291,0,0,0,0,0,0,0,0,0,0,0,0,0,0,0,0,1820,0,0,0,0,0,0,0,0
2021-01-03T23:59:59+01:00,0,0,27,8,97,71,55,92,86,212,114,147,97,117,119,204,81,291,0,0,0,0,0,0,0,0,0,0,0,0,0,0,0,0,1818,0,0,0,0,0,0,0,0
2021-01-02T23:59:59+01:00,0,0,27,8,97,71,55,92,86,212,113,147,97,117,119,204,81,290,0,0,0,0,0,0,0,0,0,0,0,0,0,0,0,0,1816,0,0,0,0,0,0,0,0
2021-01-01T23:59:59+01:00,0,0,27,8,97,71,55,92,86,212,113,146,97,117,119,204,81,290,0,0,0,0,0,0,0,0,0,0,0,0,0,0,0,0,1815,0,0,0,0,0,0,0,0
2020-12-31T23:59:59+01:00,0,0,27,8,97,71,55,92,86,212,112,146,97,117,119,204,81,290,0,0,0,0,0,0,0,0,0,0,0,0,0,0,0,0,1814,0,0,0,0,0,0,0,0
2020-12-30T23:59:59+01:00,0,0,27,8,97,71,54,92,86,212,112,146,97,117,119,204,80,290,0,0,0,0,0,0,0,0,0,0,0,0,0,0,0,0,1812,0,0,0,0,0,0,0,0
2020-12-29T23:59:59+01:00,0,0,15,2,65,53,32,61,50,138,64,89,47,51,66,119,51,195,0,0,0,0,0,0,0,0,0,0,0,0,0,0,0,0,1098,0,0,0,0,0,0,0,0
2020-12-28T23:59:59+01:00,0,0,5,2,36,26,19,30,21,67,25,41,20,22,26,47,28,74,0,0,0,0,0,0,0,0,0,0,0,0,0,0,0,0,489,0,0,0,0,0,0,0,0
2020-12-27T23:59:59+01:00,0,0,0,0,7,5,7,2,1,5,0,2,0,1,2,2,4,6,0,0,0,0,0,0,0,0,0,0,0,0,0,0,0,0,44,0,0,0,0,0,0,0,0
