Datum,<15_1_m,<15_1_w,15-24_1_m,15-24_1_w,25-34_1_m,25-34_1_w,35-44_1_m,35-44_1_w,45-54_1_m,45-54_1_w,55-64_1_m,55-64_1_w,65-74_1_m,65-74_1_w,75-84_1_m,75-84_1_w,>84_1_m,>84_1_w,<15_2_m,<15_2_w,15-24_2_m,15-24_2_w,25-34_2_m,25-34_2_w,35-44_2_m,35-44_2_w,45-54_2_m,45-54_2_w,55-64_2_m,55-64_2_w,65-74_2_m,65-74_2_w,75-84_2_m,75-84_2_w,>84_2_m,>84_2_w,bp_1,bp_2,mo_1,mo_2,az_1,az_2,ja,unb_1,unb_2
2021-11-03T23:59:59+01:00,12558,11887,72774,72431,114278,110427,103067,101936,98512,103564,96374,97966,57300,71014,44715,62077,11091,22550,10221,9875,65984,66159,106929,103034,96963,95592,93503,98286,92587,94163,55592,68919,43554,60280,10628,21403,867332,814736,138102,132718,158821,145871,100102,243,245
2021-11-02T23:59:59+01:00,12525,11850,72574,72294,114037,110230,102869,101803,98361,103457,96286,97884,57274,70978,44702,62058,11088,22539,10110,9782,65810,66026,106777,102902,96870,95478,93421,98211,92528,94105,55568,68892,43542,60252,10624,21395,865804,813540,138030,132654,158819,145863,99991,243,245
2021-11-01T23:59:59+01:00,12443,11776,72362,72141,113800,110052,102661,101660,98199,103340,96205,97830,57252,70942,44689,62038,11085,22531,10051,9721,65655,65880,106638,102764,96759,95382,93342,98126,92469,94050,55546,68857,43529,60232,10621,21384,864220,812462,137940,132577,158816,145858,99864,243,245
2021-10-31T23:59:59+01:00,12406,11753,72235,72058,113644,109978,102509,101571,98110,103283,96166,97800,57240,70935,44687,62034,11085,22530,10018,9702,65566,65840,106553,102708,96696,95344,93305,98102,92446,94034,55538,68852,43527,60230,10618,21380,863400,812068,137896,132545,158815,145854,99747,243,245
2021-10-30T23:59:59+02:00,12375,11734,72121,71978,113449,109888,102375,101484,97998,103182,96104,97772,57228,70917,44681,62027,11084,22527,9988,9695,65487,65784,106468,102650,96627,95296,93261,98054,92421,94023,55532,68847,43525,60226,10615,21377,862453,811655,137859,132493,158814,145851,99632,243,245
2021-10-29T23:59:59+02:00,12336,11694,71941,71852,113199,109716,102151,101336,97839,103086,96019,97721,57215,70906,44676,62017,11084,22523,9951,9664,65357,65672,106321,102548,96515,95208,93171,97979,92364,93981,55519,68834,43522,60221,10615,21377,861121,810868,137793,132438,158812,145849,99419,243,245
2021-10-28T23:59:59+02:00,12248,11636,71729,71677,112902,109469,101922,101167,97667,102942,95916,97639,57193,70873,44665,62000,11082,22517,9883,9607,65161,65466,106126,102347,96356,95041,93052,97860,92280,93935,55493,68785,43514,60202,10614,21370,859419,809501,137710,132362,158809,145844,99140,243,245
2021-10-27T23:59:59+02:00,12196,11577,71570,71516,112712,109272,101758,101029,97546,102832,95828,97581,57167,70831,44645,61974,11080,22512,9802,9542,65010,65309,105995,102224,96247,94945,92968,97772,92223,93880,55461,68746,43502,60178,10608,21358,858042,808441,137630,132269,158807,145834,98981,243,245
2021-10-26T23:59:59+02:00,12124,11493,71347,71301,112485,109073,101572,100899,97408,102724,95755,97517,57134,70805,44632,61955,11079,22505,9732,9457,64818,65117,105825,102073,96117,94808,92873,97690,92150,93814,55438,68709,43487,60147,10605,21348,856510,807145,137538,132195,158804,145833,98790,243,245
2021-10-25T23:59:59+02:00,12082,11471,71228,71210,112368,108970,101482,100825,97328,102658,95721,97485,57128,70797,44631,61947,11076,22502,9717,9442,64740,65051,105760,102026,96083,94776,92835,97664,92127,93801,55432,68702,43486,60145,10605,21344,855741,806791,137501,132172,158803,145830,98698,243,245
2021-10-24T23:59:59+02:00,12010,11409,71048,71041,112105,108794,101305,100663,97178,102531,95641,97407,57100,70759,44619,61939,11075,22499,9656,9387,64548,64862,105566,101868,95938,94652,92731,97563,92071,93743,55401,68665,43478,60121,10603,21340,854279,805596,137436,132085,158802,145827,98440,243,245
2021-10-23T23:59:59+02:00,11985,11382,70945,70957,111980,108696,101209,100581,97118,102482,95595,97383,57088,70746,44618,61938,11075,22499,9621,9348,64469,64775,105470,101808,95876,94598,92676,97510,92039,93715,55384,68654,43477,60118,10602,21340,853595,805054,137390,132031,158801,145825,98325,243,245
2021-10-22T23:59:59+02:00,11911,11340,70786,70825,111762,108542,101052,100465,97004,102384,95535,97330,57077,70729,44615,61929,11075,22497,9532,9263,64301,64597,105293,101666,95747,94480,92580,97425,91986,93662,55371,68643,43474,60105,10601,21338,852463,803946,137328,131956,158801,145818,98099,243,245
2021-10-21T23:59:59+02:00,11783,11214,70598,70671,111592,108362,100888,100302,96856,102271,95450,97267,57053,70696,44600,61905,11070,22484,9436,9144,64083,64378,105105,101451,95595,94284,92458,97313,91913,93590,55346,68607,43461,60076,10599,21328,850919,802351,137263,131847,158797,145808,97916,243,245
2021-10-20T23:59:59+02:00,11740,11168,70478,70544,111448,108228,100781,100217,96767,102191,95390,97212,57023,70659,44585,61886,11065,22468,9316,9049,63892,64196,104982,101293,95485,94146,92362,97208,91839,93538,55317,68553,43435,60043,10583,21299,849872,800898,137213,131787,158796,145804,97802,243,245
2021-10-19T23:59:59+02:00,11639,11076,70339,70411,111321,108105,100698,100140,96702,102134,95336,97160,57000,70624,44575,61866,11061,22453,9222,8956,63674,63995,104818,101135,95371,94024,92283,97112,91789,93481,55285,68511,43418,60002,10573,21284,848824,799499,137164,131702,158794,145797,97691,243,244
2021-10-18T23:59:59+02:00,11590,11039,70223,70323,111195,108007,100608,100064,96648,102083,95289,97115,56974,70582,44550,61831,11052,22437,9172,8906,63530,63848,104699,100973,95276,93910,92217,97032,91731,93424,55260,68480,43405,59976,10569,21281,848015,798421,137038,131631,158791,145794,97599,243,244
2021-10-17T23:59:59+02:00,11547,10999,70077,70195,111076,107897,100509,99991,96601,102030,95252,97064,56951,70560,44544,61816,11050,22432,9118,8854,63298,63594,104539,100831,95151,93776,92122,96949,91675,93363,55237,68449,43396,59958,10565,21275,847146,797087,136991,131535,158790,145787,97497,243,244
2021-10-16T23:59:59+02:00,11528,10978,70021,70147,111022,107853,100485,99966,96568,102003,95234,97055,56950,70557,44543,61814,11048,22432,9089,8822,63204,63507,104474,100776,95103,93715,92091,96918,91654,93345,55232,68443,43394,59955,10565,21274,846816,796596,136981,131485,158790,145786,97450,243,244
2021-10-15T23:59:59+02:00,11473,10938,69910,70063,110911,107763,100418,99892,96512,101950,95206,97023,56943,70555,44543,61808,11047,22432,9039,8746,63068,63323,104364,100662,95012,93615,92013,96837,91606,93307,55223,68421,43388,59944,10565,21272,846125,795616,136958,131413,158789,145784,97348,243,244
2021-10-14T23:59:59+02:00,11370,10842,69732,69884,110781,107622,100306,99800,96421,101871,95155,96967,56922,70519,44530,61783,11044,22427,8913,8608,62772,63039,104215,100452,94869,93418,91893,96706,91532,93230,55185,68370,43370,59917,10561,21264,844892,793754,136882,131291,158787,145778,97247,243,244
2021-10-13T23:59:59+02:00,11272,10776,69595,69774,110675,107522,100220,99708,96344,101792,95106,96912,56888,70479,44515,61753,11039,22411,8875,8572,62609,62892,104083,100313,94765,93274,91808,96620,91473,93160,55147,68327,43349,59887,10552,21254,843907,792626,136816,131216,158785,145769,97105,243,244
2021-10-12T23:59:59+02:00,11132,10668,69415,69641,110581,107410,100127,99616,96285,101734,95066,96866,56873,70447,44506,61737,11035,22404,8813,8525,62450,62730,103954,100185,94650,93153,91721,96551,91414,93104,55095,68293,43337,59865,10548,21242,842848,791480,136754,131155,158782,145763,96991,242,241
2021-10-11T23:59:59+02:00,11061,10606,69271,69526,110469,107307,100042,99539,96226,101659,95011,96826,56845,70420,44487,61717,11030,22391,8775,8492,62276,62562,103829,100060,94556,93055,91649,96464,91365,93057,55059,68250,43322,59839,10539,21234,841903,790423,136686,131068,158779,145754,96897,242,241
2021-10-10T23:59:59+02:00,10990,10555,69116,69415,110335,107170,99951,99450,96158,101582,94966,96790,56827,70400,44481,61703,11022,22386,8739,8458,62090,62414,103669,99902,94452,92922,91559,96359,91288,93015,55033,68226,43313,59826,10536,21225,840973,789289,136637,131008,158775,145744,96744,242,241
2021-10-09T23:59:59+02:00,10965,10538,69031,69357,110271,107126,99913,99410,96122,101550,94951,96776,56821,70394,44480,61702,11022,22386,8704,8417,62001,62336,103585,99826,94395,92864,91517,96314,91267,92994,55027,68215,43308,59818,10535,21224,840597,788748,136608,130949,158773,145740,96669,242,241
2021-10-08T23:59:59+02:00,10892,10484,68889,69260,110136,107023,99843,99318,96058,101503,94905,96730,56809,70378,44477,61699,11022,22385,8643,8330,61831,62149,103452,99676,94282,92747,91433,96220,91219,92954,55010,68202,43302,59809,10533,21223,839778,787647,136560,130862,158772,145733,96532,242,241
2021-10-07T23:59:59+02:00,10813,10408,68693,69083,109969,106854,99711,99178,95973,101385,94832,96664,56787,70342,44464,61679,11018,22374,8513,8206,61549,61896,103258,99457,94134,92531,91326,96085,91145,92881,54978,68153,43287,59777,10526,21213,838429,785842,136490,130738,158770,145725,96369,242,241
2021-10-06T23:59:59+02:00,10745,10352,68525,68942,109845,106719,99618,99072,95889,101325,94787,96615,56750,70301,44451,61658,11015,22360,8470,8156,61366,61725,103123,99310,94023,92416,91251,95986,91070,92805,54947,68112,43273,59750,10521,21196,837392,784659,136425,130674,158769,145714,96212,242,241
2021-10-05T23:59:59+02:00,10640,10264,68353,68805,109702,106579,99509,98946,95827,101248,94742,96562,56733,70274,44442,61622,11010,22347,8436,8113,61169,61552,102973,99124,93908,92266,91156,95901,91009,92734,54920,68068,43259,59733,10519,21183,836247,783400,136354,130608,158768,145709,96065,242,241
2021-10-04T23:59:59+02:00,10602,10235,68184,68639,109542,106433,99419,98841,95738,101163,94689,96505,56699,70228,44428,61592,11009,22325,8403,8080,61016,61370,102833,98988,93776,92145,91066,95807,90947,92685,54885,68026,43235,59699,10513,21163,835206,782300,136281,130549,158766,145699,95848,241,241
2021-10-03T23:59:59+02:00,10537,10181,67976,68461,109378,106280,99300,98735,95652,101066,94624,96451,56668,70195,44420,61567,11009,22322,8342,8045,60815,61215,102646,98812,93638,91986,90969,95696,90872,92628,54849,67982,43218,59674,10511,21155,834063,781040,136208,130463,158762,145690,95619,241,241
2021-10-02T23:59:59+02:00,10512,10155,67873,68362,109289,106210,99236,98673,95601,101017,94602,96430,56657,70177,44420,61566,11008,22320,8302,8011,60698,61100,102573,98738,93571,91920,90922,95649,90846,92606,54842,67965,43217,59670,10510,21155,833516,780451,136145,130416,158760,145670,95517,241,241
2021-10-01T23:59:59+02:00,10427,10053,67719,68197,109103,106066,99112,98560,95520,100947,94547,96390,56640,70159,44417,61554,11006,22318,8190,7902,60499,60872,102404,98584,93442,91778,90816,95540,90785,92549,54825,67936,43214,59661,10509,21152,832432,779167,136086,130330,158758,145631,95289,241,241
2021-09-30T23:59:59+02:00,10349,9982,67492,67976,108896,105831,98935,98368,95385,100804,94454,96289,56605,70113,44399,61523,11002,22303,8081,7781,60247,60607,102200,98375,93256,91568,90677,95392,90696,92456,54797,67887,43199,59628,10499,21137,830820,777483,135996,130212,158752,145582,94965,241,241
2021-09-29T23:59:59+02:00,10271,9927,67295,67787,108701,105631,98783,98206,95262,100693,94370,96218,56564,70058,44383,61488,10997,22284,8024,7722,60070,60439,102012,98198,93120,91403,90564,95285,90625,92375,54764,67839,43180,59582,10496,21122,829414,776247,135931,130133,158748,145547,94652,241,241
2021-09-28T23:59:59+02:00,10187,9850,67107,67580,108499,105467,98635,98051,95152,100583,94285,96139,56524,70019,44371,61450,10990,22257,7974,7675,59882,60255,101824,98045,92987,91269,90441,95156,90546,92306,54733,67802,43163,59554,10487,21107,828029,775075,135869,130047,158746,145514,94329,241,241
2021-09-27T23:59:59+02:00,10058,9718,66863,67331,108290,105295,98501,97901,95065,100473,94208,96067,56496,69972,44358,61420,10985,22246,7936,7621,59677,60068,101642,97910,92849,91132,90339,95044,90475,92230,54696,67746,43141,59528,10479,21096,826631,774014,135784,129967,158745,145473,93914,241,241
2021-09-26T23:59:59+02:00,9937,9624,66623,67099,108060,105103,98335,97756,94946,100349,94124,95986,56458,69939,44344,61397,10980,22233,7883,7575,59438,59871,101440,97728,92704,90969,90232,94926,90402,92154,54667,67718,43127,59500,10474,21081,825196,772881,135704,129872,158739,145414,93481,241,241
2021-09-25T23:59:59+02:00,9899,9583,66504,66976,107957,105013,98262,97696,94889,100297,94093,95957,56454,69931,44342,61394,10979,22233,7843,7536,59326,59754,101338,97635,92623,90899,90192,94860,90366,92132,54655,67707,43123,59496,10474,21081,824643,772332,135643,129820,158739,145386,93261,241,241
2021-09-24T23:59:59+02:00,9838,9522,66343,66792,107788,104842,98115,97548,94769,100193,94025,95903,56439,69914,44334,61381,10979,22231,7745,7426,59108,59524,101155,97443,92495,90752,90083,94753,90283,92066,54634,67685,43120,59491,10473,21078,823620,771144,135572,129754,158739,145324,92851,241,241
2021-09-23T23:59:59+02:00,9746,9399,66019,66458,107525,104589,97922,97318,94609,100029,93922,95793,56394,69855,44310,61352,10973,22202,7629,7307,58812,59242,100912,97213,92307,90542,89948,94603,90186,91961,54585,67636,43098,59463,10472,21055,821826,769601,135451,129644,158733,145255,92230,241,241
2021-09-22T23:59:59+02:00,9675,9319,65685,66135,107322,104373,97726,97112,94453,99894,93794,95696,56347,69786,44276,61308,10962,22180,7573,7266,58634,59063,100733,97045,92128,90405,89832,94485,90079,91885,54551,67591,43070,59431,10466,21040,820077,768574,135339,129567,158728,145172,91723,241,241
2021-09-21T23:59:59+02:00,9588,9231,65456,65888,107114,104193,97553,96954,94338,99785,93714,95626,56297,69735,44257,61265,10955,22166,7535,7230,58441,58881,100541,96888,91987,90274,89744,94396,89990,91811,54512,67534,43049,59392,10457,21022,818622,767527,135257,129472,158725,145109,91335,241,241
2021-09-20T23:59:59+02:00,9527,9174,65173,65581,106918,104010,97394,96786,94232,99687,93648,95550,56257,69692,44236,61222,10950,22155,7478,7175,58251,58728,100359,96744,91836,90121,89603,94297,89911,91740,54466,67497,43022,59356,10451,21006,817204,766534,135178,129390,158719,144962,90914,241,241
2021-09-19T23:59:59+02:00,9476,9130,64894,65407,106689,103817,97244,96617,94092,99586,93545,95474,56228,69639,44226,61198,10948,22144,7440,7133,58010,58532,100115,96569,91651,89955,89419,94126,89794,91658,54429,67436,43004,59322,10450,20993,815880,765337,135095,129272,158715,144699,90487,241,241
2021-09-18T23:59:59+02:00,9443,9085,64800,65304,106570,103721,97134,96530,94025,99516,93511,95446,56220,69630,44222,61193,10946,22143,7400,7093,57888,58412,100009,96470,91529,89874,89349,94063,89758,91628,54419,67431,42997,59319,10448,20989,815308,764704,135004,129207,158713,144687,90237,241,241
2021-09-17T23:59:59+02:00,9364,8998,64605,65143,106393,103563,96965,96377,93896,99418,93439,95370,56204,69603,44211,61187,10940,22137,7309,6994,57682,58176,99822,96309,91374,89755,89232,93957,89681,91566,54404,67405,42989,59312,10448,20986,814205,763573,134915,129110,158709,144670,89807,241,241
2021-09-16T23:59:59+02:00,9274,8890,64326,64843,106114,103306,96731,96140,93708,99241,93337,95279,56153,69548,44198,61159,10933,22123,7218,6883,57431,57906,99551,96080,91181,89543,89057,93795,89579,91479,54358,67354,42967,59291,10443,20975,812399,762070,134826,128974,158699,144607,89201,241,239
2021-09-15T23:59:59+02:00,9204,8835,63974,64549,105914,103094,96524,95948,93574,99081,93235,95193,56116,69491,44163,61128,10928,22096,7169,6834,57255,57747,99358,95919,91013,89387,88953,93683,89475,91414,54326,67307,42942,59258,10439,20959,810656,761024,134772,128857,158695,144573,88745,241,239
2021-09-14T23:59:59+02:00,9162,8786,63685,64340,105678,102878,96327,95767,93442,98942,93119,95107,56070,69433,44138,61090,10923,22080,7127,6798,57052,57565,99179,95733,90845,89223,88820,93572,89395,91342,54289,67267,42920,59231,10434,20944,809124,759983,134702,128766,158687,144474,88275,241,238
2021-09-13T23:59:59+02:00,9126,8752,63389,64075,105449,102648,96158,95600,93298,98807,93033,95010,56019,69379,44121,61057,10916,22068,7095,6761,56846,57381,98981,95543,90692,89067,88687,93466,89309,91268,54252,67222,42900,59202,10431,20927,807618,758889,134612,128652,158677,144432,87819,241,238
2021-09-12T23:59:59+02:00,9073,8704,63082,63830,105203,102400,95947,95372,93137,98679,92936,94929,55968,69329,44104,61026,10912,22057,7057,6731,56647,57220,98738,95335,90524,88898,88555,93350,89212,91192,54209,67165,42878,59174,10427,20910,806086,757862,134513,128524,158673,144361,87237,241,238
2021-09-11T23:59:59+02:00,9026,8671,62961,63698,105059,102282,95844,95262,93052,98601,92897,94897,55953,69315,44099,61014,10912,22056,7004,6705,56500,57130,98587,95230,90425,88800,88457,93284,89175,91166,54199,67146,42874,59164,10427,20909,805401,757269,134458,128444,158672,144342,86889,241,238
2021-09-10T23:59:59+02:00,8932,8560,62720,63434,104859,102070,95672,95072,92907,98475,92803,94825,55919,69286,44085,60996,10912,22054,6924,6627,56253,56921,98389,95045,90243,88617,88324,93155,89091,91095,54177,67125,42861,59145,10427,20905,804013,756108,134395,128327,158670,144327,86324,241,238
2021-09-09T23:59:59+02:00,8834,8460,62405,63157,104582,101750,95436,94784,92731,98250,92668,94710,55879,69221,44064,60967,10902,22033,6821,6524,55999,56697,98136,94796,90015,88385,88164,93001,88948,91011,54134,67076,42840,59116,10421,20899,802041,754694,134290,128141,158666,144253,85657,241,238
2021-09-08T23:59:59+02:00,8774,8409,62183,62924,104361,101514,95245,94562,92563,98080,92554,94579,55844,69154,44030,60927,10889,22009,6790,6494,55839,56541,97948,94588,89855,88190,88006,92858,88829,90906,54096,67014,42804,59074,10409,20865,800552,753678,134182,127993,158657,144166,85031,241,238
2021-09-07T23:59:59+02:00,8723,8356,61944,62706,104138,101277,95061,94373,92419,97939,92453,94502,55810,69104,44001,60871,10879,21986,6744,6458,55643,56374,97731,94393,89669,88026,87876,92749,88732,90816,54054,66968,42779,59042,10404,20846,799062,752592,134076,127865,158653,144038,84572,241,237
2021-09-06T23:59:59+02:00,8682,8313,61738,62530,103934,101104,94922,94214,92301,97809,92364,94427,55753,69046,43979,60843,10872,21953,6702,6421,55471,56206,97531,94228,89500,87869,87749,92622,88633,90736,54002,66919,42758,58997,10394,20822,797819,751482,133985,127730,158643,143953,84158,241,237
2021-09-05T23:59:59+02:00,8621,8263,61524,62326,103768,100917,94766,94044,92178,97697,92287,94359,55726,69005,43969,60822,10867,21946,6649,6365,55266,56004,97333,94029,89312,87706,87607,92495,88550,90650,53954,66870,42741,58974,10389,20806,796630,750315,133904,127559,158640,143857,83732,241,237
2021-09-04T23:59:59+02:00,8570,8233,61407,62216,103679,100819,94664,93958,92121,97629,92252,94334,55716,68994,43962,60812,10867,21945,6621,6321,55141,55889,97213,93903,89195,87607,87539,92414,88501,90616,53939,66859,42735,58963,10389,20805,796033,749664,133856,127436,158636,143839,83474,241,237
2021-09-03T23:59:59+02:00,8492,8158,61217,62031,103508,100664,94513,93813,92016,97516,92180,94283,55688,68967,43954,60797,10865,21937,6554,6255,54933,55705,97013,93686,89004,87412,87394,92243,88408,90538,53907,66825,42724,58944,10385,20802,794920,748413,133802,127209,158628,143803,83070,241,237
2021-09-02T23:59:59+02:00,8372,8068,60962,61784,103253,100420,94315,93594,91830,97354,92061,94183,55641,68910,43931,60762,10860,21915,6456,6173,54664,55446,96715,93405,88759,87140,87172,92036,88264,90422,53862,66743,42693,58893,10375,20765,793266,746750,133691,126852,158617,143683,82461,241,237
2021-09-01T23:59:59+02:00,8307,7986,60750,61570,103056,100249,94166,93443,91712,97229,91955,94109,55597,68860,43913,60738,10852,21897,6399,6110,54408,55224,96487,93184,88564,86926,86994,91870,88124,90312,53797,66654,42655,58849,10365,20744,792014,745298,133616,126593,158601,143564,81978,241,233
2021-08-31T23:59:59+02:00,8226,7911,60542,61320,102851,100064,93990,93285,91589,97113,91832,94027,55552,68809,43887,60698,10842,21881,6337,6040,54154,54964,96216,92937,88347,86693,86837,91710,87962,90207,53753,66581,42629,58794,10357,20725,790644,743800,133536,126286,158590,143455,81469,241,233
2021-08-30T23:59:59+02:00,8130,7835,60338,61134,102674,99920,93870,93152,91472,97010,91763,93948,55519,68781,43871,60664,10837,21865,6265,5975,53903,54770,95974,92704,88134,86464,86658,91567,87835,90082,53695,66503,42588,58731,10340,20696,789529,742361,133478,125973,158583,143307,81012,241,231
2021-08-29T23:59:59+02:00,8054,7757,60062,60892,102435,99723,93687,92978,91334,96893,91673,93858,55474,68731,43847,60634,10835,21856,6157,5864,53551,54461,95656,92412,87845,86206,86424,91371,87681,89956,53627,66428,42558,58691,10334,20679,788168,740452,133387,125637,158568,143162,80419,241,231
2021-08-28T23:59:59+02:00,7997,7690,59921,60780,102327,99614,93584,92894,91249,96818,91628,93828,55460,68718,43839,60630,10834,21854,6118,5797,53372,54312,95494,92279,87711,86095,86313,91283,87612,89913,53610,66407,42549,58684,10332,20678,787544,739632,133348,125532,158564,143136,80028,241,231
2021-08-27T23:59:59+02:00,7931,7605,59737,60586,102156,99446,93443,92767,91137,96711,91541,93770,55438,68689,43830,60613,10833,21851,6039,5726,53129,54064,95198,92001,87489,85888,86137,91126,87504,89814,53567,66371,42534,58658,10327,20675,786554,738049,133286,125331,158526,143099,79537,241,231
2021-08-26T23:59:59+02:00,7846,7506,59495,60338,101926,99228,93223,92542,90957,96530,91436,93673,55388,68625,43797,60586,10827,21839,5967,5659,52788,53776,94829,91649,87152,85578,85895,90867,87347,89682,53502,66282,42488,58615,10320,20663,785069,736120,133188,124923,158503,142966,78821,241,229
2021-08-25T23:59:59+02:00,7773,7416,59264,60141,101754,99087,93073,92360,90837,96408,91327,93593,55349,68573,43763,60542,10822,21816,5895,5599,52482,53526,94526,91394,86927,85333,85697,90679,87214,89556,53435,66197,42440,58547,10314,20632,783852,734387,133106,124613,158493,142898,78267,240,228
2021-08-24T23:59:59+02:00,7723,7364,59044,59922,101568,98914,92907,92198,90725,96281,91242,93522,55311,68519,43736,60499,10816,21791,5850,5532,52158,53265,94175,91110,86626,85083,85487,90490,87063,89396,53350,66102,42392,58481,10306,20610,782713,732572,133014,124310,158486,142677,77689,240,228
2021-08-23T23:59:59+02:00,7667,7310,58836,59713,101398,98756,92777,92037,90630,96196,91166,93437,55273,68476,43707,60473,10812,21773,5787,5470,51835,52994,93834,90829,86381,84807,85292,90319,86928,89269,53272,66011,42358,58431,10299,20592,781556,730673,132941,124022,158476,142502,77284,240,227
2021-08-22T23:59:59+02:00,7595,7254,58642,59529,101194,98595,92618,91901,90535,96080,91087,93370,55237,68430,43693,60449,10806,21759,5706,5387,51465,52642,93432,90428,86072,84501,85055,90092,86758,89144,53193,65905,42326,58370,10291,20571,780526,728355,132838,123708,158464,142286,76766,240,223
2021-08-21T23:59:59+02:00,7542,7216,58506,59405,101058,98490,92512,91797,90436,96019,91029,93335,55217,68408,43685,60432,10804,21756,5514,5199,51129,52341,93264,90279,85902,84343,84908,89967,86672,89081,53162,65881,42316,58354,10290,20565,779847,726826,132762,123479,158463,142244,76395,240,223
2021-08-20T23:59:59+02:00,7490,7164,58350,59230,100886,98336,92364,91663,90321,95895,90953,93273,55195,68383,43675,60415,10802,21751,5388,5097,50793,51992,93002,90008,85639,84109,84693,89762,86538,88969,53131,65840,42293,58330,10283,20558,778895,724852,132712,123270,158457,142178,75902,240,223
2021-08-19T23:59:59+02:00,7423,7104,58102,58995,100610,98109,92157,91471,90162,95729,90825,93170,55152,68324,43650,60384,10795,21737,5271,4972,50351,51552,92570,89604,85233,83702,84381,89448,86323,88786,53060,65732,42254,58268,10273,20540,777530,722141,132579,122825,158450,141972,75160,240,222
2021-08-18T23:59:59+02:00,7359,7049,57914,58834,100423,97928,92010,91308,90023,95607,90724,93074,55085,68260,43621,60339,10785,21717,5176,4872,49996,51179,92191,89273,84909,83370,84102,89198,86132,88613,52946,65617,42183,58176,10258,20511,776368,719734,132490,122434,158443,141732,74580,239,222
2021-08-17T23:59:59+02:00,7297,6998,57724,58675,100230,97752,91843,91158,89901,95476,90627,92982,55046,68213,43597,60311,10783,21702,5056,4739,49499,50754,91740,88852,84507,83013,83772,88903,85925,88410,52843,65492,42125,58099,10252,20487,775247,716706,132386,122024,158430,141442,74074,238,222
2021-08-16T23:59:59+02:00,7238,6932,57540,58496,100026,97577,91695,90998,89759,95358,90512,92885,54994,68151,43567,60260,10776,21688,4846,4555,48929,50172,91264,88397,84038,82613,83438,88609,85695,88205,52739,65378,42066,58021,10243,20449,774072,713154,132295,121581,158423,141216,73484,238,222
2021-08-15T23:59:59+02:00,7172,6884,57317,58305,99841,97393,91537,90855,89634,95252,90424,92826,54957,68110,43547,60231,10772,21681,4447,4156,47807,49025,90621,87707,83482,82068,83045,88221,85408,87999,52631,65256,42022,57962,10234,20430,772984,707335,132183,120951,158415,141036,72978,238,221
2021-08-14T23:59:59+02:00,7140,6851,57194,58215,99698,97292,91430,90779,89546,95183,90373,92781,54942,68094,43542,60224,10771,21680,4418,4133,47651,48881,90389,87533,83267,81860,82920,88120,85338,87955,52603,65225,42013,57951,10233,20428,772453,706516,132126,120627,158410,140986,72568,238,221
2021-08-13T23:59:59+02:00,7093,6806,57038,58081,99539,97164,91300,90641,89440,95068,90292,92717,54912,68043,43528,60200,10769,21673,4359,4072,47343,48558,89907,87127,82864,81482,82656,87887,85166,87814,52560,65157,41991,57926,10230,20416,771614,704275,132067,120069,158403,140906,72044,236,221
2021-08-12T23:59:59+02:00,7058,6756,56832,57917,99324,96987,91126,90476,89295,94926,90197,92636,54874,67990,43502,60166,10761,21656,4307,4009,46922,48163,89256,86556,82282,80932,82278,87559,84937,87635,52486,65054,41938,57867,10220,20398,770545,701288,131963,119231,158391,140656,71404,236,220
2021-08-11T23:59:59+02:00,7022,6701,56644,57746,99113,96807,90968,90336,89163,94809,90086,92534,54823,67930,43471,60127,10751,21641,4233,3960,46503,47700,88625,85903,81698,80423,81941,87251,84666,87392,52398,64912,41866,57742,10201,20349,769415,698099,131865,118274,158368,140320,70851,233,219
2021-08-10T23:59:59+02:00,6961,6653,56457,57579,98891,96657,90810,90185,89035,94695,90002,92457,54779,67883,43455,60087,10747,21628,4168,3895,46063,47222,87977,85271,81089,79879,81530,86870,84420,87173,52277,64803,41806,57659,10187,20318,768348,694733,131770,117331,158349,140003,70321,233,219
2021-08-09T23:59:59+02:00,6909,6594,56284,57418,98698,96502,90655,90048,88895,94597,89892,92393,54739,67834,43430,60052,10740,21613,4099,3817,45494,46654,87143,84594,80401,79291,81116,86519,84129,86949,52164,64670,41750,57558,10173,20276,767317,690889,131697,116269,158339,139656,69767,233,216
2021-08-08T23:59:59+02:00,6838,6525,56060,57229,98486,96313,90476,89882,88758,94475,89797,92318,54684,67787,43404,60018,10733,21593,4043,3756,44890,46039,86073,83653,79498,78480,80571,86041,83796,86648,52030,64516,41686,57468,10160,20250,766096,685752,131583,115084,158319,139343,69204,233,215
2021-08-07T23:59:59+02:00,6794,6474,55916,57105,98345,96197,90346,89780,88663,94417,89735,92278,54665,67760,43401,60008,10730,21588,3582,3381,44048,45146,85733,83312,79020,78039,80209,85688,83615,86503,51967,64432,41665,57432,10155,20241,765424,682010,131521,113937,158315,139239,68768,233,214
2021-08-06T23:59:59+02:00,6738,6425,55724,56954,98114,96011,90193,89650,88536,94302,89637,92207,54625,67732,43392,59981,10727,21584,3198,2982,43125,44255,85262,82843,78434,77483,79819,85304,83424,86356,51915,64367,41639,57400,10147,20228,764455,678032,131422,112660,158308,139103,68173,233,213
2021-08-05T23:59:59+02:00,6671,6353,55404,56704,97809,95741,89929,89429,88321,94110,89466,92071,54560,67642,43363,59929,10718,21566,2681,2534,41876,43080,84524,82158,77649,76681,79221,84739,83066,86054,51785,64208,41579,57297,10132,20195,762786,672433,131294,111019,158295,138558,67237,233,212
2021-08-04T23:59:59+02:00,6590,6303,55158,56513,97544,95528,89739,89261,88179,93971,89347,91972,54507,67591,43325,59882,10714,21556,2609,2474,41389,42583,83280,81109,76299,75539,78730,84282,82746,85806,51644,64069,41521,57209,10116,20169,761485,667215,131186,109505,158281,138088,66554,233,212
2021-08-03T23:59:59+02:00,6524,6237,54899,56318,97309,95333,89561,89095,88035,93826,89200,91850,54430,67511,43288,59824,10706,21548,2554,2432,40948,42150,82036,79971,74873,74350,78120,83714,82199,85313,51431,63866,41420,57053,10103,20133,760098,661379,131081,107805,158256,137385,65885,233,212
2021-08-02T23:59:59+02:00,6462,6174,54661,56116,97046,95109,89338,88920,87862,93684,89056,91737,54347,67438,43255,59771,10703,21528,2503,2368,40464,41648,80705,78858,73319,73140,77490,83149,81657,84829,51261,63662,41345,56932,10086,20099,758660,655271,130931,106046,158234,136779,65209,232,210
2021-08-01T23:59:59+02:00,6395,6089,54391,55850,96779,94840,89101,88743,87658,93538,88891,91627,54278,67352,43218,59719,10696,21521,2424,2315,39944,41149,79411,77776,71905,72037,76595,82397,81071,84364,51071,63423,41256,56827,10075,20075,757049,649079,130735,104143,158208,136165,64522,229,206
2021-07-31T23:59:59+02:00,6359,6051,54268,55756,96657,94745,88999,88676,87567,93466,88846,91591,54266,67342,43212,59715,10696,21520,1900,1865,38982,40120,78960,77334,71368,71482,76211,82069,80956,84268,51052,63389,41240,56815,10075,20072,756564,644387,130565,103269,158205,136070,64226,229,206
2021-07-30T23:59:59+02:00,6305,6016,54089,55610,96498,94568,88840,88527,87435,93351,88763,91521,54229,67311,43199,59697,10694,21518,1433,1415,37968,39057,78251,76676,70608,70747,75697,81542,80555,83943,50975,63300,41206,56755,10069,20060,755660,638171,130249,102130,158200,135860,63891,228,205
2021-07-29T23:59:59+02:00,6254,5957,53850,55426,96239,94340,88626,88318,87263,93176,88623,91394,54169,67247,43176,59658,10685,21497,946,950,36716,37813,77192,75803,69557,69797,74889,80779,80017,83514,50843,63135,41140,56659,10052,20033,754412,630386,129767,100574,158183,135304,63366,227,205
2021-07-28T23:59:59+02:00,6217,5904,53646,55256,96030,94133,88474,88136,87150,93036,88511,91297,54111,67172,43142,59610,10675,21467,905,900,36102,37203,76022,74825,68278,68697,74127,80063,79526,83053,50702,62934,41071,56556,10036,19992,753227,624035,129321,99158,158166,134513,63083,227,203
2021-07-27T23:59:59+02:00,6167,5862,53410,55033,95769,93923,88290,87950,86992,92881,88387,91199,54058,67096,43101,59547,10661,21419,844,844,35443,36431,74558,73575,66824,67479,73261,79217,78983,82532,50528,62721,40992,56435,10011,19950,751806,616704,128890,97704,158143,133282,62736,227,202
2021-07-26T23:59:59+02:00,6110,5809,53189,54825,95524,93732,88094,87781,86828,92744,88258,91097,53998,67016,43072,59490,10654,21397,789,786,34672,35589,73038,72242,65453,66240,72215,78224,78390,82000,50356,62506,40914,56286,9989,19905,750455,608614,128466,96173,158126,132203,62402,226,202
2021-07-25T23:59:59+02:00,6072,5765,52981,54621,95269,93503,87918,87587,86670,92613,88150,90999,53947,66953,43044,59446,10644,21362,678,677,33968,34824,71690,71033,64342,65228,71215,77311,77914,81546,50238,62319,40849,56199,9983,19870,749049,601635,128191,94614,158104,131402,62031,226,202
2021-07-24T23:59:59+02:00,5985,5707,52706,54324,94959,93190,87672,87378,86495,92456,88050,90918,53918,66919,43032,59423,10644,21356,629,626,33457,34325,70820,70336,63675,64670,70336,76611,77710,81395,50183,62276,40827,56174,9983,19868,747171,597198,128138,93678,158103,131273,61550,226,202
2021-07-23T23:59:59+02:00,5932,5651,52432,54052,94556,92903,87370,87161,86313,92278,87908,90824,53883,66871,43024,59405,10641,21350,576,581,32925,33662,69753,69473,62895,64000,69432,75761,77308,81067,50108,62178,40795,56135,9976,19854,745109,591546,128064,92519,158097,131098,61114,226,202
2021-07-22T23:59:59+02:00,5862,5588,52013,53650,94073,92454,86983,86823,86002,91979,87697,90637,53798,66777,42995,59345,10633,21324,501,518,32209,32926,68437,68478,61847,63121,67816,74403,76652,80554,49956,61971,40703,56019,9955,19814,742047,585068,127830,89765,158071,130330,60516,225,201
2021-07-21T23:59:59+02:00,5809,5534,51640,53264,93637,92037,86674,86524,85746,91733,87522,90449,53713,66692,42936,59278,10622,21296,451,460,31588,32265,67102,67435,60756,62227,65775,72710,75748,79808,49666,61662,40543,55831,9931,19758,739233,578765,127589,85439,158040,129237,60074,225,201
2021-07-20T23:59:59+02:00,5750,5470,51250,52869,93173,91568,86307,86197,85479,91477,87298,90252,53621,66558,42887,59220,10615,21271,404,416,30925,31601,65636,66239,59626,61262,64597,71649,75132,79250,49460,61431,40437,55672,9907,19697,736259,571695,127367,83757,157985,128207,59481,225,201
2021-07-19T23:59:59+02:00,5673,5396,50778,52408,92702,91090,85936,85864,85231,91264,87092,90073,53528,66437,42851,59140,10597,21236,360,363,30376,31013,64471,65182,58708,60403,63445,70613,74530,78733,49286,61234,40346,55526,9879,19653,732983,565900,127138,81949,157950,127016,59055,225,201
2021-07-18T23:59:59+02:00,5604,5326,49953,51592,91626,90035,85204,85251,84750,90831,86798,89781,53422,66290,42788,59044,10587,21205,324,319,29828,30423,63281,64112,57784,59485,62269,69585,73980,78234,49138,61071,40288,55442,9867,19624,726510,560057,126807,79920,157933,126210,58668,224,199
2021-07-17T23:59:59+02:00,5430,5139,49599,51258,91483,89899,85009,85092,84591,90693,86690,89699,53402,66263,42777,59032,10586,21202,272,264,29437,30035,62637,63512,57225,59063,61515,68849,73672,77992,49027,60953,40249,55384,9857,19613,725330,557025,126629,78952,157929,125594,57786,224,199
2021-07-16T23:59:59+02:00,5329,5048,49273,50961,91219,89674,84761,84895,84392,90509,86552,89592,53360,66231,42759,59018,10583,21197,237,229,28934,29527,61694,62598,56379,58375,60462,67813,73171,77571,48865,60765,40202,55315,9852,19604,723946,552050,126456,77631,157922,124853,56860,223,199
2021-07-15T23:59:59+02:00,5193,4914,48795,50547,90818,89290,84402,84516,84088,90231,86330,89423,53279,66140,42705,58948,10573,21169,188,196,28205,28895,60377,61529,55247,57389,59048,66500,72435,76981,48633,60502,40113,55184,9836,19549,721463,546213,126037,75426,157887,123178,55791,222,199
2021-07-14T23:59:59+02:00,5087,4799,48438,50171,90513,88994,84111,84201,83839,89993,86131,89265,53190,66033,42647,58859,10556,21139,169,173,27669,28320,59279,60532,54278,56543,58172,65648,71826,76392,48365,60224,40007,55009,9813,19505,719290,540772,125678,74502,157843,121478,54973,221,199
2021-07-13T23:59:59+02:00,4975,4682,48028,49787,90116,88638,83806,83892,83569,89731,85924,89097,53080,65928,42592,58795,10550,21118,153,163,26997,27636,57907,59344,53085,55552,57183,64735,71099,75753,48087,59900,39878,54830,9781,19453,716913,534410,125305,73386,157787,119421,54121,220,198
2021-07-12T23:59:59+02:00,4804,4512,47472,49266,89720,88297,83409,83572,83319,89469,85735,88936,53000,65833,42544,58732,10538,21103,144,155,26361,26971,56404,57991,51798,54491,55960,63589,70354,75131,47712,59470,39702,54607,9739,19388,714181,527102,124937,72364,157725,117068,53236,220,197
2021-07-11T23:59:59+02:00,4410,4138,46522,48338,89289,87863,82994,83185,83009,89180,85537,88788,52913,65741,42518,58676,10527,21086,132,147,25757,26404,55027,56730,50503,53446,54919,62556,69759,74580,47365,59089,39577,54432,9714,19346,710211,520477,124466,71357,157685,115279,52174,216,196
2021-07-10T23:59:59+02:00,4397,4125,46190,47990,88836,87381,82663,82874,82903,89080,85471,88731,52892,65718,42509,58662,10526,21082,129,139,25267,25864,53935,55782,49642,52861,54319,61988,69544,74394,46997,58671,39477,54327,9709,19335,709538,516148,123998,71272,157509,113957,50807,215,196
2021-07-09T23:59:59+02:00,4377,4113,45767,47546,88214,86818,82285,82529,82653,88892,85357,88639,52856,65689,42502,58649,10522,21073,123,124,24562,25087,52607,54550,48698,51982,53540,61138,69122,73989,46638,58261,39389,54237,9702,19323,708109,509963,123411,70867,157345,112607,49439,214,196
2021-07-08T23:59:59+02:00,4347,4086,45214,47042,87350,86108,81750,82012,82400,88648,85164,88485,52789,65622,42470,58602,10511,21057,115,107,23565,24137,50663,52971,47312,50829,52400,60010,68432,73353,46117,57701,39252,54073,9674,19255,705973,502194,122517,69589,157055,110065,47923,213,195
2021-07-07T23:59:59+02:00,4324,4059,44632,46446,86505,85343,81194,81529,82116,88351,84955,88321,52710,65522,42427,58538,10503,21037,103,92,22668,23216,48709,51282,45794,49693,51159,58828,67727,72819,45379,56958,39057,53835,9641,19197,703442,493988,121516,68478,156799,106951,46547,210,193
2021-07-06T23:59:59+02:00,4291,4038,44084,45920,85637,84605,80578,80935,81745,88020,84778,88145,52621,65442,42389,58476,10494,21012,94,82,21826,22336,46702,49501,44407,48442,49876,57488,66984,72100,44548,56182,38872,53596,9623,19142,700775,484992,120496,67398,156499,103984,45234,208,193
2021-07-05T23:59:59+02:00,4269,4002,42921,44921,84117,83501,79851,80315,81288,87597,84501,87880,52506,65306,42338,58398,10480,20984,83,70,20632,21261,44738,47893,43387,47481,48847,56524,66285,71482,43784,55320,38697,53371,9598,19102,697431,478982,119442,66526,156134,100891,41963,207,193
2021-07-04T23:59:59+02:00,4242,3979,41554,43692,82472,82190,79125,79712,80814,87174,84228,87676,52414,65182,42295,58347,10467,20955,80,63,19275,20052,42944,46375,42688,46736,48035,55670,65705,70912,43040,54467,38534,53180,9578,19055,694297,474317,118288,65590,155712,98274,38016,207,192
2021-07-03T23:59:59+02:00,3775,3564,39970,42124,81601,81530,78641,79226,80370,86697,84010,87504,52346,65081,42277,58295,10464,20949,76,62,18465,19357,42023,45680,42271,46359,47629,55270,65540,70746,42451,53738,38471,53081,9571,19045,690517,472376,116980,65491,155627,96681,35095,207,192
2021-07-02T23:59:59+02:00,3217,2992,38412,40619,80867,80804,77973,78519,79851,86195,83769,87300,52295,64995,42249,58248,10452,20936,67,54,17692,18622,40864,44716,41535,45660,46794,54487,65019,70295,41497,52531,38341,52893,9555,19026,685457,467282,115578,65022,155477,94176,32977,206,191
2021-07-01T23:59:59+02:00,2569,2445,36688,38947,79884,79933,77134,77686,79146,85557,83454,87024,52171,64839,42186,58146,10434,20906,56,42,16802,17681,39319,43478,40321,44599,45491,53355,64275,69714,40604,51390,38191,52684,9538,18994,679097,460830,113850,63372,155256,91400,30742,206,190
2021-06-30T23:59:59+02:00,2527,2415,35671,37922,78039,78431,75437,76197,78500,85009,83169,86731,52039,64679,42126,58049,10422,20879,47,32,15760,16690,37640,42253,39123,43494,44336,52291,63520,69082,40060,50703,38073,52484,9516,18958,673226,454672,112111,62033,155042,89510,27659,206,188
2021-06-29T23:59:59+02:00,2491,2383,34835,37011,76435,76941,73824,74788,77702,84292,82623,86238,51856,64460,42050,57918,10405,20843,34,23,14925,15776,36325,41110,38212,42669,43119,51236,62803,68497,39348,49765,37937,52265,9494,18914,666852,449473,110235,60201,154773,87560,25031,206,187
2021-06-28T23:59:59+02:00,2450,2349,34006,36186,74817,75530,72142,73391,76682,83506,82021,85740,51681,64232,41973,57812,10392,20811,25,18,14173,15012,35268,40084,37391,41939,41992,50240,62149,67949,38471,48679,37770,52042,9475,18869,660360,444612,108275,58687,154177,85355,22705,206,187
2021-06-27T23:59:59+02:00,2435,2334,33266,35433,73253,74160,70736,72184,75286,82385,81342,85185,51484,64016,41908,57694,10382,20782,20,18,13533,14372,34308,39324,36734,41339,41055,49391,61607,67507,37606,47646,37618,51863,9460,18838,654145,440694,106343,57919,153223,83091,20350,205,185
2021-06-26T23:59:59+02:00,1798,1725,32220,34317,72891,73839,70270,71719,74994,82074,81248,85107,51464,63990,41894,57684,10381,20779,20,17,13338,14160,33639,38780,36087,40917,40533,49056,60615,66497,36609,46509,37450,51650,9446,18805,649329,434695,105405,57864,153219,81146,20239,203,184
2021-06-25T23:59:59+02:00,1178,1129,31091,33127,72388,73306,69658,71026,74568,81627,80868,84782,51402,63902,41861,57641,10376,20765,17,16,13001,13767,32785,37987,35220,40097,39580,48216,59401,65263,36093,45809,37258,51349,9423,18764,642964,426263,104211,57415,153213,80080,20105,203,183
2021-06-24T23:59:59+02:00,566,571,29742,31797,71601,72546,68785,70143,73895,80994,80420,84419,51294,63773,41809,57571,10365,20732,14,13,12328,13050,31603,36692,34000,38831,38445,47100,57763,63888,35613,45292,37101,51159,9404,18705,635109,416886,102725,55854,153101,78192,19887,202,182
2021-06-23T23:59:59+02:00,539,538,29232,31233,70485,71562,67515,69002,73145,80305,79969,84015,51182,63599,41751,57475,10349,20700,12,12,11828,12512,30607,35452,33064,37608,37420,46219,55817,62169,35060,44726,36933,50933,9383,18640,628854,407084,101144,54793,152998,76938,19399,202,181
2021-06-22T23:59:59+02:00,516,521,28707,30626,69311,70529,66308,67974,72466,79601,79557,83644,51075,63473,41703,57391,10340,20674,10,11,11476,12091,29691,34521,32110,36714,36460,45315,53838,60329,34676,44250,36796,50691,9354,18582,622496,398520,99679,53222,152863,75818,19177,202,178
2021-06-21T23:59:59+02:00,484,487,28034,29933,67994,69348,65120,66845,71709,78821,79162,83251,50968,63362,41645,57302,10326,20633,9,11,11180,11770,29067,33935,31561,36145,35852,44724,51992,58670,33965,43448,36498,50267,9325,18506,615654,390931,98178,52025,152740,75140,18652,201,177
2021-06-20T23:59:59+02:00,399,406,27398,29260,66766,68207,64104,65912,70903,78081,78812,82913,50891,63234,41596,57235,10321,20600,5,10,10890,11500,28517,33433,31105,35655,35338,44201,50144,56872,33422,42766,36301,49933,9295,18446,609258,383497,96718,51274,152641,74668,18221,201,173
2021-06-19T23:59:59+02:00,367,371,27009,28883,66033,67637,63577,65405,70104,77427,78661,82789,50870,63208,41580,57219,10320,20600,5,9,10755,11299,28263,33112,30849,35330,35113,43939,48696,55478,33162,42418,36217,49794,9287,18418,605289,378082,95776,51262,152641,74473,18154,201,173
2021-06-18T23:59:59+02:00,339,337,26547,28405,65015,66896,62838,64794,69182,76590,78272,82458,50807,63133,41553,57183,10316,20592,5,9,10536,11055,27865,32687,30518,34918,34721,43540,46955,53797,32808,41903,36080,49583,9268,18384,599852,371205,94534,50972,152635,74247,18036,201,172
2021-06-17T23:59:59+02:00,309,306,25900,27782,63742,65899,61838,63985,67595,75181,77748,82054,50706,62979,41490,57102,10303,20565,5,9,10116,10690,27073,31988,29777,34238,33885,42837,45439,52298,32359,41270,35916,49327,9237,18334,593734,363740,91877,49826,152473,73860,17201,200,171
2021-06-16T23:59:59+02:00,274,267,25363,27173,62438,64765,60729,63018,65330,73254,76906,81398,50493,62771,41399,56990,10284,20532,5,7,9789,10421,26420,31313,29073,33615,33155,42201,44843,51731,32087,40905,35770,49128,9216,18293,587442,360024,87367,49118,152059,72340,16319,198,171
2021-06-15T23:59:59+02:00,235,236,24708,26447,61028,63537,59651,62035,64175,72167,76399,80979,50371,62623,41349,56895,10277,20503,5,7,9516,10138,25815,30576,28439,32860,32474,41477,43283,50097,31636,40348,35598,48895,9186,18228,580257,353285,85740,48220,151606,71086,15816,197,171
2021-06-14T23:59:59+02:00,212,204,24226,25839,59920,62490,58777,61191,63098,71162,75925,80588,50283,62500,41299,56824,10262,20478,4,7,9219,9836,25064,29688,27679,32024,31686,40662,41993,48752,31265,39848,35462,48674,9156,18176,574370,347126,84025,47202,151401,69411,15286,197,170
2021-06-13T23:59:59+02:00,207,189,23812,25368,58976,61585,58006,60404,61990,70195,75461,80166,50193,62385,41248,56764,10251,20448,4,7,8933,9529,24354,28844,26971,31185,30927,39807,40433,47163,30798,39234,35261,48368,9126,18086,569356,340051,82170,46421,151173,67636,14753,197,169
2021-06-12T23:59:59+02:00,194,171,23547,25078,58413,61077,57647,60124,61345,69558,75260,80054,50168,62354,41236,56750,10248,20444,4,7,8812,9409,23877,28266,26449,30609,30397,39246,39333,46189,30629,39055,35166,48203,9122,18075,566385,335796,81214,46418,151165,65757,14708,197,169
2021-06-11T23:59:59+02:00,175,156,23171,24635,57661,60258,56972,59495,60436,68627,74914,79749,50093,62279,41210,56714,10246,20438,4,6,8666,9211,23360,27592,25917,29952,29810,38609,38255,45177,30363,38698,35023,47982,9109,18048,561330,330933,79924,46159,151152,63894,14628,196,168
2021-06-10T23:59:59+02:00,160,139,22627,24045,56518,59319,56044,58678,59173,67454,74374,79350,50021,62172,41186,56665,10231,20409,4,6,8399,8955,22487,26650,24955,29010,28687,37670,36866,44010,30006,38217,34743,47549,9042,17972,555734,324015,77713,45452,150912,61584,14011,196,166
2021-06-09T23:59:59+02:00,140,124,21991,23439,55259,58213,54966,57763,58223,66543,73912,78957,49933,62072,41134,56603,10217,20378,4,5,8099,8692,21556,25783,24026,28127,27652,36716,35144,42217,29616,37717,34556,47279,9000,17881,549916,316559,76251,44719,150560,59681,12946,195,165
2021-06-08T23:59:59+02:00,118,106,21308,22713,53947,57082,53849,56781,57266,65688,73367,78523,49844,61948,41079,56511,10199,20348,3,4,7832,8441,20662,24895,22973,27264,26614,35753,33781,40909,29260,37211,34236,46820,8949,17797,543215,310250,75315,43947,150120,57212,11832,195,163
2021-06-07T23:59:59+02:00,101,89,20650,22071,52504,55823,52590,55802,56111,64700,72814,78118,49758,61841,41033,56448,10186,20322,2,3,7573,8215,19825,24077,21952,26455,25581,34880,32845,40123,28977,36816,33987,46394,8898,17706,535906,305616,74411,43128,149711,54664,10738,195,163
2021-06-06T23:59:59+02:00,94,84,20136,21536,51355,54712,51479,54823,55145,63747,72303,77714,49670,61762,40997,56385,10178,20306,2,3,7358,8018,19041,23182,21053,25582,24510,33894,31928,39305,28688,36474,33733,46003,8847,17632,529566,301061,73385,42387,149375,51739,9906,194,160
2021-06-05T23:59:59+02:00,88,76,19859,21222,50569,53953,50825,54318,54672,63271,72173,77602,49658,61749,40993,56382,10175,20306,2,3,7126,7604,18398,22120,20330,24470,23637,32641,30890,37985,28354,36008,33608,45828,8840,17612,525196,294765,73379,42349,149296,48356,9826,194,160
2021-06-04T23:59:59+02:00,78,70,19403,20634,49501,52937,50004,53452,54016,62483,71831,77276,49630,61712,40973,56367,10173,20301,2,2,6899,7284,17771,21271,19641,23472,22699,31360,29666,36643,28065,35640,33494,45652,8828,17591,518702,288289,73051,42280,149280,45637,9615,193,159
2021-06-03T23:59:59+02:00,68,59,18717,19933,47978,51636,48785,52318,53042,61456,71328,76817,49562,61609,40935,56320,10160,20276,2,2,6605,6887,17034,20222,18840,22323,21693,29929,28498,35154,27522,34856,33288,45324,8791,17516,510911,281541,72036,41525,149007,42410,8854,191,156
2021-06-02T23:59:59+02:00,63,55,18333,19409,46955,50641,47902,51552,52289,60693,71077,76604,49523,61574,40916,56291,10152,20262,1,2,6415,6650,16395,19529,17916,21563,20846,28977,27405,33747,27056,34250,33127,45073,8762,17446,504600,275263,72018,41511,148988,39739,8497,188,150
2021-06-01T23:59:59+02:00,53,49,17645,18661,45089,48906,46247,50093,50773,59230,70398,76004,49430,61462,40858,56219,10140,20214,1,1,6134,6331,15240,18629,16403,20598,19631,27723,26177,32350,26497,33552,32877,44721,8716,17344,495478,268756,70648,40939,148441,36363,6721,183,146
2021-05-31T23:59:59+02:00,51,45,17160,18163,43782,47760,45031,48981,49534,58103,69713,75493,49347,61360,40813,56153,10128,20176,1,1,5856,5996,14196,17796,14996,19674,18450,26604,24947,31007,25976,32833,32682,44423,8682,17243,489220,262449,69484,40394,147974,33443,4933,182,144
2021-05-30T23:59:59+02:00,45,44,16825,17768,42815,46819,44123,48079,48528,57104,69159,74948,49241,61205,40741,56037,10112,20133,1,1,5663,5751,13647,17089,14366,18974,17548,25630,23846,29835,25205,31882,32383,44004,8637,17154,483274,256475,68454,39591,147564,31159,4253,181,138
2021-05-29T23:59:59+02:00,45,43,16691,17640,42450,46499,43779,47813,48288,56912,69101,74895,49235,61199,40734,56033,10112,20132,1,1,5499,5507,13139,16288,13720,18126,16704,24463,22729,28535,25046,31649,32319,43909,8634,17147,481289,250873,68331,39591,147557,28571,4244,180,137
2021-05-28T23:59:59+02:00,44,41,16388,17331,41742,45871,43267,47246,47778,56379,68823,74601,49169,61116,40707,55983,10109,20127,1,1,5253,5120,12606,15373,13040,17262,15841,23227,21626,27094,24794,31282,32224,43776,8624,17131,476979,244818,67824,39487,147533,25632,4206,180,132
2021-05-27T23:59:59+02:00,41,38,15857,16777,40589,44881,42248,46351,46789,55487,68245,74163,49047,60956,40653,55912,10098,20088,1,1,5010,4771,11962,14551,12256,16328,14771,22034,20367,25581,24290,30544,32052,43515,8590,17048,471075,237460,66311,38681,146814,23561,3842,178,128
2021-05-26T23:59:59+02:00,39,37,15443,16336,39490,43958,41210,45477,45760,54608,67638,73651,48895,60775,40569,55747,10076,20040,1,1,4816,4569,11406,13790,11538,15481,13759,20902,18967,23987,23704,29756,31835,43169,8536,16946,465911,230186,64291,37809,145826,21497,3543,178,128
2021-05-25T23:59:59+02:00,39,36,15037,15917,38483,43070,40242,44627,44808,53685,67019,73119,48712,60535,40490,55613,10051,19987,1,1,4596,4362,10865,13146,10773,14712,12686,19661,17533,22481,23116,28976,31598,42842,8479,16851,460568,222809,62711,36865,144717,19584,3296,178,125
2021-05-24T23:59:59+02:00,39,35,14689,15589,37645,42331,39374,43952,43948,52895,66484,72635,48588,60358,40427,55489,10031,19942,1,1,4448,4233,10420,12678,10137,14132,11797,18826,16244,21214,22440,28141,31380,42510,8420,16762,455943,215886,61472,35922,143974,18966,2885,177,125
2021-05-23T23:59:59+02:00,35,35,14522,15408,37178,41956,38922,43549,43499,52489,66214,72408,48504,60266,40388,55442,10024,19918,1,1,4259,4092,9953,12202,9517,13528,10850,18009,15046,20150,21966,27569,31126,42219,8369,16676,452741,208874,61090,35840,143952,17898,2797,177,124
2021-05-22T23:59:59+02:00,33,33,14325,15192,36484,41390,38235,43094,42924,52076,65196,71390,48297,60007,40316,55328,10014,19897,1,1,4147,3795,9737,11784,9364,13204,10608,17564,14774,19748,21872,27452,31092,42177,8362,16667,446265,207642,61086,35837,143937,15980,2766,177,124
2021-05-21T23:59:59+02:00,32,32,13938,14779,35415,40482,37176,42173,41855,51174,63839,70099,48067,59671,40236,55179,9997,19864,1,1,4036,3696,9530,11520,9149,12936,10272,17233,14358,19376,21651,27166,31030,42087,8353,16659,436658,205678,60725,35531,143701,14976,2749,175,120
2021-05-20T23:59:59+02:00,29,32,13126,14034,33975,39037,35758,40776,40451,49973,62543,68949,47774,59331,40089,54997,9976,19814,1,1,3878,3518,9004,10914,8499,12228,9572,16382,13604,18410,20831,26044,30835,41789,8314,16572,426421,201303,59022,34684,142680,11922,2368,173,119
2021-05-19T23:59:59+02:00,29,31,12582,13456,32798,37628,34659,39398,39320,49011,60536,67177,47293,58773,39902,54732,9933,19708,1,1,3772,3378,8723,10541,8204,11855,9132,15875,12966,17746,19964,24913,30608,41485,8257,16457,415557,197057,57507,33870,141567,10672,2164,171,115
2021-05-18T23:59:59+02:00,27,31,12153,12995,31757,36616,33580,38485,38278,48078,58470,65309,46937,58327,39747,54491,9901,19648,1,1,3569,3210,8227,9948,7735,11313,8582,15203,12284,16977,19021,23679,30371,41142,8219,16351,406869,192946,55553,33028,140374,7878,1866,168,115
2021-05-17T23:59:59+02:00,25,30,11897,12710,31238,36060,33086,37923,37684,47445,56572,63599,46234,57503,39469,54092,9864,19575,1,1,3482,3100,7960,9671,7437,11015,8179,14789,11710,16370,18097,22544,30136,40821,8184,16276,399275,188558,54424,32282,139565,7248,1576,166,109
2021-05-16T23:59:59+02:00,25,30,11678,12454,30709,35558,32623,37431,37163,46872,54674,61767,45685,56806,39275,53774,9836,19519,1,1,3383,2997,7670,9374,7114,10673,7709,14323,11127,15782,17167,21391,29925,40530,8145,16207,392300,184262,53455,31431,138898,6657,1062,164,107
2021-05-15T23:59:59+02:00,25,30,11517,12246,30430,35226,32385,37111,36934,46609,53104,60287,45434,56501,39198,53635,9830,19491,1,1,3361,2977,7645,9345,7099,10652,7690,14308,11108,15757,17055,21175,29714,40220,8137,16197,386481,183258,53451,31430,138852,6604,1045,164,105
2021-05-14T23:59:59+02:00,25,30,11264,11955,29954,34714,32005,36649,36414,46134,51221,58447,45072,55999,39058,53429,9814,19451,1,1,3332,2952,7574,9273,7041,10577,7626,14246,10925,15556,16318,20104,29428,39731,8120,16157,378641,180308,53119,31091,138717,6463,995,163,105
2021-05-13T23:59:59+02:00,22,29,10970,11617,29304,34064,31400,36046,35735,45459,49741,56928,44639,55371,38886,53182,9787,19404,1,1,3252,2901,7443,9168,6951,10482,7523,14135,10593,15208,15255,18859,29042,39090,8077,16082,371479,176481,52103,30529,137964,6074,877,161,102
2021-05-12T23:59:59+02:00,21,27,10836,11469,29016,33742,31132,35751,35418,45143,49458,56617,44543,55264,38834,53105,9780,19365,1,0,3238,2874,7410,9132,6919,10446,7491,14094,10422,15050,14874,18422,28735,38604,8055,16035,368783,174397,52015,30518,137807,6029,756,160,102
2021-05-11T23:59:59+02:00,20,24,10470,11134,28154,32923,30311,34994,34556,44357,47716,54841,44086,54663,38660,52817,9742,19262,1,0,3146,2777,7166,8853,6690,10144,7274,13725,9943,14503,13882,17272,28316,37985,8017,15941,361831,170697,50305,29618,135906,4689,529,159,102
2021-05-10T23:59:59+02:00,19,24,10158,10844,27411,32221,29536,34299,33786,43586,46409,53567,43700,54155,38472,52514,9692,19148,1,0,3101,2730,7036,8728,6593,10024,7129,13545,9674,14200,13179,16403,27886,37369,7992,15860,355568,167857,49185,29235,134215,3844,416,157,98
2021-05-09T23:59:59+02:00,18,24,9913,10588,26722,31530,28877,33605,33064,42889,44869,52082,43199,53531,38274,52209,9655,19062,1,0,3053,2682,6909,8591,6488,9885,7014,13331,9362,13888,12380,15503,27519,36827,7972,15804,348445,164988,48114,28684,133069,3109,330,153,98
2021-05-08T23:59:59+02:00,18,24,9820,10515,26340,31229,28422,33286,32595,42580,43815,51252,43046,53368,38235,52149,9652,19056,1,0,3048,2678,6899,8586,6483,9877,7005,13319,9352,13875,12343,15440,26838,35874,7935,15728,343870,163110,48074,28657,132981,3092,324,153,98
2021-05-07T23:59:59+02:00,17,24,9672,10364,25865,30845,27964,32907,32088,42227,42769,50422,42775,53025,38125,51993,9640,19029,1,0,2979,2648,6835,8540,6427,9822,6953,13266,9178,13653,11710,14629,25890,34481,7888,15646,338710,158986,47766,28285,132822,2873,304,149,98
2021-05-06T23:59:59+02:00,15,23,9262,10067,24950,30077,26901,32105,30860,41397,41153,49205,42389,52473,37930,51751,9602,18955,1,0,2903,2599,6705,8396,6307,9692,6804,13078,8904,13348,11055,13758,24921,33095,7853,15584,330842,155168,46689,27326,131152,2123,288,144,98
2021-05-05T23:59:59+02:00,15,22,8883,9865,24066,29472,26046,31454,29776,40608,39170,47386,41941,51924,37722,51467,9545,18842,1,0,2859,2566,6584,8264,6207,9578,6703,12932,8658,13086,10339,12923,23902,31767,7823,15512,322981,151249,45837,26436,129035,1716,207,144,96
2021-05-04T23:59:59+02:00,15,21,8641,9621,23283,28825,25072,30717,28704,39768,37644,45917,41468,51337,37445,51121,9494,18719,1,0,2816,2543,6512,8192,6122,9508,6626,12845,8420,12863,9603,12058,22954,30517,7789,15449,316302,147483,44865,25630,126398,1506,104,143,95
2021-05-03T23:59:59+02:00,15,20,8426,9406,22587,28246,24239,30115,27796,39068,36685,45165,41120,50866,37229,50830,9442,18617,1,0,2767,2508,6441,8114,6041,9440,6536,12762,8192,12646,8842,11157,22033,29297,7758,15398,311429,143709,44091,24805,124148,1263,65,139,91
2021-05-02T23:59:59+02:00,15,20,8257,9241,21952,27669,23507,29523,26978,38448,35867,44528,40862,50537,37117,50643,9407,18560,1,0,2730,2484,6400,8073,6003,9405,6495,12720,8011,12472,8239,10415,21321,28425,7737,15379,306607,140507,43324,24528,123010,1130,57,133,88
2021-05-01T23:59:59+02:00,14,20,8100,9054,21576,27218,23027,28952,26335,37729,35039,43634,40595,50160,37018,50490,9401,18543,1,0,2724,2477,6375,8063,5987,9396,6477,12707,7995,12455,8202,10351,21282,28368,7733,15375,300489,140215,43322,24521,122905,1088,56,133,88
2021-04-30T23:59:59+02:00,14,19,7949,8870,21188,26794,22577,28382,25580,36940,34022,42661,40364,49838,36920,50336,9389,18520,1,0,2700,2463,6350,8045,5965,9378,6448,12686,7962,12422,8161,10282,21232,28286,7730,15365,294145,139905,43315,24445,122722,991,49,132,86
2021-04-29T23:59:59+02:00,13,19,7665,8628,20592,26215,21909,27702,24651,35975,32745,41318,39318,48434,36603,49863,9331,18392,1,0,2664,2425,6258,7936,5876,9277,6354,12546,7758,12147,7534,9553,20822,27769,7706,15290,285380,137829,42528,23213,121289,742,49,127,83
2021-04-28T23:59:59+02:00,12,18,7380,8410,20072,25751,21271,27108,23768,35126,31345,39864,38151,46841,36261,49369,9269,18250,1,0,2592,2376,6143,7814,5765,9145,6250,12390,7537,11871,6842,8703,20404,27186,7666,15219,276693,135355,41750,21906,119649,514,49,125,80
2021-04-27T23:59:59+02:00,11,18,7189,8229,19649,25322,20647,26571,22909,34343,30128,38536,37056,45395,35879,48799,9199,18123,1,0,2565,2352,6042,7716,5712,9047,6183,12264,7323,11676,6235,7968,20003,26685,7646,15196,268853,133262,40882,20958,118094,267,49,125,78
2021-04-26T23:59:59+02:00,10,18,7005,8059,19228,24900,20100,26047,22099,33587,28913,37298,35995,43972,35571,48311,9148,17995,1,0,2552,2341,5996,7674,5667,9008,6145,12219,7135,11514,5622,7232,19628,26240,7623,15168,261144,131295,40057,20112,116888,235,45,122,78
2021-04-25T23:59:59+02:00,10,17,6897,7923,18892,24629,19721,25707,21488,32962,27922,36338,34856,42539,35252,47881,9106,17913,1,0,2537,2333,5978,7647,5648,8989,6125,12193,7097,11487,5494,7048,19291,25775,7607,15123,253921,130659,39340,19369,116627,223,44,121,78
2021-04-24T23:59:59+02:00,10,17,6730,7742,18450,24205,19168,25171,20702,32160,26834,35283,34606,42226,35159,47716,9096,17901,1,0,2533,2326,5966,7637,5637,8979,6120,12189,7087,11480,5419,6934,19194,25633,7604,15115,247950,130197,39335,19329,115726,207,44,121,77
2021-04-23T23:59:59+02:00,10,17,6500,7540,18003,23726,18601,24555,19873,31344,25669,34081,33824,41055,35015,47483,9082,17878,1,0,2527,2307,5939,7616,5600,8940,6073,12143,7041,11428,5255,6656,18654,25002,7504,14945,240351,128345,39004,18981,114737,185,44,120,76
2021-04-22T23:59:59+02:00,9,16,6283,7331,17395,23139,17808,23774,18824,30320,24343,32641,32782,39700,34770,47125,9042,17799,1,0,2511,2291,5891,7563,5550,8855,5994,12064,6965,11357,4968,6233,17937,24126,7383,14749,231297,126162,38078,18008,113565,150,44,117,74
2021-04-21T23:59:59+02:00,9,15,6081,7147,16866,22668,17150,23169,17832,29419,22789,31046,31774,38460,34472,46682,8993,17710,1,0,2487,2274,5847,7505,5490,8780,5928,11962,6869,11277,4807,5960,17236,23273,7267,14568,222389,124061,37302,17236,112431,118,44,116,72
2021-04-20T23:59:59+02:00,8,14,5894,6950,16304,22195,16400,22516,16832,28415,21314,29573,30620,36965,34154,46236,8939,17611,1,0,2473,2260,5798,7466,5448,8734,5881,11893,6791,11213,4690,5803,16632,22496,7140,14387,213348,122367,36413,16518,111021,110,43,115,68
2021-04-19T23:59:59+02:00,8,14,5707,6788,15774,21769,15723,21963,15833,27538,19919,28167,29232,35316,33835,45750,8879,17493,1,0,2462,2243,5774,7432,5412,8701,5842,11847,6710,11137,4561,5642,15985,21778,7032,14225,204609,120715,35632,15851,109314,107,43,110,68
2021-04-18T23:59:59+02:00,7,14,5518,6646,15341,21445,15102,21400,14859,26741,18582,27028,27840,33664,33500,45324,8817,17403,1,0,2412,2196,5642,7306,5296,8589,5736,11696,6604,11019,4441,5456,15395,21112,6916,14043,196036,119066,34799,14581,108244,103,43,109,67
2021-04-17T23:59:59+02:00,7,13,5481,6610,15187,21370,14928,21315,14624,26563,18326,26807,27334,33118,33375,45176,8808,17388,1,0,2385,2157,5542,7152,5191,8433,5636,11509,6516,10888,4388,5393,15149,20818,6906,14029,194813,117311,34794,14577,106671,95,43,109,67
2021-04-16T23:59:59+02:00,7,13,5416,6554,15005,21216,14716,21154,14336,26316,17908,26394,26288,31887,33239,44968,8788,17365,1,0,2340,2107,5428,6965,5051,8252,5486,11266,6315,10664,4185,5158,14498,20024,6809,13883,191445,114057,34508,14178,105465,88,43,109,66
2021-04-15T23:59:59+02:00,6,12,5344,6474,14790,21005,14448,20869,13905,25965,17268,25763,24918,30268,32980,44642,8753,17283,1,0,2267,2022,5231,6730,4855,7936,5280,10946,6101,10378,3983,4906,13665,18941,6694,13716,186864,110231,33697,13234,103981,79,43,108,65
2021-04-14T23:59:59+02:00,6,12,5263,6404,14584,20804,14194,20645,13520,25631,16600,25140,23335,28478,32667,44242,8698,17189,1,0,2075,1902,5011,6469,4669,7687,5054,10697,5868,10090,3848,4700,12932,18020,6566,13502,182253,107130,32824,11780,102186,73,43,106,65
2021-04-13T23:59:59+02:00,6,12,5208,6354,14378,20674,13954,20463,13176,25332,16027,24635,21620,26621,32348,43825,8668,17080,1,0,1988,1849,4842,6279,4483,7463,4854,10442,5660,9851,3705,4531,12412,17405,6440,13339,178002,104710,31945,10663,100285,63,43,106,65
2021-04-12T23:59:59+02:00,6,11,5146,6285,14159,20479,13650,20201,12786,24915,15446,24083,20007,24673,32057,43462,8626,17005,1,0,1860,1754,4658,6119,4331,7286,4692,10249,5523,9692,3585,4376,11978,16894,6328,13177,173614,103017,30890,9320,98346,61,43,104,62
2021-04-11T23:59:59+02:00,6,11,5075,6209,13938,20281,13354,19989,12369,24561,14879,23569,18495,22890,31796,43119,8581,16923,1,0,1821,1715,4538,6007,4220,7162,4569,10118,5387,9561,3469,4255,11485,16284,6195,12969,169312,101256,29930,8342,96661,59,41,101,58
2021-04-10T23:59:59+02:00,6,11,5070,6200,13920,20266,13345,19978,12351,24543,14853,23547,17804,21966,31505,42700,8563,16896,1,0,1816,1701,4523,5996,4204,7147,4556,10104,5334,9494,3364,4140,10929,15453,6064,12771,168233,99102,29903,8342,95249,57,38,101,58
2021-04-09T23:59:59+02:00,6,11,5055,6180,13879,20218,13297,19925,12301,24484,14588,23292,16280,20072,31099,42053,8529,16853,1,0,1790,1682,4500,5980,4177,7120,4511,10066,5297,9446,3277,4019,10061,14465,5914,12572,165592,96639,29563,8093,92833,55,36,98,55
2021-04-08T23:59:59+02:00,6,11,5009,6152,13778,20143,13216,19844,12200,24380,14248,22931,14503,17853,30478,41047,8466,16729,1,0,1765,1667,4470,5926,4126,7035,4446,9986,5225,9369,3168,3914,9582,13857,5708,12324,161738,94775,28530,7659,90601,54,29,96,52
2021-04-07T23:59:59+02:00,6,11,4976,6120,13667,20058,13119,19756,12092,24272,13865,22566,12979,15994,29832,40064,8412,16628,1,0,1746,1653,4416,5857,4039,6961,4357,9902,5136,9269,3077,3819,8822,12759,5468,11917,157265,92194,27650,6881,89381,47,27,94,50
2021-04-06T23:59:59+02:00,6,11,4945,6096,13568,19992,13036,19699,12015,24208,13487,22216,11340,13985,29171,39093,8380,16557,1,0,1683,1598,4285,5728,3931,6838,4238,9752,5031,9137,2961,3699,8114,11825,5194,11552,153248,89800,26771,5647,87669,45,25,92,50
2021-04-05T23:59:59+02:00,6,10,4907,6066,13494,19925,12966,19629,11958,24128,13212,21963,9724,12031,28444,38040,8345,16494,1,0,1612,1530,4131,5575,3762,6681,4084,9601,4876,9007,2830,3582,7298,10856,4923,11160,150030,87416,25755,3980,85449,42,21,87,50
2021-04-04T23:59:59+02:00,6,10,4889,6048,13483,19901,12955,19610,11951,24109,13113,21890,8698,10768,27993,37400,8320,16438,1,0,1609,1527,4123,5569,3761,6676,4079,9597,4874,8998,2825,3573,7060,10388,4840,11035,148289,86453,25750,3979,83439,36,19,85,48
2021-04-03T23:59:59+02:00,6,10,4886,6038,13466,19882,12943,19600,11941,24099,13099,21872,7789,9700,27112,36155,8270,16326,1,0,1605,1523,4121,5564,3759,6673,4071,9585,4860,8984,2818,3559,6919,10121,4801,10953,145812,85837,25742,3979,81538,35,18,84,48
2021-04-02T23:59:59+02:00,6,10,4881,6018,13430,19856,12905,19556,11895,24050,13026,21806,7276,8952,25523,34052,8125,16056,1,0,1595,1507,4096,5540,3734,6633,4035,9524,4738,8698,2689,3402,6543,9721,4652,10747,141354,84007,25401,3750,80568,35,16,84,47
2021-04-01T23:59:59+02:00,5,9,4831,5958,13335,19713,12787,19405,11746,23896,12427,21361,6712,8241,24015,32080,7997,15815,1,0,1531,1459,3985,5420,3668,6561,3967,9457,4659,8593,2592,3260,6028,9037,4474,10470,137152,81730,24263,3341,78821,31,15,82,45
2021-03-31T23:59:59+02:00,5,9,4779,5901,13211,19558,12653,19249,11557,23716,12166,21099,6389,7867,22530,30123,7845,15585,1,0,1518,1448,3960,5397,3635,6533,3928,9410,4619,8538,2528,3184,5538,8389,4295,10231,133207,79941,23167,3124,77774,31,12,82,44
2021-03-30T23:59:59+02:00,5,9,4713,5833,13074,19408,12541,19068,11428,23551,11998,20961,6199,7653,21138,28388,7700,15379,1,0,1501,1412,3919,5363,3570,6461,3838,9297,4487,8368,2389,2980,5114,7830,4151,9975,129835,77706,22239,2881,76885,19,7,80,43
2021-03-29T23:59:59+02:00,5,9,4672,5790,12953,19313,12475,18984,11348,23444,11846,20827,6040,7454,19708,26701,7573,15176,1,0,1443,1371,3864,5316,3496,6392,3719,9153,4333,8176,2266,2840,4548,7157,3994,9698,126229,75035,21372,2667,76631,18,6,80,41
2021-03-28T23:59:59+02:00,5,9,4624,5721,12831,19171,12391,18892,11246,23344,11739,20723,5888,7246,18522,25192,7453,14979,1,0,1410,1328,3765,5208,3302,6165,3631,9035,4280,8120,2213,2776,3791,6140,3808,9427,123217,71975,20576,2369,76100,11,6,77,39
2021-03-27T23:59:59+01:00,5,9,4591,5671,12722,19007,12275,18730,11129,23140,11630,20576,5821,7162,18233,24844,7442,14961,1,0,1403,1325,3760,5204,3299,6158,3345,8685,4080,7822,2207,2773,3778,6105,3771,9362,121378,70659,20536,2369,75952,7,6,76,37
2021-03-26T23:59:59+01:00,5,8,4552,5614,12610,18816,12140,18530,10977,22910,11468,20363,5655,6948,17623,24052,7343,14810,1,0,1401,1323,3755,5197,3276,6142,3326,8665,3867,7371,2028,2366,3515,5819,3619,9123,118276,68383,20195,2362,75873,7,5,75,37
2021-03-25T23:59:59+01:00,5,8,4476,5521,12412,18575,11939,18208,10767,22582,11228,20037,5440,6660,16592,22746,7215,14619,1,0,1392,1311,3736,5172,3242,6115,3274,8627,3820,7328,1956,2253,3079,5134,3457,8815,114304,66403,19121,2262,75526,5,5,74,37
2021-03-24T23:59:59+01:00,5,8,4393,5409,12191,18121,11720,17794,10543,22190,10995,19663,5169,6312,15548,21528,7073,14391,1,0,1369,1297,3711,5128,3206,6051,3220,8555,3768,7255,1901,2196,2770,4799,3305,8541,111186,65009,18028,2020,73760,5,5,74,34
2021-03-23T23:59:59+01:00,5,8,4336,5340,12023,17779,11518,17441,10352,21821,10768,19372,5030,6113,14905,20709,6933,14216,1,0,1352,1289,3695,5107,3185,6034,3194,8504,3729,7212,1864,2138,2538,4525,3094,8213,108804,63653,17295,1978,72491,4,5,74,34
2021-03-22T23:59:59+01:00,5,8,4284,5265,11823,17444,11330,17117,10128,21496,10553,19069,4879,5903,14286,19994,6800,14032,1,0,1339,1279,3664,5075,3153,5997,3167,8447,3692,7167,1819,2083,2341,4272,2896,7875,106938,62389,16575,1837,70827,3,5,71,33
2021-03-21T23:59:59+01:00,5,8,4211,5140,11541,17030,11047,16715,9857,21041,10296,18713,4765,5731,13590,19203,6656,13826,1,0,1330,1278,3647,5059,3132,5964,3144,8420,3673,7143,1799,2053,2172,4108,2724,7603,105054,61381,15275,1832,68971,3,4,71,30
2021-03-20T23:59:59+01:00,4,8,4183,5070,11398,16701,10924,16400,9716,20745,10121,18431,4637,5571,12961,18259,6515,13609,1,0,1329,1277,3646,5057,3129,5963,3141,8415,3667,7138,1795,2048,2140,4046,2698,7560,102860,61181,15270,1832,67048,3,4,71,30
2021-03-19T23:59:59+01:00,4,7,4138,4988,11230,16339,10739,16047,9538,20364,9901,18072,4479,5374,11932,17054,6352,13398,1,0,1320,1270,3629,5028,3099,5885,3096,8321,3563,6961,1670,1937,2064,3981,2585,7351,100155,59896,14860,1828,64870,3,4,67,30
2021-03-18T23:59:59+01:00,4,7,4050,4882,10981,15913,10476,15601,9257,19897,9676,17729,4333,5208,11305,16183,6121,13131,1,0,1316,1259,3612,4993,3079,5841,3075,8265,3536,6912,1650,1904,2028,3914,2458,7139,98345,59210,13852,1736,62487,3,4,66,29
2021-03-17T23:59:59+01:00,4,7,3874,4766,10683,15501,10217,15242,9014,19534,9422,17379,4212,5041,10488,14941,5857,12706,1,0,1315,1256,3599,4976,3072,5821,3065,8231,3519,6889,1647,1880,2004,3884,2346,6954,95685,58701,12306,1722,60827,3,4,66,29
2021-03-16T23:59:59+01:00,4,7,3729,4640,10347,15038,9949,14873,8738,19089,9126,17012,4071,4873,9667,13814,5576,12348,1,0,1302,1253,3595,4969,3062,5816,3059,8219,3511,6875,1620,1854,1965,3833,2225,6772,93352,58252,11114,1644,58368,3,3,64,29
2021-03-15T23:59:59+01:00,4,7,3582,4520,10033,14576,9657,14417,8440,18614,8836,16601,3925,4704,8950,12747,5348,12022,1,0,1292,1245,3574,4957,3050,5792,3037,8180,3491,6833,1605,1841,1946,3801,2108,6583,91376,57660,9750,1642,55796,3,2,59,29
2021-03-14T23:59:59+01:00,4,7,3510,4428,9775,14146,9406,14020,8120,18121,8554,16207,3765,4517,8142,11507,5037,11558,1,0,1278,1238,3553,4939,3029,5750,3015,8101,3463,6765,1578,1787,1885,3673,1939,6184,89048,57127,8727,1019,52992,3,0,57,29
2021-03-13T23:59:59+01:00,4,7,3427,4171,9460,13481,9157,13440,7891,17536,8344,15768,3654,4412,7947,11210,4985,11466,1,0,1278,1238,3553,4939,3028,5749,3014,8100,3460,6763,1575,1786,1883,3669,1938,6183,88373,57107,8727,1019,49203,3,0,57,28
2021-03-12T23:59:59+01:00,4,7,3362,4022,9212,12946,8919,12914,7657,16899,7984,15016,3489,4240,7559,10800,4845,11277,1,0,1274,1235,3548,4925,3025,5744,3007,8092,3456,6757,1548,1757,1861,3653,1841,6002,86580,56678,8475,1017,46041,3,0,56,28
2021-03-11T23:59:59+01:00,4,7,3203,3749,8831,12190,8614,12241,7323,16112,7636,14365,3326,4034,6996,10079,4649,10969,1,0,1255,1224,3516,4881,2980,5667,2972,7969,3404,6658,1502,1704,1777,3448,1637,5467,84114,55919,8019,117,42145,2,0,50,24
2021-03-10T23:59:59+01:00,4,7,3134,3641,8341,11685,7937,11764,7004,15618,7338,13773,3169,3874,6428,9384,4472,10692,1,0,1245,1210,3486,4824,2948,5590,2936,7831,3350,6535,1460,1662,1715,3350,1515,5180,82272,54722,7463,94,38481,0,0,49,22
2021-03-09T23:59:59+01:00,4,6,3027,3462,7666,11241,7061,11287,6587,15006,6972,13167,2932,3575,5915,8745,4315,10408,1,0,1240,1207,3463,4778,2921,5525,2919,7779,3331,6489,1446,1638,1679,3308,1403,4974,79951,54022,6099,59,35277,0,0,49,20
2021-03-08T23:59:59+01:00,4,6,2853,3223,7036,10699,6253,10808,6185,14485,6575,12596,2718,3364,5308,8008,4165,10137,1,0,1234,1200,3441,4714,2896,5448,2880,7684,3299,6414,1439,1629,1676,3299,1398,4971,77125,53546,4951,57,32301,0,0,46,20
2021-03-07T23:59:59+01:00,4,6,2740,3089,6707,10203,5845,10266,5891,14038,6330,12204,2618,3272,4545,6946,3949,9851,1,0,1230,1197,3438,4709,2891,5436,2876,7667,3291,6400,1433,1615,1653,3258,1381,4927,73866,53329,4118,54,30478,0,0,42,20
2021-03-06T23:59:59+01:00,4,6,2695,2946,6523,9756,5646,9850,5415,13179,5953,11467,2596,3244,4539,6935,3946,9848,1,0,1230,1196,3435,4703,2889,5435,2875,7666,3290,6397,1432,1612,1653,3256,1380,4927,72635,53304,4118,54,27755,0,0,40,19
2021-03-05T23:59:59+01:00,4,6,2596,2686,6310,9179,5432,9458,5237,12612,5574,10483,2367,2776,4159,6554,3808,9627,1,0,1216,1193,3419,4687,2884,5422,2866,7648,3278,6378,1418,1604,1652,3252,1375,4923,70297,53145,3883,54,24648,0,0,40,17
2021-03-04T23:59:59+01:00,4,6,2514,2476,6096,8749,5273,9118,5055,12189,5397,10105,2272,2607,3600,5728,3638,9281,1,0,1204,1177,3375,4589,2852,5354,2834,7551,3247,6303,1398,1596,1638,3238,1365,4912,68230,52567,3436,53,22402,0,0,40,14
2021-03-03T23:59:59+01:00,3,6,2455,2419,5924,8337,5104,8753,4839,11739,5209,9659,2189,2501,3192,5287,3477,8985,1,0,1183,1167,3340,4543,2815,5288,2792,7452,3198,6227,1378,1570,1618,3207,1359,4894,66794,51970,3191,49,20054,0,0,39,13
2021-03-02T23:59:59+01:00,3,6,2398,2325,5768,8005,4946,8499,4674,11339,5046,9339,2120,2412,2887,4928,3259,8659,1,0,1178,1156,3322,4521,2800,5261,2775,7403,3190,6199,1373,1560,1600,3187,1356,4889,65423,51710,2931,48,18220,0,0,39,13
2021-03-01T23:59:59+01:00,3,6,2371,2294,5662,7789,4846,8354,4589,11186,4944,9164,2063,2334,2587,4604,3068,8339,1,0,1172,1153,3307,4503,2788,5232,2759,7357,3176,6171,1367,1557,1593,3177,1353,4883,64146,51488,2707,48,17313,0,0,37,13
2021-02-28T23:59:59+01:00,2,6,2318,2249,5481,7528,4673,8134,4451,11000,4833,9034,2023,2269,2290,4302,2864,8023,1,0,1163,1147,3293,4493,2781,5225,2754,7343,3169,6157,1362,1554,1585,3157,1352,4850,63018,51326,2402,48,16023,0,0,37,12
2021-02-27T23:59:59+01:00,2,6,2228,1937,5307,7104,4574,7826,4369,10652,4760,8784,1995,2208,2260,4256,2842,7971,1,0,1159,1143,3291,4491,2776,5223,2750,7340,3164,6153,1361,1554,1584,3154,1351,4849,62779,51287,2402,45,13863,0,0,37,12
2021-02-26T23:59:59+01:00,2,6,2161,1858,5162,6868,4427,7567,4217,10386,4550,8498,1866,2100,2200,4216,2733,7788,1,0,1138,1130,3275,4456,2764,5183,2739,7288,3143,6099,1355,1543,1580,3146,1350,4847,61444,50981,2396,44,12728,0,0,37,12
2021-02-25T23:59:59+01:00,2,6,2028,1754,4838,6462,3999,7115,3932,9869,4317,8116,1807,2041,2169,4158,2616,7592,1,0,1119,1112,3235,4410,2733,5133,2693,7182,3104,6006,1344,1527,1563,3105,1336,4788,60962,50338,2290,42,9533,0,0,36,11
2021-02-24T23:59:59+01:00,2,6,1994,1688,4721,6249,3895,6903,3811,9627,4194,7957,1784,2008,2138,4115,2501,7392,1,0,1106,1107,3205,4348,2698,5069,2667,7097,3075,5935,1328,1510,1539,3055,1324,4719,60412,49743,2045,30,8492,0,0,36,10
2021-02-23T23:59:59+01:00,2,6,1764,1544,4350,5763,3614,6517,3591,9247,4038,7675,1753,1975,2093,4067,2387,7207,1,0,1087,1095,3169,4320,2670,5011,2642,7021,3039,5876,1308,1490,1512,3020,1314,4664,59947,49213,1998,16,5612,0,0,36,10
2021-02-22T23:59:59+01:00,2,6,1754,1525,4300,5704,3578,6455,3524,9151,3977,7580,1719,1948,2067,4016,2266,7008,1,0,1081,1081,3147,4276,2650,4972,2617,6962,3009,5823,1296,1476,1501,3009,1306,4655,59397,48843,1857,9,5291,0,0,35,10
2021-02-21T23:59:59+01:00,2,6,1742,1519,4270,5671,3534,6417,3484,9098,3933,7529,1709,1940,2062,4006,2142,6841,1,0,1074,1070,3126,4236,2621,4922,2602,6894,2980,5736,1283,1460,1477,2948,1277,4574,59042,48263,1851,8,4978,0,0,34,10
2021-02-20T23:59:59+01:00,2,6,1738,1518,4263,5668,3531,6415,3484,9096,3930,7528,1704,1938,2060,4002,2141,6841,1,0,1074,1070,3124,4234,2621,4922,2601,6893,2980,5736,1283,1459,1476,2948,1277,4574,59023,48255,1851,8,4958,0,0,33,10
2021-02-19T23:59:59+01:00,2,6,1709,1508,4249,5649,3521,6401,3473,9086,3921,7513,1677,1909,2039,3984,2041,6658,1,0,1073,1068,3123,4233,2620,4921,2601,6890,2977,5734,1283,1458,1476,2946,1277,4574,58599,48238,1845,8,4870,0,0,32,9
2021-02-18T23:59:59+01:00,2,6,1657,1475,4155,5537,3449,6297,3386,8921,3835,7371,1655,1888,2012,3922,1909,6461,1,0,1025,1026,2983,4015,2493,4654,2491,6551,2869,5469,1250,1415,1444,2859,1248,4419,57941,46196,1794,8,4173,0,0,30,8
2021-02-17T23:59:59+01:00,2,5,1634,1445,4058,5388,3366,6144,3267,8686,3709,7169,1601,1818,1934,3817,1783,6145,0,0,967,977,2835,3793,2377,4345,2367,6141,2740,5157,1199,1352,1396,2746,1198,4242,56700,43817,1784,7,3459,0,0,28,8
2021-02-16T23:59:59+01:00,2,5,1557,1378,3896,5198,3231,5963,3158,8453,3587,7005,1578,1793,1899,3788,1662,5933,0,0,880,946,2703,3638,2280,4135,2242,5820,2610,4905,1142,1258,1249,2441,932,3612,56003,40783,1768,4,2290,0,0,25,6
2021-02-15T23:59:59+01:00,2,5,1538,1359,3847,5112,3171,5877,3101,8339,3521,6900,1566,1779,1884,3765,1653,5910,0,0,844,923,2623,3509,2205,3956,2161,5542,2522,4695,1097,1193,1156,2262,861,3382,55533,38924,1765,2,2007,0,0,24,5
2021-02-14T23:59:59+01:00,2,5,1473,1330,3765,5038,3128,5772,3046,8186,3478,6791,1546,1747,1830,3634,1594,5651,0,0,835,917,2573,3441,2165,3888,2107,5423,2456,4589,1069,1154,1066,2085,785,3132,55291,37679,1136,2,1565,0,0,24,4
2021-02-13T23:59:59+01:00,2,5,1469,1329,3757,5032,3121,5771,3043,8184,3475,6789,1545,1743,1830,3632,1592,5651,0,0,835,917,2573,3441,2165,3887,2105,5422,2455,4589,1066,1153,1065,2085,785,3132,55270,37674,1135,0,1541,0,0,24,1
2021-02-12T23:59:59+01:00,2,4,1431,1310,3720,4999,3098,5751,3021,8152,3456,6745,1529,1733,1820,3615,1583,5630,0,0,827,910,2540,3388,2131,3842,2075,5369,2437,4558,1065,1152,1064,2084,784,3130,55045,37355,1132,0,1399,0,0,23,1
2021-02-11T23:59:59+01:00,2,4,1377,1262,3606,4830,3006,5577,2923,7843,3357,6533,1469,1673,1750,3431,1491,5284,0,0,787,845,2284,2943,1903,3368,1844,4623,2165,4027,975,1080,966,1886,725,2847,54405,33268,139,0,853,0,0,21,0
2021-02-10T23:59:59+01:00,2,4,1351,1238,3544,4726,2943,5472,2880,7693,3303,6400,1450,1656,1722,3393,1477,5245,0,0,704,785,1991,2534,1692,2924,1607,4014,1907,3567,863,934,795,1506,580,2323,53753,28726,137,0,589,0,0,20,0
2021-02-09T23:59:59+01:00,2,3,1339,1219,3488,4657,2914,5403,2859,7601,3266,6331,1442,1640,1694,3370,1467,5232,0,0,654,705,1729,2186,1500,2538,1422,3515,1736,3206,831,901,770,1429,558,2207,53441,25887,132,0,334,0,0,20,0
2021-02-08T23:59:59+01:00,2,3,1325,1215,3459,4626,2895,5364,2838,7550,3246,6302,1430,1633,1684,3344,1465,5213,0,0,639,668,1578,1950,1359,2281,1290,3207,1578,2943,791,880,722,1322,525,2032,53139,23765,106,0,331,0,0,18,0
2021-02-07T23:59:59+01:00,2,3,1192,1172,3355,4571,2841,5321,2811,7512,3221,6264,1420,1616,1675,3320,1458,5180,0,0,493,522,1311,1593,1118,1832,1078,2619,1349,2419,687,751,641,1161,479,1804,52842,19857,78,0,0,0,0,14,0
2021-02-06T23:59:59+01:00,2,3,1188,1170,3353,4569,2837,5319,2804,7509,3217,6261,1419,1614,1674,3316,1457,5179,0,0,370,371,1111,1346,982,1528,937,2213,1183,2003,600,655,614,1143,477,1801,52799,17334,78,0,0,0,0,14,0
2021-02-05T23:59:59+01:00,2,2,1176,1159,3338,4547,2830,5292,2794,7467,3199,6215,1413,1606,1671,3310,1456,5179,0,0,270,212,926,1031,836,1158,762,1764,1008,1593,485,550,588,1123,474,1797,52564,14577,78,0,0,0,0,14,0
2021-02-04T23:59:59+01:00,2,2,1160,1140,3292,4496,2790,5217,2752,7338,3151,6131,1399,1591,1657,3276,1446,5151,0,0,141,85,625,663,546,740,523,1158,668,995,305,369,483,976,429,1633,51922,10339,55,0,0,0,0,14,0
2021-02-03T23:59:59+01:00,2,2,1138,1134,3265,4452,2761,5176,2729,7287,3121,6075,1389,1580,1631,3236,1438,5098,0,0,120,69,495,513,414,597,418,914,512,748,252,289,378,761,332,1269,51451,8081,50,0,0,0,0,13,0
2021-02-02T23:59:59+01:00,2,2,1116,1120,3229,4421,2729,5123,2704,7213,3086,6012,1364,1552,1595,3180,1412,5001,0,0,111,60,413,414,343,519,368,824,459,666,232,266,332,688,304,1134,50800,7133,49,0,0,0,0,12,0
2021-02-01T23:59:59+01:00,2,2,1100,1109,3209,4369,2701,5062,2673,7087,3055,5917,1344,1523,1569,3142,1395,4936,0,0,83,45,313,309,251,392,276,617,328,501,193,217,261,548,236,887,50135,5457,49,0,0,0,0,11,0
2021-01-31T23:59:59+01:00,2,2,1094,1099,3194,4339,2677,5018,2657,7032,3042,5873,1332,1506,1546,3076,1367,4851,0,0,73,43,287,285,226,345,254,573,298,461,172,198,215,447,193,719,49647,4789,49,0,0,0,0,11,0
2021-01-30T23:59:59+01:00,2,2,1093,1099,3191,4335,2676,5018,2656,7031,3042,5872,1332,1505,1545,3076,1367,4851,0,0,72,39,278,271,213,330,249,562,294,455,171,195,214,447,193,719,49636,4702,46,0,0,0,0,11,0
2021-01-29T23:59:59+01:00,2,2,1092,1097,3190,4332,2676,5016,2655,7029,3039,5870,1332,1505,1545,3075,1367,4851,0,0,65,35,260,256,190,310,233,545,283,446,165,191,210,441,192,717,49618,4539,46,0,0,0,0,11,0
2021-01-28T23:59:59+01:00,2,2,1070,1078,3123,4230,2622,4907,2597,6873,2973,5740,1316,1483,1529,3007,1344,4725,0,0,55,18,164,152,127,187,164,360,208,282,132,148,164,278,115,428,48569,2982,43,0,0,0,0,9,0
2021-01-27T23:59:59+01:00,2,2,1024,1039,3040,4088,2541,4728,2503,6591,2889,5539,1284,1438,1488,2913,1307,4573,0,0,26,6,100,69,59,92,85,211,119,148,101,116,120,208,88,308,46947,1856,33,0,0,0,0,9,0
2021-01-26T23:59:59+01:00,1,2,947,1011,2923,3954,2462,4544,2421,6411,2819,5384,1257,1388,1398,2760,1084,4168,0,0,25,6,95,68,58,91,83,211,117,147,99,115,119,208,88,308,44906,1838,21,0,0,0,0,7,0
2021-01-25T23:59:59+01:00,1,2,929,994,2842,3826,2418,4397,2361,6217,2760,5234,1238,1366,1384,2733,1071,4132,0,0,25,6,94,68,56,89,83,211,117,145,99,114,119,208,88,308,43885,1830,14,0,0,0,0,6,0
2021-01-24T23:59:59+01:00,1,2,919,990,2822,3810,2407,4365,2335,6178,2727,5173,1225,1359,1375,2709,1057,4098,0,0,25,6,94,68,56,88,83,210,116,145,98,114,119,208,88,308,43536,1826,10,0,0,0,0,6,0
2021-01-23T23:59:59+01:00,1,2,919,990,2822,3809,2407,4365,2334,6177,2726,5173,1222,1358,1374,2709,1057,4098,0,0,25,6,94,68,56,88,83,210,116,145,98,114,119,208,88,306,43531,1824,9,0,0,0,0,3,0
2021-01-22T23:59:59+01:00,1,2,912,983,2791,3763,2373,4300,2302,6102,2705,5126,1220,1356,1373,2707,1056,4095,0,0,25,6,94,68,56,88,83,210,116,145,98,114,119,208,88,306,43157,1824,9,0,0,0,0,1,0
2021-01-21T23:59:59+01:00,1,2,897,915,2534,3353,2172,3885,2121,5492,2481,4641,1163,1309,1322,2582,1018,3932,0,0,21,6,83,62,52,72,70,170,96,134,88,99,100,154,74,235,39810,1516,9,0,0,0,0,1,0
2021-01-20T23:59:59+01:00,1,2,816,850,2224,2946,1966,3424,1890,4884,2226,4166,1049,1169,1150,2228,883,3408,0,0,21,6,83,62,52,71,69,170,95,134,88,99,100,154,72,235,35273,1511,9,0,0,0,0,0,0
2021-01-19T23:59:59+01:00,1,2,753,771,1930,2499,1726,2967,1656,4224,1983,3692,975,1072,1022,1939,775,3026,0,0,10,3,50,44,33,44,35,100,44,77,40,37,50,83,44,152,31006,846,7,0,0,0,0,0,0
2021-01-18T23:59:59+01:00,1,2,678,711,1700,2103,1488,2494,1410,3540,1730,3188,889,986,916,1724,719,2743,0,0,5,2,19,10,13,21,17,54,17,33,20,22,26,56,31,82,27018,428,4,0,0,0,0,0,0
2021-01-17T23:59:59+01:00,0,2,500,550,1385,1700,1210,1963,1156,2808,1449,2566,748,829,762,1432,595,2348,0,0,0,1,4,2,0,0,0,0,0,0,1,0,0,0,0,0,22000,8,3,0,0,0,0,0,0
2021-01-16T23:59:59+01:00,0,1,380,400,1203,1456,1090,1677,1016,2410,1292,2159,662,733,734,1415,593,2347,0,0,0,0,0,0,0,0,0,0,0,0,0,0,0,0,0,0,19566,0,2,0,0,0,0,0,0
2021-01-15T23:59:59+01:00,0,1,277,239,1018,1158,941,1331,848,1965,1115,1757,543,622,695,1380,580,2306,0,0,0,0,0,0,0,0,0,0,0,0,0,0,0,0,0,0,16775,0,1,0,0,0,0,0,0
2021-01-14T23:59:59+01:00,0,0,159,106,705,776,649,863,613,1309,752,1136,353,433,570,1193,520,2055,0,0,0,0,0,0,0,0,0,0,0,0,0,0,0,0,0,0,12192,0,0,0,0,0,0,0,0
2021-01-13T23:59:59+01:00,0,0,133,86,595,609,525,697,496,1052,595,871,297,357,481,1008,448,1750,0,0,0,0,0,0,0,0,0,0,0,0,0,0,0,0,0,0,10000,0,0,0,0,0,0,0,0
2021-01-12T23:59:59+01:00,0,0,123,70,512,520,449,596,431,922,524,766,262,308,393,811,374,1365,0,0,0,0,0,0,0,0,0,0,0,0,0,0,0,0,0,0,8426,0,0,0,0,0,0,0,0
2021-01-11T23:59:59+01:00,0,0,94,57,416,426,364,485,346,746,419,593,228,257,326,678,305,1152,0,0,0,0,0,0,0,0,0,0,0,0,0,0,0,0,0,0,6892,0,0,0,0,0,0,0,0
2021-01-10T23:59:59+01:00,0,0,79,49,352,353,297,402,293,649,349,525,199,226,261,538,243,897,0,0,0,0,0,0,0,0,0,0,0,0,0,0,0,0,0,0,5712,0,0,0,0,0,0,0,0
2021-01-09T23:59:59+01:00,0,0,78,47,336,332,273,381,285,633,341,518,198,225,260,536,243,897,0,0,0,0,0,0,0,0,0,0,0,0,0,0,0,0,0,0,5583,0,0,0,0,0,0,0,0
2021-01-08T23:59:59+01:00,0,0,72,39,301,297,228,340,256,590,314,478,180,205,235,476,222,794,0,0,0,0,0,0,0,0,0,0,0,0,0,0,0,0,0,0,5027,0,0,0,0,0,0,0,0
2021-01-07T23:59:59+01:00,0,0,58,25,211,196,159,241,197,424,244,341,150,166,180,311,148,508,0,0,0,0,0,0,0,0,0,0,0,0,0,0,0,0,0,0,3559,0,0,0,0,0,0,0,0
2021-01-06T23:59:59+01:00,0,0,46,15,163,117,112,160,146,297,179,242,118,134,138,244,105,362,0,0,0,0,0,0,0,0,0,0,0,0,0,0,0,0,0,0,2578,0,0,0,0,0,0,0,0
2021-01-05T23:59:59+01:00,0,0,28,7,97,70,59,93,88,214,118,150,108,124,129,225,104,336,0,0,0,0,0,0,0,0,0,0,0,0,0,0,0,0,0,0,1950,0,0,0,0,0,0,0,0
2021-01-04T23:59:59+01:00,0,0,26,7,97,69,56,90,88,214,118,148,108,122,128,225,104,336,0,0,0,0,0,0,0,0,0,0,0,0,0,0,0,0,0,0,1936,0,0,0,0,0,0,0,0
2021-01-03T23:59:59+01:00,0,0,26,7,97,69,56,89,88,213,117,148,107,122,128,225,104,336,0,0,0,0,0,0,0,0,0,0,0,0,0,0,0,0,0,0,1932,0,0,0,0,0,0,0,0
2021-01-02T23:59:59+01:00,0,0,26,7,97,69,56,89,87,213,116,148,107,122,128,225,104,335,0,0,0,0,0,0,0,0,0,0,0,0,0,0,0,0,0,0,1929,0,0,0,0,0,0,0,0
2021-01-01T23:59:59+01:00,0,0,26,7,97,69,56,89,87,213,115,147,107,122,128,225,104,335,0,0,0,0,0,0,0,0,0,0,0,0,0,0,0,0,0,0,1927,0,0,0,0,0,0,0,0
2020-12-31T23:59:59+01:00,0,0,26,7,97,69,56,89,87,213,114,147,107,122,128,225,104,335,0,0,0,0,0,0,0,0,0,0,0,0,0,0,0,0,0,0,1926,0,0,0,0,0,0,0,0
2020-12-30T23:59:59+01:00,0,0,26,7,97,69,55,89,86,213,114,147,107,122,128,225,103,335,0,0,0,0,0,0,0,0,0,0,0,0,0,0,0,0,0,0,1923,0,0,0,0,0,0,0,0
2020-12-29T23:59:59+01:00,0,0,14,2,65,52,33,60,50,138,64,89,53,53,73,136,63,227,0,0,0,0,0,0,0,0,0,0,0,0,0,0,0,0,0,0,1172,0,0,0,0,0,0,0,0
2020-12-28T23:59:59+01:00,0,0,5,2,36,24,20,30,21,67,25,41,23,22,27,51,34,82,0,0,0,0,0,0,0,0,0,0,0,0,0,0,0,0,0,0,510,0,0,0,0,0,0,0,0
2020-12-27T23:59:59+01:00,0,0,1,0,8,5,8,2,1,5,0,2,1,1,2,2,4,6,0,0,0,0,0,0,0,0,0,0,0,0,0,0,0,0,0,0,48,0,0,0,0,0,0,0,0
