Datum,<15_m,<15_w,15-24_1_m,15-24_1_w,25-34_1_m,25-34_1_w,35-44_1_m,35-44_1_w,45-54_1_m,45-54_1_w,55-64_1_m,55-64_1_w,65-74_1_m,65-74_1_w,75-84_1_m,75-84_1_w,>84_1_m,>84_1_w,<24_2_m,<24_2_w,25-34_2_m,25-34_2_w,35-44_2_m,35-44_2_w,45-54_2_m,45-54_2_w,55-64_2_m,55-64_2_w,65-74_2_m,65-74_2_w,75-84_2_m,75-84_2_w,>84_2_m,>84_2_w,bp_1,bp_2,mo_1,mo_2,az_1,az_2,ja,unb_1,unb_2
2021-10-14T23:59:59+02:00,11326,10816,69189,69186,110476,107491,100241,99711,96375,101804,95121,96924,56875,70527,44581,61844,11053,22449,62275,62397,103941,100315,94789,93320,91829,96621,91460,93125,55101,68317,43359,59880,10548,21259,843257,791962,136829,131177,158703,145587,97062,212,211
2021-10-13T23:59:59+02:00,11232,10754,69063,69081,110377,107397,100159,99627,96301,101726,95074,96872,56844,70488,44566,61814,11047,22432,62124,62256,103820,100181,94688,93182,91747,96537,91403,93059,55066,68275,43340,59852,10543,21250,842313,790888,136769,131106,158701,145578,96933,212,211
2021-10-12T23:59:59+02:00,11094,10648,68885,68948,110283,107285,100066,99536,96245,101670,95036,96827,56829,70456,44557,61797,11040,22421,61967,62100,103695,100052,94575,93064,91659,96469,91344,93005,55015,68243,43329,59833,10540,21239,841256,789766,136707,131045,158701,145573,96821,211,209
2021-10-11T23:59:59+02:00,11022,10586,68747,68836,110173,107183,99981,99457,96186,101596,94981,96787,56801,70430,44538,61776,11035,22408,61802,61938,103569,99930,94480,92969,91588,96383,91295,92958,54979,68200,43314,59807,10531,21231,840320,788731,136641,130962,158698,145563,96726,211,209
2021-10-10T23:59:59+02:00,10950,10536,68591,68729,110041,107046,99890,99368,96121,101520,94938,96750,56783,70410,44532,61762,11027,22403,61619,61792,103411,99774,94376,92839,91501,96278,91219,92919,54954,68176,43305,59794,10528,21221,839396,787612,136592,130903,158694,145553,96577,211,209
2021-10-09T23:59:59+02:00,10925,10518,68506,68671,109979,107001,99851,99330,96085,101488,94923,96736,56777,70404,44531,61761,11027,22403,61534,61719,103330,99698,94320,92784,91460,96233,91198,92898,54948,68165,43300,59786,10527,21220,839019,787084,136563,130845,158692,145550,96504,211,209
2021-10-08T23:59:59+02:00,10854,10463,68366,68578,109848,106899,99780,99238,96020,101442,94876,96689,56765,70388,44528,61758,11027,22402,61367,61538,103200,99550,94206,92669,91376,96140,91150,92858,54933,68152,43294,59776,10525,21219,838201,785992,136516,130758,158691,145543,96374,211,209
2021-10-07T23:59:59+02:00,10776,10387,68169,68405,109685,106733,99648,99098,95934,101326,94805,96623,56743,70351,44514,61737,11023,22391,61092,61292,103009,99336,94060,92453,91269,96008,91076,92787,54903,68103,43279,59745,10518,21210,836859,784213,136445,130638,158689,145535,96216,211,209
2021-10-06T23:59:59+02:00,10709,10331,68002,68269,109562,106600,99559,98993,95854,101268,94760,96572,56701,70309,44500,61717,11020,22377,60915,61123,102874,99193,93951,92338,91197,95912,91002,92714,54872,68063,43266,59718,10513,21193,835828,783049,136383,130577,158687,145524,96064,211,209
2021-10-05T23:59:59+02:00,10604,10242,67834,68134,109422,106461,99450,98867,95792,101192,94715,96518,56683,70282,44491,61681,11015,22364,60722,60952,102729,99010,93836,92189,91099,95825,90941,92641,54845,68020,43249,59700,10509,21178,834689,781789,136312,130512,158686,145519,95919,211,209
2021-10-04T23:59:59+02:00,10567,10212,67673,67973,109270,106318,99363,98763,95704,101109,94664,96461,56649,70236,44477,61652,11012,22342,60574,60773,102595,98877,93708,92070,91010,95733,90883,92592,54810,67978,43225,59666,10503,21158,833664,780702,136240,130455,158684,145510,95717,210,209
2021-10-03T23:59:59+02:00,10502,10157,67474,67808,109106,106168,99251,98660,95618,101012,94600,96407,56617,70204,44469,61627,11011,22339,60381,60620,102410,98703,93572,91910,90914,95623,90809,92535,54774,67934,43208,59641,10500,21150,832547,779454,136172,130370,158680,145501,95491,210,209
2021-10-02T23:59:59+02:00,10477,10131,67373,67715,109021,106103,99188,98598,95568,100962,94579,96386,56606,70186,44469,61626,11010,22337,60263,60506,102338,98627,93505,91845,90868,95575,90783,92513,54767,67917,43207,59637,10499,21150,832018,778868,136110,130321,158678,145481,95389,210,209
2021-10-01T23:59:59+02:00,10392,10031,67222,67555,108842,105963,99071,98489,95490,100896,94527,96347,56589,70168,44467,61614,11008,22335,60070,60284,102171,98474,93377,91703,90764,95468,90722,92456,54750,67888,43204,59628,10498,21147,830976,777605,136052,130236,158676,145442,95162,210,209
2021-09-30T23:59:59+02:00,10314,9962,67004,67338,108638,105728,98896,98299,95356,100759,94435,96248,56554,70123,44450,61583,11004,22321,59821,60026,101973,98267,93193,91493,90628,95321,90634,92365,54723,67839,43189,59595,10488,21133,829396,775947,135962,130119,158670,145394,94841,210,209
2021-09-29T23:59:59+02:00,10236,9906,66815,67156,108449,105538,98748,98141,95235,100654,94354,96177,56514,70068,44433,61549,10999,22302,59650,59860,101792,98092,93059,91330,90520,95218,90563,92283,54690,67791,43170,59549,10485,21119,828039,774738,135897,130043,158666,145361,94529,210,209
2021-09-28T23:59:59+02:00,10152,9833,66633,66953,108251,105379,98604,97986,95126,100544,94271,96099,56473,70029,44421,61511,10992,22275,59465,59683,101605,97937,92927,91197,90398,95091,90484,92215,54659,67754,43154,59521,10476,21104,826680,773580,135835,129958,158664,145327,94210,210,209
2021-09-27T23:59:59+02:00,10024,9700,66399,66707,108045,105210,98473,97843,95040,100436,94195,96028,56446,69982,44408,61480,10987,22264,59268,59501,101427,97803,92790,91062,90296,94983,90414,92140,54622,67699,43132,59494,10468,21093,825293,772536,135763,129879,158663,145286,93805,210,209
2021-09-26T23:59:59+02:00,9906,9607,66164,66481,107820,105024,98309,97701,94924,100314,94112,95948,56409,69951,44394,61457,10982,22251,59034,59309,101229,97624,92646,90901,90190,94865,90342,92066,54593,67672,43118,59466,10463,21078,823883,771412,135685,129786,158657,145227,93386,210,209
2021-09-25T23:59:59+02:00,9868,9567,66049,66357,107717,104934,98235,97641,94867,100263,94081,95920,56405,69943,44392,61454,10981,22251,58924,59192,101127,97532,92565,90831,90150,94799,90305,92045,54581,67661,43114,59462,10463,21078,823335,770867,135625,129734,158657,145199,93165,210,209
2021-09-24T23:59:59+02:00,9807,9507,65892,66178,107551,104767,98090,97498,94747,100160,94011,95865,56390,69926,44384,61440,10981,22249,58710,58967,100947,97341,92441,90686,90043,94693,90222,91979,54560,67639,43111,59457,10462,21075,822323,769693,135555,129668,158657,145137,92764,210,209
2021-09-23T23:59:59+02:00,9715,9386,65578,65848,107294,104520,97899,97271,94588,99995,93909,95754,56345,69867,44360,61411,10975,22220,58419,58689,100706,97115,92257,90478,89911,94543,90127,91876,54512,67590,43089,59429,10461,21052,820550,768169,135436,129558,158651,145067,92154,210,209
2021-09-22T23:59:59+02:00,9644,9306,65244,65533,107091,104310,97706,97069,94433,99861,93782,95657,56299,69798,44326,61368,10964,22198,58241,58512,100527,96952,92080,90342,89795,94425,90021,91800,54478,67546,43061,59398,10455,21037,818819,767149,135327,129481,158646,144984,91652,210,209
2021-09-21T23:59:59+02:00,9557,9221,65021,65291,106887,104133,97533,96912,94318,99753,93701,95586,56249,69747,44308,61325,10957,22186,58053,58335,100337,96800,91941,90211,89708,94336,89932,91726,54439,67489,43040,59359,10446,21019,817376,766116,135251,129387,158643,144920,91270,210,209
2021-09-20T23:59:59+02:00,9498,9165,64737,64989,106695,103951,97373,96748,94214,99657,93635,95510,56209,69704,44288,61282,10952,22175,57864,58186,100160,96658,91789,90061,89566,94237,89853,91655,54394,67452,43014,59323,10440,21003,815970,765133,135174,129306,158638,144773,90854,210,209
2021-09-19T23:59:59+02:00,9448,9121,64460,64820,106468,103760,97225,96582,94077,99558,93533,95436,56180,69650,44278,61257,10949,22163,57623,57994,99920,96485,91605,89898,89384,94066,89736,91573,54356,67391,42995,59289,10439,20990,814660,763942,135093,129190,158635,144512,90431,210,209
2021-09-18T23:59:59+02:00,9416,9076,64366,64720,106350,103664,97115,96496,94009,99487,93500,95408,56172,69641,44274,61252,10947,22162,57503,57874,99817,96387,91483,89818,89313,94003,89700,91543,54346,67386,42988,59286,10437,20986,814090,763315,135004,129125,158633,144500,90182,210,209
2021-09-17T23:59:59+02:00,9338,8990,64175,64560,106175,103508,96946,96342,93879,99389,93427,95332,56156,69614,44263,61246,10941,22156,57300,57641,99632,96227,91332,89702,89197,93898,89623,91482,54331,67359,42980,59279,10437,20983,812993,762205,134917,129029,158629,144483,89752,210,209
2021-09-16T23:59:59+02:00,9248,8884,63905,64271,105906,103254,96716,96107,93692,99212,93325,95243,56105,69560,44250,61219,10934,22142,57052,57374,99370,95999,91140,89495,89022,93740,89522,91395,54285,67309,42958,59258,10432,20971,811224,760722,134830,128893,158619,144419,89153,210,209
2021-09-15T23:59:59+02:00,9178,8829,63557,63982,105710,103043,96509,95914,93557,99054,93223,95159,56067,69503,44214,61188,10929,22115,56879,57218,99179,95836,90971,89339,88917,93627,89419,91333,54253,67261,42933,59225,10428,20955,809490,759680,134776,128776,158615,144383,88702,210,209
2021-09-14T23:59:59+02:00,9136,8778,63268,63777,105479,102831,96312,95736,93424,98914,93107,95073,56021,69446,44189,61150,10924,22099,56678,57038,99004,95650,90804,89176,88785,93517,89337,91262,54216,67221,42911,59198,10423,20940,807967,758648,134707,128684,158607,144285,88235,210,208
2021-09-13T23:59:59+02:00,9101,8744,62976,63516,105255,102604,96142,95568,93280,98779,93020,94975,55971,69392,44172,61117,10917,22087,56471,56857,98811,95460,90650,89019,88654,93411,89251,91187,54179,67176,42891,59169,10420,20923,806476,757563,134619,128570,158597,144243,87776,210,208
2021-09-12T23:59:59+02:00,9050,8696,62673,63274,105012,102358,95932,95340,93119,98650,92924,94895,55921,69343,44156,61086,10912,22076,56272,56697,98569,95252,90484,88851,88519,93295,89154,91112,54136,67119,42869,59141,10416,20906,804963,756541,134521,128443,158593,144172,87191,210,208
2021-09-11T23:59:59+02:00,9003,8663,62552,63144,104870,102238,95829,95231,93034,98572,92885,94863,55906,69329,44151,61074,10912,22075,56125,56608,98421,95146,90386,88752,88420,93229,89117,91086,54126,67100,42865,59131,10416,20905,804281,755945,134463,128366,158593,144153,86845,210,208
2021-09-10T23:59:59+02:00,8908,8553,62317,62883,104673,102026,95657,95041,92893,98447,92791,94791,55872,69300,44137,61056,10912,22073,55884,56402,98223,94960,90202,88569,88287,93100,89033,91016,54104,67079,42852,59112,10416,20901,802907,754787,134400,128250,158590,144137,86284,210,208
2021-09-09T23:59:59+02:00,8810,8455,62009,62611,104399,101711,95424,94752,92718,98222,92656,94675,55833,69236,44116,61026,10902,22052,55635,56179,97972,94710,89981,88338,88126,92947,88891,90931,54062,67030,42831,59082,10410,20895,800956,753382,134296,128065,158586,144065,85620,210,208
2021-09-08T23:59:59+02:00,8750,8405,61795,62383,104185,101478,95237,94534,92556,98057,92543,94546,55798,69170,44082,60986,10889,22028,55477,56025,97788,94506,89824,88142,87968,92802,88772,90826,54024,66968,42795,59040,10399,20860,799505,752374,134191,127917,158577,143977,85000,210,208
2021-09-07T23:59:59+02:00,8699,8353,61558,62173,103960,101245,95054,94344,92416,97918,92441,94470,55764,69121,44053,60931,10879,22006,55282,55862,97571,94310,89639,87977,87841,92694,88674,90737,53982,66922,42770,59008,10394,20843,798034,751295,134087,127790,158573,143849,84542,210,208
2021-09-06T23:59:59+02:00,8658,8311,61354,62000,103760,101073,94914,94188,92299,97793,92355,94397,55707,69064,44031,60904,10872,21973,55114,55694,97373,94147,89472,87821,87713,92569,88577,90657,53930,66875,42749,58963,10384,20819,796812,750193,133997,127656,158562,143766,84133,210,208
2021-09-05T23:59:59+02:00,8597,8262,61145,61798,103599,100888,94759,94020,92177,97681,92278,94330,55680,69022,44020,60883,10867,21965,54910,55493,97180,93947,89284,87661,87573,92444,88493,90571,53881,66825,42732,58940,10379,20803,795634,749031,133917,127486,158559,143671,83712,210,208
2021-09-04T23:59:59+02:00,8546,8232,61027,61689,103513,100790,94658,93935,92121,97613,92242,94305,55671,69011,44014,60873,10867,21964,54783,55379,97062,93821,89168,87562,87504,92363,88445,90537,53866,66814,42726,58929,10379,20802,795043,748380,133868,127363,158555,143653,83456,210,208
2021-09-03T23:59:59+02:00,8468,8160,60838,61507,103344,100637,94512,93794,92018,97499,92171,94253,55643,68985,44006,60859,10865,21957,54577,55197,96861,93605,88975,87370,87358,92190,88353,90458,53833,66780,42715,58910,10375,20799,793952,747131,133815,127135,158547,143617,83053,210,208
2021-09-02T23:59:59+02:00,8351,8069,60587,61264,103093,100398,94319,93575,91833,97338,92054,94156,55597,68928,43983,60824,10861,21936,54313,54939,96568,93328,88734,87098,87137,91986,88210,90343,53788,66698,42684,58859,10365,20763,792318,745483,133706,126777,158536,143499,82456,210,208
2021-09-01T23:59:59+02:00,8287,7988,60379,61053,102898,100228,94171,93424,91718,97215,91950,94083,55554,68878,43965,60800,10853,21918,54058,54720,96341,93108,88539,86884,86959,91819,88070,90234,53723,66609,42646,58815,10355,20742,791082,744036,133633,126517,158520,143380,81977,210,204
2021-08-31T23:59:59+02:00,8207,7913,60175,60809,102702,100048,93996,93268,91596,97100,91827,94001,55508,68827,43939,60760,10844,21902,53805,54462,96074,92859,88325,86651,86802,91659,87909,90130,53678,66537,42620,58760,10348,20723,789736,742544,133553,126208,158507,143271,81476,210,204
2021-08-30T23:59:59+02:00,8111,7836,59972,60625,102533,99906,93879,93138,91479,96998,91760,93922,55475,68799,43923,60726,10839,21886,53555,54269,95835,92626,88116,86423,86624,91517,87783,90007,53622,66459,42579,58696,10331,20694,788634,741113,133496,125895,158500,143124,81026,210,203
2021-08-29T23:59:59+02:00,8034,7758,59695,60384,102296,99709,93695,92965,91339,96881,91671,93833,55430,68749,43899,60696,10837,21877,53205,53960,95516,92338,87825,86164,86390,91321,87629,89880,53553,66384,42549,58656,10325,20677,787277,739208,133406,125559,158485,142979,80429,210,203
2021-08-28T23:59:59+02:00,7978,7691,59558,60273,102191,99601,93591,92882,91254,96806,91626,93803,55416,68736,43891,60692,10836,21875,53027,53812,95355,92206,87690,86053,86279,91233,87559,89836,53536,66363,42540,58649,10323,20676,786658,738384,133367,125454,158481,142953,80043,210,203
2021-08-27T23:59:59+02:00,7912,7606,59371,60081,102021,99434,93450,92755,91144,96700,91540,93746,55394,68707,43881,60675,10835,21872,52780,53566,95060,91932,87469,85848,86106,91078,87452,89737,53493,66327,42525,58623,10318,20673,785673,736812,133305,125253,158443,142917,79552,210,203
2021-08-26T23:59:59+02:00,7826,7507,59134,59834,101795,99215,93233,92532,90966,96519,91433,93648,55345,68645,43848,60648,10829,21860,52445,53283,94694,91582,87134,85538,85865,90820,87294,89605,53431,66238,42479,58580,10311,20661,784204,734904,133207,124845,158420,142785,78835,210,201
2021-08-25T23:59:59+02:00,7754,7416,58906,59637,101626,99072,93082,92350,90846,96396,91324,93569,55307,68593,43814,60604,10824,21837,52145,53030,94391,91328,86910,85294,85668,90632,87161,89479,53363,66152,42431,58512,10305,20630,782991,733180,133125,124533,158410,142717,78281,209,199
2021-08-24T23:59:59+02:00,7704,7364,58686,59419,101440,98899,92916,92188,90735,96270,91239,93498,55269,68539,43787,60561,10818,21812,51823,52767,94041,91042,86610,85043,85458,90441,87009,89318,53278,66058,42383,58446,10297,20608,781856,731359,133033,124231,158403,142498,77702,209,199
2021-08-23T23:59:59+02:00,7648,7312,58484,59213,101277,98743,92786,92028,90643,96185,91163,93413,55231,68496,43758,60535,10814,21794,51501,52501,93703,90765,86362,84768,85263,90271,86874,89193,53200,65965,42348,58396,10290,20590,780718,729466,132962,123945,158393,142324,77300,209,198
2021-08-22T23:59:59+02:00,7580,7256,58288,59031,101074,98584,92629,91892,90548,96069,91084,93346,55195,68450,43744,60511,10808,21780,51129,52148,93303,90363,86054,84462,85026,90043,86705,89068,53120,65858,42312,58333,10276,20558,779697,727121,132860,123633,158381,142108,76781,209,194
2021-08-21T23:59:59+02:00,7526,7218,58154,58908,100940,98478,92524,91788,90449,96008,91027,93311,55175,68428,43736,60494,10806,21777,50797,51847,93136,90215,85885,84304,84879,89919,86619,89005,53089,65834,42302,58317,10275,20552,779020,725596,132785,123405,158380,142067,76412,209,194
2021-08-20T23:59:59+02:00,7473,7166,57999,58736,100768,98327,92373,91654,90334,95884,90951,93251,55153,68403,43726,60477,10804,21772,50465,51508,92872,89948,85621,84070,84664,89715,86486,88895,53058,65793,42279,58293,10268,20545,778065,723630,132736,123199,158374,142002,75926,209,194
2021-08-19T23:59:59+02:00,7406,7106,57752,58501,100493,98099,92165,91462,90172,95719,90823,93147,55111,68344,43701,60446,10797,21758,50021,51070,92442,89547,85214,83668,84353,89400,86272,88711,52987,65685,42241,58232,10258,20527,776701,720933,132603,122753,158366,141796,75182,209,193
2021-08-18T23:59:59+02:00,7342,7051,57571,58340,100308,97919,92022,91299,90033,95599,90722,93053,55044,68280,43672,60400,10787,21738,49670,50703,92065,89221,84894,83337,84075,89150,86082,88539,52872,65568,42170,58140,10243,20497,775551,718539,132513,122364,158359,141557,74608,208,193
2021-08-17T23:59:59+02:00,7280,7000,57381,58184,100116,97745,91856,91151,89911,95468,90626,92961,55005,68232,43647,60372,10785,21723,49177,50282,91615,88799,84491,82982,83746,88856,85876,88336,52769,65443,42112,58063,10237,20473,774438,715524,132409,121955,158346,141267,74102,207,193
2021-08-16T23:59:59+02:00,7221,6934,57198,58008,99913,97570,91708,90991,89769,95351,90511,92864,54953,68171,43618,60321,10778,21709,48611,49707,91137,88352,84022,82586,83411,88563,85645,88130,52665,65328,42054,57985,10228,20437,773271,711995,132317,121511,158339,141039,73513,207,193
2021-08-15T23:59:59+02:00,7155,6886,56977,57820,99728,97386,91550,90850,89645,95245,90422,92805,54915,68130,43598,60292,10774,21702,47488,48570,90493,87661,83465,82042,83016,88176,85358,87923,52557,65206,42010,57926,10219,20418,772189,706182,132206,120882,158330,140859,73007,207,192
2021-08-14T23:59:59+02:00,7123,6853,56855,57732,99587,97287,91447,90774,89557,95176,90371,92760,54900,68114,43593,60285,10773,21701,47335,48426,90260,87487,83252,81834,82891,88075,85288,87879,52529,65175,42001,57915,10218,20416,771664,705365,132150,120558,158326,140808,72600,207,192
2021-08-13T23:59:59+02:00,7078,6808,56701,57603,99429,97159,91320,90637,89451,95062,90290,92696,54870,68063,43579,60262,10771,21694,47030,48108,89783,87082,82852,81457,82627,87842,85118,87738,52486,65107,41979,57891,10215,20404,770836,703138,132091,120001,158319,140728,72081,205,192
2021-08-12T23:59:59+02:00,7043,6757,56497,57441,99216,96982,91146,90471,89306,94921,90195,92616,54832,68011,43553,60228,10763,21677,46615,47717,89135,86505,82272,80906,82247,87515,84890,87559,52412,65006,41926,57832,10205,20386,769773,700164,131988,119159,158306,140478,71442,205,191
2021-08-11T23:59:59+02:00,7008,6702,56310,57269,99009,96800,90986,90330,89173,94807,90084,92513,54780,67951,43522,60189,10754,21662,46199,47258,88508,85853,81690,80395,81909,87209,84619,87316,52323,64865,41854,57707,10186,20337,768644,696986,131890,118203,158283,140143,70889,202,190
2021-08-10T23:59:59+02:00,6947,6654,56125,57104,98789,96651,90829,90180,89044,94694,90000,92436,54735,67904,43506,60149,10750,21649,45762,46790,87860,85226,81081,79852,81498,86829,84374,87100,52202,64756,41794,57624,10172,20306,767581,693643,131796,117259,158264,139826,70362,202,190
2021-08-09T23:59:59+02:00,6895,6595,55952,56941,98594,96497,90674,90042,88903,94598,89889,92373,54696,67855,43481,60114,10743,21634,45195,46235,87022,84550,80390,79264,81084,86480,84080,86876,52090,64624,41738,57523,10158,20264,766556,689821,131723,116194,158254,139478,69800,202,187
2021-08-08T23:59:59+02:00,6824,6526,55725,56751,98383,96308,90495,89876,88766,94477,89794,92297,54640,67808,43455,60079,10736,21613,44589,45620,85949,83609,79482,78451,80540,86002,83749,86575,51955,64470,41674,57432,10145,20237,765335,684680,131611,115011,158234,139162,69229,202,187
2021-08-07T23:59:59+02:00,6780,6475,55579,56627,98243,96192,90366,89773,88671,94419,89731,92257,54621,67782,43452,60069,10733,21608,43748,44738,85611,83271,79005,78011,80180,85649,83567,86430,51892,64386,41653,57396,10140,20228,764663,680960,131548,113862,158230,139057,68793,202,186
2021-08-06T23:59:59+02:00,6724,6426,55387,56477,98010,96008,90214,89643,88546,94302,89633,92186,54581,67754,43443,60042,10730,21604,42826,43848,85142,82801,78418,77455,79790,85264,83376,86283,51839,64321,41627,57364,10132,20214,763700,676993,131448,112579,158223,138921,68195,202,185
2021-08-05T23:59:59+02:00,6658,6354,55066,56231,97711,95736,89953,89421,88333,94110,89464,92050,54517,67664,43413,59990,10721,21586,41584,42678,84409,82117,77639,76654,79193,84699,83020,85980,51709,64161,41566,57261,10117,20182,762042,671416,131321,110942,158211,138375,67260,202,184
2021-08-04T23:59:59+02:00,6577,6304,54827,56043,97458,95523,89768,89255,88191,93968,89346,91952,54464,67612,43375,59943,10717,21576,41107,42184,83183,81067,76296,75509,78703,84244,82700,85733,51567,64022,41509,57174,10101,20156,760748,666214,131212,109430,158197,137905,66598,202,184
2021-08-03T23:59:59+02:00,6511,6238,54568,55848,97222,95331,89591,89091,88048,93822,89200,91831,54384,67531,43338,59885,10709,21568,40669,41757,81932,79928,74872,74320,78094,83674,82155,85240,51353,63817,41408,57019,10088,20120,759365,660384,131107,107729,158172,137201,65928,202,184
2021-08-02T23:59:59+02:00,6449,6176,54329,55644,96961,95109,89369,88916,87876,93682,89056,91718,54301,67458,43305,59833,10706,21548,40190,41271,80611,78816,73322,73113,77468,83109,81611,84755,51183,63613,41333,56898,10071,20086,757931,654312,130956,105969,158150,136596,65256,201,182
2021-08-01T23:59:59+02:00,6383,6090,54061,55378,96694,94838,89130,88740,87673,93538,88891,91608,54232,67371,43268,59781,10699,21541,39670,40779,79318,77735,71908,72008,76575,82356,81025,84288,50993,63375,41245,56793,10060,20062,756319,648128,130760,104065,158123,135984,64572,198,179
2021-07-31T23:59:59+02:00,6347,6052,53939,55284,96573,94743,89029,88674,87582,93467,88846,91572,54220,67361,43262,59777,10699,21540,38711,39758,78871,77290,71371,71457,76190,82029,80910,84193,50974,63342,41229,56781,10060,20059,755837,643452,130590,103190,158120,135889,64278,198,179
2021-07-30T23:59:59+02:00,6292,6017,53762,55141,96412,94566,88872,88525,87450,93352,88763,91502,54183,67330,43249,59759,10697,21538,37704,38702,78165,76638,70617,70719,75675,81501,80509,83868,50897,63253,41195,56721,10054,20047,754937,637261,130274,102051,158117,135679,63941,197,178
2021-07-29T23:59:59+02:00,6241,5958,53526,54955,96150,94338,88660,88317,87279,93177,88623,91376,54123,67266,43226,59722,10689,21517,36456,37466,77107,75769,69566,69767,74867,80738,79971,83438,50765,63089,41128,56626,10037,20020,753692,629485,129791,100494,158101,135124,63419,196,178
2021-07-28T23:59:59+02:00,6204,5905,53325,54786,95943,94130,88510,88136,87163,93037,88511,91278,54065,67191,43192,59674,10679,21486,35843,36863,75937,74789,68291,68668,74105,80024,79480,82980,50624,62888,41058,56523,10021,19979,752514,623146,129341,99080,158084,134334,63136,196,176
2021-07-27T23:59:59+02:00,6155,5864,53091,54564,95682,93920,88327,87951,87004,92884,88387,91180,54012,67115,43150,59611,10665,21438,35189,36107,74478,73539,66838,67452,73242,79179,78936,82461,50449,62675,40978,56402,9996,19937,751100,615844,128909,97629,158061,133102,62790,196,175
2021-07-26T23:59:59+02:00,6098,5811,52870,54355,95435,93732,88128,87784,86840,92747,88258,91078,53951,67035,43121,59555,10658,21416,34423,35277,72962,72204,65466,66215,72194,78188,78345,81931,50276,62460,40900,56254,9974,19892,749750,607775,128485,96095,158043,132030,62455,195,175
2021-07-25T23:59:59+02:00,6060,5767,52662,54152,95181,93501,87950,87590,86682,92616,88150,90980,53900,66972,43093,59512,10648,21381,33717,34515,71622,70997,64350,65200,71192,77274,77869,81479,50158,62274,40835,56167,9968,19857,748340,600805,128211,94528,158021,131229,62086,195,175
2021-07-24T23:59:59+02:00,5973,5709,52387,53853,94873,93185,87703,87380,86506,92459,88050,90899,53871,66938,43081,59489,10648,21375,33212,34024,70759,70300,63679,64645,70316,76572,77664,81328,50103,62231,40813,56142,9968,19855,746455,596386,128159,93593,158020,131101,61605,195,175
2021-07-23T23:59:59+02:00,5920,5653,52113,53578,94473,92898,87405,87165,86325,92282,87911,90805,53838,66890,43073,59471,10645,21369,32693,33376,69693,69442,62899,63978,69413,75722,77261,81001,50028,62133,40781,56103,9961,19841,744404,590767,128085,92435,158014,130928,61171,195,175
2021-07-22T23:59:59+02:00,5850,5589,51695,53176,93995,92452,87017,86832,86015,91983,87698,90619,53753,66796,43044,59411,10637,21343,31986,32653,68377,68449,61850,63097,67794,74364,76609,80490,49877,61926,40689,55987,9940,19801,741353,584318,127849,89678,157990,130159,60574,194,174
2021-07-21T23:59:59+02:00,5798,5537,51324,52792,93558,92035,86710,86530,85758,91739,87524,90431,53669,66712,42985,59344,10626,21315,31372,32003,67044,67406,60763,62203,65749,72673,75704,79745,49586,61616,40528,55799,9916,19744,738544,578020,127609,85361,157960,129068,60134,194,174
2021-07-20T23:59:59+02:00,5740,5473,50933,52398,93093,91569,86344,86204,85489,91482,87301,90234,53577,66577,42936,59285,10619,21290,30713,31354,65579,66216,59629,61241,64571,71615,75092,79189,49381,61384,40422,55641,9892,19683,735574,570974,127386,83686,157904,128043,59540,194,174
2021-07-19T23:59:59+02:00,5663,5399,50461,51938,92623,91089,85973,85871,85241,91268,87094,90055,53484,66457,42900,59205,10601,21255,30170,30770,64413,65157,58712,60380,63417,70580,74493,78674,49207,61188,40330,55495,9864,19639,732297,565186,127157,81879,157869,126854,59114,194,174
2021-07-18T23:59:59+02:00,5594,5329,49634,51123,91543,90032,85241,85257,84759,90836,86800,89763,53378,66308,42837,59108,10591,21224,29615,30183,63226,64084,57787,59463,62238,69552,73942,78174,49059,61025,40272,55412,9852,19611,725821,559343,126824,79853,157852,126044,58720,194,173
2021-07-17T23:59:59+02:00,5420,5142,49281,50789,91400,89896,85046,85097,84603,90698,86693,89680,53357,66281,42826,59096,10590,21221,29227,29802,62578,63488,57232,59041,61487,68817,73636,77933,48949,60907,40233,55354,9842,19600,724638,556327,126648,78885,157847,125430,57842,194,173
2021-07-16T23:59:59+02:00,5319,5051,48957,50496,91134,89672,84800,84898,84403,90514,86554,89573,53315,66249,42808,59082,10587,21216,28731,29301,61638,62579,56386,58355,60433,67779,73134,77512,48788,60719,40187,55285,9837,19591,723257,551371,126478,77563,157836,124692,56917,193,173
2021-07-15T23:59:59+02:00,5183,4918,48483,50084,90733,89291,84440,84518,84099,90236,86332,89405,53235,66158,42753,59012,10578,21189,28002,28671,60319,61510,55260,57370,59021,66465,72400,76925,48558,60457,40098,55154,9822,19536,720782,545541,126058,75368,157801,123019,55852,192,173
2021-07-14T23:59:59+02:00,5077,4803,48128,49708,90425,88998,84152,84204,83849,89996,86130,89247,53145,66051,42695,58923,10561,21157,27470,28108,59222,60517,54289,56524,58142,65616,71792,76337,48290,60179,39991,54980,9800,19492,718610,540113,125698,74448,157751,121321,55037,191,173
2021-07-13T23:59:59+02:00,4965,4686,47724,49324,90026,88645,83847,83897,83582,89736,85924,89078,53035,65946,42640,58858,10555,21136,26807,27431,57853,59331,53098,55532,57152,64703,71066,75699,48012,59855,39861,54802,9768,19440,716247,533766,125327,73334,157693,119271,54184,190,172
2021-07-12T23:59:59+02:00,4794,4516,47173,48807,89629,88302,83452,83576,83332,89475,85733,88918,52954,65851,42592,58795,10543,21121,26177,26773,56352,57980,51812,54473,55929,63557,70321,75081,47638,59426,39685,54579,9727,19375,713524,526478,124959,72314,157629,116923,53298,190,172
2021-07-11T23:59:59+02:00,4399,4143,46223,47880,89196,87868,83038,83189,83022,89187,85537,88770,52867,65760,42567,58739,10532,21104,25573,26204,54976,56719,50517,53428,54887,62524,69725,74529,47292,59046,39560,54404,9702,19333,709556,519853,124489,71306,157590,115133,52236,187,171
2021-07-10T23:59:59+02:00,4386,4130,45893,47536,88739,87387,82704,82880,82918,89087,85471,88713,52846,65737,42558,58725,10531,21100,25085,25666,53886,55774,49658,52845,54288,61956,69509,74343,46923,58627,39460,54299,9697,19322,708885,515530,124021,71221,157413,113812,50873,186,171
2021-07-09T23:59:59+02:00,4367,4118,45474,47092,88118,86822,82328,82536,82666,88900,85357,88621,52810,65708,42551,58712,10527,21091,24382,24888,52565,54542,48716,51965,53509,61105,69087,73938,46564,58217,39372,54209,9690,19310,707462,509355,123436,70815,157250,112464,49502,185,171
2021-07-08T23:59:59+02:00,4337,4091,44922,46591,87256,86111,81797,82020,82411,88658,85162,88467,52743,65641,42519,58666,10516,21075,23392,23947,50623,52965,47331,50813,52369,59977,68395,73302,46044,57657,39235,54045,9662,19241,705335,501602,122544,69542,156959,109922,47985,184,170
2021-07-07T23:59:59+02:00,4314,4064,44337,45996,86416,85351,81244,81538,82124,88360,84953,88303,52664,65540,42476,58602,10508,21055,22501,23029,48677,51282,45813,49673,51128,58792,67694,72767,45307,56914,39040,53807,9630,19183,702817,493416,121543,68432,156701,106813,46605,181,168
2021-07-06T23:59:59+02:00,4281,4043,43791,45472,85549,84613,80629,80948,81754,88029,84777,88127,52575,65458,42438,58539,10499,21030,21661,22160,46673,49499,44426,48421,49847,57454,66945,72048,44477,56139,38854,53569,9612,19128,700165,484442,120521,67349,156400,103842,45289,179,168
2021-07-05T23:59:59+02:00,4259,4007,42629,44483,84032,83509,79901,80328,81295,87606,84502,87862,52459,65322,42387,58460,10485,21002,20468,21091,44713,47897,43404,47457,48818,56491,66248,71429,43714,55277,38679,53345,9588,19090,696841,478451,119461,66476,156033,100751,42017,178,168
2021-07-04T23:59:59+02:00,4232,3985,41266,43263,82381,82192,79174,79721,80822,87184,84230,87660,52366,65196,42342,58408,10472,20973,19114,19885,42913,46370,42704,46711,48005,55638,65664,70860,42971,54427,38515,53153,9568,19043,693718,473785,118308,65539,155607,98136,38058,178,167
2021-07-03T23:59:59+02:00,3765,3568,39691,41715,81515,81535,78689,79232,80376,86706,84011,87488,52298,65095,42324,58356,10469,20967,18303,19195,41994,45675,42286,46336,47599,55238,65498,70694,42380,53698,38452,53054,9561,19033,689965,471846,116996,65440,155523,96542,35140,178,167
2021-07-02T23:59:59+02:00,3207,2996,38135,40215,80783,80804,78017,78525,79856,86202,83770,87284,52246,65009,42296,58309,10457,20954,17533,18465,40835,44707,41550,45637,46765,54456,64976,70243,41429,52492,38322,52866,9545,19014,684918,466765,115591,64972,155371,94045,33010,177,165
2021-07-01T23:59:59+02:00,2560,2449,36416,38546,79799,79936,77176,77692,79149,85564,83455,87007,52123,64851,42233,58206,10439,20925,16649,17536,39286,43467,40333,44576,45461,53324,64233,69664,40538,51355,38173,52658,9528,18982,678579,460334,113861,63319,155146,91279,30765,177,165
2021-06-30T23:59:59+02:00,2518,2419,35404,37527,77956,78435,75475,76199,78503,85016,83169,86714,51990,64691,42173,58109,10427,20898,15614,16555,37606,42246,39134,43472,44304,52263,63477,69035,39992,50669,38055,52459,9506,18946,672713,454194,112124,61982,154932,89394,27679,177,164
2021-06-29T23:59:59+02:00,2483,2386,34564,36627,76355,76940,73862,74787,77708,84299,82623,86223,51807,64472,42097,57978,10409,20862,14778,15650,36292,41097,38223,42649,43084,51212,62759,68450,39280,49732,37919,52239,9483,18902,666353,449003,110244,60152,154663,87442,25047,177,163
2021-06-28T23:59:59+02:00,2442,2352,33738,35814,74742,75524,72180,73392,76686,83512,82019,85725,51631,64244,42020,57871,10396,20829,14028,14887,35231,40074,37403,41920,41954,50213,62108,67904,38408,48647,37752,52018,9464,18856,659876,444154,108286,58638,154066,85243,22714,177,162
2021-06-27T23:59:59+02:00,2427,2337,33000,35066,73178,74151,70771,72185,75288,82390,81341,85169,51434,64027,41955,57753,10386,20800,13391,14252,34272,39310,36745,41319,41018,49362,61566,67461,37542,47614,37600,51839,9449,18825,653668,440242,106347,57870,153113,82977,20355,176,160
2021-06-26T23:59:59+02:00,1790,1727,31957,33959,72818,73832,70304,71720,74995,82078,81247,85089,51414,64001,41941,57743,10385,20797,13197,14043,33608,38768,36099,40898,40495,49028,60575,66453,36546,46476,37432,51626,9435,18792,648867,434257,105404,57818,153109,81031,20244,174,159
2021-06-25T23:59:59+02:00,1172,1129,30833,32782,72323,73296,69692,71025,74569,81631,80871,84765,51352,63913,41907,57700,10380,20783,12862,13652,32757,37974,35230,40078,39548,48187,59361,65218,36031,45776,37241,51326,9412,18751,642528,425832,104210,57369,153102,79969,20110,174,158
2021-06-24T23:59:59+02:00,569,569,29489,31453,71543,72537,68819,70139,73896,80997,80424,84400,51246,63783,41855,57630,10369,20749,12195,12943,31581,36670,34011,38815,38417,47075,57724,63842,35554,45259,37084,51136,9393,18691,634692,416471,102721,55814,152990,78084,19892,173,157
2021-06-23T23:59:59+02:00,542,537,28984,30898,70430,71554,67547,68999,73145,80310,79973,83995,51134,63608,41795,57534,10353,20717,11700,12410,30582,35431,33078,37594,37394,46190,55777,62120,34999,44693,36917,50910,9372,18626,628452,406684,101145,54750,152883,76825,19403,173,156
2021-06-22T23:59:59+02:00,519,520,28463,30297,69257,70519,66341,67973,72467,79605,79561,83625,51026,63481,41747,57450,10344,20691,11353,11994,29669,34502,32124,36702,36435,45290,53801,60276,34614,44217,36780,50668,9343,18568,622101,398135,99683,53181,152749,75707,19181,173,154
2021-06-21T23:59:59+02:00,487,486,27794,29615,67936,69335,65152,66844,71709,78825,79165,83234,50919,63371,41688,57361,10330,20650,11060,11677,29044,33919,31572,36134,35827,44699,51955,58620,33903,43415,36483,50243,9313,18492,615268,390552,98180,51984,152626,75032,18656,172,153
2021-06-20T23:59:59+02:00,402,405,27158,28945,66708,68195,64132,65909,70905,78083,78810,82897,50842,63245,41639,57294,10325,20617,10772,11409,28496,33415,31116,35644,35314,44176,50107,56822,33361,42733,36286,49908,9283,18432,608870,383122,96717,51233,152527,74560,18226,172,149
2021-06-19T23:59:59+02:00,369,371,26771,28567,65973,67621,63604,65406,70106,77428,78659,82773,50821,63220,41623,57278,10324,20617,10638,11210,28242,33094,30861,35320,35090,43914,48662,55426,33102,42386,36202,49769,9275,18404,604900,377711,95772,51221,152527,74368,18161,172,149
2021-06-18T23:59:59+02:00,341,338,26310,28093,64958,66882,62867,64795,69185,76590,78269,82440,50758,63145,41596,57242,10320,20609,10422,10966,27842,32672,30532,34907,34698,43516,46922,53748,32749,41872,36065,49558,9256,18370,599473,370840,94530,50932,152521,74147,18043,172,148
2021-06-17T23:59:59+02:00,312,307,25665,27481,63688,65885,61867,63988,67596,75178,77743,82036,50658,62991,41533,57160,10307,20582,10005,10603,27053,31975,29792,34227,33861,42816,45413,52251,32302,41239,35901,49302,9225,18320,593371,363394,91869,49789,152359,73762,17208,171,147
2021-06-16T23:59:59+02:00,277,269,25131,26888,62385,64750,60762,63015,65327,73254,76900,81380,50444,62782,41442,57048,10288,20550,9681,10341,26403,31301,29089,33605,33132,42179,44818,51685,32031,40875,35755,49102,9204,18279,587105,359689,87358,49082,151938,72252,16323,169,147
2021-06-15T23:59:59+02:00,238,238,24477,26178,60976,63524,59681,62032,64172,72171,76393,80960,50322,62633,41391,56952,10281,20520,9412,10058,25803,30564,28453,32851,32451,41455,43256,50051,31580,40319,35583,48869,9174,18215,579937,352953,85732,48189,151482,70998,15820,169,147
2021-06-14T23:59:59+02:00,215,206,24002,25578,59866,62470,58805,61186,63096,71166,75920,80571,50233,62510,41341,56880,10266,20495,9118,9755,25052,29672,27691,32017,31662,40639,41966,48706,31210,39820,35446,48646,9144,18164,574061,346797,84015,47170,151277,69322,15285,169,146
2021-06-13T23:59:59+02:00,210,191,23583,25108,58924,61564,58032,60398,61986,70197,75455,80150,50143,62394,41290,56821,10254,20465,8833,9450,24343,28829,26981,31179,30901,39783,40406,47117,30745,39209,35243,48340,9114,18074,569036,339730,82159,46386,151050,67547,14752,169,144
2021-06-12T23:59:59+02:00,197,173,23325,24827,58365,61056,57671,60119,61344,69556,75254,80038,50118,62363,41278,56807,10251,20461,8714,9330,23867,28248,26459,30606,30373,39223,39305,46142,30576,39030,35148,48175,9110,18063,566081,335480,81204,46383,151042,65666,14708,169,144
2021-06-11T23:59:59+02:00,178,158,22956,24388,57613,60243,56993,59488,60437,68623,74905,79732,50043,62288,41252,56771,10249,20455,8574,9137,23349,27574,25927,29949,29791,38588,38227,45131,30308,38674,35005,47953,9097,18036,561033,330626,79911,46122,151028,63807,14633,168,143
2021-06-10T23:59:59+02:00,163,141,22414,23807,56471,59305,56065,58668,59174,67449,74366,79332,49971,62180,41228,56721,10234,20426,8310,8882,22476,26630,24963,29010,28670,37651,36836,43963,29951,38193,34725,47519,9030,17960,555442,323710,77701,45414,150790,61500,14015,168,141
2021-06-09T23:59:59+02:00,143,126,21781,23223,55206,58199,54988,57756,58223,66541,73904,78937,49883,62080,41176,56658,10220,20395,8015,8620,21546,25768,24032,28127,27637,36701,35116,42173,29561,37692,34538,47250,8988,17869,549634,316271,76248,44682,150436,59596,12955,167,139
2021-06-08T23:59:59+02:00,121,108,21104,22512,53894,57069,53870,56774,57270,65685,73358,78502,49794,61956,41121,56566,10202,20366,7748,8376,20647,24877,22977,27264,26602,35739,33753,40867,29203,37186,34217,46792,8937,17786,542947,309960,75318,43911,149997,57128,11843,167,137
2021-06-07T23:59:59+02:00,104,91,20451,21878,52456,55810,52610,55794,56114,64698,72806,78098,49709,61850,41075,56503,10189,20338,7492,8150,19807,24056,21955,26455,25570,34868,32818,40086,28921,36793,33967,46363,8886,17693,535656,305334,74416,43093,149589,54576,10746,167,137
2021-06-06T23:59:59+02:00,97,85,19939,21344,51312,54701,51501,54813,55147,63745,72295,77694,49622,61773,41039,56440,10181,20322,7280,7955,19026,23160,21053,25580,24500,33884,31902,39268,28631,36451,33712,45973,8835,17619,529319,300778,73394,42351,149255,51654,9918,164,134
2021-06-05T23:59:59+02:00,91,77,19669,21034,50528,53943,50847,54310,54673,63268,72163,77582,49611,61759,41035,56437,10178,20322,7049,7543,18384,22092,20328,24468,23625,32630,30865,37950,28297,35986,33588,45797,8828,17599,524967,294476,73388,42312,149170,48275,9838,164,134
2021-06-04T23:59:59+02:00,81,71,19217,20448,49464,52929,50029,53443,54019,62479,71820,77254,49583,61721,41015,56422,10176,20317,6826,7227,17758,21244,19640,23473,22685,31350,29641,36607,28009,35620,33474,45621,8816,17578,518479,288004,73060,42243,149153,45561,9633,163,133
2021-06-03T23:59:59+02:00,70,60,18537,19753,47944,51624,48811,52315,53047,61453,71315,76795,49517,61616,40977,56374,10163,20292,6534,6828,17020,20199,18839,22323,21678,29920,28473,35121,27467,34839,33268,45295,8779,17503,510708,281261,72045,41489,148878,42340,8871,161,130
2021-06-02T23:59:59+02:00,65,56,18156,19239,46922,50635,47928,51550,52296,60691,71065,76583,49478,61582,40958,56346,10155,20278,6344,6592,16379,19509,17913,21564,20831,28970,27378,33715,27001,34232,33107,45044,8750,17433,504419,274980,72027,41475,148857,39665,8521,159,125
2021-06-01T23:59:59+02:00,54,50,17477,18499,45052,48899,46269,50087,50777,59225,70386,75984,49386,61471,40899,56274,10143,20230,6064,6275,15217,18609,16399,20597,19615,27715,26147,32318,26444,33534,32856,44692,8704,17331,495304,268473,70661,40903,148309,36290,6733,155,121
2021-05-31T23:59:59+02:00,52,46,16994,18006,43739,47755,45047,48975,49534,58100,69703,75472,49303,61367,40853,56205,10131,20192,5785,5946,14170,17778,14984,19674,18433,26598,24920,30975,25925,32814,32661,44395,8670,17232,489049,262174,69496,40361,147839,33372,4936,154,120
2021-05-30T23:59:59+02:00,46,45,16664,17610,42767,46814,44139,48073,48526,57101,69145,74926,49198,61211,40781,56090,10115,20149,5594,5700,13623,17076,14354,18975,17533,25626,23817,29802,25154,31864,32363,43977,8625,17143,483091,256205,68465,39558,147430,31090,4261,153,115
2021-05-29T23:59:59+02:00,46,44,16531,17485,42402,46497,43794,47809,48286,56909,69087,74872,49192,61205,40774,56086,10115,20148,5430,5455,13112,16271,13710,18128,16687,24458,22702,28501,24995,31631,32299,43882,8622,17136,481114,250596,68342,39558,147422,28502,4252,152,114
2021-05-28T23:59:59+02:00,45,42,16226,17179,41698,45868,43282,47243,47775,56375,68810,74577,49127,61122,40747,56036,10112,20143,5188,5071,12577,15359,13030,17265,15824,23223,21599,27062,24745,31262,32204,43749,8612,17120,476811,244546,67835,39454,147396,25569,4213,152,111
2021-05-27T23:59:59+02:00,42,39,15700,16635,40543,44878,42264,46346,46784,55484,68230,74141,49004,60961,40693,55964,10101,20103,4950,4726,11930,14542,12247,16332,14753,22028,20341,25549,24243,30525,32032,43487,8578,17036,470923,237194,66317,38648,146677,23508,3845,150,107
2021-05-26T23:59:59+02:00,40,38,15288,16198,39449,43958,41224,45469,45753,54606,67624,73630,48852,60779,40609,55797,10079,20055,4757,4526,11377,13783,11527,15485,13742,20897,18941,23955,23659,29738,31815,43141,8524,16934,465770,229924,64296,37777,145688,21452,3544,150,107
2021-05-25T23:59:59+02:00,40,37,14882,15787,38445,43069,40257,44616,44801,53685,67005,73099,48669,60539,40530,55663,10053,20002,4541,4318,10836,13143,10762,14714,12670,19655,17507,22449,23071,28956,31578,42814,8467,16839,460437,222542,62716,36833,144577,19545,3299,150,104
2021-05-24T23:59:59+02:00,40,36,14536,15462,37609,42334,39389,43942,43940,52898,66474,72613,48546,60362,40467,55538,10033,19957,4397,4190,10390,12677,10127,14135,11779,18820,16222,21184,22395,28123,31361,42482,8408,16749,455821,215625,61482,35891,143831,18929,2893,149,104
2021-05-23T23:59:59+02:00,36,36,14368,15286,37142,41958,38938,43538,43489,52491,66204,72386,48464,60269,40428,55491,10026,19933,4207,4050,9924,12204,9507,13530,10835,18004,15023,20121,21924,27552,31108,42193,8357,16663,452620,208624,61101,35810,143808,17863,2805,149,103
2021-05-22T23:59:59+02:00,34,34,14172,15070,36451,41395,38250,43086,42914,52081,65186,71370,48257,60009,40356,55377,10016,19912,4096,3753,9710,11787,9354,13204,10593,17559,14753,19719,21830,27435,31074,42151,8350,16654,446156,207395,61097,35807,143794,15946,2774,149,103
2021-05-21T23:59:59+02:00,33,33,13787,14661,35383,40486,37188,42164,41848,51179,63829,70080,48028,59673,40276,55229,9999,19879,3986,3654,9504,11522,9139,12937,10258,17231,14338,19346,21609,27149,31012,42061,8341,16646,436554,205434,60739,35501,143558,14945,2757,147,99
2021-05-20T23:59:59+02:00,30,33,12980,13922,33945,39030,35767,40765,40442,49979,62534,68929,47735,59333,40131,55047,9978,19829,3835,3479,8979,10916,8490,12226,9558,16381,13582,18380,20791,26028,30817,41762,8302,16559,426311,201062,59039,34657,142539,11896,2374,146,99
2021-05-19T23:59:59+02:00,30,32,12435,13347,32770,37615,34668,39387,39314,49019,60526,67152,47252,58775,39945,54784,9935,19723,3729,3342,8701,10540,8194,11854,9119,15872,12944,17717,19925,24897,30590,41458,8245,16444,415446,196812,57522,33843,141427,10654,2170,144,95
2021-05-18T23:59:59+02:00,28,32,12012,12890,31736,36606,33589,38475,38272,48088,58459,65278,46896,58328,39789,54543,9903,19664,3528,3175,8204,9944,7725,11310,8573,15201,12263,16947,18981,23661,30352,41116,8207,16338,406766,192699,55574,33002,140235,7860,1872,141,95
2021-05-17T23:59:59+02:00,26,31,11758,12605,31217,36050,33093,37916,37680,47450,56557,63570,46192,57504,39510,54143,9866,19590,3441,3064,7937,9668,7428,11013,8169,14787,11690,16341,18058,22528,30117,40796,8172,16262,399170,188314,54444,32256,139425,7232,1580,139,92
2021-05-16T23:59:59+02:00,26,31,11540,12349,30692,35546,32630,37424,37158,46877,54655,61739,45643,56805,39316,53824,9838,19534,3343,2962,7647,9373,7104,10671,7695,14321,11108,15753,17128,21375,29907,40506,8133,16193,392190,184022,53476,31404,138761,6643,1063,137,90
2021-05-15T23:59:59+02:00,26,31,11380,12143,30414,35212,32393,37104,36930,46613,53086,60256,45393,56499,39239,53685,9832,19506,3321,2943,7622,9344,7089,10650,7677,14306,11089,15731,17017,21159,29697,40196,8125,16183,386372,183023,53472,31403,138715,6591,1046,137,89
2021-05-14T23:59:59+02:00,26,31,11132,11854,29942,34708,32013,36641,36412,46136,51205,58418,45030,55997,39099,53479,9816,19466,3293,2921,7551,9273,7032,10578,7613,14244,10906,15530,16279,20088,29411,39707,8108,16143,378551,180079,53141,31064,138581,6452,996,136,89
2021-05-13T23:59:59+02:00,23,30,10842,11518,29290,34056,31408,36036,35735,45465,49731,56901,44598,55369,38927,53232,9789,19419,3213,2871,7420,9169,6942,10483,7510,14133,10574,15181,15214,18843,29022,39065,8065,16068,371407,176251,52125,30500,137827,6063,876,134,86
2021-05-12T23:59:59+02:00,22,28,10709,11372,29003,33736,31136,35745,35421,45150,49447,56589,44502,55261,38875,53153,9782,19380,3199,2844,7387,9133,6910,10447,7479,14092,10402,15024,14835,18406,28716,38580,8043,16021,368717,174173,52038,30489,137669,6018,754,133,86
2021-05-11T23:59:59+02:00,21,25,10352,11041,28146,32917,30312,34988,34558,44363,47707,54810,44045,54662,38700,52864,9744,19277,3110,2746,7144,8852,6683,10144,7263,13723,9924,14479,13845,17258,28300,37961,8005,15927,361773,170485,50328,29593,135773,4676,526,132,86
2021-05-10T23:59:59+02:00,20,25,10042,10753,27398,32211,29537,34293,33789,43593,46398,53536,43661,54152,38511,52561,9694,19163,3067,2699,7016,8728,6587,10023,7118,13544,9656,14175,13141,16390,27871,37347,7980,15847,355507,167652,49210,29210,134078,3834,413,129,82
2021-05-09T23:59:59+02:00,19,25,9802,10499,26709,31524,28879,33600,33065,42896,44859,52052,43161,53530,38312,52257,9657,19077,3018,2651,6890,8586,6482,9883,7004,13332,9344,13863,12342,15490,27504,36806,7960,15791,348397,164788,48136,28660,132940,3093,325,125,82
2021-05-08T23:59:59+02:00,19,25,9709,10426,26326,31222,28424,33281,32598,42588,43804,51222,43008,53367,38273,52196,9654,19071,3014,2647,6881,8581,6477,9875,6996,13320,9334,13850,12305,15428,26822,35855,7923,15715,343821,162913,48096,28633,132852,3078,319,125,82
2021-05-07T23:59:59+02:00,18,25,9566,10276,25852,30839,27966,32902,32092,42235,42758,50393,42736,53024,38163,52038,9642,19044,2950,2620,6821,8538,6421,9820,6944,13267,9158,13629,11672,14617,25873,34466,7875,15633,338666,158795,47788,28264,132694,2865,300,121,82
2021-05-06T23:59:59+02:00,16,24,9158,9981,24933,30069,26903,32099,30863,41407,41141,49175,42352,52473,37968,51795,9604,18970,2878,2573,6690,8391,6303,9690,6795,13079,8886,13326,11019,13748,24903,33081,7840,15571,330795,154988,46709,27305,131027,2116,284,116,82
2021-05-05T23:59:59+02:00,16,23,8784,9778,24050,29470,26048,31446,29779,40619,39161,47358,41905,51923,37760,51511,9547,18857,2834,2540,6570,8261,6202,9575,6694,12933,8639,13066,10303,12915,23885,31755,7811,15499,322949,151077,45857,26416,128911,1709,202,116,80
2021-05-04T23:59:59+02:00,16,22,8541,9538,23267,28823,25073,30707,28707,39780,37636,45890,41429,51336,37483,51164,9496,18734,2791,2517,6498,8188,6117,9505,6617,12846,8402,12845,9570,12050,22935,30506,7777,15436,316268,147316,44885,25611,126275,1497,99,115,79
2021-05-03T23:59:59+02:00,16,21,8330,9324,22569,28242,24238,30105,27797,39082,36678,45139,41081,50865,37265,50874,9445,18631,2742,2483,6427,8111,6036,9438,6527,12763,8175,12630,8814,11150,22015,29285,7746,15385,311397,143550,44110,24786,124024,1255,60,111,78
2021-05-02T23:59:59+02:00,16,21,8164,9161,21934,27664,23504,29515,26979,38463,35862,44503,40824,50536,37150,50686,9410,18574,2705,2459,6385,8071,5999,9403,6486,12721,7993,12456,8212,10408,21304,28413,7725,15366,306576,140348,43344,24509,122886,1123,52,108,76
2021-05-01T23:59:59+02:00,15,21,8008,8975,21559,27211,23025,28947,26332,37745,35033,43608,40557,50159,37051,50532,9404,18557,2699,2451,6360,8061,5983,9394,6468,12708,7977,12439,8175,10344,21265,28356,7721,15362,300457,140056,43342,24501,122781,1081,51,108,76
2021-04-30T23:59:59+02:00,15,20,7857,8795,21170,26786,22575,28376,25575,36958,34015,42639,40326,49838,36953,50378,9392,18534,2677,2437,6336,8043,5961,9376,6439,12687,7945,12406,8136,10275,21215,28274,7718,15352,294119,139746,43334,24426,122598,987,44,107,76
2021-04-29T23:59:59+02:00,14,20,7579,8552,20576,26206,21906,27694,24643,35993,32737,41298,39280,48435,36636,49905,9334,18405,2642,2402,6245,7933,5872,9275,6346,12547,7741,12131,7509,9546,20805,27757,7694,15277,285352,137670,42548,23194,121167,742,44,102,74
2021-04-28T23:59:59+02:00,13,18,7297,8336,20055,25741,21269,27100,23759,35145,31334,39845,38113,46841,36294,49411,9272,18264,2571,2353,6130,7812,5761,9144,6244,12391,7520,11856,6818,8696,20388,27174,7654,15206,276666,135200,41770,21890,119529,514,44,98,72
2021-04-27T23:59:59+02:00,12,18,7107,8156,19628,25313,20647,26563,22901,34361,30115,38518,37020,45394,35912,48842,9202,18137,2545,2328,6029,7715,5708,9045,6178,12266,7305,11661,6212,7958,19985,26674,7634,15183,268827,133102,40902,20944,117975,267,44,98,71
2021-04-26T23:59:59+02:00,11,18,6925,7989,19207,24893,20099,26039,22090,33604,28898,37277,35959,43971,35604,48355,9151,18010,2532,2317,5983,7672,5663,9006,6140,12221,7117,11499,5599,7222,19610,26229,7611,15155,261115,131134,40077,20098,116771,235,40,97,71
2021-04-25T23:59:59+02:00,11,17,6819,7852,18872,24621,19718,25698,21478,32980,27908,36316,34823,42538,35286,47925,9109,17928,2518,2309,5965,7647,5643,8987,6120,12195,7079,11472,5471,7038,19273,25765,7595,15110,253892,130502,39361,19354,116512,224,39,95,70
2021-04-24T23:59:59+02:00,11,17,6654,7674,18430,24194,19165,25162,20691,32178,26820,35263,34571,42225,35193,47760,9099,17916,2514,2302,5953,7637,5632,8977,6115,12191,7069,11465,5396,6926,19176,25623,7592,15102,247921,130043,39356,19314,115612,207,39,95,69
2021-04-23T23:59:59+02:00,11,17,6427,7472,17981,23718,18599,24549,19863,31363,25654,34062,33791,41053,35049,47527,9085,17893,2508,2283,5926,7615,5595,8938,6070,12145,7023,11413,5232,6646,18636,24991,7492,14931,240328,128189,39027,18965,114626,185,39,94,68
2021-04-22T23:59:59+02:00,10,16,6211,7263,17374,23134,17807,23771,18811,30336,24328,32622,32751,39698,34803,47169,9045,17814,2492,2267,5880,7564,5545,8854,5991,12066,6948,11342,4945,6224,17919,24114,7371,14734,231276,126007,38104,17996,113453,150,39,91,66
2021-04-21T23:59:59+02:00,10,15,6008,7080,16844,22665,17148,23167,17819,29435,22773,31028,31744,38459,34505,46726,8996,17725,2468,2250,5836,7506,5485,8779,5925,11965,6853,11262,4783,5950,17218,23261,7255,14553,222367,123905,37329,17225,112322,118,39,90,64
2021-04-20T23:59:59+02:00,9,14,5822,6883,16280,22190,16397,22513,16822,28430,21297,29556,30590,36964,34187,46280,8942,17626,2454,2236,5787,7467,5444,8733,5877,11896,6775,11198,4666,5792,16616,22486,7129,14373,213324,122215,36441,16509,110910,110,38,89,59
2021-04-19T23:59:59+02:00,9,14,5635,6723,15746,21762,15722,21959,15825,27552,19905,28154,29201,35316,33868,45796,8882,17507,2443,2219,5763,7434,5408,8699,5838,11850,6694,11121,4537,5631,15968,21768,7021,14211,204590,120561,35662,15842,109202,107,38,84,59
2021-04-18T23:59:59+02:00,8,14,5446,6582,15313,21439,15103,21395,14851,26758,18567,27015,27809,33665,33534,45371,8820,17417,2393,2172,5632,7308,5293,8587,5732,11699,6588,11003,4418,5445,15378,21103,6905,14029,196028,118914,34828,14574,108130,103,38,83,58
2021-04-17T23:59:59+02:00,8,13,5408,6546,15159,21362,14930,21309,14614,26579,18312,26794,27302,33119,33408,45223,8811,17402,2366,2133,5532,7155,5188,8430,5632,11512,6500,10872,4365,5381,15133,20809,6895,14015,194802,117159,34823,14570,106553,95,38,83,58
2021-04-16T23:59:59+02:00,8,13,5343,6491,14981,21213,14717,21148,14327,26333,17892,26384,26256,31886,33272,45015,8790,17379,2321,2082,5417,6968,5050,8249,5481,11269,6301,10651,4163,5146,14482,20013,6798,13868,191444,113907,34536,14170,105347,88,38,83,58
2021-04-15T23:59:59+02:00,7,12,5271,6412,14767,21002,14450,20860,13897,25983,17253,25754,24885,30267,33012,44689,8754,17297,2249,1997,5221,6733,4853,7932,5275,10949,6086,10365,3961,4893,13649,18928,6684,13700,186862,110078,33725,13225,103865,79,38,82,57
2021-04-14T23:59:59+02:00,7,12,5189,6343,14563,20802,14194,20636,13511,25647,16584,25131,23301,28480,32699,44288,8699,17203,2057,1877,5002,6472,4667,7682,5048,10700,5849,10077,3826,4687,12914,18009,6556,13485,182246,106974,32852,11769,102072,73,38,81,56
2021-04-13T23:59:59+02:00,7,12,5135,6293,14358,20671,13954,20454,13167,25349,16013,24628,21588,26623,32378,43873,8669,17095,1970,1824,4835,6282,4482,7458,4848,10444,5643,9838,3685,4520,12395,17393,6431,13322,177997,104562,31977,10653,100175,63,38,80,56
2021-04-12T23:59:59+02:00,7,11,5072,6225,14139,20477,13650,20192,12777,24932,15432,24075,19980,24677,32086,43511,8627,17020,1842,1731,4652,6123,4331,7282,4686,10251,5507,9679,3568,4366,11959,16882,6319,13160,173610,102875,30922,9312,98240,61,38,80,54
2021-04-11T23:59:59+02:00,7,11,5001,6150,13917,20279,13354,19980,12359,24578,14863,23562,18469,22896,31825,43169,8582,16939,1804,1694,4532,6010,4220,7158,4563,10120,5371,9548,3452,4247,11467,16271,6186,12952,169310,101118,29961,8333,96557,59,36,77,51
2021-04-10T23:59:59+02:00,7,11,4996,6141,13899,20264,13345,19969,12341,24560,14839,23541,17777,21971,31533,42750,8564,16912,1800,1680,4517,6000,4205,7143,4550,10106,5318,9481,3347,4132,10913,15438,6056,12754,168233,98968,29934,8333,95143,57,33,77,51
2021-04-09T23:59:59+02:00,7,11,4982,6121,13859,20216,13299,19918,12292,24501,14575,23287,16254,20080,31125,42102,8530,16869,1775,1665,4494,5984,4177,7116,4506,10068,5280,9432,3260,4011,10044,14450,5907,12556,165594,96509,29595,8084,92733,55,31,75,48
2021-04-08T23:59:59+02:00,7,11,4937,6094,13758,20142,13218,19837,12191,24397,14234,22925,14480,17860,30502,41093,8467,16745,1752,1650,4464,5930,4124,7031,4442,9988,5208,9356,3150,3906,9566,13845,5700,12309,161732,94650,28562,7649,90507,54,24,73,46
2021-04-07T23:59:59+02:00,7,11,4906,6063,13647,20058,13123,19749,12083,24289,13851,22562,12959,16001,29859,40112,8413,16644,1733,1636,4410,5861,4038,6958,4354,9904,5119,9256,3059,3811,8805,12748,5461,11901,157272,92073,27683,6871,89288,46,22,72,44
2021-04-06T23:59:59+02:00,7,11,4876,6039,13548,19991,13040,19691,12008,24226,13474,22212,11320,13992,29200,39140,8381,16573,1670,1581,4279,5732,3929,6835,4234,9754,5015,9126,2943,3690,8097,11816,5187,11535,153258,89681,26805,5636,87576,45,20,70,43
2021-04-05T23:59:59+02:00,7,10,4838,6009,13472,19924,12971,19623,11952,24146,13201,21959,9705,12040,28470,38085,8345,16510,1599,1514,4124,5580,3761,6680,4080,9603,4860,8996,2812,3573,7283,10848,4914,11143,150043,87299,25787,3969,85349,42,19,69,43
2021-04-04T23:59:59+02:00,7,10,4821,5992,13461,19902,12961,19605,11945,24127,13102,21887,8677,10777,28018,37443,8320,16454,1597,1511,4116,5574,3760,6675,4075,9599,4858,8987,2807,3563,7046,10380,4830,11018,148303,86336,25783,3969,83338,36,17,68,40
2021-04-03T23:59:59+02:00,7,10,4818,5981,13444,19883,12949,19595,11935,24116,13088,21870,7769,9708,27135,36199,8270,16342,1593,1507,4114,5569,3758,6672,4067,9587,4844,8973,2800,3550,6907,10113,4791,10936,145825,85723,25774,3969,81437,35,16,67,40
2021-04-02T23:59:59+02:00,7,10,4813,5961,13408,19856,12911,19552,11889,24067,13015,21804,7256,8958,25543,34095,8124,16071,1583,1491,4088,5545,3732,6632,4031,9526,4723,8688,2672,3393,6531,9715,4641,10730,141357,83894,25433,3740,80469,35,14,67,40
2021-04-01T23:59:59+02:00,6,9,4763,5901,13314,19712,12792,19403,11740,23913,12417,21359,6691,8247,24032,32120,7996,15829,1519,1443,3976,5425,3666,6560,3963,9459,4644,8584,2576,3253,6017,9031,4463,10453,137151,81618,24290,3333,78725,31,13,65,39
2021-03-31T23:59:59+02:00,6,9,4712,5844,13190,19557,12657,19248,11552,23733,12156,21097,6368,7872,22547,30163,7843,15599,1506,1432,3951,5402,3634,6532,3924,9412,4604,8529,2512,3177,5526,8382,4284,10213,133203,79827,23196,3116,77679,31,10,65,38
2021-03-30T23:59:59+02:00,6,9,4647,5777,13052,19408,12546,19068,11422,23568,11988,20959,6177,7654,21154,28428,7697,15394,1489,1396,3910,5369,3569,6460,3835,9299,4472,8359,2375,2973,5102,7824,4138,9956,129830,77592,22265,2874,76790,19,6,63,37
2021-03-29T23:59:59+02:00,6,9,4607,5735,12933,19314,12480,18983,11339,23462,11836,20825,6019,7454,19725,26738,7570,15191,1429,1355,3856,5322,3495,6391,3717,9156,4319,8168,2252,2833,4538,7150,3981,9679,126223,74924,21397,2661,76539,18,5,62,35
2021-03-28T23:59:59+02:00,6,9,4559,5666,12811,19174,12395,18891,11236,23362,11729,20721,5867,7248,18541,25230,7450,14993,1396,1312,3757,5214,3301,6164,3629,9039,4268,8112,2198,2769,3781,6133,3796,9409,123214,71867,20600,2365,76010,11,5,59,32
2021-03-27T23:59:59+01:00,6,9,4527,5616,12703,19011,12279,18729,11120,23158,11620,20571,5800,7163,18252,24882,7439,14975,1390,1309,3752,5210,3298,6157,3342,8690,4068,7813,2192,2766,3768,6098,3759,9344,121372,70551,20560,2365,75865,7,5,58,30
2021-03-26T23:59:59+01:00,6,8,4491,5559,12591,18821,12146,18529,10968,22927,11460,20359,5635,6948,17642,24087,7340,14823,1388,1308,3747,5203,3275,6141,3323,8670,3856,7363,2013,2359,3504,5812,3606,9105,118270,68276,20218,2358,75790,7,4,58,30
2021-03-25T23:59:59+01:00,6,8,4415,5467,12393,18582,11945,18206,10757,22599,11220,20032,5420,6661,16609,22779,7213,14632,1379,1297,3727,5177,3241,6114,3271,8632,3809,7320,1942,2246,3068,5129,3443,8796,114293,66296,19145,2258,75445,5,4,57,30
2021-03-24T23:59:59+01:00,6,8,4334,5355,12173,18131,11726,17794,10534,22207,10987,19659,5150,6315,15563,21561,7071,14404,1356,1283,3703,5133,3205,6049,3217,8561,3757,7247,1888,2189,2758,4793,3292,8523,111174,64902,18054,2017,73689,4,4,57,29
2021-03-23T23:59:59+01:00,6,8,4277,5286,12005,17788,11526,17441,10343,21840,10762,19368,5013,6119,14921,20743,6931,14229,1340,1275,3687,5113,3184,6031,3191,8510,3718,7204,1851,2130,2526,4519,3081,8195,108801,63545,17322,1975,72422,4,4,57,29
2021-03-22T23:59:59+01:00,6,8,4225,5208,11806,17455,11338,17118,10119,21515,10546,19064,4863,5910,14298,20026,6798,14044,1327,1265,3656,5080,3152,5994,3164,8453,3681,7160,1806,2076,2329,4265,2884,7858,106935,62281,16602,1834,70752,3,4,54,29
2021-03-21T23:59:59+01:00,6,8,4153,5084,11528,17039,11056,16714,9847,21058,10289,18710,4750,5739,13601,19236,6654,13837,1319,1264,3639,5064,3130,5961,3141,8426,3662,7136,1786,2047,2160,4101,2712,7586,105047,61273,15303,1829,68901,3,4,54,26
2021-03-20T23:59:59+01:00,5,8,4125,5014,11386,16708,10932,16400,9707,20761,10113,18427,4621,5578,12971,18290,6514,13619,1318,1263,3639,5062,3127,5960,3138,8421,3657,7131,1782,2042,2128,4039,2687,7543,102848,61076,15298,1829,66975,3,4,54,26
2021-03-19T23:59:59+01:00,5,7,4080,4932,11218,16345,10748,16048,9532,20380,9893,18067,4461,5378,11941,17079,6351,13408,1309,1256,3622,5033,3097,5882,3092,8327,3553,6955,1657,1930,2054,3975,2574,7335,100135,59794,14884,1825,64799,3,4,51,26
2021-03-18T23:59:59+01:00,5,7,3994,4828,10969,15922,10484,15603,9250,19913,9668,17723,4314,5212,11314,16207,6120,13142,1305,1245,3605,4998,3077,5838,3071,8271,3526,6906,1637,1897,2018,3908,2448,7123,98326,59109,13875,1733,62420,3,4,50,25
2021-03-17T23:59:59+01:00,5,7,3818,4713,10672,15510,10225,15246,9008,19550,9413,17373,4193,5045,10495,14965,5857,12715,1304,1242,3592,4980,3070,5818,3061,8237,3509,6882,1634,1873,1994,3878,2336,6937,95668,58597,12327,1719,60761,3,4,50,25
2021-03-16T23:59:59+01:00,5,7,3675,4589,10335,15048,9956,14877,8733,19104,9115,17007,4053,4878,9672,13835,5576,12356,1291,1239,3588,4973,3060,5813,3055,8225,3501,6868,1608,1848,1955,3827,2215,6755,93333,58150,11134,1641,58301,3,3,50,25
2021-03-15T23:59:59+01:00,5,7,3528,4470,10025,14585,9664,14422,8435,18629,8827,16597,3907,4709,8957,12767,5347,12031,1281,1231,3567,4961,3048,5789,3033,8186,3481,6826,1593,1835,1936,3795,2098,6566,91358,57558,9771,1639,55734,3,2,47,25
2021-03-14T23:59:59+01:00,5,7,3455,4384,9766,14154,9412,14024,8117,18135,8545,16203,3745,4522,8148,11525,5035,11566,1267,1225,3546,4943,3027,5747,3011,8106,3453,6758,1566,1781,1875,3667,1930,6167,89026,57025,8750,1017,52928,3,0,44,25
2021-03-13T23:59:59+01:00,5,7,3373,4127,9451,13489,9163,13444,7889,17550,8337,15764,3634,4418,7955,11228,4984,11474,1267,1225,3546,4943,3027,5747,3010,8105,3450,6756,1562,1780,1873,3663,1929,6166,88356,57006,8750,1017,49142,3,0,44,24
2021-03-12T23:59:59+01:00,5,7,3310,3985,9203,12952,8924,12919,7655,16913,7979,15013,3471,4247,7568,10819,4843,11284,1263,1222,3541,4929,3024,5744,3003,8097,3446,6750,1535,1751,1852,3647,1831,5985,86571,56578,8500,1016,45982,3,0,44,24
2021-03-11T23:59:59+01:00,5,7,3156,3711,8820,12202,8620,12248,7322,16125,7632,14364,3311,4041,7003,10097,4647,10974,1245,1211,3509,4886,2979,5667,2968,7973,3394,6652,1490,1698,1768,3442,1627,5452,84105,55823,8042,115,42097,2,0,41,22
2021-03-10T23:59:59+01:00,5,7,3089,3604,8331,11698,7942,11770,7002,15631,7332,13771,3152,3881,6433,9399,4469,10696,1234,1197,3479,4829,2947,5590,2932,7834,3340,6529,1448,1656,1706,3343,1505,5164,82256,54622,7486,92,38430,0,0,40,20
2021-03-09T23:59:59+01:00,5,6,2982,3424,7655,11256,7063,11293,6586,15019,6967,13165,2917,3582,5921,8761,4311,10412,1229,1194,3456,4782,2920,5525,2916,7782,3322,6483,1434,1632,1670,3300,1393,4959,79938,53923,6122,57,35225,0,0,40,18
2021-03-08T23:59:59+01:00,5,6,2807,3187,7020,10715,6253,10814,6185,14498,6571,12596,2708,3373,5313,8022,4161,10141,1223,1187,3434,4718,2895,5448,2877,7687,3290,6408,1427,1623,1667,3292,1388,4956,77109,53448,4982,55,32246,0,0,38,18
2021-03-07T23:59:59+01:00,5,6,2694,3054,6691,10220,5844,10272,5889,14051,6327,12204,2609,3282,4547,6957,3943,9856,1219,1184,3431,4713,2890,5436,2873,7670,3282,6394,1421,1609,1644,3251,1371,4912,73847,53231,4148,52,30422,0,0,34,18
2021-03-06T23:59:59+01:00,5,6,2650,2911,6506,9772,5647,9859,5412,13193,5950,11466,2587,3254,4541,6946,3940,9853,1219,1183,3428,4707,2888,5435,2872,7669,3281,6391,1420,1606,1644,3249,1370,4912,72615,53206,4148,52,27703,0,0,32,17
2021-03-05T23:59:59+01:00,5,6,2554,2654,6293,9196,5434,9467,5235,12627,5571,10483,2358,2786,4160,6563,3802,9632,1206,1180,3412,4691,2883,5422,2863,7651,3269,6372,1407,1598,1643,3245,1365,4908,70275,53049,3913,52,24606,0,0,32,15
2021-03-04T23:59:59+01:00,5,6,2476,2447,6080,8761,5275,9126,5053,12204,5394,10105,2263,2616,3602,5738,3632,9284,1194,1164,3369,4592,2850,5354,2831,7554,3238,6297,1388,1590,1629,3231,1355,4897,68203,52471,3469,51,22363,0,0,32,12
2021-03-03T23:59:59+01:00,4,6,2419,2392,5909,8350,5106,8762,4838,11755,5205,9660,2180,2510,3193,5296,3472,8988,1173,1155,3334,4546,2813,5288,2790,7455,3189,6221,1368,1564,1609,3200,1349,4879,66766,51876,3224,47,20024,0,0,31,11
2021-03-02T23:59:59+01:00,4,6,2363,2298,5752,8018,4948,8507,4673,11355,5043,9340,2111,2419,2886,4938,3254,8661,1168,1145,3316,4525,2798,5261,2773,7406,3181,6193,1363,1554,1591,3181,1346,4874,65392,51618,2964,47,18189,0,0,31,11
2021-03-01T23:59:59+01:00,4,6,2336,2267,5645,7801,4849,8362,4588,11202,4941,9166,2054,2342,2587,4615,3063,8342,1162,1142,3302,4507,2786,5232,2756,7360,3167,6165,1357,1551,1584,3171,1343,4868,64116,51396,2741,47,17283,0,0,30,11
2021-02-28T23:59:59+01:00,3,6,2283,2223,5464,7542,4674,8142,4451,11017,4831,9037,2014,2278,2289,4311,2859,8026,1153,1136,3288,4497,2779,5225,2751,7346,3160,6151,1352,1548,1576,3152,1342,4835,62986,51235,2439,47,15995,0,0,30,10
2021-02-27T23:59:59+01:00,3,6,2195,1912,5292,7118,4575,7834,4369,10669,4759,8787,1986,2217,2259,4265,2837,7975,1149,1132,3286,4495,2774,5223,2747,7343,3155,6147,1351,1548,1575,3150,1341,4834,62750,51197,2439,44,13839,0,0,30,10
2021-02-26T23:59:59+01:00,3,6,2130,1835,5149,6882,4428,7574,4216,10402,4549,8503,1857,2109,2198,4225,2728,7792,1127,1119,3270,4460,2762,5184,2736,7291,3134,6093,1345,1537,1571,3142,1340,4832,61414,50891,2433,43,12709,0,0,30,10
2021-02-25T23:59:59+01:00,3,6,2001,1734,4826,6474,4000,7120,3932,9885,4316,8121,1798,2050,2167,4167,2612,7596,1109,1102,3230,4415,2731,5134,2690,7184,3095,6000,1334,1521,1554,3101,1326,4773,60933,50250,2327,41,9519,0,0,29,9
2021-02-24T23:59:59+01:00,3,6,1967,1668,4710,6260,3896,6906,3811,9642,4193,7962,1775,2017,2136,4124,2497,7395,1096,1097,3200,4353,2696,5070,2664,7099,3066,5929,1318,1504,1529,3051,1314,4704,60379,49654,2083,29,8477,0,0,29,8
2021-02-23T23:59:59+01:00,3,6,1740,1523,4338,5773,3614,6519,3592,9262,4037,7679,1745,1985,2091,4076,2383,7210,1077,1084,3164,4326,2668,5012,2638,7023,3030,5870,1298,1484,1502,3016,1304,4649,59916,49124,2036,15,5595,0,0,29,7
2021-02-22T23:59:59+01:00,3,6,1731,1505,4288,5714,3578,6455,3526,9167,3976,7583,1711,1958,2065,4025,2263,7012,1072,1071,3143,4280,2648,4973,2613,6963,3001,5817,1286,1470,1491,3005,1296,4640,59368,48754,1894,9,5275,0,0,29,7
2021-02-21T23:59:59+01:00,3,6,1719,1500,4258,5680,3534,6417,3486,9113,3932,7533,1701,1950,2060,4015,2139,6845,1065,1060,3122,4240,2619,4923,2598,6895,2973,5729,1273,1454,1468,2944,1268,4558,59014,48175,1888,8,4961,0,0,28,7
2021-02-20T23:59:59+01:00,3,6,1716,1499,4252,5677,3532,6416,3486,9111,3929,7532,1696,1948,2058,4011,2138,6845,1065,1060,3120,4238,2619,4923,2597,6894,2973,5729,1273,1453,1467,2944,1268,4558,58997,48167,1888,8,4943,0,0,27,7
2021-02-19T23:59:59+01:00,3,6,1690,1492,4238,5658,3520,6403,3475,9101,3920,7517,1669,1919,2037,3993,2037,6663,1064,1059,3119,4237,2618,4922,2597,6891,2970,5727,1273,1452,1467,2942,1268,4558,58574,48151,1882,8,4860,0,0,25,6
2021-02-18T23:59:59+01:00,3,6,1640,1460,4143,5547,3447,6299,3387,8936,3832,7376,1647,1884,2003,3921,1904,6463,1018,1017,2978,4018,2492,4653,2487,6552,2861,5462,1241,1409,1435,2855,1239,4405,57917,46110,1791,8,4165,0,0,25,5
2021-02-17T23:59:59+01:00,3,5,1618,1430,4046,5397,3364,6146,3268,8701,3706,7174,1592,1812,1925,3815,1778,6145,960,968,2829,3797,2376,4342,2363,6141,2732,5150,1189,1346,1387,2742,1189,4229,56669,43728,1781,7,3452,0,0,23,5
2021-02-16T23:59:59+01:00,3,5,1542,1362,3886,5205,3230,5964,3160,8468,3584,7008,1569,1788,1890,3785,1656,5932,873,937,2697,3642,2279,4131,2237,5819,2602,4899,1133,1253,1240,2438,923,3598,55969,40692,1765,4,2282,0,0,21,5
2021-02-15T23:59:59+01:00,3,5,1525,1343,3838,5119,3170,5878,3103,8354,3518,6903,1558,1774,1875,3762,1647,5909,837,914,2616,3513,2204,3952,2156,5541,2514,4689,1088,1188,1147,2259,852,3368,55500,38832,1762,2,2002,0,0,20,4
2021-02-14T23:59:59+01:00,3,5,1459,1315,3757,5045,3127,5772,3048,8200,3475,6794,1538,1742,1821,3631,1588,5651,828,908,2566,3445,2165,3884,2102,5422,2448,4583,1060,1149,1058,2082,777,3119,55258,37591,1134,2,1559,0,0,20,3
2021-02-13T23:59:59+01:00,3,5,1456,1314,3749,5039,3120,5771,3045,8198,3472,6792,1537,1738,1821,3629,1586,5651,828,908,2566,3445,2165,3883,2100,5421,2447,4583,1058,1148,1057,2082,777,3119,55237,37586,1133,0,1536,0,0,20,1
2021-02-12T23:59:59+01:00,3,4,1418,1296,3712,5006,3097,5751,3023,8165,3453,6747,1521,1728,1812,3612,1577,5630,820,901,2533,3391,2130,3838,2070,5368,2429,4552,1057,1147,1056,2081,776,3117,55011,37265,1131,0,1394,0,0,19,1
2021-02-11T23:59:59+01:00,3,4,1368,1250,3599,4833,3005,5577,2925,7855,3354,6535,1462,1670,1740,3428,1485,5283,781,837,2280,2945,1903,3365,1837,4620,2158,4021,967,1075,960,1882,717,2835,54371,33182,137,0,851,0,0,17,1
2021-02-10T23:59:59+01:00,3,4,1343,1226,3537,4730,2941,5472,2883,7705,3300,6402,1443,1653,1712,3389,1471,5243,700,779,1989,2535,1691,2920,1600,4011,1900,3561,855,928,789,1503,573,2311,53717,28644,135,0,589,0,0,16,1
2021-02-09T23:59:59+01:00,3,3,1330,1208,3482,4661,2912,5403,2862,7612,3263,6333,1435,1637,1684,3366,1461,5230,650,699,1724,2184,1499,2533,1415,3512,1730,3199,823,895,764,1426,551,2195,53404,25798,130,0,335,0,0,16,1
2021-02-08T23:59:59+01:00,3,3,1317,1204,3453,4631,2893,5364,2840,7561,3244,6304,1423,1630,1674,3340,1459,5211,635,664,1573,1948,1359,2276,1283,3204,1572,2936,784,875,716,1319,518,2020,53104,23681,104,0,332,0,0,14,1
2021-02-07T23:59:59+01:00,3,3,1183,1161,3349,4576,2839,5321,2813,7523,3219,6266,1413,1613,1665,3317,1452,5178,488,519,1307,1590,1117,1828,1072,2613,1344,2414,681,748,634,1158,471,1790,52808,19773,76,0,0,0,0,10,1
2021-02-06T23:59:59+01:00,3,3,1179,1159,3347,4574,2835,5319,2806,7520,3215,6262,1412,1611,1664,3314,1451,5177,365,370,1107,1342,981,1524,932,2206,1179,2000,594,652,607,1140,469,1787,52765,17254,76,0,0,0,0,10,1
2021-02-05T23:59:59+01:00,3,2,1167,1148,3332,4552,2828,5292,2795,7478,3197,6216,1406,1603,1661,3308,1450,5177,264,209,924,1025,835,1154,757,1757,1005,1589,479,547,581,1120,466,1783,52529,14494,76,0,0,0,0,10,1
2021-02-04T23:59:59+01:00,3,2,1151,1130,3286,4501,2788,5218,2753,7348,3149,6132,1392,1588,1647,3274,1440,5149,137,84,623,655,545,737,519,1154,666,994,299,366,476,973,421,1620,51888,10268,53,0,0,0,0,10,1
2021-02-03T23:59:59+01:00,3,2,1129,1124,3258,4455,2759,5178,2730,7296,3119,6076,1382,1577,1621,3233,1432,5097,117,68,494,507,414,595,417,912,510,747,247,286,371,758,324,1258,51414,8024,48,0,0,0,0,9,1
2021-02-02T23:59:59+01:00,3,2,1107,1110,3222,4424,2728,5125,2705,7221,3084,6012,1358,1549,1585,3176,1406,5000,108,59,412,410,343,517,367,823,457,665,227,263,325,685,296,1123,50761,7079,47,0,0,0,0,9,1
2021-02-01T23:59:59+01:00,3,2,1091,1099,3204,4371,2699,5064,2674,7094,3054,5917,1337,1520,1558,3138,1389,4935,80,44,311,307,252,392,275,617,326,500,189,214,254,545,228,876,50094,5409,47,0,0,0,0,8,1
2021-01-31T23:59:59+01:00,3,2,1085,1088,3189,4341,2675,5020,2658,7039,3041,5872,1325,1503,1535,3072,1362,4849,70,42,285,283,227,345,253,574,296,460,168,195,209,445,186,707,49604,4744,47,0,0,0,0,8,1
2021-01-30T23:59:59+01:00,3,2,1084,1088,3186,4337,2674,5020,2657,7038,3041,5871,1325,1502,1534,3072,1362,4849,70,38,278,269,214,330,248,563,292,454,167,192,208,445,186,707,49593,4660,44,0,0,0,0,8,1
2021-01-29T23:59:59+01:00,3,2,1083,1087,3185,4333,2674,5018,2656,7036,3038,5869,1325,1502,1534,3071,1362,4849,64,34,260,255,191,310,232,546,281,446,161,188,204,439,185,705,49575,4500,44,0,0,0,0,8,1
2021-01-28T23:59:59+01:00,3,2,1062,1068,3116,4230,2620,4909,2598,6880,2970,5738,1310,1480,1518,3003,1339,4725,54,18,164,153,127,187,163,360,207,282,128,145,158,276,108,416,48524,2946,41,0,0,0,0,6,0
2021-01-27T23:59:59+01:00,3,2,1016,1030,3034,4088,2539,4730,2504,6598,2886,5537,1277,1435,1477,2909,1302,4573,25,6,100,70,59,92,84,211,117,148,97,113,114,206,81,297,46903,1820,31,0,0,0,0,6,0
2021-01-26T23:59:59+01:00,2,2,939,1002,2917,3956,2460,4545,2422,6417,2816,5381,1251,1385,1387,2756,1077,4168,25,6,95,69,58,91,82,211,115,147,96,112,114,206,81,297,44858,1805,19,0,0,0,0,6,0
2021-01-25T23:59:59+01:00,2,2,921,985,2837,3828,2416,4398,2362,6221,2757,5231,1232,1363,1373,2729,1064,4132,25,6,94,69,56,89,82,211,115,145,96,111,114,206,81,297,43835,1797,13,0,0,0,0,5,0
2021-01-24T23:59:59+01:00,2,2,911,981,2817,3812,2406,4366,2336,6182,2724,5170,1219,1356,1364,2705,1050,4097,25,6,94,69,56,89,82,210,114,145,95,111,114,206,81,297,43486,1794,9,0,0,0,0,5,0
2021-01-23T23:59:59+01:00,2,2,911,981,2817,3811,2406,4366,2335,6181,2723,5170,1217,1355,1363,2705,1050,4097,25,6,94,69,56,89,82,210,114,145,95,111,114,206,81,295,43481,1792,8,0,0,0,0,3,0
2021-01-22T23:59:59+01:00,2,2,904,974,2786,3765,2371,4301,2303,6106,2702,5123,1215,1353,1362,2703,1049,4094,25,6,94,69,56,89,82,210,114,145,95,111,114,206,81,295,43106,1792,8,0,0,0,0,1,0
2021-01-21T23:59:59+01:00,2,2,889,907,2530,3353,2170,3886,2121,5495,2479,4637,1158,1306,1313,2578,1012,3930,21,6,83,63,52,73,69,170,94,134,86,97,99,154,73,235,39759,1509,8,0,0,0,0,1,0
2021-01-20T23:59:59+01:00,2,2,810,844,2218,2945,1964,3425,1889,4887,2223,4164,1044,1165,1143,2224,877,3404,21,6,83,63,52,72,68,170,93,134,86,97,99,154,71,235,35222,1504,8,0,0,0,0,0,0
2021-01-19T23:59:59+01:00,2,2,748,765,1924,2499,1724,2967,1655,4227,1980,3690,970,1069,1015,1937,771,3023,10,3,50,44,33,44,35,100,44,77,39,36,49,83,44,152,30961,843,7,0,0,0,0,0,0
2021-01-18T23:59:59+01:00,2,2,675,706,1695,2101,1486,2495,1409,3542,1727,3185,887,983,910,1723,715,2741,5,2,19,10,13,21,17,54,17,33,19,21,26,56,31,82,26980,426,4,0,0,0,0,0,0
2021-01-17T23:59:59+01:00,1,2,496,545,1379,1697,1207,1963,1154,2808,1446,2563,746,827,756,1431,592,2346,0,1,4,2,0,0,0,0,0,0,1,0,0,0,0,0,21956,8,3,0,0,0,0,0,0
2021-01-16T23:59:59+01:00,1,1,375,396,1198,1453,1087,1678,1014,2410,1290,2158,660,731,729,1414,590,2345,0,0,0,0,0,0,0,0,0,0,0,0,0,0,0,0,19528,0,2,0,0,0,0,0,0
2021-01-15T23:59:59+01:00,1,1,271,235,1016,1153,938,1332,847,1963,1112,1755,541,620,691,1379,577,2304,0,0,0,0,0,0,0,0,0,0,0,0,0,0,0,0,16735,0,1,0,0,0,0,0,0
2021-01-14T23:59:59+01:00,0,0,155,105,702,770,646,864,612,1305,749,1135,352,431,566,1191,517,2053,0,0,0,0,0,0,0,0,0,0,0,0,0,0,0,0,12153,0,0,0,0,0,0,0,0
2021-01-13T23:59:59+01:00,0,0,130,84,592,603,522,697,495,1049,592,869,296,355,477,1006,445,1748,0,0,0,0,0,0,0,0,0,0,0,0,0,0,0,0,9960,0,0,0,0,0,0,0,0
2021-01-12T23:59:59+01:00,0,0,120,68,510,516,445,596,430,919,521,764,261,306,389,809,371,1363,0,0,0,0,0,0,0,0,0,0,0,0,0,0,0,0,8388,0,0,0,0,0,0,0,0
2021-01-11T23:59:59+01:00,0,0,91,55,414,420,361,485,345,745,416,591,227,255,322,676,301,1150,0,0,0,0,0,0,0,0,0,0,0,0,0,0,0,0,6854,0,0,0,0,0,0,0,0
2021-01-10T23:59:59+01:00,0,0,76,47,350,347,295,403,292,648,346,523,199,224,258,537,240,894,0,0,0,0,0,0,0,0,0,0,0,0,0,0,0,0,5679,0,0,0,0,0,0,0,0
2021-01-09T23:59:59+01:00,0,0,76,45,335,326,271,381,284,632,338,516,198,223,257,535,240,894,0,0,0,0,0,0,0,0,0,0,0,0,0,0,0,0,5551,0,0,0,0,0,0,0,0
2021-01-08T23:59:59+01:00,0,0,71,37,301,293,226,340,255,590,311,477,180,203,232,475,219,791,0,0,0,0,0,0,0,0,0,0,0,0,0,0,0,0,5001,0,0,0,0,0,0,0,0
2021-01-07T23:59:59+01:00,0,0,57,25,210,196,158,241,196,424,242,340,150,164,177,310,145,505,0,0,0,0,0,0,0,0,0,0,0,0,0,0,0,0,3540,0,0,0,0,0,0,0,0
2021-01-06T23:59:59+01:00,0,0,45,15,162,117,112,160,145,297,177,241,118,132,135,243,102,360,0,0,0,0,0,0,0,0,0,0,0,0,0,0,0,0,2561,0,0,0,0,0,0,0,0
2021-01-05T23:59:59+01:00,0,0,28,7,97,70,59,93,87,214,116,149,108,123,126,224,101,334,0,0,0,0,0,0,0,0,0,0,0,0,0,0,0,0,1936,0,0,0,0,0,0,0,0
2021-01-04T23:59:59+01:00,0,0,26,7,97,69,56,90,87,214,116,147,108,121,126,224,101,334,0,0,0,0,0,0,0,0,0,0,0,0,0,0,0,0,1923,0,0,0,0,0,0,0,0
2021-01-03T23:59:59+01:00,0,0,26,7,97,69,56,90,87,213,115,147,107,121,126,224,101,334,0,0,0,0,0,0,0,0,0,0,0,0,0,0,0,0,1920,0,0,0,0,0,0,0,0
2021-01-02T23:59:59+01:00,0,0,26,7,97,69,56,90,87,213,114,147,107,121,126,224,101,333,0,0,0,0,0,0,0,0,0,0,0,0,0,0,0,0,1918,0,0,0,0,0,0,0,0
2021-01-01T23:59:59+01:00,0,0,26,7,97,69,56,90,87,213,113,146,107,121,126,224,101,333,0,0,0,0,0,0,0,0,0,0,0,0,0,0,0,0,1916,0,0,0,0,0,0,0,0
2020-12-31T23:59:59+01:00,0,0,26,7,97,69,56,90,87,213,112,146,107,121,126,224,101,333,0,0,0,0,0,0,0,0,0,0,0,0,0,0,0,0,1915,0,0,0,0,0,0,0,0
2020-12-30T23:59:59+01:00,0,0,26,7,97,69,55,90,86,213,112,146,107,121,126,224,100,333,0,0,0,0,0,0,0,0,0,0,0,0,0,0,0,0,1912,0,0,0,0,0,0,0,0
2020-12-29T23:59:59+01:00,0,0,14,2,65,52,33,60,50,138,64,88,53,52,71,135,62,225,0,0,0,0,0,0,0,0,0,0,0,0,0,0,0,0,1164,0,0,0,0,0,0,0,0
2020-12-28T23:59:59+01:00,0,0,5,2,36,24,20,30,21,67,25,41,23,22,27,51,34,82,0,0,0,0,0,0,0,0,0,0,0,0,0,0,0,0,510,0,0,0,0,0,0,0,0
2020-12-27T23:59:59+01:00,0,0,1,0,8,5,8,2,1,5,0,2,1,1,2,2,4,6,0,0,0,0,0,0,0,0,0,0,0,0,0,0,0,0,48,0,0,0,0,0,0,0,0
