Datum,<24_1_m,<24_1_w,25-34_1_m,25-34_1_w,35-44_1_m,35-44_1_w,45-54_1_m,45-54_1_w,55-64_1_m,55-64_1_w,65-74_1_m,65-74_1_w,75-84_1_m,75-84_1_w,>84_1_m,>84_1_w,<24_2_m,<24_2_w,25-34_2_m,25-34_2_w,35-44_2_m,35-44_2_w,45-54_2_m,45-54_2_w,55-64_2_m,55-64_2_w,65-74_2_m,65-74_2_w,75-84_2_m,75-84_2_w,>84_2_m,>84_2_w,bp_1,bp_2,mo_1,mo_2,az_1,az_2,ja
2021-06-05T23:59:59+02:00,22765,24701,50655,53522,49302,53555,55261,64017,70410,76157,47359,59650,38334,53334,8370,17385,8085,9120,18508,21923,19709,24520,23882,33089,30250,37015,27887,35737,31432,43222,7257,15001,516896,288250,72101,41576,146690,47721,9090
2021-06-04T23:59:59+02:00,22291,24117,49739,52642,48607,52760,54648,63298,70172,75936,47337,59624,38321,53323,8368,17379,7823,8754,17901,21088,19056,23544,22956,31842,29157,35808,27637,35408,31334,43081,7245,14984,511179,282141,71784,41515,146678,45041,8921
2021-06-03T23:59:59+02:00,21575,23373,48416,51437,47557,51756,53780,62354,69833,75628,47287,59549,38294,53297,8361,17370,7497,8284,17188,20078,18310,22439,21993,30450,28138,34486,27193,34752,31170,42834,7229,14945,504032,275962,71125,40892,146420,41842,8290
2021-06-02T23:59:59+02:00,21134,22812,47449,50538,46804,51069,53047,61656,69660,75476,47262,59519,38276,53272,8356,17358,7303,7998,16479,19416,17472,21706,21168,29425,27119,33209,26771,34198,31024,42605,7208,14885,498130,269922,71114,40876,146418,39162,8026
2021-06-01T23:59:59+02:00,20345,21974,45607,48841,45247,49721,51545,60226,69174,75072,47188,59423,38224,53207,8344,17316,6972,7636,15260,18531,16040,20747,19985,28207,26010,31891,26266,33573,30817,42296,7169,14793,489291,263697,69922,40346,145913,35822,6328
2021-05-31T23:59:59+02:00,19777,21385,44285,47691,44067,48656,50302,59084,68638,74702,47123,59324,38180,53141,8334,17291,6640,7260,14133,17713,14722,19852,18817,27049,24880,30634,25798,32937,30652,42019,7139,14705,483086,257536,68783,39815,145464,32952,4647
2021-05-30T23:59:59+02:00,19400,20936,43291,46741,43181,47776,49294,58082,68186,74250,47019,59176,38119,53035,8319,17254,6417,6972,13580,17020,14111,19167,17903,26044,23809,29495,25113,32057,30384,41640,7102,14628,477181,251679,67758,39037,145055,30661,4065
2021-05-29T23:59:59+02:00,19257,20795,42914,46410,42854,47528,49061,57880,68132,74203,47013,59167,38113,53033,8319,17254,6222,6654,13054,16224,13471,18300,17008,24842,22808,28311,24964,31848,30335,41564,7099,14621,475184,246145,67659,39037,145026,28079,4064
2021-05-28T23:59:59+02:00,18900,20443,42229,45787,42355,46985,48545,57320,67890,73953,46956,59083,38086,52989,8316,17249,5944,6184,12491,15338,12808,17421,16105,23589,21822,27002,24738,31519,30256,41451,7089,14605,470931,240228,67163,38932,144960,25170,4032
2021-05-27T23:59:59+02:00,18288,19841,41086,44816,41372,46115,47562,56441,67380,73572,46849,58944,38037,52921,8305,17210,5675,5789,11831,14490,12021,16493,15037,22358,20619,25560,24286,30860,30104,41213,7056,14531,465162,232961,65660,38133,144241,23153,3676
2021-05-26T23:59:59+02:00,17803,19366,39984,43903,40382,45256,46516,55557,66860,73120,46708,58778,37966,52771,8288,17164,5444,5562,11257,13695,11287,15628,14005,21192,19287,24035,23752,30132,29913,40908,7008,14437,460074,225738,63673,37291,143288,21126,3387
2021-05-25T23:59:59+02:00,17344,18892,38990,43029,39444,44427,45530,54614,66351,72654,46550,58562,37888,52645,8265,17118,5206,5316,10689,13024,10539,14817,12892,19939,17936,22586,23219,29405,29701,40628,6959,14363,454798,218465,62118,36364,142220,19223,3167
2021-05-24T23:59:59+02:00,16940,18523,38157,42307,38584,43737,44657,53827,65898,72241,46436,58390,37827,52525,8248,17082,5028,5154,10224,12541,9900,14241,11963,19063,16670,21371,22633,28620,29506,40339,6911,14286,450206,211634,60907,35433,141502,18619,2764
2021-05-23T23:59:59+02:00,16748,18322,37672,41937,38144,43351,44214,53430,65646,72040,46374,58302,37791,52484,8242,17060,4809,4985,9762,12054,9259,13634,10961,18224,15587,20365,22172,28078,29291,40087,6874,14210,447055,204750,60544,35355,141478,17567,2680
2021-05-22T23:59:59+02:00,16509,18057,36974,41401,37503,42902,43649,53030,64666,71064,46187,58060,37734,52386,8233,17041,4668,4638,9570,11666,9098,13312,10705,17755,15352,19996,22083,27973,29262,40053,6869,14204,440749,203547,60541,35355,141459,15655,2647
2021-05-21T23:59:59+02:00,16063,17587,35896,40493,36477,42015,42582,52118,63388,69842,45986,57751,37659,52255,8220,17009,4541,4518,9366,11401,8896,13066,10346,17407,14973,19641,21890,27710,29205,39970,6859,14198,431307,201631,60198,35055,141202,14667,2634
2021-05-20T23:59:59+02:00,15166,16779,34438,38996,35104,40705,41177,50892,62227,68771,45717,57445,37529,52086,8202,16965,4354,4289,8828,10813,8264,12347,9618,16541,14209,18647,21163,26705,29033,39699,6826,14125,421238,197311,58536,34225,140164,11664,2261
2021-05-19T23:59:59+02:00,14529,16125,33273,37500,34018,39450,40061,49923,60283,67046,45314,56943,37357,51845,8163,16869,4233,4127,8554,10453,7979,11957,9162,16033,13538,17938,20373,25670,28823,39422,6775,14023,410508,193121,57057,33423,139071,10453,2063
2021-05-18T23:59:59+02:00,14011,15604,32234,36492,32971,38544,39033,48978,58295,65263,45003,56531,37215,51621,8137,16818,3996,3910,8078,9863,7511,11410,8604,15342,12834,17135,19498,24545,28619,39117,6743,13922,401948,189087,55132,32582,137902,7690,1768
2021-05-17T23:59:59+02:00,13693,15283,31738,35957,32515,37999,38435,48333,56382,63537,44367,55769,36972,51268,8110,16758,3887,3766,7827,9591,7216,11115,8191,14924,12249,16493,18651,23498,28418,38834,6712,13853,394436,184819,54056,31837,137139,7084,1485
2021-05-16T23:59:59+02:00,13436,14990,31225,35460,32062,37512,37893,47756,54500,61676,43881,55137,36799,50985,8086,16715,3759,3642,7552,9299,6886,10787,7698,14439,11676,15872,17780,22440,28230,38581,6685,13795,387543,180628,53095,31003,136494,6509,981
2021-05-15T23:59:59+02:00,13253,14752,30970,35143,31813,37187,37666,47510,52917,60166,43667,54869,36729,50861,8083,16688,3738,3624,7531,9276,6872,10770,7683,14427,11662,15852,17632,22190,28056,38315,6679,13788,381766,179656,53095,31003,136447,6470,966
2021-05-14T23:59:59+02:00,12963,14420,30510,34659,31455,36733,37150,47029,51069,58334,43338,54416,36608,50677,8069,16655,3706,3600,7466,9212,6821,10708,7625,14362,11428,15589,16936,21140,27806,37897,6666,13757,374075,176805,52777,30666,136318,6333,915
2021-05-13T23:59:59+02:00,12629,14045,29875,34025,30874,36128,36448,46366,49632,56801,42958,53865,36450,50451,8050,16625,3626,3545,7353,9118,6739,10615,7522,14255,11031,15132,15918,19963,27475,37332,6629,13690,367043,173057,51785,30111,135580,5961,814
2021-05-12T23:59:59+02:00,12479,13874,29597,33720,30613,35846,36150,46051,49375,56517,42859,53762,36399,50373,8044,16588,3605,3518,7326,9084,6714,10583,7500,14222,10836,14957,15542,19494,27210,36929,6612,13646,364423,171071,51707,30100,135426,5916,691
2021-05-11T23:59:59+02:00,12055,13467,28770,32926,29789,35108,35285,45257,47677,54775,42465,53228,36239,50097,8014,16503,3498,3391,7083,8813,6512,10285,7283,13846,10285,14345,14600,18360,26857,36414,6588,13564,357608,167447,50014,29220,133564,4588,469
2021-05-10T23:59:59+02:00,11689,13146,28037,32211,29006,34414,34503,44494,46426,53526,42105,52763,36065,49808,7969,16407,3453,3334,6953,8685,6418,10174,7147,13649,9972,13989,13909,17514,26493,35878,6566,13499,351391,164666,48900,28851,131917,3755,361
2021-05-09T23:59:59+02:00,11408,12851,27355,31528,28361,33742,33760,43798,44947,52058,41667,52219,35883,49527,7940,16331,3396,3276,6828,8542,6319,10031,7041,13443,9561,13600,13177,16633,26176,35418,6550,13453,344449,161847,47825,28300,130826,3022,275
2021-05-08T23:59:59+02:00,11298,12767,26949,31223,27926,33433,33314,43499,43933,51233,41539,52080,35844,49471,7938,16325,3391,3273,6823,8540,6311,10024,7035,13431,9551,13585,13043,16449,25596,34594,6520,13390,339975,160000,47785,28274,130740,3010,272
2021-05-07T23:59:59+02:00,11126,12589,26485,30859,27496,33079,32817,43150,42921,50430,41305,51773,35746,49319,7928,16304,3335,3242,6776,8502,6263,9977,6980,13377,9325,13283,12352,15539,24785,33419,6481,13325,335006,155974,47481,27913,130586,2820,254
2021-05-06T23:59:59+02:00,10672,12241,25529,30092,26460,32298,31588,42320,41397,49261,40959,51260,35572,49095,7893,16241,3266,3183,6646,8361,6153,9847,6823,13193,9019,12917,11613,14548,23982,32275,6455,13269,327229,152242,46416,26973,128989,2091,244
2021-05-05T23:59:59+02:00,10246,12002,24651,29499,25590,31623,30472,41527,39497,47463,40558,50740,35374,48830,7845,16140,3219,3142,6532,8235,6057,9736,6721,13049,8740,12591,10796,13591,23142,31171,6430,13213,319410,148411,45565,26096,126922,1698,160
2021-05-04T23:59:59+02:00,9956,11726,23841,28855,24622,30891,29392,40668,38037,46017,40125,50195,35126,48509,7803,16037,3182,3116,6464,8163,5979,9669,6649,12979,8442,12295,9986,12641,22355,30113,6406,13162,312813,144746,44606,25295,124320,1499,61
2021-05-03T23:59:59+02:00,9711,11463,23100,28268,23804,30298,28456,39938,37158,45306,39790,49763,34931,48229,7762,15944,3132,3081,6393,8085,5905,9607,6556,12893,8162,12016,9149,11604,21605,29118,6385,13124,307978,141052,43833,24485,122088,1256,22
2021-05-02T23:59:59+02:00,9512,11241,22437,27708,23069,29713,27621,39303,36423,44717,39549,49442,34827,48056,7731,15892,3093,3059,6354,8042,5875,9575,6519,12856,7922,11767,8462,10817,21053,28394,6366,13109,303185,137908,43070,24213,120969,1125,17
2021-05-01T23:59:59+02:00,9326,11031,22050,27235,22585,29136,26957,38571,35633,43847,39318,49109,34743,47915,7727,15880,3086,3053,6331,8034,5862,9567,6500,12841,7908,11754,8421,10740,21020,28352,6362,13106,297123,137626,43069,24208,120854,1086,17
2021-04-30T23:59:59+02:00,9140,10814,21662,26803,22125,28580,26175,37787,34709,42930,39101,48807,34659,47785,7715,15860,3067,3037,6310,8019,5841,9552,6474,12818,7878,11721,8381,10662,20975,28284,6360,13100,290902,137330,43063,24139,120673,996,14
2021-04-29T23:59:59+02:00,8822,10533,21075,26226,21447,27883,25204,36808,33452,41561,38123,47497,34379,47353,7666,15747,3029,2996,6215,7909,5764,9448,6372,12671,7641,11404,7759,9954,20624,27818,6341,13037,282224,135288,42281,22929,119258,752,13
2021-04-28T23:59:59+02:00,8512,10285,20548,25743,20797,27285,24281,35894,32065,40054,37036,46021,34070,46900,7613,15627,2956,2944,6106,7790,5663,9327,6274,12511,7373,11084,7084,9112,20264,27311,6303,12973,273570,132890,41510,21640,117638,532,13
2021-04-27T23:59:59+02:00,8299,10076,20110,25319,20177,26748,23428,35108,30879,38680,36022,44693,33740,46387,7557,15519,2929,2913,6003,7689,5612,9237,6201,12384,7127,10838,6481,8386,19914,26874,6288,12956,265952,130817,40646,20713,116131,289,13
2021-04-26T23:59:59+02:00,8083,9876,19692,24904,19631,26215,22597,34330,29678,37412,35036,43382,33473,45944,7516,15403,2912,2901,5967,7648,5570,9199,6163,12343,6892,10600,5883,7674,19583,26488,6268,12933,258393,128883,39826,19871,114941,258,12
2021-04-25T23:59:59+02:00,7951,9720,19350,24641,19254,25877,21955,33692,28665,36383,33995,42063,33187,45556,7482,15332,2899,2891,5950,7627,5550,9181,6142,12318,6854,10565,5725,7457,19289,26070,6252,12891,251298,128267,39112,19133,114681,249,12
2021-04-24T23:59:59+02:00,7747,9504,18905,24207,18698,25344,21122,32843,27674,35408,33767,41768,33108,45419,7472,15321,2895,2885,5936,7619,5543,9173,6137,12314,6840,10546,5645,7338,19209,25956,6249,12883,245401,127828,39111,19098,113783,230,12
2021-04-23T23:59:59+02:00,7492,9277,18444,23729,18134,24725,20257,31987,26553,34210,33067,40692,32981,45217,7460,15300,2887,2866,5906,7596,5507,9129,6094,12276,6791,10488,5447,7034,18687,25337,6174,12750,237902,125994,38786,18754,112825,209,12
2021-04-22T23:59:59+02:00,7228,9036,17816,23106,17336,23938,19174,30934,25247,32753,32117,39453,32758,44895,7424,15230,2870,2848,5862,7543,5460,9046,6027,12199,6707,10407,5107,6570,18020,24504,6086,12596,228912,123865,37866,17798,111655,177,12
2021-04-21T23:59:59+02:00,6986,8834,17275,22601,16662,23342,18160,29988,23720,31168,31182,38276,32493,44510,7380,15152,2850,2828,5822,7492,5405,8972,5964,12100,6608,10328,4897,6229,17366,23705,5998,12446,220102,121807,37095,17040,110520,151,12
2021-04-20T23:59:59+02:00,6772,8607,16702,22117,15912,22653,17119,28951,22261,29663,30131,36887,32208,44144,7336,15070,2833,2813,5778,7454,5365,8926,5914,12035,6532,10262,4748,6014,16773,22975,5907,12300,211201,120153,36219,16322,109101,142,12
2021-04-19T23:59:59+02:00,6555,8421,16152,21680,15232,22084,16091,28015,20832,28243,28885,35356,31923,43722,7288,14971,2820,2798,5757,7421,5330,8896,5871,11987,6452,10183,4586,5803,16149,22287,5828,12180,202561,118531,35443,15667,107434,138,12
2021-04-18T23:59:59+02:00,6341,8256,15699,21337,14596,21516,15035,27184,19472,27033,27635,33834,31628,43345,7243,14890,2759,2745,5624,7296,5224,8785,5770,11838,6351,10071,4427,5580,15579,21635,5741,12042,194046,116917,34613,14403,106373,135,12
2021-04-17T23:59:59+02:00,6296,8219,15540,21261,14428,21431,14772,26992,19195,26762,27171,33332,31520,43221,7237,14878,2726,2694,5524,7140,5111,8625,5671,11643,6262,9959,4364,5493,15358,21368,5734,12033,192834,115173,34608,14399,104801,121,12
2021-04-16T23:59:59+02:00,6217,8157,15358,21093,14216,21283,14466,26717,18688,26226,26248,32235,31402,43027,7216,14860,2671,2631,5404,6960,4990,8446,5505,11402,6075,9747,4125,5228,14752,20607,5659,11930,189477,112002,34323,14008,103597,110,12
2021-04-15T23:59:59+02:00,6133,8063,15139,20875,13944,20997,14005,26337,17918,25444,25044,30792,31177,42729,7190,14791,2591,2528,5204,6707,4787,8143,5297,11084,5863,9472,3909,4944,13943,19547,5568,11806,184927,108218,33516,13066,102123,97,12
2021-04-14T23:59:59+02:00,6035,7979,14929,20669,13684,20759,13595,25987,17089,24658,23638,29173,30896,42368,7144,14706,2376,2391,4996,6446,4604,7894,5069,10830,5642,9204,3761,4699,13220,18658,5474,11635,180318,105180,32635,11617,100344,90,12
2021-04-13T23:59:59+02:00,5968,7915,14732,20528,13461,20576,13217,25669,16352,23957,22118,27527,30628,41984,7116,14607,2275,2322,4829,6252,4426,7689,4863,10577,5456,8986,3623,4520,12687,18050,5383,11504,176115,102846,31759,10504,98469,80,12
2021-04-12T23:59:59+02:00,5888,7825,14501,20328,13161,20321,12812,25230,15635,23230,20681,25765,30373,41672,7082,14539,2129,2210,4654,6097,4278,7504,4705,10393,5318,8832,3494,4360,12255,17530,5296,11377,171775,101171,30704,9170,96552,79,12
2021-04-11T23:59:59+02:00,5796,7737,14282,20130,12870,20104,12374,24860,14949,22570,19324,24164,30147,41374,7046,14467,2085,2172,4538,5984,4165,7381,4582,10270,5193,8716,3367,4216,11768,16923,5188,11209,167530,99441,29752,8227,94900,77,12
2021-04-10T23:59:59+02:00,5791,7729,14266,20120,12861,20093,12357,24846,14866,22478,18654,23249,29903,41018,7028,14444,2079,2160,4529,5974,4153,7370,4569,10254,5132,8638,3262,4103,11210,16089,5076,11030,166464,97316,29725,8227,93502,73,12
2021-04-09T23:59:59+02:00,5777,7712,14239,20071,12821,20045,12311,24796,14488,22036,17209,21453,29551,40477,7000,14410,2054,2151,4511,5956,4127,7345,4525,10221,5095,8587,3147,3965,10346,15095,4966,10870,163879,94896,29387,7982,91119,72,11
2021-04-08T23:59:59+02:00,5728,7682,14142,19994,12745,19968,12205,24687,14034,21471,15490,19338,29014,39581,6949,14302,2030,2135,4484,5901,4075,7265,4460,10143,5027,8515,3038,3845,9842,14481,4799,10663,160054,93067,28365,7557,88903,71,8
2021-04-07T23:59:59+02:00,5693,7647,14038,19918,12659,19889,12114,24577,13556,20994,14045,17524,28449,38746,6902,14211,2008,2122,4431,5832,3992,7189,4371,10053,4942,8428,2938,3740,9072,13334,4606,10341,155708,90555,27489,6777,87758,60,7
2021-04-06T23:59:59+02:00,5657,7616,13942,19847,12579,19833,12032,24511,13066,20502,12446,15517,27869,37928,6885,14145,1936,2058,4301,5713,3893,7064,4251,9908,4839,8306,2823,3616,8329,12355,4389,10051,151703,88193,26608,5574,86057,58,7
2021-04-05T23:59:59+02:00,5616,7583,13870,19781,12509,19767,11978,24430,12669,20121,10848,13562,27260,37019,6853,14093,1859,1978,4136,5558,3729,6908,4095,9766,4697,8182,2672,3479,7487,11339,4187,9752,148513,85848,25596,3914,83843,55,7
2021-04-04T23:59:59+02:00,5602,7564,13859,19760,12504,19750,11970,24413,12530,20002,9810,12262,26864,36457,6832,14048,1857,1973,4130,5556,3727,6903,4091,9759,4696,8178,2666,3466,7232,10846,4122,9663,146780,84898,25594,3914,81848,48,5
2021-04-03T23:59:59+02:00,5598,7553,13844,19743,12495,19742,11960,24402,12509,19952,8784,11051,26110,35384,6791,13954,1854,1970,4128,5551,3725,6899,4083,9747,4681,8168,2660,3455,7077,10567,4104,9605,144318,84308,25589,3914,79961,48,4
2021-04-02T23:59:59+02:00,5592,7533,13805,19718,12459,19699,11917,24354,12416,19868,8103,10073,24679,33478,6679,13745,1843,1955,4102,5530,3703,6856,4043,9668,4554,7888,2527,3317,6694,10141,3986,9445,139868,82508,25253,3692,78993,48,4
2021-04-01T23:59:59+02:00,5529,7450,13713,19583,12344,19553,11769,24192,11791,19391,7376,9155,23347,31728,6583,13555,1770,1884,3998,5430,3641,6790,3973,9599,4483,7784,2425,3166,6165,9410,3856,9239,135667,80280,24126,3289,77263,41,3
2021-03-31T23:59:59+02:00,5472,7386,13587,19432,12212,19405,11590,23991,11511,19141,6864,8518,22059,30014,6461,13370,1756,1872,3977,5407,3608,6762,3938,9549,4446,7732,2353,3080,5650,8718,3727,9072,131742,78530,23040,3073,76228,41,3
2021-03-30T23:59:59+02:00,5405,7310,13453,19275,12102,19238,11457,23829,11346,19004,6472,8092,20846,28469,6353,13202,1737,1835,3936,5372,3540,6693,3849,9429,4319,7562,2211,2864,5208,8155,3621,8859,128387,76327,22116,2835,75350,28,0
2021-03-29T23:59:59+02:00,5352,7261,13346,19186,12040,19154,11363,23727,11203,18860,6132,7649,19600,27008,6258,13050,1673,1790,3887,5331,3457,6619,3736,9279,4164,7368,2100,2731,4609,7440,3510,8642,124827,73685,21252,2625,75110,26,0
2021-03-28T23:59:59+02:00,5291,7187,13230,19044,11960,19073,11270,23623,11101,18758,5793,7264,18597,25668,6164,12892,1635,1736,3778,5225,3255,6379,3673,9187,4112,7317,2036,2665,3806,6352,3390,8463,121852,70663,20466,2329,74597,17,0
2021-03-27T23:59:59+01:00,5254,7124,13122,18878,11839,18906,11160,23412,10996,18628,5720,7159,18335,25350,6156,12883,1629,1733,3774,5220,3252,6373,3353,8784,3951,7074,2031,2661,3787,6315,3361,8406,120017,69368,20431,2329,74474,7,0
2021-03-26T23:59:59+01:00,5205,7059,13011,18696,11723,18713,10994,23181,10843,18432,5524,6899,17754,24582,6081,12775,1628,1731,3768,5214,3231,6356,3331,8763,3720,6579,1881,2322,3491,5989,3244,8220,116954,67139,20093,2323,74425,6,0
2021-03-25T23:59:59+01:00,5126,6957,12807,18442,11524,18392,10776,22849,10604,18116,5270,6572,16763,23305,5980,12630,1617,1720,3746,5184,3199,6331,3282,8727,3668,6537,1801,2180,3035,5285,3126,7980,112990,65190,19023,2223,74100,5,0
2021-03-24T23:59:59+01:00,5027,6819,12595,18001,11320,18004,10549,22459,10392,17787,4949,6164,15758,22147,5876,12448,1591,1706,3722,5136,3164,6266,3224,8657,3619,6466,1744,2123,2703,4905,3003,7754,109912,63798,17936,1980,72447,5,0
2021-03-23T23:59:59+01:00,4956,6720,12427,17670,11135,17658,10356,22098,10192,17526,4813,5930,15092,21360,5772,12305,1574,1700,3709,5118,3143,6249,3204,8608,3585,6422,1710,2069,2454,4610,2820,7466,107599,62497,17207,1939,71204,5,0
2021-03-22T23:59:59+01:00,4895,6618,12229,17331,10955,17336,10144,21764,9980,17256,4654,5702,14469,20648,5671,12156,1558,1691,3684,5082,3112,6211,3171,8558,3551,6375,1667,2015,2240,4330,2643,7170,105772,61253,16496,1800,69540,5,0
2021-03-21T23:59:59+01:00,4803,6463,11942,16917,10680,16937,9890,21321,9732,16932,4523,5515,13784,19857,5553,11978,1549,1690,3667,5065,3091,6178,3150,8527,3532,6351,1649,1994,2063,4144,2492,6933,103899,60275,15199,1795,67729,5,0
2021-03-20T23:59:59+01:00,4764,6372,11800,16568,10550,16642,9749,21003,9556,16665,4398,5358,13153,18906,5436,11783,1548,1689,3667,5063,3088,6177,3147,8522,3527,6347,1643,1989,2031,4080,2473,6895,101715,60086,15195,1795,65793,5,0
2021-03-19T23:59:59+01:00,4708,6267,11626,16209,10380,16283,9569,20617,9349,16333,4211,5139,12139,17700,5313,11613,1540,1683,3650,5029,3057,6104,3108,8426,3424,6175,1526,1895,1960,4021,2363,6691,99029,58858,14787,1791,63640,3,0
2021-03-18T23:59:59+01:00,4611,6130,11356,15771,10116,15855,9302,20147,9137,16012,4068,4971,11488,16822,5126,11379,1534,1667,3635,4996,3035,6060,3089,8369,3398,6135,1507,1862,1921,3947,2237,6488,97230,58176,13779,1701,61282,3,0
2021-03-17T23:59:59+01:00,4413,5994,11063,15338,9862,15507,9060,19768,8898,15692,3940,4786,10647,15526,4909,11040,1531,1664,3622,4976,3031,6042,3078,8332,3381,6113,1505,1842,1897,3916,2126,6303,94585,57669,12239,1687,59619,3,0
2021-03-16T23:59:59+01:00,4253,5842,10706,14870,9612,15138,8766,19330,8620,15347,3798,4628,9806,14359,4678,10750,1516,1661,3618,4970,3022,6035,3072,8324,3371,6098,1484,1819,1860,3867,2007,6127,92266,57240,11049,1608,57188,3,0
2021-03-15T23:59:59+01:00,4087,5689,10390,14394,9324,14672,8464,18854,8356,14960,3648,4451,9068,13259,4506,10497,1505,1653,3600,4956,3011,6012,3053,8286,3351,6055,1468,1807,1844,3834,1894,5943,90312,56662,9685,1607,54622,3,0
2021-03-14T23:59:59+01:00,4007,5573,10108,13941,9068,14277,8147,18367,8095,14591,3470,4245,8228,11978,4258,10125,1491,1646,3575,4937,2989,5963,3033,8208,3326,5992,1434,1755,1786,3698,1731,5562,87994,56137,8672,986,51812,3,0
2021-03-13T23:59:59+01:00,3927,5357,9855,13408,8894,13850,7961,17950,7949,14295,3390,4177,8032,11670,4226,10058,1491,1646,3575,4937,2988,5963,3033,8208,3325,5990,1430,1754,1784,3694,1730,5561,87342,56120,8672,986,48985,3,0
2021-03-12T23:59:59+01:00,3842,5180,9606,12875,8667,13304,7714,17281,7592,13602,3233,4025,7647,11245,4119,9910,1489,1642,3572,4924,2984,5959,3026,8202,3321,5984,1404,1721,1763,3676,1632,5385,85583,55695,8423,986,45836,3,0
2021-03-11T23:59:59+01:00,3667,4812,9240,12150,8369,12632,7361,16490,7280,13016,3077,3824,7058,10474,3976,9675,1465,1626,3544,4882,2938,5870,2990,8084,3271,5895,1362,1665,1683,3462,1436,4878,83154,54950,7975,99,41972,2,0
2021-03-10T23:59:59+01:00,3585,4657,8667,11645,7745,12154,7051,15947,6985,12491,2920,3681,6471,9724,3850,9473,1450,1609,3515,4821,2906,5788,2952,7934,3215,5794,1325,1622,1628,3361,1318,4602,81348,53763,7420,76,38278,1,0
2021-03-09T23:59:59+01:00,3449,4441,7913,11194,6902,11662,6651,15326,6634,11917,2699,3391,5943,9072,3729,9244,1444,1604,3491,4771,2880,5724,2936,7884,3198,5750,1308,1599,1596,3319,1208,4403,79061,53072,6064,42,35042,1,0
2021-03-08T23:59:59+01:00,3246,4154,7181,10663,6164,11180,6249,14770,6253,11395,2499,3192,5315,8294,3623,9034,1436,1592,3469,4702,2851,5655,2899,7793,3170,5680,1305,1590,1592,3311,1204,4401,76245,52608,4919,42,32048,0,0
2021-03-07T23:59:59+01:00,3111,3984,6832,10160,5743,10625,5971,14327,6031,11047,2409,3114,4484,7157,3480,8839,1433,1589,3466,4697,2846,5643,2895,7774,3161,5669,1301,1572,1572,3272,1187,4361,73005,52397,4089,41,30220,0,0
2021-03-06T23:59:59+01:00,3060,3797,6638,9721,5547,10191,5460,13405,5709,10420,2396,3098,4479,7145,3477,8838,1432,1587,3464,4694,2844,5642,2894,7773,3160,5666,1299,1569,1572,3270,1186,4361,71782,52372,4089,41,27510,0,0
2021-03-05T23:59:59+01:00,2953,3479,6415,9174,5346,9783,5284,12827,5309,9436,2196,2704,4082,6728,3368,8667,1419,1580,3447,4680,2839,5629,2886,7755,3149,5648,1286,1565,1572,3265,1181,4357,69460,52217,3857,41,24434,0,0
2021-03-04T23:59:59+01:00,2858,3225,6196,8755,5192,9438,5107,12397,5134,9099,2083,2504,3514,5876,3244,8401,1407,1558,3407,4585,2806,5565,2855,7654,3122,5587,1271,1558,1562,3254,1176,4346,67408,51673,3416,40,22199,0,0
2021-03-03T23:59:59+01:00,2795,3145,6016,8343,5012,9058,4897,11943,4953,8682,1999,2401,3091,5398,3115,8154,1384,1548,3371,4534,2768,5502,2814,7550,3080,5524,1258,1537,1543,3223,1170,4329,65973,51096,3174,39,19855,0,0
2021-03-02T23:59:59+01:00,2733,3038,5846,8007,4855,8790,4735,11538,4815,8390,1921,2314,2781,5026,2923,7866,1378,1536,3352,4517,2752,5474,2801,7502,3072,5495,1254,1529,1524,3204,1168,4325,64641,50844,2918,39,18019,0,0
2021-03-01T23:59:59+01:00,2697,2990,5739,7782,4765,8666,4649,11380,4717,8226,1870,2233,2473,4684,2754,7586,1370,1533,3339,4498,2743,5441,2782,7451,3061,5477,1248,1525,1517,3196,1166,4321,63390,50629,2697,39,17124,0,0
2021-02-28T23:59:59+01:00,2630,2930,5558,7524,4594,8443,4518,11197,4619,8110,1818,2174,2177,4362,2575,7313,1358,1526,3327,4488,2735,5434,2775,7434,3054,5467,1244,1522,1511,3180,1165,4290,62302,50471,2396,39,15844,0,0
2021-02-27T23:59:59+01:00,2515,2552,5401,7139,4493,8136,4441,10845,4552,7879,1791,2121,2150,4319,2557,7261,1355,1523,3325,4488,2730,5432,2771,7430,3050,5465,1243,1521,1510,3180,1165,4290,62072,50442,2396,36,13684,0,0
2021-02-26T23:59:59+01:00,2449,2445,5258,6905,4348,7883,4290,10576,4347,7604,1669,2033,2092,4283,2452,7084,1334,1509,3307,4454,2720,5392,2759,7379,3027,5416,1237,1511,1506,3173,1164,4288,60758,50141,2390,35,12570,0,0
2021-02-25T23:59:59+01:00,2318,2314,4897,6493,3937,7415,4012,10073,4131,7259,1620,1988,2060,4224,2337,6893,1315,1489,3275,4414,2681,5331,2721,7269,2990,5334,1226,1495,1492,3133,1152,4233,60277,49517,2284,33,9410,0,0
2021-02-24T23:59:59+01:00,2278,2242,4776,6268,3843,7197,3882,9835,4016,7117,1600,1963,2030,4180,2223,6697,1301,1478,3245,4349,2647,5264,2696,7191,2960,5267,1210,1477,1469,3084,1141,4168,59732,48924,2039,23,8376,0,0
2021-02-23T23:59:59+01:00,2018,2046,4413,5799,3572,6794,3661,9460,3869,6869,1584,1934,1985,4136,2110,6515,1281,1466,3202,4314,2622,5204,2672,7116,2922,5218,1193,1456,1444,3047,1131,4119,59282,48398,1993,9,5490,0,0
2021-02-22T23:59:59+01:00,2007,2023,4357,5740,3536,6729,3595,9363,3814,6781,1551,1911,1962,4083,1994,6322,1276,1448,3182,4273,2601,5164,2646,7055,2893,5171,1185,1445,1432,3037,1125,4110,58745,48039,1850,4,5173,0,0
2021-02-21T23:59:59+01:00,1996,2016,4324,5706,3493,6695,3556,9299,3774,6739,1541,1905,1956,4074,1877,6157,1268,1432,3160,4236,2573,5113,2632,6988,2863,5088,1172,1429,1409,2975,1102,4038,58398,47474,1846,4,4864,0,0
2021-02-20T23:59:59+01:00,1995,2014,4319,5704,3491,6695,3556,9298,3773,6738,1536,1904,1954,4070,1876,6157,1268,1432,3159,4234,2573,5113,2631,6987,2863,5088,1172,1428,1408,2975,1102,4038,58384,47467,1846,4,4850,0,0
2021-02-19T23:59:59+01:00,1974,2005,4309,5688,3482,6680,3545,9288,3762,6724,1511,1872,1932,4050,1777,5977,1266,1431,3159,4233,2572,5112,2631,6985,2861,5086,1172,1428,1408,2974,1102,4038,57962,47454,1841,4,4773,0,0
2021-02-18T23:59:59+01:00,1929,1961,4206,5581,3419,6576,3449,9110,3685,6602,1495,1838,1897,3976,1647,5781,1215,1369,3011,4006,2452,4824,2519,6652,2761,4869,1142,1380,1376,2889,1078,3897,57310,45436,1751,4,4091,0,0
2021-02-17T23:59:59+01:00,1901,1919,4103,5425,3335,6423,3331,8857,3563,6437,1440,1766,1827,3873,1531,5477,1147,1297,2857,3784,2339,4509,2388,6214,2645,4616,1093,1316,1323,2777,1040,3739,56060,43080,1740,4,3408,0,0
2021-02-16T23:59:59+01:00,1802,1828,3948,5232,3206,6235,3217,8638,3446,6278,1418,1742,1799,3838,1414,5272,1051,1255,2730,3621,2240,4289,2249,5901,2524,4385,1046,1215,1163,2466,795,3144,55332,40072,1723,2,2258,0,0
2021-02-15T23:59:59+01:00,1786,1802,3898,5145,3149,6147,3154,8523,3388,6180,1408,1729,1785,3816,1406,5250,1011,1219,2648,3486,2166,4109,2164,5621,2438,4191,1003,1148,1078,2276,732,2948,54866,38237,1721,1,1979,0,0
2021-02-14T23:59:59+01:00,1711,1767,3817,5068,3108,6031,3099,8363,3345,6085,1388,1698,1732,3675,1349,5011,998,1209,2603,3419,2126,4040,2104,5496,2378,4094,968,1110,999,2091,665,2722,54619,37021,1099,1,1529,0,0
2021-02-13T23:59:59+01:00,1708,1765,3809,5065,3102,6029,3096,8362,3342,6083,1387,1695,1732,3673,1347,5011,998,1209,2603,3419,2126,4040,2103,5496,2376,4094,968,1110,999,2091,665,2722,54601,37019,1098,0,1507,0,0
2021-02-12T23:59:59+01:00,1670,1740,3771,5036,3082,6010,3072,8325,3325,6045,1371,1688,1723,3655,1339,4992,989,1197,2569,3368,2093,3991,2075,5447,2359,4064,967,1110,998,2091,664,2720,54375,36702,1097,0,1372,0,0
2021-02-11T23:59:59+01:00,1615,1676,3665,4871,2982,5830,2972,8019,3234,5856,1316,1628,1659,3469,1256,4674,940,1097,2297,2924,1883,3480,1832,4712,2109,3593,889,1039,905,1883,615,2458,53763,32656,122,0,837,0,0
2021-02-10T23:59:59+01:00,1595,1649,3603,4752,2914,5731,2925,7854,3188,5746,1302,1612,1635,3427,1242,4638,846,1010,2010,2510,1670,3021,1588,4090,1863,3183,792,883,737,1504,489,1982,53112,28178,120,0,581,0,0
2021-02-09T23:59:59+01:00,1577,1623,3551,4686,2885,5659,2902,7754,3151,5682,1300,1603,1605,3406,1234,4624,783,902,1742,2162,1477,2617,1416,3585,1699,2869,763,850,714,1424,470,1880,52797,25353,116,0,329,0,0
2021-02-08T23:59:59+01:00,1557,1619,3527,4655,2866,5617,2877,7702,3136,5656,1290,1595,1597,3378,1232,4610,764,852,1589,1920,1330,2366,1285,3270,1543,2640,734,826,664,1309,441,1722,52496,23255,91,0,327,0,0
2021-02-07T23:59:59+01:00,1407,1570,3436,4598,2815,5576,2849,7660,3113,5622,1283,1579,1588,3356,1228,4579,591,664,1326,1577,1101,1900,1074,2666,1323,2183,630,706,588,1144,399,1515,52195,19387,64,0,0,0,0
2021-02-06T23:59:59+01:00,1403,1567,3434,4596,2809,5573,2844,7656,3109,5619,1281,1576,1586,3354,1228,4579,444,473,1134,1352,969,1570,923,2241,1159,1795,552,623,569,1130,396,1512,52150,16842,64,0,0,0,0
2021-02-05T23:59:59+01:00,1392,1555,3419,4575,2800,5546,2834,7612,3088,5576,1277,1568,1583,3347,1227,4579,326,272,949,1043,817,1193,758,1787,971,1411,452,532,546,1114,394,1508,51914,14073,64,0,0,0,0
2021-02-04T23:59:59+01:00,1373,1533,3370,4523,2760,5462,2793,7483,3041,5499,1264,1555,1569,3313,1220,4554,167,116,643,677,525,752,511,1145,637,875,289,362,447,968,359,1364,51271,9837,41,0,0,0,0
2021-02-03T23:59:59+01:00,1350,1524,3329,4471,2727,5411,2771,7418,3007,5437,1254,1533,1534,3244,1204,4449,146,95,509,523,401,612,422,903,488,673,238,289,358,784,288,1108,50622,7837,41,0,0,0,0
2021-02-02T23:59:59+01:00,1328,1510,3285,4433,2695,5351,2744,7339,2974,5375,1232,1502,1498,3182,1177,4355,130,79,425,427,336,529,380,822,432,608,221,267,312,714,266,994,49940,6942,40,0,0,0,0
2021-02-01T23:59:59+01:00,1311,1493,3260,4381,2665,5278,2710,7206,2945,5286,1216,1480,1471,3144,1163,4294,102,56,317,321,247,401,283,612,308,455,183,217,244,569,205,769,49263,5289,40,0,0,0,0
2021-01-31T23:59:59+01:00,1304,1479,3244,4351,2642,5234,2696,7152,2931,5247,1204,1462,1448,3077,1142,4218,91,53,287,297,226,354,260,569,279,422,162,196,201,463,168,624,48791,4652,40,0,0,0,0
2021-01-30T23:59:59+01:00,1304,1479,3241,4347,2641,5234,2695,7150,2931,5247,1204,1461,1447,3077,1142,4218,91,50,277,283,216,338,255,560,275,414,161,195,200,463,168,624,48781,4570,37,0,0,0,0
2021-01-29T23:59:59+01:00,1302,1478,3241,4343,2641,5233,2694,7148,2929,5245,1203,1461,1447,3076,1142,4218,85,46,256,269,193,313,243,547,263,406,158,193,196,457,167,622,48765,4414,36,0,0,0,0
2021-01-28T23:59:59+01:00,1279,1448,3168,4232,2589,5114,2631,6993,2871,5134,1189,1435,1433,3009,1122,4104,71,24,157,163,129,191,166,362,195,254,128,144,150,285,98,362,47717,2879,34,0,0,0,0
2021-01-27T23:59:59+01:00,1225,1391,3080,4093,2512,4928,2538,6705,2792,4962,1155,1389,1395,2915,1094,3970,36,9,91,77,62,91,80,209,112,138,99,113,110,212,74,256,46120,1769,24,0,0,0,0
2021-01-26T23:59:59+01:00,1139,1352,2960,3947,2439,4749,2453,6517,2720,4831,1135,1332,1299,2762,882,3573,35,9,88,76,61,90,78,209,110,137,97,112,110,212,74,256,44077,1754,13,0,0,0,0
2021-01-25T23:59:59+01:00,1120,1322,2880,3815,2393,4597,2389,6321,2660,4698,1123,1313,1284,2728,872,3546,35,9,87,76,59,90,78,208,110,136,97,112,110,212,74,256,43053,1749,8,0,0,0,0
2021-01-24T23:59:59+01:00,1108,1317,2863,3798,2383,4567,2359,6270,2629,4652,1114,1305,1273,2705,861,3512,35,9,87,76,59,90,78,208,110,136,97,112,110,212,74,256,42710,1749,6,0,0,0,0
2021-01-23T23:59:59+01:00,1108,1317,2863,3798,2383,4567,2359,6270,2627,4652,1114,1305,1273,2705,861,3512,35,9,87,76,59,90,78,208,110,136,97,112,110,212,74,256,42708,1749,6,0,0,0,0
2021-01-22T23:59:59+01:00,1100,1307,2828,3752,2351,4496,2328,6201,2608,4609,1113,1304,1272,2704,860,3509,35,9,87,76,59,90,78,208,110,136,97,112,110,212,74,256,42336,1749,6,0,0,0,0
2021-01-21T23:59:59+01:00,1068,1203,2563,3342,2161,4061,2141,5592,2397,4165,1066,1262,1226,2571,832,3364,30,8,77,68,55,73,65,171,89,125,89,95,91,156,63,199,39008,1454,6,0,0,0,0
2021-01-20T23:59:59+01:00,971,1114,2257,2924,1949,3585,1903,4971,2152,3739,968,1111,1061,2218,723,2912,30,8,77,68,55,72,65,171,89,125,89,95,91,156,63,199,34552,1453,6,0,0,0,0
2021-01-19T23:59:59+01:00,892,995,1965,2492,1705,3092,1673,4307,1925,3329,899,1010,930,1934,631,2576,13,4,49,47,33,40,33,100,39,75,38,35,47,84,37,130,30350,804,5,0,0,0,0
2021-01-18T23:59:59+01:00,814,907,1723,2086,1469,2606,1414,3611,1691,2877,821,928,826,1706,585,2326,7,2,17,12,14,19,17,53,15,34,22,23,24,56,28,75,26387,418,3,0,0,0,0
2021-01-17T23:59:59+01:00,603,701,1408,1694,1193,2046,1157,2856,1419,2319,677,781,690,1416,481,1970,1,0,2,2,0,0,0,0,0,0,0,0,0,0,0,0,21408,5,3,0,0,0,0
2021-01-16T23:59:59+01:00,458,509,1233,1475,1077,1734,1009,2444,1265,1942,600,701,670,1403,479,1969,0,0,0,0,0,0,0,0,0,0,0,0,0,0,0,0,18966,0,2,0,0,0,0
2021-01-15T23:59:59+01:00,335,306,1051,1180,924,1386,847,1986,1076,1565,499,606,636,1371,469,1931,0,0,0,0,0,0,0,0,0,0,0,0,0,0,0,0,16166,0,2,0,0,0,0
2021-01-14T23:59:59+01:00,188,139,733,802,628,886,608,1304,719,1004,329,428,527,1183,422,1718,0,0,0,0,0,0,0,0,0,0,0,0,0,0,0,0,11618,0,0,0,0,0,0
2021-01-13T23:59:59+01:00,162,112,613,627,502,703,495,1031,565,780,274,349,442,1007,366,1454,0,0,0,0,0,0,0,0,0,0,0,0,0,0,0,0,9482,0,0,0,0,0,0
2021-01-12T23:59:59+01:00,146,93,535,538,430,608,439,917,495,695,246,308,367,832,311,1183,0,0,0,0,0,0,0,0,0,0,0,0,0,0,0,0,8143,0,0,0,0,0,0
2021-01-11T23:59:59+01:00,116,73,431,439,352,497,351,730,392,536,214,255,304,698,253,988,0,0,0,0,0,0,0,0,0,0,0,0,0,0,0,0,6629,0,0,0,0,0,0
2021-01-10T23:59:59+01:00,100,60,357,363,290,412,297,637,326,475,186,223,241,555,201,769,0,0,0,0,0,0,0,0,0,0,0,0,0,0,0,0,5492,0,0,0,0,0,0
2021-01-09T23:59:59+01:00,100,58,339,344,267,388,290,623,318,468,185,222,240,553,201,769,0,0,0,0,0,0,0,0,0,0,0,0,0,0,0,0,5365,0,0,0,0,0,0
2021-01-08T23:59:59+01:00,94,52,299,308,226,345,265,592,290,440,169,203,219,487,183,686,0,0,0,0,0,0,0,0,0,0,0,0,0,0,0,0,4858,0,0,0,0,0,0
2021-01-07T23:59:59+01:00,76,33,205,207,162,248,202,427,225,310,140,159,164,317,115,427,0,0,0,0,0,0,0,0,0,0,0,0,0,0,0,0,3417,0,0,0,0,0,0
2021-01-06T23:59:59+01:00,64,21,151,124,115,161,149,304,167,216,108,128,125,245,79,298,0,0,0,0,0,0,0,0,0,0,0,0,0,0,0,0,2455,0,0,0,0,0,0
2021-01-05T23:59:59+01:00,40,11,90,77,62,95,84,212,111,140,103,118,117,227,78,275,0,0,0,0,0,0,0,0,0,0,0,0,0,0,0,0,1840,0,0,0,0,0,0
2021-01-04T23:59:59+01:00,38,11,90,77,59,93,84,211,111,139,103,117,117,227,78,275,0,0,0,0,0,0,0,0,0,0,0,0,0,0,0,0,1830,0,0,0,0,0,0
2021-01-03T23:59:59+01:00,38,11,90,77,59,93,84,211,111,139,103,117,117,227,78,275,0,0,0,0,0,0,0,0,0,0,0,0,0,0,0,0,1830,0,0,0,0,0,0
2021-01-02T23:59:59+01:00,38,11,90,77,59,93,84,211,111,139,103,117,117,227,78,275,0,0,0,0,0,0,0,0,0,0,0,0,0,0,0,0,1830,0,0,0,0,0,0
2021-01-01T23:59:59+01:00,38,11,90,77,59,93,84,211,111,138,103,117,117,227,78,275,0,0,0,0,0,0,0,0,0,0,0,0,0,0,0,0,1829,0,0,0,0,0,0
2020-12-31T23:59:59+01:00,38,11,90,77,59,93,84,211,110,138,103,117,117,227,78,275,0,0,0,0,0,0,0,0,0,0,0,0,0,0,0,0,1828,0,0,0,0,0,0
2020-12-30T23:59:59+01:00,38,11,90,77,58,93,84,211,110,138,103,117,117,227,78,275,0,0,0,0,0,0,0,0,0,0,0,0,0,0,0,0,1827,0,0,0,0,0,0
2020-12-29T23:59:59+01:00,19,5,63,57,35,59,49,137,61,88,47,50,69,138,48,186,0,0,0,0,0,0,0,0,0,0,0,0,0,0,0,0,1111,0,0,0,0,0,0
2020-12-28T23:59:59+01:00,7,4,36,26,20,29,20,68,22,41,23,22,25,51,28,74,0,0,0,0,0,0,0,0,0,0,0,0,0,0,0,0,496,0,0,0,0,0,0
2020-12-27T23:59:59+01:00,1,0,7,5,6,2,1,5,0,2,0,1,2,3,4,5,0,0,0,0,0,0,0,0,0,0,0,0,0,0,0,0,44,0,0,0,0,0,0
