Datum,<15_1_m,<15_1_w,15-24_1_m,15-24_1_w,25-34_1_m,25-34_1_w,35-44_1_m,35-44_1_w,45-54_1_m,45-54_1_w,55-64_1_m,55-64_1_w,65-74_1_m,65-74_1_w,75-84_1_m,75-84_1_w,>84_1_m,>84_1_w,<15_2_m,<15_2_w,15-24_2_m,15-24_2_w,25-34_2_m,25-34_2_w,35-44_2_m,35-44_2_w,45-54_2_m,45-54_2_w,55-64_2_m,55-64_2_w,65-74_2_m,65-74_2_w,75-84_2_m,75-84_2_w,>84_2_m,>84_2_w,bp_1,bp_2,mo_1,mo_2,az_1,az_2,ja,unb_1,unb_2
2021-10-30T23:59:59+01:00,12346,11720,71594,71295,113220,109836,102390,101480,97982,103175,96102,97759,57209,70915,44699,62038,11088,22538,9934,9663,65017,65150,106280,102610,96647,95295,93262,98053,92418,93995,55506,68834,43533,60225,10614,21385,861185,810484,137794,132450,158749,145753,99501,234,233
2021-10-29T23:59:59+02:00,12305,11680,71419,71170,112971,109665,102165,101332,97823,103079,96018,97708,57196,70904,44694,62028,11088,22534,9898,9632,64887,65043,106135,102508,96534,95208,93176,97978,92362,93953,55493,68821,43530,60220,10614,21385,859859,809710,137728,132395,158747,145751,99288,234,233
2021-10-28T23:59:59+02:00,12217,11622,71208,70995,112681,109420,101935,101163,97653,102934,95915,97627,57174,70873,44683,62011,11086,22530,9835,9579,64695,64843,105947,102308,96377,95043,93057,97860,92276,93907,55467,68772,43522,60202,10613,21378,858174,808371,137642,132321,158744,145746,99010,234,233
2021-10-27T23:59:59+02:00,12164,11563,71052,70841,112488,109224,101770,101026,97533,102825,95827,97571,57148,70831,44663,61988,11084,22525,9767,9520,64548,64691,105818,102185,96269,94949,92974,97772,92220,93853,55435,68734,43510,60179,10607,21366,856811,807348,137563,132230,158742,145736,98850,234,233
2021-10-26T23:59:59+02:00,12097,11479,70830,70628,112268,109027,101585,100896,97398,102719,95755,97507,57115,70806,44650,61969,11083,22518,9702,9441,64358,64503,105654,102041,96140,94814,92881,97692,92149,93788,55412,68698,43495,60148,10604,21356,855292,806081,137471,132156,158739,145735,98671,234,233
2021-10-25T23:59:59+02:00,12055,11458,70714,70538,112151,108926,101494,100822,97317,102653,95722,97475,57109,70798,44649,61961,11080,22515,9687,9426,64281,64438,105590,101995,96105,94782,92842,97666,92126,93775,55406,68691,43494,60146,10604,21352,854532,805732,137434,132133,158738,145732,98576,234,233
2021-10-24T23:59:59+02:00,11983,11396,70537,70369,111888,108750,101320,100660,97167,102527,95642,97397,57082,70760,44637,61953,11079,22512,9626,9371,64098,64262,105396,101839,95962,94659,92738,97564,92070,93717,55376,68654,43486,60122,10602,21348,853074,804557,137368,132048,158737,145729,98323,234,233
2021-10-23T23:59:59+02:00,11957,11369,70437,70288,111762,108652,101223,100580,97107,102478,95596,97373,57070,70747,44636,61952,11079,22512,9591,9332,64020,64177,105302,101779,95899,94605,92683,97511,92038,93689,55359,68643,43485,60119,10601,21348,852396,804019,137322,131995,158736,145727,98207,234,233
2021-10-22T23:59:59+02:00,11883,11327,70280,70159,111544,108499,101066,100463,96995,102380,95537,97320,57059,70730,44633,61943,11079,22510,9502,9247,63855,64002,105128,101638,95771,94489,92587,97427,91985,93636,55346,68631,43482,60106,10600,21346,851272,802924,137260,131920,158736,145720,97981,234,233
2021-10-21T23:59:59+02:00,11756,11203,70097,70007,111373,108321,100901,100301,96848,102268,95452,97257,57035,70696,44618,61919,11074,22498,9408,9132,63643,63791,104943,101429,95622,94295,92468,97317,91913,93565,55321,68596,43469,60077,10598,21336,849738,801363,137196,131815,158732,145712,97800,234,233
2021-10-20T23:59:59+02:00,11714,11158,69982,69886,111229,108188,100791,100218,96760,102188,95393,97202,57005,70659,44603,61900,11069,22482,9288,9038,63456,63613,104822,101276,95511,94157,92374,97212,91842,93514,55292,68542,43443,60044,10582,21307,848702,799926,137146,131756,158731,145708,97690,234,233
2021-10-19T23:59:59+02:00,11613,11066,69844,69756,111109,108066,100708,100142,96696,102132,95339,97150,56982,70623,44593,61880,11065,22467,9194,8945,63244,63415,104662,101119,95399,94036,92296,97116,91791,93457,55260,68500,43426,60003,10572,21292,847666,798542,137096,131670,158729,145701,97582,234,232
2021-10-18T23:59:59+02:00,11564,11029,69727,69670,110985,107969,100620,100066,96643,102080,95292,97104,56955,70582,44568,61845,11056,22450,9150,8901,63105,63272,104544,100960,95304,93923,92231,97036,91733,93402,55236,68470,43413,59977,10568,21289,846861,797491,136969,131602,158726,145698,97491,234,232
2021-10-17T23:59:59+02:00,11521,10989,69582,69544,110869,107860,100522,99993,96597,102026,95255,97053,56932,70560,44562,61830,11054,22445,9096,8849,62876,63021,104388,100816,95180,93790,92135,96953,91678,93341,55213,68439,43404,59959,10564,21283,846000,796167,136922,131506,158725,145691,97389,234,232
2021-10-16T23:59:59+02:00,11502,10968,69527,69496,110815,107816,100498,99966,96565,101999,95238,97044,56931,70557,44561,61828,11052,22445,9067,8817,62784,62935,104322,100761,95131,93730,92104,96923,91657,93323,55208,68433,43402,59956,10564,21282,845671,795679,136913,131457,158725,145690,97341,234,232
2021-10-15T23:59:59+02:00,11449,10929,69417,69416,110704,107726,100431,99893,96509,101947,95211,97012,56924,70555,44560,61821,11051,22445,9018,8741,62648,62753,104211,100650,95041,93631,92026,96844,91609,93285,55200,68411,43396,59945,10564,21280,844989,794707,136889,131386,158724,145688,97240,234,232
2021-10-14T23:59:59+02:00,11346,10833,69243,69238,110574,107584,100319,99801,96418,101868,95160,96957,56903,70519,44547,61796,11047,22440,8892,8606,62357,62474,104066,100443,94899,93434,91909,96713,91536,93208,55162,68361,43379,59918,10560,21272,843756,792869,136816,131266,158722,145682,97140,234,232
2021-10-13T23:59:59+02:00,11250,10768,69108,69130,110470,107486,100234,99712,96342,101789,95111,96902,56869,70479,44532,61766,11042,22424,8854,8570,62197,62330,103940,100308,94794,93291,91824,96627,91477,93138,55124,68318,43358,59888,10551,21262,842778,791752,136755,131192,158720,145673,97002,234,232
2021-10-12T23:59:59+02:00,11110,10661,68930,68998,110377,107374,100141,99621,96284,101731,95071,96856,56854,70447,44523,61750,11038,22417,8792,8522,62040,62172,103811,100180,94680,93170,91736,96558,91418,93082,55072,68284,43346,59866,10547,21250,841725,790610,136693,131131,158717,145667,96889,233,229
2021-10-11T23:59:59+02:00,11039,10599,68791,68885,110267,107272,100056,99543,96226,101656,95016,96816,56826,70421,44504,61730,11033,22404,8754,8489,61872,62007,103684,100056,94585,93073,91664,96472,91369,93035,55036,68241,43331,59840,10538,21242,840790,789561,136627,131047,158714,145657,96794,233,229
2021-10-10T23:59:59+02:00,10967,10548,68635,68779,110135,107136,99966,99454,96161,101580,94973,96779,56808,70401,44498,61716,11025,22399,8719,8455,61688,61860,103527,99898,94481,92942,91576,96367,91292,92994,55011,68217,43322,59827,10535,21232,839868,788434,136578,130988,158710,145647,96645,233,229
2021-10-09T23:59:59+02:00,10942,10530,68550,68722,110073,107091,99927,99416,96125,101548,94958,96765,56802,70395,44497,61715,11025,22399,8684,8414,61602,61786,103446,99821,94425,92887,91535,96322,91271,92973,55005,68206,43317,59819,10534,21231,839492,787904,136549,130930,158708,145643,96572,233,229
2021-10-08T23:59:59+02:00,10869,10476,68410,68629,109942,106989,99857,99325,96061,101502,94911,96718,56790,70379,44494,61712,11025,22398,8623,8327,61435,61605,103316,99673,94311,92772,91452,96230,91223,92933,54989,68193,43311,59810,10532,21230,838676,786815,136502,130843,158707,145636,96442,233,229
2021-10-07T23:59:59+02:00,10791,10400,68214,68457,109778,106823,99724,99185,95975,101385,94839,96653,56768,70343,44481,61692,11021,22387,8494,8204,61158,61358,103123,99456,94164,92556,91344,96096,91149,92861,54957,68144,43296,59778,10525,21221,837337,785023,136432,130722,158705,145628,96282,233,229
2021-10-06T23:59:59+02:00,10724,10344,68048,68321,109655,106691,99635,99079,95893,101326,94794,96602,56727,70300,44468,61671,11018,22373,8451,8155,60980,61190,102989,99310,94053,92440,91269,95999,91073,92787,54926,68103,43282,59751,10520,21204,836305,783850,136370,130658,158704,145617,96128,233,229
2021-10-05T23:59:59+02:00,10619,10256,67878,68187,109515,106552,99527,98953,95830,101250,94749,96548,56709,70273,44459,61635,11013,22360,8417,8113,60786,61019,102842,99127,93939,92290,91172,95913,91012,92715,54899,68059,43268,59734,10518,21191,835167,782599,136299,130592,158703,145612,95982,233,229
2021-10-04T23:59:59+02:00,10582,10227,67717,68024,109362,106410,99440,98849,95742,101167,94698,96491,56675,70227,44445,61605,11011,22338,8385,8080,60637,60837,102707,98994,93810,92171,91083,95821,90952,92666,54864,68017,43244,59700,10512,21171,834143,781506,136226,130535,158701,145602,95779,232,229
2021-10-03T23:59:59+02:00,10517,10173,67517,67857,109197,106258,99323,98744,95656,101070,94634,96437,56644,70194,44437,61580,11010,22335,8324,8044,60443,60684,102520,98819,93672,92011,90987,95710,90878,92609,54828,67973,43227,59675,10509,21163,833016,780253,136158,130450,158697,145593,95551,232,229
2021-10-02T23:59:59+02:00,10492,10147,67416,67762,109112,106193,99260,98683,95606,101021,94613,96416,56633,70176,44437,61579,11009,22333,8284,8010,60325,60570,102448,98743,93605,91945,90941,95663,90852,92587,54821,67956,43226,59671,10508,21163,832486,779665,136096,130401,158695,145573,95450,232,229
2021-10-01T23:59:59+02:00,10407,10046,67265,67601,108934,106053,99143,98575,95528,100954,94560,96378,56616,70158,44434,61567,11007,22331,8172,7904,60131,60347,102280,98590,93476,91804,90836,95556,90791,92530,54804,67927,43223,59662,10507,21160,831444,778398,136036,130316,158693,145534,95223,232,229
2021-09-30T23:59:59+02:00,10329,9976,67045,67385,108727,105816,98968,98383,95394,100811,94468,96278,56580,70112,44417,61536,11003,22316,8063,7783,59881,60086,102081,98382,93291,91594,90698,95408,90703,92438,54777,67878,43208,59629,10497,21145,829847,776728,135946,130199,158687,145486,94900,232,229
2021-09-29T23:59:59+02:00,10251,9920,66852,67199,108534,105621,98818,98224,95272,100701,94385,96206,56539,70057,44401,61501,10998,22297,8006,7724,59709,59919,101899,98205,93155,91431,90585,95302,90632,92357,54744,67830,43189,59583,10494,21130,828459,775501,135881,130123,158683,145452,94589,232,229
2021-09-28T23:59:59+02:00,10167,9844,66669,66996,108335,105462,98673,98070,95163,100591,94301,96128,56498,70018,44389,61463,10991,22270,7957,7677,59523,59741,101712,98050,93023,91297,90463,95174,90553,92288,54713,67793,43172,59555,10485,21115,827095,774338,135819,130037,158681,145418,94269,232,229
2021-09-27T23:59:59+02:00,10038,9712,66432,66750,108128,105292,98541,97922,95076,100481,94225,96056,56471,69971,44376,61432,10986,22259,7919,7623,59323,59557,101532,97915,92886,91161,90361,95062,90483,92213,54676,67738,43150,59528,10477,21104,825708,773288,135739,129957,158680,145377,93857,232,229
2021-09-26T23:59:59+02:00,9917,9619,66194,66521,107900,105103,98373,97777,94957,100357,94141,95975,56433,69939,44362,61409,10981,22246,7866,7577,59087,59362,101330,97735,92741,90998,90255,94944,90410,92137,54647,67710,43136,59500,10472,21089,824278,772159,135661,129863,158674,145318,93427,232,229
2021-09-25T23:59:59+02:00,9879,9578,66079,66397,107797,105013,98299,97718,94900,100306,94110,95947,56429,69931,44360,61406,10980,22246,7826,7538,58977,59244,101229,97641,92660,90927,90215,94878,90373,92116,54636,67699,43132,59496,10472,21089,823729,771611,135601,129811,158674,145290,93207,232,229
2021-09-24T23:59:59+02:00,9818,9517,65922,66218,107629,104845,98153,97572,94781,100203,94041,95893,56414,69914,44352,61393,10980,22244,7728,7428,58763,59018,101048,97449,92534,90780,90106,94771,90289,92050,54615,67677,43129,59491,10471,21086,822718,770430,135531,129745,158674,145228,92801,232,229
2021-09-23T23:59:59+02:00,9726,9395,65606,65891,107371,104597,97961,97345,94622,100039,93939,95783,56369,69855,44328,61364,10974,22215,7612,7309,58472,58740,100807,97221,92347,90571,89973,94621,90194,91946,54566,67628,43107,59463,10470,21063,820946,768900,135412,129635,158668,145158,92188,232,229
2021-09-22T23:59:59+02:00,9655,9315,65272,65574,107167,104385,97765,97142,94467,99904,93811,95686,56322,69786,44294,61320,10963,22193,7556,7268,58294,58563,100628,97055,92170,90435,89857,94503,90087,91870,54532,67584,43079,59432,10464,21048,819204,767878,135302,129558,158663,145075,91685,232,229
2021-09-21T23:59:59+02:00,9568,9230,65049,65330,106960,104205,97592,96984,94352,99795,93731,95616,56272,69735,44276,61277,10956,22179,7518,7232,58105,58383,100437,96901,92030,90303,89769,94414,89998,91796,54493,67527,43058,59393,10455,21030,817756,766836,135221,129462,158660,145012,91303,232,229
2021-09-20T23:59:59+02:00,9507,9173,64767,65028,106766,104022,97432,96817,94247,99698,93666,95540,56232,69692,44256,61234,10951,22168,7461,7178,57915,58234,100258,96758,91878,90151,89628,94315,89919,91725,54447,67490,43032,59357,10449,21014,816344,765849,135144,129381,158655,144865,90885,232,229
2021-09-19T23:59:59+02:00,9457,9129,64490,64857,106539,103830,97283,96649,94109,99597,93563,95465,56204,69638,44246,61209,10949,22156,7423,7136,57674,58040,100017,96585,91693,89985,89445,94143,89802,91643,54410,67429,43014,59323,10448,21001,815028,764653,135062,129266,158652,144603,90460,232,229
2021-09-18T23:59:59+02:00,9424,9084,64396,64757,106419,103734,97173,96562,94041,99527,93529,95437,56196,69629,44242,61204,10947,22155,7383,7096,57553,57920,99912,96487,91571,89905,89374,94080,89766,91613,54400,67424,43007,59320,10446,20997,814457,764024,134972,129201,158650,144591,90209,232,229
2021-09-17T23:59:59+02:00,9345,8997,64203,64598,106244,103578,97004,96409,93912,99430,93457,95361,56180,69602,44231,61198,10941,22149,7292,6998,57350,57686,99727,96326,91419,89787,89258,93974,89689,91552,54385,67397,42999,59313,10446,20994,813362,762905,134883,129104,158646,144574,89780,232,229
2021-09-16T23:59:59+02:00,9255,8890,63931,64305,105970,103323,96772,96172,93724,99252,93355,95271,56129,69548,44218,61171,10934,22136,7201,6887,57101,57417,99463,96098,91226,89577,89082,93814,89588,91465,54339,67347,42977,59292,10441,20982,811579,761415,134796,128968,158635,144510,89177,232,227
2021-09-15T23:59:59+02:00,9185,8835,63583,64014,105772,103109,96565,95979,93588,99093,93253,95187,56092,69491,44183,61140,10929,22109,7153,6838,56928,57261,99269,95934,91057,89421,88977,93701,89485,91403,54307,67299,42952,59259,10437,20966,809840,760372,134743,128851,158631,144474,88723,232,227
2021-09-14T23:59:59+02:00,9143,8784,63293,63809,105539,102895,96367,95800,93455,98953,93137,95101,56046,69434,44158,61102,10924,22093,7111,6802,56726,57080,99094,95748,90888,89258,88843,93590,89403,91331,54270,67259,42930,59232,10432,20951,808313,759334,134673,128759,158623,144375,88254,232,226
2021-09-13T23:59:59+02:00,9107,8750,63002,63543,105313,102667,96197,95632,93311,98818,93050,95004,55995,69380,44141,61069,10917,22081,7079,6765,56519,56897,98898,95558,90734,89101,88712,93484,89317,91257,54233,67214,42910,59203,10429,20934,806815,758246,134585,128645,158613,144333,87794,232,226
2021-09-12T23:59:59+02:00,9054,8702,62697,63301,105069,102421,95987,95404,93149,98689,92954,94924,55944,69330,44124,61038,10913,22070,7041,6735,56319,56737,98655,95350,90567,88933,88577,93368,89220,91182,54190,67157,42888,59175,10425,20917,805294,757221,134487,128518,158609,144261,87210,232,226
2021-09-11T23:59:59+02:00,9007,8669,62576,63169,104927,102301,95884,95294,93064,98611,92915,94892,55929,69316,44119,61026,10913,22069,6988,6709,56172,56648,98507,95244,90469,88834,88479,93302,89183,91156,54180,67138,42884,59165,10425,20916,804609,756626,134429,128441,158609,144242,86864,232,226
2021-09-10T23:59:59+02:00,8913,8558,62340,62907,104729,102089,95712,95105,92923,98486,92821,94820,55895,69287,44105,61008,10913,22067,6908,6631,55931,56442,98309,95058,90286,88651,88347,93173,89099,91085,54158,67117,42871,59146,10425,20912,803231,755468,134366,128324,158607,144227,86304,232,226
2021-09-09T23:59:59+02:00,8815,8460,62031,62635,104454,101773,95478,94816,92747,98261,92686,94704,55856,69222,44084,60979,10903,22046,6805,6528,55682,56219,98057,94809,90062,88419,88186,93018,88957,91000,54115,67068,42850,59117,10419,20906,801275,754059,134262,128138,158603,144154,85640,232,226
2021-09-08T23:59:59+02:00,8755,8410,61815,62406,104240,101539,95288,94597,92580,98093,92572,94574,55821,69155,44050,60939,10890,22022,6774,6498,55524,56065,97873,94604,89903,88224,88029,92874,88838,90895,54077,67006,42814,59075,10408,20872,799807,753052,134157,127990,158594,144067,85018,232,226
2021-09-07T23:59:59+02:00,8704,8357,61578,62193,104015,101306,95103,94407,92439,97953,92470,94497,55787,69105,44021,60883,10880,22000,6728,6462,55329,55902,97656,94408,89718,88059,87901,92766,88740,90805,54035,66960,42789,59043,10403,20855,798327,751972,134052,127863,158590,143939,84559,232,226
2021-09-06T23:59:59+02:00,8663,8315,61375,62019,103813,101133,94964,94248,92322,97824,92382,94423,55730,69048,43999,60856,10873,21967,6686,6425,55159,55734,97457,94244,89550,87902,87773,92640,88641,90725,53983,66911,42768,58998,10393,20831,797097,750867,133962,127728,158580,143854,84145,232,226
2021-09-05T23:59:59+02:00,8602,8265,61164,61817,103650,100946,94809,94078,92199,97712,92305,94355,55703,69007,43989,60835,10868,21960,6633,6369,54955,55532,97263,94044,89361,87741,87633,92513,88557,90639,53934,66861,42751,58975,10388,20815,795914,749700,133881,127558,158577,143758,83722,232,226
2021-09-04T23:59:59+02:00,8551,8235,61046,61707,103564,100847,94708,93993,92142,97644,92270,94330,55694,68996,43983,60825,10868,21959,6605,6325,54829,55418,97145,93918,89245,87642,87564,92432,88508,90605,53919,66850,42745,58964,10388,20814,795320,749049,133833,127435,158573,143740,83466,232,226
2021-09-03T23:59:59+02:00,8473,8162,60857,61525,103395,100694,94561,93849,92038,97530,92198,94278,55666,68969,43975,60810,10866,21952,6538,6259,54623,55236,96944,93701,89053,87447,87418,92259,88415,90526,53887,66816,42734,58945,10384,20811,794223,747798,133780,127208,158565,143704,83060,232,226
2021-09-02T23:59:59+02:00,8354,8071,60606,61280,103144,100452,94365,93629,91853,97370,92081,94180,55620,68912,43952,60775,10862,21930,6441,6177,54357,54978,96650,93424,88808,87174,87197,92053,88272,90411,53842,66734,42703,58894,10374,20774,792580,746141,133671,126851,158554,143585,82460,232,226
2021-09-01T23:59:59+02:00,8290,7989,60397,61068,102948,100282,94217,93478,91737,97246,91975,94106,55576,68863,43934,60751,10854,21912,6384,6114,54101,54759,96423,93203,88613,86960,87019,91886,88132,90301,53777,66645,42665,58850,10364,20753,791336,744690,133598,126591,158538,143466,81980,232,222
2021-08-31T23:59:59+02:00,8210,7914,60193,60822,102749,100099,94039,93320,91614,97131,91852,94024,55531,68812,43908,60711,10845,21896,6323,6044,53848,54501,96153,92954,88396,86726,86862,91726,87971,90196,53733,66572,42639,58795,10357,20734,789980,743196,133518,126282,158527,143356,81474,232,222
2021-08-30T23:59:59+02:00,8114,7838,59990,60638,102576,99955,93921,93190,91497,97027,91785,93945,55498,68784,43892,60677,10840,21880,6251,5979,53597,54308,95913,92720,88185,86498,86684,91583,87845,90072,53676,66494,42598,58732,10340,20705,788875,741762,133460,125969,158520,143209,81020,232,220
2021-08-29T23:59:59+02:00,8037,7760,59713,60397,102336,99757,93736,93016,91358,96910,91696,93855,55453,68735,43868,60647,10838,21871,6143,5868,53245,53998,95593,92431,87894,86239,86449,91387,87692,89945,53607,66419,42568,58692,10334,20688,787514,739853,133370,125633,158505,143064,80422,232,220
2021-08-28T23:59:59+02:00,7980,7693,59575,60286,102230,99649,93633,92933,91273,96835,91651,93825,55439,68722,43860,60643,10837,21869,6104,5801,53067,53850,95431,92299,87760,86128,86338,91299,87623,89902,53590,66398,42559,58685,10332,20687,786893,739031,133331,125528,158501,143038,80036,232,220
2021-08-27T23:59:59+02:00,7914,7608,59389,60094,102059,99482,93492,92806,91162,96729,91565,93768,55417,68693,43851,60626,10836,21866,6025,5730,52821,53604,95134,92025,87539,85922,86165,91143,87516,89803,53547,66362,42544,58659,10327,20684,785907,737456,133269,125327,158464,143002,79545,232,220
2021-08-26T23:59:59+02:00,7829,7509,59152,59847,101833,99264,93274,92582,90983,96548,91458,93670,55368,68631,43818,60599,10830,21854,5952,5663,52485,53320,94766,91675,87204,85612,85924,90884,87357,89671,53483,66273,42498,58616,10320,20672,784438,735541,133171,124919,158441,142870,78827,232,218
2021-08-25T23:59:59+02:00,7757,7419,58924,59650,101663,99121,93123,92400,90863,96425,91349,93591,55330,68579,43784,60555,10825,21831,5880,5603,52184,53068,94463,91420,86979,85367,85726,90695,87224,89545,53416,66188,42450,58548,10314,20641,783225,733813,133089,124606,158431,142802,78273,231,217
2021-08-24T23:59:59+02:00,7707,7367,58704,59430,101477,98948,92957,92238,90751,96298,91264,93520,55292,68525,43757,60512,10819,21806,5835,5536,51862,52805,94113,91133,86678,85117,85516,90506,87073,89385,53331,66094,42402,58482,10306,20619,782085,731995,132997,124304,158424,142582,77695,231,217
2021-08-23T23:59:59+02:00,7651,7315,58501,59224,101312,98792,92827,92078,90659,96213,91188,93435,55254,68482,43728,60486,10815,21788,5772,5474,51539,52538,93774,90853,86430,84840,85321,90336,86938,89259,53253,66001,42367,58431,10299,20601,780944,730094,132926,124015,158414,142408,77293,231,216
2021-08-22T23:59:59+02:00,7581,7259,58306,59042,101109,98633,92669,91943,90564,96097,91109,93368,55218,68436,43714,60462,10809,21774,5691,5391,51167,52184,93371,90449,86123,84533,85084,90107,86769,89135,53174,65895,42335,58370,10291,20580,779921,727768,132824,123702,158402,142192,76775,231,212
2021-08-21T23:59:59+02:00,7527,7221,58172,58919,100975,98527,92564,91839,90465,96036,91052,93333,55198,68414,43706,60445,10807,21771,5499,5203,50834,51883,93204,90301,85954,84375,84937,89983,86683,89072,53143,65871,42325,58354,10290,20574,779244,726242,132749,123474,158401,142151,76406,231,212
2021-08-20T23:59:59+02:00,7475,7169,58017,58747,100803,98375,92413,91705,90350,95912,90976,93271,55176,68389,43696,60428,10805,21766,5373,5101,50502,51544,92940,90034,85691,84141,84722,89779,86550,88960,53112,65830,42302,58330,10283,20567,778289,724276,132699,123268,158395,142086,75919,231,212
2021-08-19T23:59:59+02:00,7408,7109,57769,58511,100528,98147,92205,91513,90190,95746,90848,93168,55133,68330,43671,60397,10798,21752,5256,4976,50058,51106,92510,89633,85282,83738,84411,89463,86336,88777,53041,65722,42263,58268,10273,20549,776923,721574,132566,122821,158387,141880,75176,231,211
2021-08-18T23:59:59+02:00,7344,7054,57588,58350,100344,97967,92060,91350,90051,95625,90747,93073,55066,68266,43642,60352,10788,21732,5161,4877,49707,50739,92131,89307,84961,83406,84133,89213,86146,88604,52927,65607,42192,58176,10258,20519,775770,719179,132477,122432,158380,141640,74602,230,211
2021-08-17T23:59:59+02:00,7282,7003,57399,58192,100151,97793,91894,91200,89929,95494,90650,92981,55027,68219,43618,60324,10786,21717,5042,4745,49214,50317,91681,88885,84558,83051,83804,88919,85939,88401,52824,65482,42134,58099,10252,20495,774654,716163,132373,122022,158367,141350,74096,229,211
2021-08-16T23:59:59+02:00,7223,6937,57217,58015,99948,97619,91746,91039,89787,95376,90535,92884,54975,68157,43589,60273,10779,21703,4832,4561,48646,49742,91203,88437,84089,82653,83469,88625,85708,88195,52720,65367,42076,58021,10243,20458,773485,712627,132281,121578,158360,141122,73507,229,211
2021-08-15T23:59:59+02:00,7157,6889,56995,57826,99762,97435,91588,90898,89661,95270,90446,92824,54938,68116,43569,60244,10775,21696,4434,4162,47522,48603,90558,87746,83532,82109,83074,88237,85421,87988,52612,65245,42032,57962,10234,20439,772399,706810,132170,120949,158352,140942,72999,229,210
2021-08-14T23:59:59+02:00,7125,6856,56874,57738,99621,97335,91483,90822,89574,95201,90395,92779,54923,68100,43564,60237,10774,21695,4405,4139,47368,48459,90325,87572,83318,81901,82950,88136,85351,87944,52584,65214,42023,57951,10233,20437,771874,705992,132114,120625,158347,140891,72592,229,210
2021-08-13T23:59:59+02:00,7078,6811,56718,57608,99463,97206,91355,90684,89468,95086,90314,92715,54893,68049,43550,60213,10772,21688,4345,4078,47063,48141,89848,87166,82918,81524,82686,87903,85180,87803,52541,65146,42001,57926,10230,20425,771038,703764,132055,120068,158340,140811,72071,227,210
2021-08-12T23:59:59+02:00,7043,6761,56514,57446,99249,97029,91180,90518,89323,94944,90220,92635,54855,67996,43524,60179,10764,21671,4293,4015,46648,47750,89200,86589,82336,80973,82306,87575,84953,87624,52467,65044,41948,57867,10220,20407,769973,700786,131951,119226,158327,140561,71433,227,209
2021-08-11T23:59:59+02:00,7007,6706,56327,57274,99042,96846,91020,90376,89190,94828,90109,92532,54803,67936,43493,60140,10755,21656,4219,3966,46232,47290,88572,85936,81754,80462,81968,87268,84682,87381,52378,64902,41876,57742,10201,20358,768839,697604,131853,118270,158304,140225,70880,224,208
2021-08-10T23:59:59+02:00,6946,6658,56142,57108,98820,96697,90863,90226,89062,94714,90025,92455,54758,67889,43477,60100,10751,21643,4155,3901,45794,46820,87925,85306,81145,79919,81557,86887,84437,87164,52257,64793,41816,57659,10187,20327,767775,694256,131758,117325,158285,139908,70352,224,208
2021-08-09T23:59:59+02:00,6894,6599,55969,56946,98625,96543,90708,90088,88921,94616,89914,92391,54718,67840,43452,60065,10744,21628,4086,3823,45227,46265,87088,84629,80455,79330,81142,86537,84144,86940,52144,64661,41760,57558,10173,20285,766747,690432,131685,116260,158275,139560,69790,224,205
2021-08-08T23:59:59+02:00,6823,6530,55742,56755,98413,96354,90529,89923,88784,94493,89819,92315,54663,67793,43426,60031,10737,21607,4030,3762,44621,45649,86015,83688,79547,78515,80596,86059,83812,86639,52010,64507,41696,57468,10160,20258,765523,685288,131573,115075,158255,139244,69221,224,204
2021-08-07T23:59:59+02:00,6779,6479,55597,56631,98273,96238,90400,89820,88689,94435,89756,92275,54644,67766,43423,60021,10734,21602,3569,3386,43780,44767,85677,83350,79070,78075,80235,85705,83630,86494,51947,64423,41675,57432,10155,20249,764850,681566,131511,113925,158251,139140,68785,224,203
2021-08-06T23:59:59+02:00,6723,6430,55405,56479,98041,96053,90247,89690,88564,94318,89658,92204,54604,67738,43414,59994,10731,21598,3188,2987,42858,43876,85206,82878,78481,77519,79844,85319,83439,86347,51895,64358,41649,57400,10147,20236,763885,677591,131411,112644,158244,139004,68186,224,202
2021-08-05T23:59:59+02:00,6655,6358,55083,56233,97741,95782,89985,89468,88350,94125,89487,92068,54539,67648,43385,59942,10722,21580,2672,2538,41616,42706,84471,82194,77701,76717,79246,84754,83081,86044,51765,64198,41589,57297,10132,20204,762223,672012,131283,111005,158232,138459,67248,224,201
2021-08-04T23:59:59+02:00,6574,6308,54843,56046,97488,95569,89800,89301,88208,93985,89369,91970,54486,67597,43347,59895,10718,21570,2600,2478,41140,42212,83244,81143,76357,75572,78755,84298,82760,85796,51623,64060,41532,57210,10116,20178,760930,666804,131174,109493,158218,137989,66587,224,201
2021-08-03T23:59:59+02:00,6508,6242,54585,55851,97252,95377,89622,89136,88065,93839,89222,91849,54409,67517,43310,59837,10710,21562,2545,2436,40701,41785,81994,80002,74932,74382,78146,83728,82213,85303,51410,63856,41431,57054,10103,20142,759549,660969,131069,107791,158193,137285,65917,224,201
2021-08-02T23:59:59+02:00,6446,6179,54346,55649,96990,95154,89398,88960,87892,93698,89078,91736,54326,67444,43277,59784,10707,21542,2494,2372,40221,41298,80671,78890,73380,73173,77518,83162,81669,84818,51240,63652,41356,56933,10086,20108,758111,654891,130919,106030,158171,136680,65241,223,199
2021-08-01T23:59:59+02:00,6380,6094,54078,55384,96724,94884,89160,88784,87689,93553,88914,91626,54257,67358,43240,59732,10700,21535,2418,2320,39700,40805,79375,77808,71966,72068,76624,82409,81083,84352,51050,63413,41267,56828,10075,20084,756502,648702,130724,104126,158146,136065,64557,220,195
2021-07-31T23:59:59+02:00,6344,6056,53956,55291,96603,94789,89059,88717,87598,93482,88869,91590,54245,67348,43234,59728,10700,21534,1894,1869,38740,39783,78929,77363,71429,71513,76239,82082,80967,84256,51031,63380,41251,56816,10075,20081,756021,644021,130554,103250,158143,135970,64262,220,195
2021-07-30T23:59:59+02:00,6289,6021,53778,55149,96444,94612,88901,88568,87466,93367,88786,91520,54208,67317,43221,59710,10698,21532,1427,1418,37733,38727,78223,76710,70674,70775,75724,81554,80566,83931,50954,63291,41217,56756,10069,20069,755121,637826,130238,102111,158139,135760,63927,219,194
2021-07-29T23:59:59+02:00,6238,5962,53542,54965,96182,94384,88688,88359,87295,93192,88646,91393,54148,67253,43198,59671,10689,21511,940,950,36484,37491,77165,75838,69623,69823,74916,80790,80028,83501,50822,63126,41150,56660,10052,20042,753873,630046,129756,100553,158122,135204,63404,218,194
2021-07-28T23:59:59+02:00,6201,5909,53341,54795,95975,94177,88537,88176,87179,93052,88534,91296,54090,67178,43164,59623,10679,21481,899,900,35869,36886,75993,74857,68346,68723,74153,80076,79537,83041,50681,62925,41080,56557,10036,20001,752694,623696,129307,99138,158105,134414,63120,218,192
2021-07-27T23:59:59+02:00,6152,5868,53107,54573,95715,93967,88353,87992,87021,92898,88410,91198,54037,67102,43122,59560,10665,21433,838,844,35215,36130,74533,73607,66891,67505,73288,79230,78993,82522,50506,62712,41000,56436,10011,19959,751283,616389,128876,97687,158082,133182,62771,218,191
2021-07-26T23:59:59+02:00,6095,5815,52887,54365,95469,93779,88154,87825,86858,92761,88280,91097,53976,67022,43093,59504,10658,21411,783,786,34447,35299,73016,72270,65518,66267,72239,78238,78400,81991,50333,62497,40922,56288,9989,19914,749936,608309,128452,96153,158065,132108,62436,217,191
2021-07-25T23:59:59+02:00,6057,5771,52678,54162,95217,93549,87977,87631,86700,92630,88172,90999,53925,66959,43065,59460,10648,21376,672,677,33741,34536,71670,71061,64399,65252,71236,77323,77921,81536,50215,62311,40857,56201,9983,19879,748528,601320,128177,94586,158044,131306,62067,217,191
2021-07-24T23:59:59+02:00,5970,5713,52403,53864,94908,93233,87730,87423,86524,92473,88072,90918,53896,66925,43053,59437,10648,21370,623,626,33236,34044,70805,70364,63728,64695,70359,76621,77716,81385,50160,62268,40835,56176,9983,19877,746646,596895,128124,93651,158043,131178,61586,217,191
2021-07-23T23:59:59+02:00,5917,5657,52129,53590,94507,92945,87430,87208,86343,92295,87932,90824,53862,66877,43045,59419,10645,21364,570,581,32716,33394,69739,69505,62947,64028,69457,75770,77313,81057,50085,62170,40803,56137,9976,19863,744589,591270,128050,92493,158037,131005,61152,217,191
2021-07-22T23:59:59+02:00,5847,5593,51710,53188,94028,92499,87043,86874,86033,91996,87722,90637,53777,66783,43016,59359,10637,21338,496,518,32007,32671,68422,68511,61896,63147,67838,74411,76658,80546,49933,61963,40711,56021,9955,19823,741538,584810,127815,89736,158012,130236,60555,216,190
2021-07-21T23:59:59+02:00,5795,5539,51337,52803,93591,92082,86736,86572,85776,91751,87548,90449,53692,66698,42957,59292,10626,21310,446,460,31392,32020,67089,67468,60808,62253,65794,72719,75753,79801,49642,61654,40550,55833,9931,19766,738722,578514,127575,85417,157982,129144,60114,216,190
2021-07-20T23:59:59+02:00,5737,5475,50945,52408,93126,91615,86370,86246,85508,91496,87325,90252,53600,66563,42908,59233,10619,21284,399,416,30733,31371,65624,66277,59674,61290,64615,71659,75141,79245,49436,61422,40444,55675,9907,19705,735749,571465,127354,83740,157926,128118,59520,216,190
2021-07-19T23:59:59+02:00,5660,5401,50473,51948,92656,91136,85997,85911,85260,91283,87118,90074,53507,66444,42872,59153,10601,21249,355,363,30189,30787,64458,65218,58755,60429,63461,70623,74542,78729,49262,61225,40352,55529,9879,19661,732473,565673,127124,81932,157891,126928,59094,216,190
2021-07-18T23:59:59+02:00,5591,5331,49646,51132,91576,90080,85265,85296,84776,90850,86824,89782,53401,66295,42809,59057,10591,21218,319,319,29634,30200,63269,64142,57830,59510,62282,69596,73991,78229,49114,61061,40294,55445,9867,19632,725995,559823,126792,79905,157874,126118,58699,215,189
2021-07-17T23:59:59+02:00,5417,5144,49293,50798,91433,89944,85070,85136,84619,90712,86717,89699,53381,66268,42798,59045,10590,21215,267,264,29246,29819,62621,63546,57274,59088,61530,68860,73685,77988,49004,60943,40255,55387,9857,19621,724813,556805,126616,78937,157869,125504,57820,215,189
2021-07-16T23:59:59+02:00,5316,5053,48970,50507,91167,89718,84824,84939,84419,90528,86578,89592,53339,66236,42780,59031,10587,21210,232,229,28749,29317,61681,62636,56427,58400,60476,67822,73183,77567,48843,60755,40209,55318,9852,19612,723433,551845,126446,77615,157860,124764,56895,214,189
2021-07-15T23:59:59+02:00,5180,4919,48496,50095,90767,89336,84463,84559,84114,90249,86356,89423,53258,66145,42725,58961,10578,21183,189,196,28020,28687,60362,61567,55299,57414,59062,66509,72449,76980,48612,60492,40120,55187,9837,19557,720955,546014,126025,75419,157825,123089,55828,213,189
2021-07-14T23:59:59+02:00,5074,4804,48141,49720,90460,89045,84176,84245,83865,90010,86156,89265,53168,66038,42667,58872,10561,21152,170,173,27488,28122,59264,60571,54328,56568,58183,65658,71840,76392,48344,60214,40014,55013,9814,19513,718787,540582,125666,74499,157780,121386,55013,212,189
2021-07-13T23:59:59+02:00,4962,4687,47737,49335,90062,88691,83871,83938,83597,89749,85950,89096,53058,65933,42612,58808,10555,21131,154,163,26824,27446,57894,59384,53137,55575,57193,64744,71114,75752,48066,59890,39884,54834,9782,19461,716421,534232,125293,73385,157725,119332,54160,211,188
2021-07-12T23:59:59+02:00,4791,4517,47185,48818,89666,88347,83474,83616,83349,89488,85760,88935,52978,65838,42564,58745,10543,21116,145,155,26194,26788,56391,58031,51850,54516,55969,63598,70369,75133,47691,59460,39708,54611,9741,19396,713697,526941,124925,72363,157662,116982,53273,211,187
2021-07-11T23:59:59+02:00,4396,4143,46234,47891,89233,87912,83060,83228,83039,89200,85563,88787,52891,65747,42538,58689,10532,21099,133,147,25590,26219,55012,56769,50554,53470,54927,62565,69774,74581,47344,59080,39583,54436,9716,19354,709724,520312,124456,71354,157622,115191,52211,207,186
2021-07-10T23:59:59+02:00,4383,4130,45904,47547,88777,87431,82728,82917,82934,89100,85497,88730,52870,65724,42529,58675,10531,21095,130,139,25102,25681,53920,55824,49691,52886,54327,61996,69558,74395,46974,58661,39483,54331,9711,19343,709053,515982,123987,71269,157446,113868,50847,206,186
2021-07-09T23:59:59+02:00,4364,4118,45486,47105,88157,86866,82351,82573,82682,88913,85383,88638,52834,65695,42522,58662,10527,21086,124,124,24398,24904,52597,54591,48748,52006,53547,61145,69136,73990,46615,58251,39395,54241,9704,19331,707633,509802,123401,70863,157283,112519,49477,205,186
2021-07-08T23:59:59+02:00,4334,4091,44934,46604,87296,86156,81820,82058,82428,88670,85189,88484,52767,65628,42490,58616,10516,21070,116,107,23409,23963,50654,53013,47362,50853,52406,60016,68445,73354,46093,57691,39259,54077,9676,19262,705505,502044,122509,69589,156994,109975,47963,204,185
2021-07-07T23:59:59+02:00,4311,4064,44349,46010,86455,85395,81267,81575,82142,88372,84980,88320,52688,65527,42447,58552,10508,21050,104,92,22518,23046,48706,51330,45843,49714,51165,58831,67744,72819,45356,56948,39064,53839,9643,19204,702984,493856,121509,68478,156736,106865,46584,201,183
2021-07-06T23:59:59+02:00,4278,4043,43804,45486,85589,84657,80653,80982,81772,88041,84804,88144,52599,65445,42409,58490,10499,21025,94,82,21679,22177,46701,49546,44457,48462,49884,57493,66996,72100,44525,56173,38878,53600,9625,19149,700330,484879,120487,67395,156436,103894,45270,199,183
2021-07-05T23:59:59+02:00,4256,4007,42642,44499,84070,83554,79924,80361,81313,87618,84529,87879,52484,65309,42358,58412,10485,20997,83,70,20486,21110,44739,47940,43435,47498,48856,56530,66299,71481,43761,55311,38703,53375,9600,19110,697005,478883,119427,66522,156071,100801,41998,198,183
2021-07-04T23:59:59+02:00,4229,3984,41278,43281,82418,82235,79196,79756,80839,87196,84256,87676,52392,65185,42315,58361,10472,20968,80,63,19132,19904,42937,46413,42735,46751,48044,55676,65714,70910,43017,54460,38540,53184,9580,19063,693877,474211,118274,65584,155649,98185,38041,198,182
2021-07-03T23:59:59+02:00,3762,3567,39704,41732,81550,81578,78710,79266,80393,86718,84037,87504,52324,65084,42297,58309,10469,20962,76,62,18321,19213,42016,45718,42316,46376,47638,55276,65548,70744,42427,53731,38477,53085,9573,19053,690124,472271,116961,65485,155565,96592,35120,198,182
2021-07-02T23:59:59+02:00,3204,2996,38148,40231,80818,80847,78038,78559,79874,86215,83796,87300,52273,64998,42269,58262,10457,20949,67,54,17551,18482,40858,44750,41580,45677,46805,54493,65026,70293,41474,52525,38347,52897,9557,19034,685076,467185,115556,65017,155414,94094,32993,197,181
2021-07-01T23:59:59+02:00,2557,2449,36426,38560,79834,79977,77198,77726,79166,85576,83481,87023,52149,64841,42206,58160,10439,20920,56,42,16663,17553,39309,43509,40364,44616,45501,53360,64283,69714,40583,51387,38198,52688,9540,19002,678729,460753,113826,63363,155190,91323,30748,197,181
2021-06-30T23:59:59+02:00,2515,2419,35414,37541,77991,78474,75498,76233,78520,85029,83195,86730,52017,64681,42146,58063,10427,20893,47,32,15629,16572,37629,42288,39165,43509,44344,52299,63526,69083,40038,50700,38080,52488,9518,18966,672860,454607,112089,62024,154976,89436,27666,197,180
2021-06-29T23:59:59+02:00,2480,2387,34573,36640,76391,76977,73886,74820,77725,84313,82649,86239,51834,64462,42070,57932,10409,20857,34,23,14792,15666,36313,41138,38253,42684,43125,51246,62808,68498,39326,49763,37944,52269,9495,18922,666497,449411,110211,60191,154707,87484,25034,197,179
2021-06-28T23:59:59+02:00,2439,2353,33746,35827,74776,75559,72205,73425,76704,83526,82045,85742,51659,64234,41993,57826,10396,20824,25,18,14040,14903,35251,40115,37432,41954,41996,50246,62157,67950,38453,48678,37777,52047,9476,18876,660019,444558,108254,58675,154111,85283,22700,197,178
2021-06-27T23:59:59+02:00,2424,2338,33008,35080,73212,74186,70797,72216,75306,82401,81367,85185,51462,64017,41928,57708,10386,20795,20,18,13403,14267,34291,39352,36776,41353,41059,49395,61614,67507,37588,47645,37625,51867,9461,18845,653801,440641,106317,57906,153158,83018,20345,196,176
2021-06-26T23:59:59+02:00,1787,1728,31965,33973,72852,73867,70331,71751,75014,82090,81273,85107,51442,63991,41914,57698,10385,20792,20,17,13208,14058,33625,38808,36129,40932,40536,49060,60622,66497,36592,46507,37457,51654,9447,18812,649002,434649,105377,57851,153154,81072,20234,194,175
2021-06-25T23:59:59+02:00,1169,1130,30841,32794,72356,73332,69720,71056,74588,81643,80896,84783,51380,63903,41881,57655,10380,20778,17,16,12874,13667,32774,38014,35260,40112,39589,48219,59408,65263,36076,45807,37265,51354,9424,18771,642662,426226,104182,57402,153148,80008,20100,194,174
2021-06-24T23:59:59+02:00,566,570,29497,31467,71576,72571,68846,70170,73915,81009,80449,84419,51273,63774,41829,57585,10369,20744,14,13,12206,12957,31598,36709,34040,38847,38458,47106,57770,63887,35597,45289,37108,51164,9405,18711,634826,416856,102694,55846,153036,78123,19881,193,173
2021-06-23T23:59:59+02:00,539,537,28993,30911,70461,71588,67575,69030,73165,80322,79998,84014,51161,63600,41769,57489,10353,20712,12,12,11711,12422,30598,35468,33104,37625,37433,46220,55823,62164,35042,44723,36941,50938,9384,18646,628582,407058,101121,54781,152930,76863,19392,193,172
2021-06-22T23:59:59+02:00,516,520,28472,30311,69287,70553,66369,68004,72486,79618,79586,83644,51053,63474,41721,57405,10344,20686,10,11,11363,12005,29685,34538,32150,36732,36475,45318,53846,60320,34657,44246,36804,50696,9355,18588,622233,398504,99658,53211,152796,75745,19170,193,169
2021-06-21T23:59:59+02:00,484,486,27803,29629,67967,69370,65180,66874,71727,78837,79192,83252,50946,63363,41662,57316,10330,20645,9,11,11069,11687,29060,33954,31599,36163,35867,44727,51997,58663,33945,43444,36506,50271,9325,18512,615399,390913,98155,52015,152673,75068,18645,192,168
2021-06-20T23:59:59+02:00,399,405,27167,28959,66737,68229,64160,65939,70921,78096,78838,82914,50869,63235,41613,57249,10325,20612,5,10,10781,11419,28510,33451,31143,35673,35354,44203,50149,56865,33403,42762,36309,49936,9295,18452,608997,383482,96692,51264,152573,74596,18214,192,164
2021-06-19T23:59:59+02:00,367,371,26780,28580,66004,67655,63632,65432,70121,77441,78687,82790,50848,63210,41597,57233,10324,20612,5,9,10646,11220,28256,33130,30888,35348,35130,43940,48703,55469,33144,42414,36225,49797,9287,18424,605025,378069,95747,51252,152573,74402,18148,192,164
2021-06-18T23:59:59+02:00,339,337,26320,28105,64988,66916,62895,64821,69200,76603,78297,82458,50785,63135,41570,57197,10320,20604,5,9,10430,10976,27856,32707,30556,34935,34738,43541,46963,53790,32789,41899,36088,49586,9268,18390,599597,371193,94506,50963,152567,74178,18029,192,163
2021-06-17T23:59:59+02:00,310,306,25675,27493,63717,65917,61891,64014,67610,75192,77772,82054,50684,62981,41507,57116,10307,20577,5,9,10013,10613,27068,32009,29815,34255,33901,42841,45451,52293,32342,41266,35924,49330,9237,18340,593489,363742,91844,49820,152405,73793,17195,191,162
2021-06-16T23:59:59+02:00,275,267,25141,26897,62414,64782,60785,63043,65342,73267,76928,81398,50470,62773,41416,57004,10288,20544,5,7,9689,10349,26418,31334,29111,33632,33172,42204,44855,51726,32071,40902,35778,49131,9216,18299,587216,360035,87333,49113,151987,72279,16310,189,162
2021-06-15T23:59:59+02:00,236,236,24488,26190,61005,63558,59706,62061,64186,72182,76421,80979,50348,62624,41365,56909,10281,20514,5,7,9419,10066,25816,30596,28475,32878,32491,41480,43293,50091,31619,40345,35606,48899,9186,18234,580052,353292,85706,48219,151534,71024,15809,189,162
2021-06-14T23:59:59+02:00,213,204,24012,25590,59895,62506,58830,61215,63109,71177,75948,80589,50260,62502,41315,56837,10266,20489,4,7,9125,9764,25066,29702,27712,32042,31702,40665,42003,48746,31248,39847,35470,48676,9156,18183,574175,347134,83988,47200,151329,69346,15277,189,161
2021-06-13T23:59:59+02:00,208,189,23593,25120,58954,61600,58056,60428,62001,70208,75484,80167,50170,62387,41264,56777,10254,20459,4,7,8840,9459,24357,28859,27001,31203,30941,39809,40442,47157,30782,39235,35267,48370,9126,18093,569153,340063,82132,46416,151103,67570,14743,189,160
2021-06-12T23:59:59+02:00,195,171,23335,24839,58395,61091,57695,60149,61359,69569,75283,80055,50145,62356,41252,56763,10251,20455,4,7,8720,9339,23881,28278,26479,30629,30412,39247,39341,46182,30613,39056,35172,48205,9122,18082,566198,335808,81178,46413,151095,65689,14699,189,160
2021-06-11T23:59:59+02:00,176,156,22966,24400,57643,60276,57018,59518,60452,68636,74937,79750,50070,62281,41226,56727,10249,20449,4,6,8580,9145,23365,27604,25946,29972,29827,38610,38261,45170,30345,38699,35029,47983,9109,18055,561152,330946,79886,46152,151081,63829,14624,188,159
2021-06-10T23:59:59+02:00,161,139,22423,23819,56501,59339,56090,58698,59189,67463,74398,79352,49998,62173,41202,56678,10234,20420,4,6,8315,8890,22492,26661,24982,29033,28704,37672,36870,44004,29988,38218,34749,47550,9042,17979,555562,324028,77677,45444,150843,61522,14008,188,157
2021-06-09T23:59:59+02:00,141,124,21789,23234,55237,58236,55014,57786,58239,66554,73935,78959,49910,62073,41150,56616,10220,20389,4,5,8019,8628,21560,25798,24053,28150,27668,36722,35148,42211,29598,37718,34562,47280,9000,17888,549760,316579,76224,44711,150490,59620,12946,187,156
2021-06-08T23:59:59+02:00,119,106,21112,22522,53923,57105,53896,56803,57286,65698,73389,78524,49821,61949,41095,56524,10202,20359,3,4,7753,8383,20660,24907,22998,27287,26633,35760,33784,40904,29241,37212,34241,46822,8949,17804,543070,310268,75293,43939,150050,57151,11833,187,154
2021-06-07T23:59:59+02:00,102,89,20459,21888,52484,55844,52636,55823,56129,64711,72837,78120,49736,61843,41049,56461,10189,20331,2,3,7497,8157,19819,24085,21976,26478,25600,34889,32849,40121,28958,36817,33990,46395,8898,17711,535774,305636,74392,43121,149643,54599,10735,187,154
2021-06-06T23:59:59+02:00,95,84,19947,21354,51338,54735,51528,54843,55161,63759,72326,77716,49649,61765,41013,56398,10181,20315,2,3,7285,7961,19038,23189,21075,25603,24528,33905,31932,39302,28668,36475,33735,46005,8847,17637,529436,301076,73370,42379,149308,51677,9907,186,151
2021-06-05T23:59:59+02:00,89,76,19677,21045,50555,53978,50875,54340,54687,63283,72195,77604,49637,61752,41009,56395,10178,20315,2,3,7054,7548,18395,22120,20349,24491,23652,32651,30894,37982,28334,36009,33611,45829,8840,17617,525085,294769,73364,42340,149228,48294,9827,186,151
2021-06-04T23:59:59+02:00,79,70,19224,20459,49490,52963,50055,53472,54032,62495,71852,77277,49610,61714,40989,56380,10176,20310,2,2,6831,7231,17769,21271,19660,23495,22712,31371,29670,36638,28045,35643,33497,45653,8828,17596,518594,288293,73036,42271,149211,45579,9621,185,150
2021-06-03T23:59:59+02:00,69,59,18543,19764,47970,51658,48837,52342,53060,61470,71348,76817,49543,61611,40951,56332,10163,20284,2,2,6539,6832,17032,20225,18859,22344,21705,29941,28501,35152,27503,34860,33291,45326,8791,17520,510819,281546,72023,41515,148937,42358,8859,183,147
2021-06-02T23:59:59+02:00,64,55,18162,19251,46946,50667,47951,51576,52309,60707,71098,76604,49504,61577,40932,56304,10155,20270,1,2,6348,6596,16391,19533,17931,21582,20856,28988,27406,33745,27037,34254,33130,45075,8762,17450,504525,275259,72005,41501,148917,39682,8504,181,141
2021-06-01T23:59:59+02:00,53,49,17482,18512,45078,48933,46293,50115,50792,59243,70420,76006,49412,61465,40873,56232,10143,20222,1,1,6068,6279,15228,18633,16417,20617,19640,27733,26174,32347,26480,33556,32879,44723,8716,17348,495416,268745,70639,40929,148370,36307,6722,176,137
2021-05-31T23:59:59+02:00,51,45,17000,18018,43768,47788,45075,49005,49553,58119,69736,75495,49329,61362,40827,56166,10131,20184,1,1,5790,5950,14183,17801,15005,19694,18458,26617,24945,31003,25960,32835,32684,44425,8682,17248,489165,262436,69475,40386,147901,33388,4936,175,136
2021-05-30T23:59:59+02:00,45,44,16670,17621,42796,46846,44166,48102,48547,57121,69179,74949,49224,61207,40755,56051,10115,20141,1,1,5599,5704,13636,17096,14374,18994,17556,25643,23842,29829,25189,31884,32385,44007,8637,17159,483210,256460,68444,39583,147492,31104,4259,174,130
2021-05-29T23:59:59+02:00,45,43,16537,17496,42430,46529,43821,47838,48307,56928,69121,74896,49218,61201,40748,56047,10115,20140,1,1,5435,5459,13125,16291,13730,18146,16710,24475,22726,28529,25030,31651,32321,43912,8634,17152,481231,250849,68321,39583,147485,28517,4250,173,129
2021-05-28T23:59:59+02:00,44,41,16233,17190,41726,45902,43308,47272,47796,56395,68844,74601,49152,61118,40721,55997,10112,20135,1,1,5192,5075,12590,15377,13050,17282,15846,23238,21622,27089,24779,31282,32226,43779,8624,17136,476929,244792,67814,39479,147460,25583,4211,173,124
2021-05-27T23:59:59+02:00,41,38,15707,16646,40573,44910,42289,46375,46806,55503,68265,74164,49030,60958,40667,55926,10101,20095,1,1,4954,4730,11945,14559,12267,16347,14774,22042,20364,25576,24277,30543,32054,43518,8590,17052,471042,237436,66295,38673,146742,23521,3844,171,120
2021-05-26T23:59:59+02:00,39,37,15295,16208,39478,43990,41250,45499,45777,54625,67659,73651,48878,60777,40583,55760,10079,20047,1,1,4761,4530,11390,13800,11547,15499,13763,20910,18964,23981,23692,29755,31837,43172,8536,16950,465891,230162,64273,37801,145753,21462,3544,171,120
2021-05-25T23:59:59+02:00,39,36,14888,15796,38473,43101,40282,44645,44825,53704,67040,73121,48695,60537,40504,55626,10053,19994,1,1,4545,4322,10849,13158,10782,14728,12691,19668,17529,22473,23103,28973,31600,42845,8479,16855,460554,222777,62693,36857,144642,19552,3299,171,117
2021-05-24T23:59:59+02:00,39,35,14541,15471,37636,42367,39414,43970,43964,52916,66510,72636,48571,60360,40441,55502,10033,19949,1,1,4400,4194,10403,12692,10147,14149,11800,18833,16242,21207,22427,28140,31383,42513,8420,16765,455940,215857,61458,35915,143895,18936,2892,170,117
2021-05-23T23:59:59+02:00,35,35,14374,15294,37169,41991,38963,43566,43514,52509,66240,72409,48487,60268,40402,55455,10026,19925,1,1,4210,4054,9937,12217,9528,13544,10855,18018,15044,20143,21954,27568,31130,42224,8369,16679,452739,208852,61076,35833,143873,17870,2804,170,117
2021-05-22T23:59:59+02:00,33,33,14177,15078,36478,41425,38275,43114,42938,52096,65222,71391,48281,60009,40330,55341,10016,19904,1,1,4099,3757,9723,11800,9375,13219,10613,17572,14773,19741,21860,27451,31096,42182,8362,16670,446268,207622,61072,35830,143858,15953,2773,170,117
2021-05-21T23:59:59+02:00,32,32,13792,14669,35411,40515,37212,42192,41871,51194,63864,70101,48052,59673,40250,55193,9999,19871,1,1,3989,3658,9516,11535,9160,12952,10277,17243,14356,19369,21639,27165,31034,42092,8353,16662,436664,205659,60712,35524,143623,14950,2756,168,113
2021-05-20T23:59:59+02:00,29,32,12985,13929,33971,39058,35795,40792,40464,49995,62569,68951,47759,59333,40104,55011,9978,19821,1,1,3838,3483,8991,10929,8510,12240,9577,16392,13601,18402,20820,26043,30839,41794,8314,16575,426422,201284,59012,34679,142603,11902,2373,166,112
2021-05-19T23:59:59+02:00,29,31,12440,13355,32793,37643,34696,39415,39335,49033,60561,67175,47277,58775,39918,54747,9935,19715,1,1,3733,3346,8713,10553,8214,11866,9137,15885,12961,17739,19954,24912,30612,41490,8257,16460,415556,197032,57493,33865,141491,10660,2169,164,108
2021-05-18T23:59:59+02:00,27,31,12017,12897,31758,36633,33616,38504,38293,48099,58493,65303,46921,58328,39763,54506,9903,19655,1,1,3532,3179,8216,9957,7743,11323,8588,15214,12280,16968,19010,23676,30375,41148,8219,16354,406874,192918,55542,33024,140299,7863,1871,161,108
2021-05-17T23:59:59+02:00,25,30,11763,12611,31239,36076,33121,37943,37699,47463,56592,63593,46217,57504,39485,54107,9866,19581,1,1,3445,3068,7949,9681,7445,11025,8184,14799,11706,16361,18087,22543,30140,40827,8184,16278,399277,188530,54412,32278,139488,7233,1579,159,104
2021-05-16T23:59:59+02:00,25,30,11545,12355,30712,35573,32658,37452,37177,46890,54692,61761,45668,56806,39291,53788,9838,19525,1,1,3347,2966,7658,9386,7121,10682,7711,14333,11123,15773,17157,21389,29930,40537,8145,16209,392300,184235,53444,31426,138823,6644,1062,157,102
2021-05-15T23:59:59+02:00,25,30,11385,12149,30434,35239,32421,37132,36949,46626,53123,60278,45418,56501,39214,53649,9832,19497,1,1,3325,2946,7633,9357,7106,10661,7692,14317,11104,15749,17046,21173,29720,40227,8137,16199,386483,183233,53440,31425,138777,6591,1045,157,100
2021-05-14T23:59:59+02:00,25,30,11137,11860,29961,34733,32041,36669,36430,46149,51242,58439,45055,55999,39074,53443,9816,19457,1,1,3297,2924,7562,9286,7048,10587,7628,14254,10921,15548,16308,20103,29434,39738,8120,16159,378657,180286,53109,31086,138643,6452,995,156,100
2021-05-13T23:59:59+02:00,22,29,10847,11524,29309,34081,31436,36064,35752,45477,49766,56922,44623,55370,38902,53196,9789,19410,1,1,3217,2874,7430,9181,6958,10492,7525,14143,10589,15199,15244,18858,29045,39096,8077,16084,371509,176456,52093,30523,137888,6063,875,154,97
2021-05-12T23:59:59+02:00,21,27,10713,11378,29021,33761,31164,35769,35438,45161,49481,56610,44528,55263,38850,53119,9782,19371,1,0,3203,2847,7397,9145,6926,10456,7494,14102,10417,15041,14863,18421,28739,38610,8055,16037,368816,174374,52005,30512,137730,6018,753,153,97
2021-05-11T23:59:59+02:00,20,24,10355,11047,28162,32939,30341,35012,34575,44374,47740,54833,44071,54663,38676,52831,9744,19268,1,0,3114,2749,7154,8864,6700,10152,7277,13733,9940,14496,13872,17272,28322,37992,8017,15943,361870,170682,50294,29614,135833,4679,526,152,97
2021-05-10T23:59:59+02:00,19,24,10044,10759,27414,32234,29566,34317,33806,43603,46431,53558,43687,54154,38488,52528,9694,19154,1,0,3071,2702,7025,8739,6603,10031,7132,13553,9671,14192,13169,16404,27892,37378,7992,15863,355602,167844,49176,29231,134138,3836,414,150,93
2021-05-09T23:59:59+02:00,18,24,9804,10505,26726,31547,28907,33623,33081,42906,44891,52074,43187,53531,38288,52224,9657,19068,1,0,3021,2654,6897,8598,6498,9891,7017,13339,9359,13880,12370,15504,27525,36837,7972,15807,348487,164976,48103,28680,132998,3094,327,146,93
2021-05-08T23:59:59+02:00,18,24,9711,10432,26343,31245,28452,33304,32613,42597,43836,51244,43034,53368,38249,52164,9654,19062,1,0,3017,2650,6887,8593,6493,9883,7009,13327,9349,13867,12333,15441,26844,35885,7935,15731,343910,163100,48063,28653,132910,3078,321,146,93
2021-05-07T23:59:59+02:00,17,24,9569,10282,25869,30859,27993,32924,32107,42244,42787,50415,42762,53025,38139,52007,9642,19035,1,0,2953,2623,6826,8549,6435,9828,6957,13274,9174,13645,11700,14630,25895,34493,7887,15649,338748,158976,47755,28283,132753,2865,302,142,93
2021-05-06T23:59:59+02:00,15,23,9163,9987,24950,30090,26929,32121,30878,41415,41170,49197,42378,52472,37944,51765,9604,18961,1,0,2881,2576,6695,8402,6316,9698,6808,13086,8901,13340,11045,13761,24925,33107,7852,15587,330879,155162,46676,27324,131084,2116,286,137,93
2021-05-05T23:59:59+02:00,15,22,8789,9784,24067,29490,26074,31468,29792,40627,39189,47376,41930,51923,37736,51481,9547,18848,1,0,2837,2543,6575,8272,6215,9583,6707,12940,8654,13080,10329,12926,23907,31780,7822,15515,323025,151248,45824,26434,128968,1709,204,137,91
2021-05-04T23:59:59+02:00,15,21,8546,9544,23284,28843,25098,30728,28720,39788,37663,45909,41456,51336,37459,51135,9496,18725,1,0,2794,2520,6503,8199,6130,9513,6630,12853,8416,12858,9594,12061,22957,30530,7788,15452,316345,147483,44853,25629,126331,1497,101,136,89
2021-05-03T23:59:59+02:00,15,20,8335,9330,22587,28261,24263,30126,27809,39089,36703,45156,41108,50865,37243,50843,9444,18623,1,0,2746,2486,6432,8121,6049,9445,6540,12770,8188,12642,8834,11159,22035,29309,7757,15401,311471,143707,44077,24804,124078,1255,62,132,87
2021-05-02T23:59:59+02:00,15,20,8169,9166,21952,27683,23529,29535,26991,38470,35886,44518,40850,50536,37130,50656,9409,18566,1,0,2709,2462,6390,8081,6011,9410,6499,12728,8006,12468,8232,10417,21322,28436,7736,15382,306651,140502,43311,24527,122939,1123,54,126,84
2021-05-01T23:59:59+02:00,14,20,8013,8979,21577,27230,23050,28967,26344,37752,35057,43623,40583,50159,37031,50502,9403,18549,1,0,2703,2454,6365,8071,5995,9401,6481,12715,7990,12451,8195,10353,21283,28379,7732,15378,300531,140210,43309,24519,122834,1081,53,126,84
2021-04-30T23:59:59+02:00,14,19,7862,8799,21189,26805,22600,28396,25587,36964,34038,42651,40351,49838,36933,50348,9391,18526,1,0,2681,2440,6341,8053,5973,9383,6452,12694,7957,12418,8155,10284,21233,28297,7729,15368,294188,139900,43301,24444,122651,987,46,125,82
2021-04-29T23:59:59+02:00,13,19,7584,8556,20594,26225,21931,27714,24656,35998,32760,41310,39305,48434,36616,49875,9333,18397,1,0,2645,2405,6250,7943,5883,9282,6358,12554,7752,12143,7528,9555,20823,27779,7705,15293,285420,137823,42515,23211,121219,740,46,120,79
2021-04-28T23:59:59+02:00,12,18,7302,8340,20073,25759,21292,27120,23772,35150,31354,39858,38138,46841,36274,49381,9271,18256,1,0,2573,2357,6135,7822,5771,9151,6255,12398,7531,11867,6834,8705,20407,27197,7665,15222,276733,135348,41736,21908,119580,512,46,116,77
2021-04-27T23:59:59+02:00,11,18,7112,8160,19645,25329,20669,26583,22912,34366,30133,38530,37045,45394,35892,48812,9201,18129,1,0,2547,2332,6034,7724,5718,9053,6189,12273,7316,11672,6228,7968,20004,26695,7645,15199,268888,133252,40868,20959,118023,265,46,116,76
2021-04-26T23:59:59+02:00,10,18,6930,7993,19223,24909,20121,26059,22101,33609,28918,37289,35985,43971,35585,48324,9150,18001,1,0,2534,2321,5988,7681,5673,9014,6151,12228,7128,11510,5615,7232,19629,26250,7622,15171,261177,131284,40043,20113,116819,233,42,115,76
2021-04-25T23:59:59+02:00,10,17,6824,7856,18887,24637,19741,25718,21489,32984,27926,36328,34849,42538,35267,47894,9108,17919,1,0,2520,2313,5970,7655,5653,8994,6131,12202,7090,11483,5487,7048,19292,25785,7606,15126,253952,130649,39327,19369,116558,222,41,114,75
2021-04-24T23:59:59+02:00,10,17,6659,7677,18445,24210,19188,25181,20702,32181,26839,35274,34598,42225,35174,47729,9098,17907,1,0,2516,2306,5958,7645,5642,8984,6126,12198,7080,11476,5412,6935,19195,25643,7603,15118,247978,130189,39322,19329,115659,205,41,114,74
2021-04-23T23:59:59+02:00,10,17,6430,7475,17996,23732,18621,24566,19873,31364,25672,34073,33816,41053,35030,47496,9084,17884,1,0,2510,2287,5931,7623,5605,8945,6081,12152,7034,11424,5248,6656,18655,25011,7503,14947,240374,128336,38992,18980,114672,183,41,113,73
2021-04-22T23:59:59+02:00,9,16,6214,7266,17389,23148,17829,23787,18820,30337,24345,32633,32776,39698,34785,47138,9044,17805,1,0,2494,2271,5884,7571,5555,8861,6002,12073,6958,11353,4961,6234,17937,24134,7382,14750,231320,126151,38069,18010,113499,148,41,110,71
2021-04-21T23:59:59+02:00,9,15,6011,7083,16859,22677,17169,23182,17828,29436,22791,31039,31768,38458,34487,46695,8995,17716,1,0,2470,2254,5840,7513,5495,8786,5936,11971,6862,11273,4799,5960,17236,23280,7266,14569,222411,124047,37293,17238,112364,116,41,109,69
2021-04-20T23:59:59+02:00,8,14,5825,6886,16295,22203,16418,22527,16828,28431,21315,29566,30614,36962,34169,46250,8941,17617,1,0,2456,2240,5791,7474,5454,8740,5889,11902,6784,11209,4682,5802,16634,22503,7140,14389,213365,122355,36404,16522,110952,108,40,108,65
2021-04-19T23:59:59+02:00,8,14,5638,6726,15761,21776,15742,21974,15829,27554,19921,28162,29225,35314,33850,45764,8881,17498,1,0,2445,2223,5767,7441,5418,8706,5850,11856,6703,11133,4553,5641,15986,21785,7032,14227,204627,120702,35624,15855,109243,105,40,103,65
2021-04-18T23:59:59+02:00,7,14,5448,6585,15328,21452,15122,21410,14856,26759,18583,27022,27832,33662,33516,45339,8819,17408,1,0,2395,2176,5636,7314,5302,8594,5744,11705,6597,11015,4433,5455,15396,21119,6916,14045,196060,119053,34790,14585,108170,101,40,102,64
2021-04-17T23:59:59+02:00,7,13,5410,6549,15175,21376,14949,21324,14620,26580,18327,26801,27325,33115,33391,45191,8810,17393,1,0,2368,2137,5535,7160,5197,8438,5644,11518,6509,10884,4380,5392,15150,20825,6906,14031,194836,117297,34785,14581,106593,93,40,102,64
2021-04-16T23:59:59+02:00,7,13,5345,6494,14995,21226,14736,21163,14333,26334,17907,26390,26279,31884,33255,44983,8789,17370,1,0,2323,2086,5421,6973,5058,8257,5493,11275,6310,10663,4178,5157,14499,20029,6809,13884,191474,114045,34498,14181,105389,86,40,102,64
2021-04-15T23:59:59+02:00,6,12,5273,6415,14781,21015,14469,20876,13903,25983,17267,25761,24908,30265,32995,44657,8754,17288,1,0,2251,2001,5224,6738,4861,7939,5287,10955,6096,10377,3976,4904,13666,18944,6694,13717,186893,110215,33687,13236,103907,77,40,101,63
2021-04-14T23:59:59+02:00,6,12,5191,6346,14577,20815,14213,20652,13517,25647,16598,25138,23324,28476,32682,44256,8699,17194,1,0,2059,1881,5005,6477,4675,7689,5060,10706,5861,10089,3841,4698,12932,18024,6566,13503,182277,107112,32813,11781,102114,71,40,99,63
2021-04-13T23:59:59+02:00,6,12,5137,6296,14371,20685,13973,20470,13173,25348,16027,24633,21609,26620,32362,43840,8669,17086,1,0,1972,1828,4838,6286,4490,7465,4860,10450,5654,9850,3699,4529,12412,17408,6441,13340,178026,104696,31937,10663,100216,61,40,98,63
2021-04-12T23:59:59+02:00,6,11,5074,6228,14152,20490,13668,20207,12783,24931,15445,24081,19999,24675,32070,43478,8627,17011,1,0,1844,1734,4655,6127,4338,7288,4698,10257,5518,9691,3579,4374,11977,16897,6329,13178,173636,103005,30883,9321,98281,59,40,96,60
2021-04-11T23:59:59+02:00,6,11,5003,6153,13930,20292,13371,19994,12365,24577,14877,23568,18488,22893,31809,43135,8582,16929,1,0,1806,1697,4535,6014,4227,7164,4575,10126,5382,9560,3463,4253,11484,16286,6196,12970,169333,101246,29923,8342,96596,57,38,93,56
2021-04-10T23:59:59+02:00,6,11,4998,6144,13912,20277,13362,19983,12347,24559,14851,23546,17797,21969,31517,42716,8564,16902,1,0,1802,1683,4520,6004,4212,7149,4562,10112,5329,9493,3358,4138,10929,15454,6066,12772,168254,99096,29896,8342,95183,55,35,93,56
2021-04-09T23:59:59+02:00,6,11,4984,6124,13872,20229,13315,19931,12298,24500,14586,23292,16273,20077,31110,42069,8530,16859,1,0,1777,1668,4497,5988,4185,7122,4517,10074,5291,9444,3271,4017,10060,14466,5917,12574,165613,96638,29558,8093,92772,53,33,90,52
2021-04-08T23:59:59+02:00,6,11,4939,6097,13771,20155,13234,19849,12197,24396,14245,22930,14499,17856,30487,41061,8467,16735,1,0,1754,1653,4467,5935,4133,7037,4452,9994,5219,9367,3161,3913,9581,13858,5710,12327,161752,94777,28525,7658,90544,52,26,88,49
2021-04-07T23:59:59+02:00,6,11,4908,6066,13660,20071,13138,19761,12088,24288,13861,22565,12973,15996,29844,40078,8413,16634,1,0,1735,1639,4413,5866,4046,6963,4363,9910,5130,9267,3070,3818,8820,12760,5470,11920,157282,92195,27645,6880,89323,45,24,87,47
2021-04-06T23:59:59+02:00,6,11,4877,6043,13561,20004,13055,19703,12013,24225,13484,22215,11333,13986,29184,39106,8381,16563,1,0,1672,1584,4282,5737,3937,6840,4243,9760,5025,9135,2954,3698,8112,11826,5196,11554,153266,89799,26767,5644,87610,44,22,85,47
2021-04-05T23:59:59+02:00,6,10,4839,6013,13485,19937,12985,19634,11957,24145,13209,21962,9718,12033,28457,38053,8345,16500,1,0,1601,1517,4127,5584,3768,6684,4089,9609,4870,9005,2823,3581,7296,10857,4924,11162,150049,87415,25750,3976,85388,41,19,82,47
2021-04-04T23:59:59+02:00,6,10,4822,5996,13474,19914,12974,19615,11950,24126,13110,21890,8690,10770,28005,37413,8320,16444,1,0,1599,1514,4119,5578,3767,6679,4084,9605,4868,8996,2818,3572,7058,10389,4840,11037,148309,86451,25746,3976,83377,35,17,80,45
2021-04-03T23:59:59+02:00,6,10,4819,5985,13457,19895,12962,19605,11940,24115,13096,21873,7782,9702,27123,36168,8270,16332,1,0,1595,1510,4117,5573,3765,6676,4076,9593,4854,8982,2811,3559,6919,10122,4801,10955,145831,85838,25737,3976,81477,34,16,79,45
2021-04-02T23:59:59+02:00,6,10,4814,5965,13421,19868,12924,19562,11894,24066,13023,21807,7269,8953,25532,34065,8125,16061,1,0,1585,1494,4091,5549,3739,6636,4040,9532,4732,8697,2683,3402,6543,9722,4651,10749,141369,84007,25396,3747,80507,34,14,79,44
2021-04-01T23:59:59+02:00,5,9,4764,5905,13327,19724,12806,19412,11745,23912,12424,21362,6704,8242,24022,32092,7997,15819,1,0,1521,1446,3979,5429,3673,6564,3972,9465,4653,8592,2586,3260,6028,9038,4473,10472,137163,81729,24256,3338,78762,30,13,77,42
2021-03-31T23:59:59+02:00,5,9,4713,5848,13203,19569,12672,19257,11556,23731,12162,21100,6381,7867,22538,30136,7844,15589,1,0,1508,1435,3954,5406,3640,6536,3933,9418,4613,8537,2522,3184,5538,8390,4294,10233,133216,79940,23162,3121,77715,30,10,77,41
2021-03-30T23:59:59+02:00,5,9,4648,5780,13065,19420,12561,19076,11426,23566,11994,20962,6190,7649,21145,28402,7699,15384,1,0,1491,1399,3913,5373,3575,6464,3843,9305,4481,8367,2385,2980,5114,7831,4148,9976,129843,77704,22233,2878,76824,18,6,75,40
2021-03-29T23:59:59+02:00,5,9,4608,5738,12945,19326,12495,18991,11345,23459,11842,20828,6031,7450,19716,26713,7572,15181,1,0,1431,1358,3858,5326,3501,6395,3724,9161,4327,8175,2262,2840,4547,7158,3991,9699,126236,75030,21367,2664,76571,17,5,75,38
2021-03-28T23:59:59+02:00,5,9,4560,5669,12823,19185,12409,18899,11243,23359,11735,20724,5879,7244,18530,25204,7452,14984,1,0,1398,1315,3759,5218,3307,6168,3636,9044,4275,8119,2209,2776,3789,6142,3806,9429,123225,71972,20570,2368,76041,10,5,72,36
2021-03-27T23:59:59+01:00,5,9,4527,5619,12714,19021,12293,18737,11127,23154,11626,20575,5812,7159,18241,24856,7441,14966,1,0,1391,1312,3754,5214,3304,6161,3349,8695,4075,7820,2203,2773,3776,6107,3769,9364,121382,70655,20530,2368,75894,6,5,71,34
2021-03-26T23:59:59+01:00,5,8,4491,5562,12602,18831,12158,18537,10975,22924,11467,20364,5647,6944,17631,24063,7342,14814,1,0,1389,1311,3749,5207,3281,6145,3330,8675,3863,7370,2024,2366,3513,5821,3616,9125,118283,68381,20189,2361,75818,6,4,71,34
2021-03-25T23:59:59+01:00,5,8,4415,5470,12404,18591,11957,18213,10765,22596,11227,20037,5432,6657,16598,22756,7214,14623,1,0,1380,1300,3729,5181,3247,6118,3278,8637,3816,7327,1952,2253,3077,5137,3453,8816,114305,66399,19116,2261,75473,4,4,70,34
2021-03-24T23:59:59+01:00,5,8,4334,5358,12183,18140,11738,17799,10542,22204,10994,19664,5162,6311,15553,21539,7072,14395,1,0,1357,1286,3705,5137,3211,6054,3224,8565,3764,7254,1898,2196,2767,4801,3302,8542,111186,65004,18025,2020,73716,4,4,70,32
2021-03-23T23:59:59+01:00,5,8,4277,5289,12015,17796,11538,17446,10351,21837,10768,19373,5023,6112,14911,20721,6932,14220,1,0,1341,1278,3689,5117,3190,6036,3198,8514,3725,7211,1861,2137,2535,4527,3090,8214,108807,63646,17293,1978,72448,4,4,70,32
2021-03-22T23:59:59+01:00,5,8,4225,5212,11816,17463,11349,17122,10127,21512,10552,19070,4871,5902,14289,20006,6799,14037,1,0,1328,1268,3658,5084,3158,5999,3171,8457,3688,7166,1816,2083,2338,4273,2892,7876,106941,62381,16574,1837,70779,3,4,67,31
2021-03-21T23:59:59+01:00,5,8,4153,5088,11537,17046,11066,16718,9855,21055,10295,18715,4757,5730,13592,19215,6655,13830,1,0,1320,1267,3641,5068,3136,5966,3148,8430,3669,7142,1796,2053,2169,4109,2720,7604,105054,61372,15272,1832,68923,3,4,67,28
2021-03-20T23:59:59+01:00,4,8,4125,5018,11395,16715,10943,16404,9715,20758,10119,18432,4629,5570,12964,18270,6515,13613,1,0,1319,1266,3640,5066,3133,5965,3145,8425,3663,7137,1792,2048,2137,4047,2694,7561,102860,61172,15267,1832,66999,3,4,67,28
2021-03-19T23:59:59+01:00,4,7,4080,4936,11227,16352,10758,16052,9539,20377,9899,18072,4471,5371,11934,17063,6352,13402,1,0,1310,1259,3623,5037,3103,5887,3099,8331,3559,6961,1667,1937,2060,3982,2581,7353,100151,59887,14855,1828,64823,3,4,63,28
2021-03-18T23:59:59+01:00,4,7,3994,4832,10978,15929,10493,15607,9257,19910,9674,17728,4324,5205,11307,16192,6121,13136,1,0,1306,1248,3606,5002,3083,5843,3078,8275,3532,6912,1647,1904,2024,3915,2455,7141,98341,59202,13846,1736,62445,3,4,62,27
2021-03-17T23:59:59+01:00,4,7,3818,4717,10681,15517,10233,15249,9013,19547,9419,17378,4203,5038,10489,14951,5858,12711,1,0,1305,1245,3593,4984,3076,5823,3068,8241,3515,6888,1644,1880,2000,3885,2343,6956,95684,58691,12298,1722,60785,3,4,62,27
2021-03-16T23:59:59+01:00,4,7,3675,4593,10344,15054,9964,14880,8738,19101,9121,17011,4062,4870,9666,13822,5577,12352,1,0,1292,1242,3589,4977,3066,5818,3062,8229,3507,6874,1617,1854,1961,3834,2222,6774,93348,58242,11105,1644,58325,3,3,60,27
2021-03-15T23:59:59+01:00,4,7,3528,4474,10033,14591,9672,14425,8440,18626,8833,16600,3916,4701,8950,12754,5348,12026,1,0,1282,1234,3568,4965,3054,5794,3040,8190,3487,6832,1602,1841,1942,3802,2105,6585,91372,57650,9742,1642,55757,3,2,55,27
2021-03-14T23:59:59+01:00,4,7,3455,4387,9774,14160,9420,14027,8121,18133,8551,16206,3755,4514,8142,11513,5037,11561,1,0,1268,1228,3547,4947,3033,5752,3018,8110,3459,6764,1575,1787,1881,3674,1936,6186,89043,57116,8720,1020,52951,3,0,53,27
2021-03-13T23:59:59+01:00,4,7,3373,4130,9459,13494,9170,13448,7893,17548,8342,15767,3644,4409,7949,11216,4985,11469,1,0,1268,1228,3547,4947,3032,5751,3017,8109,3456,6762,1572,1786,1879,3670,1935,6185,88372,57096,8720,1020,49162,3,0,53,26
2021-03-12T23:59:59+01:00,4,7,3310,3987,9211,12956,8931,12923,7659,16911,7983,15016,3481,4238,7561,10806,4844,11280,1,0,1264,1225,3542,4933,3029,5746,3010,8101,3452,6756,1545,1757,1857,3654,1837,6004,86586,56666,8468,1018,46002,3,0,52,26
2021-03-11T23:59:59+01:00,4,7,3156,3713,8828,12205,8627,12252,7325,16123,7636,14366,3320,4032,6998,10085,4649,10972,1,0,1246,1214,3510,4890,2984,5669,2975,7977,3400,6657,1499,1703,1773,3449,1633,5468,84124,55908,8011,116,42117,2,0,46,22
2021-03-10T23:59:59+01:00,4,7,3089,3606,8338,11701,7948,11773,7004,15628,7336,13773,3162,3872,6428,9387,4471,10694,1,0,1235,1200,3480,4833,2952,5592,2939,7838,3346,6534,1457,1660,1711,3350,1511,5179,82273,54705,7455,93,38448,0,0,45,20
2021-03-09T23:59:59+01:00,4,6,2982,3426,7661,11259,7069,11296,6587,15016,6971,13167,2925,3573,5915,8748,4313,10410,1,0,1230,1197,3457,4786,2925,5527,2922,7786,3328,6488,1443,1636,1675,3307,1399,4974,79951,54005,6090,58,35242,0,0,45,18
2021-03-08T23:59:59+01:00,4,6,2808,3188,7026,10717,6259,10817,6185,14495,6574,12597,2715,3364,5307,8011,4163,10139,1,0,1224,1190,3435,4722,2900,5450,2883,7691,3296,6413,1436,1627,1672,3298,1394,4971,77123,53529,4949,56,32261,0,0,42,18
2021-03-07T23:59:59+01:00,4,6,2696,3055,6697,10222,5850,10275,5890,14048,6329,12205,2615,3272,4543,6948,3946,9854,1,0,1220,1187,3432,4717,2895,5438,2879,7674,3288,6399,1430,1613,1649,3257,1377,4927,73863,53312,4116,53,30438,0,0,38,18
2021-03-06T23:59:59+01:00,4,6,2651,2912,6512,9774,5652,9861,5414,13190,5952,11467,2593,3244,4537,6937,3943,9851,1,0,1220,1186,3429,4711,2893,5437,2878,7673,3287,6396,1429,1610,1649,3255,1376,4927,72631,53287,4116,53,27717,0,0,36,17
2021-03-05T23:59:59+01:00,4,6,2555,2655,6299,9198,5438,9469,5237,12623,5573,10484,2364,2776,4157,6555,3804,9630,1,0,1207,1183,3413,4695,2888,5424,2869,7655,3275,6377,1415,1602,1648,3251,1371,4923,70292,53129,3881,53,24618,0,0,36,15
2021-03-04T23:59:59+01:00,4,6,2476,2448,6086,8763,5279,9129,5056,12200,5396,10106,2269,2606,3598,5730,3633,9283,1,0,1195,1167,3370,4596,2855,5356,2837,7558,3244,6302,1396,1594,1634,3237,1361,4912,68223,52551,3434,52,22375,0,0,36,12
2021-03-03T23:59:59+01:00,3,6,2419,2393,5915,8352,5110,8765,4840,11750,5207,9661,2186,2500,3189,5288,3473,8987,1,0,1174,1158,3335,4550,2818,5290,2795,7459,3195,6226,1376,1568,1614,3206,1355,4894,66786,51955,3189,48,20034,0,0,35,11
2021-03-02T23:59:59+01:00,3,6,2363,2299,5758,8020,4952,8510,4674,11350,5044,9341,2117,2409,2884,4929,3254,8661,1,0,1169,1148,3317,4529,2803,5263,2778,7410,3187,6198,1371,1558,1596,3186,1352,4889,65413,51697,2929,47,18197,0,0,35,11
2021-03-01T23:59:59+01:00,3,6,2336,2268,5651,7803,4853,8365,4589,11197,4942,9166,2060,2332,2585,4604,3063,8341,1,0,1163,1145,3303,4511,2791,5234,2761,7364,3173,6170,1365,1555,1589,3176,1349,4883,64135,51475,2705,47,17291,0,0,33,11
2021-02-28T23:59:59+01:00,2,6,2283,2224,5470,7543,4678,8145,4452,11011,4831,9036,2020,2267,2288,4302,2859,8025,1,0,1154,1139,3289,4501,2784,5227,2756,7350,3166,6156,1360,1552,1581,3156,1348,4850,63007,51313,2401,47,16001,0,0,33,10
2021-02-27T23:59:59+01:00,2,6,2195,1913,5297,7119,4579,7836,4370,10663,4758,8786,1992,2206,2258,4256,2837,7974,1,0,1150,1135,3287,4499,2779,5225,2752,7347,3161,6152,1359,1552,1580,3154,1347,4849,62769,51275,2401,44,13844,0,0,33,10
2021-02-26T23:59:59+01:00,2,6,2130,1836,5154,6883,4432,7577,4217,10396,4548,8502,1863,2098,2197,4216,2728,7791,1,0,1128,1122,3271,4464,2767,5185,2741,7295,3140,6098,1353,1541,1576,3146,1346,4847,61434,50968,2395,43,12714,0,0,33,10
2021-02-25T23:59:59+01:00,2,6,2001,1735,4831,6475,4004,7123,3933,9879,4315,8120,1804,2039,2166,4158,2612,7595,1,0,1110,1105,3231,4419,2736,5135,2695,7188,3101,6005,1342,1525,1559,3105,1332,4788,60953,50327,2289,41,9524,0,0,32,9
2021-02-24T23:59:59+01:00,2,6,1967,1669,4715,6261,3900,6910,3812,9637,4192,7960,1781,2006,2135,4115,2497,7394,1,0,1097,1100,3201,4357,2701,5071,2669,7103,3072,5934,1326,1508,1534,3055,1320,4719,60400,49731,2045,29,8482,0,0,32,8
2021-02-23T23:59:59+01:00,2,6,1740,1524,4343,5774,3618,6523,3593,9257,4036,7677,1750,1973,2090,4067,2383,7209,1,0,1078,1087,3165,4330,2673,5013,2644,7027,3036,5875,1306,1488,1507,3020,1310,4664,59935,49201,1998,15,5600,0,0,32,8
2021-02-22T23:59:59+01:00,2,6,1731,1506,4293,5715,3582,6459,3526,9161,3975,7581,1715,1946,2064,4016,2262,7011,1,0,1073,1073,3144,4284,2653,4974,2619,6967,3007,5822,1294,1474,1496,3009,1302,4655,59386,48830,1856,9,5278,0,0,31,8
2021-02-21T23:59:59+01:00,2,6,1719,1501,4263,5681,3538,6421,3486,9108,3931,7531,1705,1938,2059,4006,2138,6844,1,0,1066,1062,3123,4244,2624,4924,2604,6899,2978,5734,1281,1458,1473,2948,1274,4573,59032,48250,1850,8,4965,0,0,30,8
2021-02-20T23:59:59+01:00,2,6,1716,1500,4256,5678,3535,6419,3486,9106,3928,7530,1700,1936,2057,4002,2137,6844,1,0,1066,1062,3121,4242,2624,4924,2603,6898,2978,5734,1281,1457,1472,2948,1274,4573,59013,48242,1850,8,4946,0,0,29,8
2021-02-19T23:59:59+01:00,2,6,1690,1493,4242,5659,3524,6405,3475,9096,3919,7515,1673,1907,2036,3984,2036,6661,1,0,1065,1061,3120,4241,2623,4923,2603,6895,2975,5732,1281,1456,1472,2946,1274,4573,58588,48226,1844,8,4863,0,0,28,7
2021-02-18T23:59:59+01:00,2,6,1640,1461,4147,5548,3452,6301,3388,8931,3833,7373,1652,1886,2009,3922,1904,6463,1,0,1018,1019,2979,4022,2496,4655,2493,6556,2866,5467,1248,1413,1440,2859,1245,4420,57930,46183,1794,8,4168,0,0,26,6
2021-02-17T23:59:59+01:00,2,5,1618,1431,4050,5399,3369,6148,3269,8696,3707,7171,1598,1815,1931,3816,1778,6145,0,0,960,970,2830,3800,2380,4344,2369,6145,2737,5155,1196,1350,1392,2746,1195,4244,56685,43800,1784,7,3455,0,0,24,6
2021-02-16T23:59:59+01:00,2,5,1542,1363,3890,5207,3235,5966,3160,8463,3585,7005,1575,1791,1896,3787,1657,5934,0,0,873,939,2698,3645,2283,4133,2243,5823,2607,4904,1140,1256,1245,2441,929,3613,55988,40762,1768,4,2285,0,0,22,6
2021-02-15T23:59:59+01:00,2,5,1525,1344,3841,5121,3175,5880,3103,8349,3519,6900,1563,1777,1881,3764,1648,5911,0,0,837,916,2617,3516,2208,3954,2162,5545,2519,4694,1095,1191,1152,2262,858,3383,55519,38902,1765,2,2003,0,0,21,5
2021-02-14T23:59:59+01:00,2,5,1459,1316,3760,5047,3132,5774,3048,8195,3476,6791,1543,1745,1827,3633,1589,5653,0,0,828,910,2567,3448,2169,3886,2108,5426,2453,4588,1067,1152,1062,2085,783,3134,55277,37660,1137,2,1560,0,0,21,4
2021-02-13T23:59:59+01:00,2,5,1456,1315,3752,5041,3125,5773,3045,8193,3473,6789,1542,1741,1827,3631,1587,5653,0,0,828,910,2567,3448,2169,3885,2106,5425,2452,4588,1064,1151,1061,2085,783,3134,55256,37655,1136,0,1537,0,0,21,1
2021-02-12T23:59:59+01:00,2,4,1418,1297,3715,5008,3102,5753,3023,8161,3454,6744,1526,1731,1817,3614,1578,5632,0,0,820,903,2534,3394,2134,3840,2076,5372,2434,4557,1063,1150,1060,2084,782,3132,55031,37334,1133,0,1395,0,0,20,1
2021-02-11T23:59:59+01:00,2,4,1368,1251,3602,4835,3010,5579,2925,7851,3355,6532,1467,1671,1745,3430,1486,5285,0,0,781,839,2281,2948,1906,3367,1843,4625,2163,4026,973,1078,964,1885,723,2849,54390,33251,138,0,852,0,0,18,0
2021-02-10T23:59:59+01:00,2,4,1343,1227,3540,4732,2946,5474,2882,7701,3301,6399,1448,1654,1717,3392,1472,5246,0,0,700,781,1990,2538,1693,2922,1606,4016,1905,3566,861,931,793,1505,579,2324,53737,28710,136,0,590,0,0,17,0
2021-02-09T23:59:59+01:00,2,3,1330,1209,3484,4663,2917,5405,2861,7608,3264,6330,1440,1638,1689,3369,1462,5233,0,0,650,701,1725,2187,1501,2535,1421,3516,1734,3204,829,898,768,1428,557,2208,53424,25862,131,0,335,0,0,17,0
2021-02-08T23:59:59+01:00,2,3,1317,1205,3455,4633,2898,5366,2839,7557,3245,6301,1428,1631,1679,3343,1460,5214,0,0,635,666,1574,1951,1360,2278,1289,3208,1576,2941,789,878,720,1321,524,2033,53124,23743,105,0,332,0,0,15,0
2021-02-07T23:59:59+01:00,2,3,1183,1162,3351,4578,2844,5323,2812,7519,3220,6263,1418,1614,1670,3320,1453,5181,0,0,488,520,1308,1593,1118,1830,1077,2618,1348,2418,685,750,638,1159,477,1803,52828,19830,77,0,0,0,0,11,0
2021-02-06T23:59:59+01:00,2,3,1179,1160,3349,4576,2840,5321,2805,7516,3216,6260,1417,1612,1669,3317,1452,5180,0,0,365,371,1108,1345,982,1526,936,2212,1182,2002,598,654,611,1141,475,1800,52786,17308,77,0,0,0,0,11,0
2021-02-05T23:59:59+01:00,2,2,1167,1149,3334,4554,2833,5294,2795,7474,3198,6214,1411,1604,1666,3311,1451,5180,0,0,264,210,926,1028,836,1156,761,1763,1007,1591,483,549,585,1121,472,1796,52551,14548,77,0,0,0,0,11,0
2021-02-04T23:59:59+01:00,2,2,1151,1131,3288,4503,2793,5219,2753,7344,3150,6130,1397,1589,1652,3277,1441,5152,0,0,137,84,624,658,546,739,522,1157,668,994,303,368,480,974,427,1632,51909,10313,54,0,0,0,0,11,0
2021-02-03T23:59:59+01:00,2,2,1129,1125,3261,4458,2764,5178,2730,7293,3120,6074,1387,1578,1626,3236,1433,5100,0,0,117,68,494,510,414,597,417,913,512,747,250,288,375,759,330,1269,51437,8060,49,0,0,0,0,10,0
2021-02-02T23:59:59+01:00,2,2,1107,1111,3225,4427,2733,5125,2705,7219,3085,6011,1363,1550,1590,3180,1407,5003,0,0,108,59,412,412,342,519,367,823,459,665,230,265,329,686,302,1134,50787,7112,48,0,0,0,0,10,0
2021-02-01T23:59:59+01:00,2,2,1091,1100,3207,4374,2704,5064,2674,7092,3055,5916,1343,1521,1563,3142,1390,4938,0,0,80,44,311,308,251,393,275,617,328,500,192,216,258,546,234,887,50121,5440,48,0,0,0,0,9,0
2021-01-31T23:59:59+01:00,2,2,1085,1089,3192,4344,2680,5020,2658,7037,3042,5871,1331,1504,1540,3076,1363,4852,0,0,70,42,285,284,226,346,253,573,298,460,171,197,213,446,192,718,49631,4774,48,0,0,0,0,9,0
2021-01-30T23:59:59+01:00,2,2,1084,1089,3189,4340,2679,5020,2657,7036,3042,5870,1331,1503,1539,3076,1363,4852,0,0,70,38,278,270,213,331,248,562,294,454,170,194,212,446,192,718,49620,4690,45,0,0,0,0,9,0
2021-01-29T23:59:59+01:00,2,2,1083,1088,3188,4336,2679,5018,2656,7034,3039,5868,1331,1503,1539,3075,1363,4852,0,0,64,34,260,256,190,311,232,545,283,446,164,190,208,440,191,716,49602,4530,45,0,0,0,0,9,0
2021-01-28T23:59:59+01:00,2,2,1062,1069,3119,4234,2625,4909,2598,6878,2972,5737,1315,1481,1523,3007,1340,4728,0,0,54,18,164,153,127,188,163,360,208,282,131,147,162,277,114,427,48552,2975,42,0,0,0,0,7,0
2021-01-27T23:59:59+01:00,2,2,1016,1030,3037,4092,2544,4730,2504,6596,2888,5536,1282,1436,1482,2913,1303,4576,0,0,25,6,100,70,59,93,84,211,118,148,100,115,118,207,87,308,46930,1849,32,0,0,0,0,7,0
2021-01-26T23:59:59+01:00,1,2,939,1002,2920,3959,2465,4545,2422,6415,2818,5381,1256,1388,1392,2760,1079,4170,0,0,25,6,95,69,58,92,82,211,116,147,98,114,118,207,87,308,44887,1833,20,0,0,0,0,7,0
2021-01-25T23:59:59+01:00,1,2,921,985,2840,3831,2421,4398,2362,6220,2759,5231,1237,1366,1378,2733,1066,4134,0,0,25,6,94,69,56,90,82,211,116,145,98,113,118,207,87,308,43865,1825,14,0,0,0,0,6,0
2021-01-24T23:59:59+01:00,1,2,911,981,2820,3815,2411,4366,2336,6181,2726,5170,1224,1359,1369,2709,1052,4099,0,0,25,6,94,69,56,89,82,210,115,145,97,113,118,207,87,308,43516,1821,10,0,0,0,0,6,0
2021-01-23T23:59:59+01:00,1,2,911,981,2820,3814,2411,4366,2335,6180,2725,5170,1221,1358,1368,2709,1052,4099,0,0,25,6,94,69,56,89,82,210,115,145,97,113,118,207,87,306,43511,1819,9,0,0,0,0,3,0
2021-01-22T23:59:59+01:00,1,2,904,974,2789,3768,2376,4301,2303,6105,2704,5123,1219,1356,1367,2707,1051,4096,0,0,25,6,94,69,56,89,82,210,115,145,97,113,118,207,87,306,43136,1819,9,0,0,0,0,1,0
2021-01-21T23:59:59+01:00,1,2,889,907,2533,3356,2175,3886,2121,5494,2481,4638,1162,1309,1317,2582,1013,3933,0,0,21,6,83,63,52,73,69,170,95,134,87,98,99,154,73,235,39789,1512,9,0,0,0,0,1,0
2021-01-20T23:59:59+01:00,1,2,810,844,2221,2948,1967,3424,1889,4886,2225,4164,1048,1168,1147,2228,878,3407,0,0,21,6,83,63,52,72,68,170,94,134,87,98,99,154,71,235,35248,1507,9,0,0,0,0,0,0
2021-01-19T23:59:59+01:00,1,2,748,765,1927,2502,1727,2966,1655,4226,1983,3690,974,1071,1019,1939,772,3025,0,0,10,3,50,44,33,44,35,100,44,77,39,36,49,83,44,152,30985,843,7,0,0,0,0,0,0
2021-01-18T23:59:59+01:00,1,2,674,706,1698,2104,1488,2494,1409,3541,1730,3186,888,986,913,1724,716,2743,0,0,5,2,19,10,13,21,17,54,17,33,19,21,26,56,31,82,26999,426,4,0,0,0,0,0,0
2021-01-17T23:59:59+01:00,0,2,495,545,1382,1700,1210,1963,1154,2807,1449,2564,747,829,758,1431,593,2348,0,0,0,1,4,2,0,0,0,0,0,0,1,0,0,0,0,0,21974,8,3,0,0,0,0,0,0
2021-01-16T23:59:59+01:00,0,1,375,396,1200,1456,1090,1678,1014,2409,1292,2157,661,733,730,1414,591,2347,0,0,0,0,0,0,0,0,0,0,0,0,0,0,0,0,0,0,19542,0,2,0,0,0,0,0,0
2021-01-15T23:59:59+01:00,0,1,271,235,1017,1156,941,1332,846,1963,1114,1754,542,622,692,1379,578,2306,0,0,0,0,0,0,0,0,0,0,0,0,0,0,0,0,0,0,16748,0,1,0,0,0,0,0,0
2021-01-14T23:59:59+01:00,0,0,155,105,703,773,649,864,611,1307,751,1134,352,433,567,1191,518,2055,0,0,0,0,0,0,0,0,0,0,0,0,0,0,0,0,0,0,12168,0,0,0,0,0,0,0,0
2021-01-13T23:59:59+01:00,0,0,130,84,593,606,525,698,494,1050,594,869,296,357,478,1006,446,1750,0,0,0,0,0,0,0,0,0,0,0,0,0,0,0,0,0,0,9976,0,0,0,0,0,0,0,0
2021-01-12T23:59:59+01:00,0,0,120,68,510,518,448,597,429,920,523,764,261,308,390,809,372,1365,0,0,0,0,0,0,0,0,0,0,0,0,0,0,0,0,0,0,8402,0,0,0,0,0,0,0,0
2021-01-11T23:59:59+01:00,0,0,91,55,414,422,363,486,344,746,418,591,227,257,323,676,302,1152,0,0,0,0,0,0,0,0,0,0,0,0,0,0,0,0,0,0,6867,0,0,0,0,0,0,0,0
2021-01-10T23:59:59+01:00,0,0,76,47,350,349,296,404,291,649,348,523,199,226,259,537,241,896,0,0,0,0,0,0,0,0,0,0,0,0,0,0,0,0,0,0,5691,0,0,0,0,0,0,0,0
2021-01-09T23:59:59+01:00,0,0,76,45,335,328,272,382,283,633,340,516,198,225,258,535,241,896,0,0,0,0,0,0,0,0,0,0,0,0,0,0,0,0,0,0,5563,0,0,0,0,0,0,0,0
2021-01-08T23:59:59+01:00,0,0,71,37,301,295,227,341,255,590,313,477,180,205,233,475,220,793,0,0,0,0,0,0,0,0,0,0,0,0,0,0,0,0,0,0,5013,0,0,0,0,0,0,0,0
2021-01-07T23:59:59+01:00,0,0,57,25,210,197,159,242,196,424,243,340,150,166,178,310,146,507,0,0,0,0,0,0,0,0,0,0,0,0,0,0,0,0,0,0,3550,0,0,0,0,0,0,0,0
2021-01-06T23:59:59+01:00,0,0,45,15,162,118,112,161,145,297,178,241,118,134,136,243,103,362,0,0,0,0,0,0,0,0,0,0,0,0,0,0,0,0,0,0,2570,0,0,0,0,0,0,0,0
2021-01-05T23:59:59+01:00,0,0,28,7,97,71,59,94,87,214,117,149,108,124,127,224,102,336,0,0,0,0,0,0,0,0,0,0,0,0,0,0,0,0,0,0,1944,0,0,0,0,0,0,0,0
2021-01-04T23:59:59+01:00,0,0,26,7,97,70,56,91,87,214,117,147,108,122,127,224,102,336,0,0,0,0,0,0,0,0,0,0,0,0,0,0,0,0,0,0,1931,0,0,0,0,0,0,0,0
2021-01-03T23:59:59+01:00,0,0,26,7,97,70,56,90,87,213,116,147,107,122,127,224,102,336,0,0,0,0,0,0,0,0,0,0,0,0,0,0,0,0,0,0,1927,0,0,0,0,0,0,0,0
2021-01-02T23:59:59+01:00,0,0,26,7,97,70,56,90,87,213,115,147,107,122,127,224,102,335,0,0,0,0,0,0,0,0,0,0,0,0,0,0,0,0,0,0,1925,0,0,0,0,0,0,0,0
2021-01-01T23:59:59+01:00,0,0,26,7,97,70,56,90,87,213,114,146,107,122,127,224,102,335,0,0,0,0,0,0,0,0,0,0,0,0,0,0,0,0,0,0,1923,0,0,0,0,0,0,0,0
2020-12-31T23:59:59+01:00,0,0,26,7,97,70,56,90,87,213,113,146,107,122,127,224,102,335,0,0,0,0,0,0,0,0,0,0,0,0,0,0,0,0,0,0,1922,0,0,0,0,0,0,0,0
2020-12-30T23:59:59+01:00,0,0,26,7,97,70,55,90,86,213,113,146,107,122,127,224,101,335,0,0,0,0,0,0,0,0,0,0,0,0,0,0,0,0,0,0,1919,0,0,0,0,0,0,0,0
2020-12-29T23:59:59+01:00,0,0,14,2,65,52,33,60,50,138,64,88,53,53,72,135,63,227,0,0,0,0,0,0,0,0,0,0,0,0,0,0,0,0,0,0,1169,0,0,0,0,0,0,0,0
2020-12-28T23:59:59+01:00,0,0,5,2,36,24,20,30,21,67,25,41,23,22,27,51,34,82,0,0,0,0,0,0,0,0,0,0,0,0,0,0,0,0,0,0,510,0,0,0,0,0,0,0,0
2020-12-27T23:59:59+01:00,0,0,1,0,8,5,8,2,1,5,0,2,1,1,2,2,4,6,0,0,0,0,0,0,0,0,0,0,0,0,0,0,0,0,0,0,48,0,0,0,0,0,0,0,0
