Datum,<24_1_m,<24_1_w,25-34_1_m,25-34_1_w,35-44_1_m,35-44_1_w,45-54_1_m,45-54_1_w,55-64_1_m,55-64_1_w,65-74_1_m,65-74_1_w,75-84_1_m,75-84_1_w,>84_1_m,>84_1_w,<24_2_m,<24_2_w,25-34_2_m,25-34_2_w,35-44_2_m,35-44_2_w,45-54_2_m,45-54_2_w,55-64_2_m,55-64_2_w,65-74_2_m,65-74_2_w,75-84_2_m,75-84_2_w,>84_2_m,>84_2_w,bp_1,bp_2,mo_1,mo_2,az_1,az_2,ja
2021-05-04T23:59:59+02:00,9842,11678,23890,28948,24559,30792,29207,40543,37877,45905,40093,50164,35010,48296,7669,15756,3145,3120,6469,8188,5927,9632,6586,12933,8389,12225,9920,12597,22300,30022,6372,13174,311065,144263,44512,25212,124614,1486,38
2021-05-03T23:59:59+02:00,9609,11431,23173,28367,23766,30228,28316,39844,37035,45236,39785,49760,34861,48066,7640,15696,3098,3089,6403,8118,5859,9582,6505,12861,8121,11967,9120,11597,21589,29070,6352,13137,306422,140765,43764,24431,122619,1264,8
2021-05-02T23:59:59+02:00,9418,11220,22519,27828,23046,29659,27509,39230,36324,44674,39564,49451,34782,47922,7618,15667,3060,3068,6363,8075,5834,9554,6472,12826,7885,11721,8439,10818,21049,28359,6336,13125,301887,137685,43021,24159,121519,1136,4
2021-05-01T23:59:59+02:00,9232,11011,22128,27350,22562,29073,26842,38493,35533,43807,39333,49116,34696,47781,7614,15655,3053,3061,6342,8068,5821,9547,6454,12812,7872,11707,8397,10742,21017,28317,6332,13122,295799,137408,43020,24154,121403,1098,4
2021-04-30T23:59:59+02:00,9048,10795,21736,26916,22109,28520,26061,37711,34606,42889,39118,48813,34612,47651,7602,15634,3034,3045,6319,8054,5802,9532,6428,12792,7839,11676,8357,10665,20971,28247,6330,13116,289579,137114,43014,24085,121225,1005,3
2021-04-29T23:59:59+02:00,8735,10520,21149,26332,21429,27827,25092,36741,33357,41538,38143,47514,34347,47243,7568,15538,2998,3004,6227,7947,5728,9430,6327,12648,7605,11362,7735,9961,20622,27786,6312,13055,280971,135086,42241,22890,119859,769,2
2021-04-28T23:59:59+02:00,8427,10281,20633,25848,20778,27238,24176,35840,31989,40042,37062,46044,34055,46813,7524,15440,2929,2952,6118,7829,5629,9310,6232,12489,7340,11048,7055,9117,20265,27271,6275,12991,272468,132686,41474,21608,118246,554,2
2021-04-27T23:59:59+02:00,8218,10081,20205,25431,20170,26707,23339,35067,30826,38682,36066,44732,33739,46322,7481,15360,2903,2924,6018,7728,5578,9222,6161,12363,7094,10802,6457,8391,19913,26838,6261,12974,265043,130637,40611,20676,116770,312,2
2021-04-26T23:59:59+02:00,8006,9889,19791,25018,19624,26182,22516,34302,29636,37422,35084,43431,33480,45894,7447,15275,2888,2912,5983,7689,5539,9185,6122,12323,6863,10570,5867,7679,19586,26459,6244,12952,257613,128743,39801,19837,115582,280,1
2021-04-25T23:59:59+02:00,7879,9735,19452,24754,19246,25847,21873,33669,28621,36396,34042,42119,33197,45524,7420,15219,2876,2901,5968,7668,5519,9167,6103,12298,6828,10533,5708,7459,19297,26053,6232,12919,250577,128163,39102,19095,115313,270,1
2021-04-24T23:59:59+02:00,7681,9522,19008,24325,18692,25314,21043,32821,27639,35417,33811,41823,33117,45387,7410,15208,2873,2896,5955,7661,5513,9160,6097,12294,6814,10514,5629,7341,19217,25939,6229,12911,244702,127727,39101,19065,114414,250,1
2021-04-23T23:59:59+02:00,7429,9298,18545,23851,18135,24698,20179,31967,26521,34210,33106,40746,32991,45186,7397,15186,2865,2880,5925,7639,5480,9118,6056,12256,6769,10460,5431,7036,18695,25321,6155,12783,237223,125889,38779,18750,113442,229,1
2021-04-22T23:59:59+02:00,7174,9057,17914,23245,17354,23933,19116,30945,25228,32759,32163,39510,32784,44888,7373,15140,2850,2860,5883,7585,5433,9037,5988,12178,6686,10384,5088,6569,18032,24492,6068,12638,228347,123774,37971,17800,112264,196,1
2021-04-21T23:59:59+02:00,6935,8859,17372,22738,16682,23343,18099,30005,23700,31181,31223,38347,32539,44527,7334,15082,2830,2840,5843,7533,5383,8969,5928,12080,6589,10305,4880,6230,17383,23691,5983,12493,219651,121744,37198,17047,111116,168,1
2021-04-20T23:59:59+02:00,6721,8635,16796,22255,15935,22656,17055,28976,22235,29684,30170,36960,32264,44187,7295,15017,2813,2824,5801,7498,5342,8924,5880,12013,6515,10242,4737,6020,16804,22967,5898,12359,210845,120131,36328,16344,109667,161,1
2021-04-19T23:59:59+02:00,6516,8451,16241,21825,15257,22086,16035,28047,20806,28269,28931,35421,31991,43784,7262,14939,2800,2810,5780,7467,5309,8895,5838,11964,6435,10163,4577,5812,16183,22282,5821,12243,202321,118529,35558,15693,107981,156,1
2021-04-18T23:59:59+02:00,6304,8288,15785,21485,14618,21526,14980,27215,19451,27059,27691,33902,31718,43432,7235,14885,2739,2754,5649,7339,5202,8785,5735,11817,6336,10051,4423,5592,15616,21641,5738,12112,193925,116956,34738,14419,106910,153,1
2021-04-17T23:59:59+02:00,6261,8251,15626,21407,14446,21441,14717,27023,19176,26786,27220,33399,31608,43306,7229,14874,2705,2699,5547,7187,5090,8627,5634,11622,6246,9939,4360,5504,15395,21371,5731,12103,192710,115206,34734,14416,105325,137,1
2021-04-16T23:59:59+02:00,6187,8191,15444,21243,14232,21290,14414,26747,18658,26247,26294,32293,31487,43110,7208,14857,2648,2634,5425,7002,4968,8447,5467,11380,6062,9729,4119,5234,14793,20604,5656,11997,189355,112021,34445,14017,104101,126,1
2021-04-15T23:59:59+02:00,6105,8094,15224,21025,13960,21004,13956,26366,17887,25474,25094,30857,31269,42832,7193,14825,2567,2532,5224,6746,4765,8143,5264,11062,5850,9462,3906,4949,13988,19542,5573,11877,184916,108267,33634,13071,102614,111,1
2021-04-14T23:59:59+02:00,6008,8016,15015,20819,13706,20774,13545,26024,17065,24696,23685,29242,31005,42490,7167,14776,2350,2390,5015,6489,4583,7896,5046,10819,5636,9202,3762,4705,13261,18667,5485,11718,180453,105288,32743,11632,100836,103,1
2021-04-13T23:59:59+02:00,5941,7954,14819,20677,13482,20590,13172,25709,16334,24007,22176,27587,30749,42118,7148,14713,2253,2322,4848,6295,4408,7694,4848,10571,5464,8994,3626,4525,12730,18065,5397,11590,176359,103019,31866,10516,98950,94,1
2021-04-12T23:59:59+02:00,5861,7865,14591,20478,13182,20338,12769,25278,15622,23286,20740,25820,30497,41819,7121,14662,2106,2208,4672,6136,4257,7509,4688,10389,5326,8840,3496,4361,12299,17550,5312,11469,172093,101352,30809,9173,97026,92,1
2021-04-11T23:59:59+02:00,5773,7780,14370,20285,12895,20128,12338,24918,14950,22632,19388,24232,30287,41541,7096,14619,2061,2167,4557,6023,4146,7388,4570,10270,5204,8726,3371,4221,11815,16955,5213,11315,168018,99696,29851,8215,95362,90,1
2021-04-10T23:59:59+02:00,5768,7774,14355,20275,12887,20119,12321,24906,14867,22538,18718,23317,30042,41182,7079,14595,2054,2155,4547,6014,4134,7377,4557,10254,5142,8648,3265,4106,11255,16117,5099,11135,166956,97557,29822,8215,93964,86,1
2021-04-09T23:59:59+02:00,5756,7758,14326,20228,12850,20073,12276,24858,14489,22098,17273,21521,29690,40638,7051,14557,2031,2146,4527,5996,4107,7353,4516,10221,5105,8598,3149,3970,10384,15119,4991,10976,164387,95134,29480,7970,91574,84,1
2021-04-08T23:59:59+02:00,5708,7731,14236,20152,12778,19995,12169,24747,14030,21532,15543,19405,29145,39744,6999,14450,2008,2132,4501,5941,4053,7272,4457,10146,5036,8525,3038,3852,9881,14507,4823,10768,160564,93312,28455,7546,89345,82,0
2021-04-07T23:59:59+02:00,5671,7695,14129,20076,12690,19918,12081,24637,13557,21060,14089,17598,28578,38907,6951,14358,1985,2119,4451,5868,3971,7196,4366,10057,4954,8434,2938,3747,9108,13359,4630,10443,156241,90792,27576,6764,88178,70,0
2021-04-06T23:59:59+02:00,5635,7663,14035,20004,12609,19858,11999,24573,13067,20566,12488,15584,27995,38083,6934,14292,1914,2055,4323,5749,3871,7070,4245,9915,4852,8312,2822,3621,8362,12381,4415,10150,152243,88431,26690,5557,86452,69,0
2021-04-05T23:59:59+02:00,5599,7628,13964,19942,12537,19790,11942,24489,12666,20185,10885,13619,27384,37160,6898,14232,1837,1977,4159,5596,3708,6913,4091,9775,4714,8188,2678,3486,7522,11372,4220,9855,149071,86084,25626,3940,84223,67,0
2021-04-04T23:59:59+02:00,5585,7608,13952,19921,12532,19775,11934,24475,12528,20066,9848,12313,26990,36599,6877,14187,1835,1973,4153,5593,3706,6909,4087,9769,4713,8184,2672,3471,7266,10876,4155,9764,147344,85126,25624,3940,82222,60,0
2021-04-03T23:59:59+02:00,5580,7599,13937,19906,12523,19769,11925,24465,12509,20016,8822,11100,26233,35525,6835,14092,1832,1970,4151,5589,3704,6905,4079,9757,4698,8174,2667,3459,7113,10597,4137,9705,144889,84537,25619,3940,80328,60,0
2021-04-02T23:59:59+02:00,5574,7578,13899,19879,12489,19726,11882,24419,12417,19934,8139,10117,24798,33609,6723,13883,1821,1956,4126,5566,3683,6863,4041,9678,4568,7896,2531,3319,6725,10173,4018,9545,140430,82732,25282,3717,79354,60,0
2021-04-01T23:59:59+02:00,5508,7495,13803,19748,12378,19582,11734,24257,11790,19455,7405,9202,23466,31847,6627,13693,1751,1887,4019,5466,3621,6799,3971,9609,4496,7793,2427,3171,6193,9439,3887,9338,136215,80503,24153,3311,77622,53,0
2021-03-31T23:59:59+02:00,5455,7433,13674,19597,12250,19437,11553,24052,11511,19201,6892,8562,22174,30116,6504,13505,1737,1875,3998,5443,3587,6771,3935,9559,4461,7744,2355,3084,5681,8751,3757,9172,132288,78762,23058,3095,76570,53,0
2021-03-30T23:59:59+02:00,5388,7358,13548,19440,12140,19271,11423,23887,11347,19064,6496,8134,20956,28556,6395,13335,1718,1839,3958,5410,3519,6703,3848,9442,4332,7574,2213,2867,5234,8183,3649,8963,128926,76562,22126,2851,75686,39,0
2021-03-29T23:59:59+02:00,5335,7308,13437,19352,12079,19188,11327,23782,11206,18917,6154,7688,19696,27087,6301,13183,1657,1796,3911,5371,3437,6630,3738,9290,4177,7382,2106,2735,4635,7461,3537,8745,125346,73931,21257,2641,75437,36,0
2021-03-28T23:59:59+02:00,5267,7227,13323,19205,11998,19106,11237,23677,11106,18815,5817,7305,18688,25752,6206,13024,1620,1742,3800,5266,3238,6389,3673,9200,4125,7332,2039,2669,3832,6369,3417,8567,122382,70905,20471,2348,74900,25,0
2021-03-27T23:59:59+01:00,5228,7163,13214,19041,11878,18940,11124,23466,10999,18684,5744,7201,18427,25432,6198,13014,1615,1739,3796,5261,3236,6383,3352,8798,3964,7089,2034,2665,3813,6332,3387,8509,120535,69613,20441,2348,74777,12,0
2021-03-26T23:59:59+01:00,5179,7100,13100,18854,11760,18750,10960,23234,10847,18489,5550,6939,17847,24664,6122,12902,1614,1737,3791,5255,3215,6366,3329,8776,3729,6596,1884,2325,3516,6007,3270,8320,117458,67377,20108,2342,74731,11,0
2021-03-25T23:59:59+01:00,5098,7001,12892,18598,11558,18425,10740,22903,10606,18174,5295,6611,16850,23379,6023,12757,1604,1727,3768,5227,3185,6341,3282,8740,3678,6557,1804,2185,3055,5308,3153,8077,113481,65440,19040,2242,74389,9,0
2021-03-24T23:59:59+01:00,5001,6862,12684,18159,11359,18035,10525,22516,10397,17847,4980,6198,15841,22220,5917,12572,1578,1716,3742,5179,3149,6277,3226,8672,3630,6488,1747,2129,2726,4930,3031,7849,110401,64059,17956,2001,72756,9,0
2021-03-23T23:59:59+01:00,4932,6760,12516,17826,11173,17691,10338,22158,10199,17586,4841,5962,15174,21437,5813,12429,1563,1710,3729,5162,3130,6259,3206,8623,3595,6444,1710,2074,2478,4632,2847,7559,108111,62753,17233,1959,71491,9,0
2021-03-22T23:59:59+01:00,4869,6655,12312,17486,10997,17374,10136,21825,9992,17316,4680,5731,14549,20722,5712,12278,1547,1701,3703,5124,3101,6223,3173,8574,3563,6398,1668,2019,2267,4354,2673,7258,106305,61521,16521,1818,69808,7,0
2021-03-21T23:59:59+01:00,4778,6499,12020,17062,10725,16977,9888,21381,9751,16992,4545,5542,13860,19932,5590,12100,1538,1700,3686,5107,3081,6190,3151,8543,3546,6374,1649,1998,2095,4168,2520,7025,104449,60548,15213,1816,67980,7,0
2021-03-20T23:59:59+01:00,4739,6409,11875,16707,10597,16682,9746,21062,9574,16724,4419,5383,13227,18978,5472,11905,1537,1699,3686,5106,3078,6189,3148,8538,3541,6370,1643,1993,2061,4105,2502,6987,102256,60360,15210,1816,66033,7,0
2021-03-19T23:59:59+01:00,4681,6298,11696,16343,10421,16319,9564,20671,9367,16396,4229,5160,12207,17766,5350,11736,1530,1693,3670,5074,3047,6114,3109,8444,3438,6197,1529,1901,1986,4046,2392,6783,99553,59136,14795,1812,63856,5,0
2021-03-18T23:59:59+01:00,4584,6163,11419,15903,10157,15891,9300,20202,9154,16077,4082,4995,11556,16884,5162,11500,1523,1677,3655,5042,3025,6070,3090,8386,3413,6157,1510,1866,1947,3972,2265,6578,97759,58449,13786,1722,61484,5,0
2021-03-17T23:59:59+01:00,4384,6024,11121,15466,9901,15542,9057,19822,8915,15753,3954,4812,10711,15583,4945,11162,1522,1674,3643,5021,3020,6051,3079,8349,3397,6135,1508,1846,1922,3942,2151,6395,95097,57939,12258,1711,59797,5,0
2021-03-16T23:59:59+01:00,4220,5869,10764,14994,9651,15174,8762,19378,8634,15407,3810,4653,9868,14413,4715,10867,1507,1672,3639,5016,3011,6044,3073,8341,3386,6120,1487,1823,1885,3892,2034,6217,92772,57510,11060,1632,57347,5,0
2021-03-15T23:59:59+01:00,4053,5716,10449,14521,9361,14703,8461,18903,8367,15016,3657,4472,9129,13311,4543,10607,1496,1664,3621,5003,3000,6023,3053,8303,3368,6078,1472,1811,1870,3861,1920,6030,90808,56937,9690,1632,54771,4,0
2021-03-14T23:59:59+01:00,3972,5597,10162,14064,9100,14308,8144,18412,8105,14646,3476,4261,8278,12022,4295,10232,1483,1657,3597,4985,2978,5974,3033,8225,3343,6011,1438,1761,1810,3726,1756,5648,88476,56419,8659,1002,51939,4,0
2021-03-13T23:59:59+01:00,3895,5379,9915,13537,8929,13893,7969,18003,7967,14356,3400,4189,8084,11717,4262,10165,1483,1657,3597,4985,2977,5974,3033,8225,3342,6009,1434,1760,1807,3722,1755,5647,87823,56401,8659,1002,49178,4,0
2021-03-12T23:59:59+01:00,3810,5196,9661,12997,8701,13345,7723,17329,7611,13660,3240,4036,7693,11293,4154,10017,1482,1653,3594,4972,2972,5969,3026,8219,3338,6003,1408,1728,1786,3703,1657,5471,86052,55975,8410,1002,46004,4,0
2021-03-11T23:59:59+01:00,3633,4833,9289,12268,8391,12673,7369,16538,7296,13076,3081,3836,7101,10518,4010,9782,1459,1636,3566,4929,2926,5879,2989,8100,3286,5914,1366,1671,1703,3488,1457,4953,83608,55217,7962,102,42124,3,0
2021-03-10T23:59:59+01:00,3552,4682,8723,11751,7765,12194,7055,15987,7007,12547,2926,3692,6510,9770,3883,9578,1444,1620,3537,4868,2894,5797,2951,7951,3231,5812,1328,1627,1645,3385,1338,4673,81801,54019,7404,79,38417,3,0
2021-03-09T23:59:59+01:00,3417,4469,7962,11300,6918,11696,6655,15366,6654,11979,2701,3401,5977,9113,3759,9351,1438,1615,3511,4818,2868,5731,2935,7901,3214,5768,1311,1603,1613,3343,1227,4469,79509,53321,6045,43,35164,1,0
2021-03-08T23:59:59+01:00,3218,4187,7232,10765,6174,11216,6261,14812,6275,11457,2511,3209,5351,8338,3658,9151,1430,1604,3489,4751,2841,5662,2898,7809,3186,5700,1308,1594,1608,3336,1223,4467,76695,52862,4948,43,32172,1,0
2021-03-07T23:59:59+01:00,3085,4015,6881,10256,5751,10660,5978,14371,6051,11105,2421,3131,4520,7191,3513,8954,1426,1601,3485,4746,2836,5650,2894,7790,3176,5689,1304,1576,1585,3296,1207,4427,73446,52647,4113,41,30324,0,0
2021-03-06T23:59:59+01:00,3036,3827,6687,9811,5555,10228,5465,13449,5727,10476,2409,3115,4515,7180,3510,8953,1425,1599,3482,4743,2834,5649,2893,7789,3175,5686,1303,1573,1585,3294,1206,4427,72231,52622,4113,41,27599,0,0
2021-03-05T23:59:59+01:00,2930,3513,6458,9264,5356,9821,5288,12869,5322,9484,2208,2720,4118,6762,3402,8778,1412,1594,3464,4729,2829,5636,2885,7771,3165,5668,1290,1570,1585,3290,1201,4423,69894,52471,3880,41,24519,0,0
2021-03-04T23:59:59+01:00,2837,3258,6237,8842,5204,9475,5108,12437,5146,9148,2095,2520,3544,5911,3278,8508,1400,1572,3424,4635,2797,5572,2855,7670,3137,5607,1277,1562,1576,3278,1195,4412,67845,51928,3435,41,22268,0,0
2021-03-03T23:59:59+01:00,2775,3180,6056,8431,5025,9095,4900,11980,4967,8728,2011,2416,3124,5431,3148,8260,1378,1561,3388,4583,2761,5508,2814,7566,3095,5542,1264,1540,1557,3247,1189,4395,66418,51348,3195,40,19914,0,0
2021-03-02T23:59:59+01:00,2712,3071,5889,8091,4863,8823,4740,11575,4830,8433,1930,2328,2813,5054,2956,7970,1371,1550,3369,4566,2746,5480,2801,7519,3087,5513,1260,1532,1538,3228,1187,4391,65076,51098,2937,40,18065,0,0
2021-03-01T23:59:59+01:00,2677,3023,5780,7866,4775,8697,4655,11414,4735,8269,1881,2248,2506,4713,2790,7685,1362,1548,3355,4547,2736,5448,2782,7469,3076,5495,1254,1528,1531,3220,1184,4387,63834,50882,2716,40,17164,0,0
2021-02-28T23:59:59+01:00,2609,2961,5597,7612,4607,8473,4523,11234,4638,8151,1829,2189,2212,4396,2609,7413,1350,1541,3344,4537,2728,5441,2776,7452,3069,5485,1250,1526,1525,3203,1183,4356,62752,50726,2416,40,15885,0,0
2021-02-27T23:59:59+01:00,2489,2575,5435,7219,4501,8158,4436,10861,4552,7897,1782,2123,2171,4339,2584,7342,1347,1538,3343,4536,2724,5438,2771,7449,3065,5483,1249,1525,1524,3203,1183,4356,62357,50695,2416,39,13691,0,0
2021-02-26T23:59:59+01:00,2426,2468,5298,6991,4356,7911,4290,10604,4362,7640,1672,2041,2112,4302,2479,7165,1327,1525,3325,4501,2714,5399,2759,7402,3041,5435,1241,1516,1520,3196,1182,4354,61131,50399,2409,38,12577,0,0
2021-02-25T23:59:59+01:00,2302,2329,4937,6573,3947,7442,4018,10102,4149,7296,1627,2000,2090,4255,2370,6990,1308,1505,3293,4458,2677,5341,2724,7290,3003,5353,1231,1500,1505,3155,1169,4300,60709,49778,2304,34,9414,0,0
2021-02-24T23:59:59+01:00,2267,2257,4816,6347,3853,7220,3893,9870,4035,7153,1607,1975,2060,4212,2254,6793,1293,1496,3263,4392,2644,5273,2699,7211,2972,5287,1215,1482,1481,3106,1158,4234,60160,49183,2061,23,8391,0,0
2021-02-23T23:59:59+01:00,2012,2057,4449,5875,3583,6817,3673,9490,3887,6902,1591,1945,2015,4166,2142,6610,1272,1484,3222,4357,2619,5213,2675,7138,2932,5238,1198,1462,1456,3070,1147,4185,59710,48658,2015,10,5489,0,0
2021-02-22T23:59:59+01:00,2002,2033,4392,5815,3546,6753,3608,9394,3832,6814,1560,1922,1992,4115,2025,6416,1269,1466,3200,4315,2599,5173,2647,7076,2902,5193,1190,1451,1444,3059,1141,4176,59176,48298,1872,3,5171,0,0
2021-02-21T23:59:59+01:00,1992,2026,4358,5781,3501,6719,3571,9333,3797,6773,1550,1916,1986,4105,1907,6252,1261,1450,3178,4278,2571,5124,2632,7007,2872,5111,1178,1436,1418,2997,1118,4103,58829,47731,1867,3,4871,0,0
2021-02-20T23:59:59+01:00,1991,2024,4353,5779,3498,6719,3571,9332,3796,6772,1545,1915,1983,4101,1906,6252,1261,1450,3177,4276,2571,5124,2631,7005,2872,5111,1178,1435,1417,2997,1118,4103,58814,47723,1867,3,4856,0,0
2021-02-19T23:59:59+01:00,1971,2015,4344,5762,3490,6703,3559,9321,3785,6758,1520,1884,1961,4080,1807,6072,1259,1450,3176,4275,2570,5123,2631,7003,2870,5109,1178,1435,1417,2996,1118,4103,58393,47710,1861,3,4778,0,0
2021-02-18T23:59:59+01:00,1925,1974,4241,5652,3427,6598,3460,9146,3708,6636,1504,1849,1926,4005,1674,5872,1208,1387,3027,4044,2452,4837,2520,6671,2769,4894,1149,1387,1383,2911,1091,3957,57731,45684,1771,3,4095,0,0
2021-02-17T23:59:59+01:00,1900,1932,4138,5498,3343,6446,3341,8891,3588,6470,1448,1776,1856,3900,1557,5564,1142,1310,2873,3824,2340,4518,2389,6230,2651,4639,1097,1321,1330,2798,1053,3797,56460,43309,1762,3,3426,0,0
2021-02-16T23:59:59+01:00,1799,1841,3980,5303,3211,6257,3226,8674,3472,6310,1426,1753,1827,3863,1439,5355,1046,1269,2741,3658,2242,4301,2251,5915,2531,4408,1050,1218,1167,2480,806,3193,55716,40275,1747,1,2273,0,0
2021-02-15T23:59:59+01:00,1783,1816,3930,5215,3154,6169,3163,8560,3415,6214,1416,1740,1813,3841,1431,5331,1008,1231,2658,3525,2168,4122,2166,5634,2445,4215,1006,1151,1082,2287,741,2994,55251,38432,1746,1,1994,0,0
2021-02-14T23:59:59+01:00,1704,1782,3849,5136,3113,6054,3105,8399,3371,6118,1396,1707,1756,3701,1375,5088,996,1220,2612,3458,2126,4054,2107,5507,2386,4118,971,1113,1003,2104,674,2763,54999,37211,1115,1,1540,0,0
2021-02-13T23:59:59+01:00,1701,1780,3841,5133,3107,6052,3102,8398,3368,6116,1395,1705,1756,3699,1373,5088,996,1220,2612,3458,2126,4054,2106,5507,2385,4118,971,1113,1003,2104,674,2763,54981,37210,1115,0,1518,0,0
2021-02-12T23:59:59+01:00,1665,1756,3801,5103,3086,6033,3078,8361,3350,6078,1379,1696,1747,3682,1366,5067,987,1209,2579,3406,2093,4004,2078,5458,2368,4088,970,1113,1002,2104,673,2761,54757,36893,1114,0,1377,0,0
2021-02-11T23:59:59+01:00,1612,1694,3691,4935,2986,5852,2978,8053,3257,5890,1326,1636,1681,3494,1280,4745,938,1109,2300,2962,1884,3488,1836,4719,2117,3612,892,1041,907,1895,624,2495,54149,32819,125,0,836,0,0
2021-02-10T23:59:59+01:00,1592,1667,3629,4814,2920,5752,2932,7891,3211,5778,1312,1620,1656,3452,1265,4709,848,1024,2012,2539,1667,3029,1591,4093,1867,3201,793,886,741,1517,494,2017,53494,28319,122,0,584,0,0
2021-02-09T23:59:59+01:00,1574,1640,3577,4749,2891,5680,2908,7791,3174,5714,1310,1609,1626,3430,1257,4695,785,918,1740,2181,1474,2626,1422,3593,1704,2884,764,854,717,1437,474,1913,53176,25486,119,0,330,0,0
2021-02-08T23:59:59+01:00,1554,1637,3552,4719,2871,5640,2884,7740,3160,5688,1299,1601,1616,3403,1255,4681,765,870,1588,1938,1325,2373,1289,3277,1547,2653,734,831,668,1321,445,1753,52879,23377,93,0,328,0,0
2021-02-07T23:59:59+01:00,1404,1588,3462,4661,2818,5599,2857,7698,3136,5654,1292,1585,1606,3381,1250,4650,592,680,1324,1590,1095,1906,1076,2672,1323,2197,630,711,592,1153,403,1541,52575,19485,66,0,0,0,0
2021-02-06T23:59:59+01:00,1400,1584,3461,4659,2812,5596,2852,7693,3132,5651,1290,1582,1604,3379,1250,4650,440,484,1133,1364,964,1570,922,2247,1159,1809,552,627,573,1138,400,1538,52529,16920,66,0,0,0,0
2021-02-05T23:59:59+01:00,1389,1573,3446,4638,2803,5569,2841,7651,3110,5606,1285,1575,1601,3372,1249,4650,319,278,947,1055,812,1193,758,1790,971,1419,451,536,550,1123,398,1532,52292,14132,66,0,0,0,0
2021-02-04T23:59:59+01:00,1368,1551,3397,4586,2764,5488,2801,7522,3064,5530,1273,1562,1588,3337,1241,4627,166,119,639,684,523,752,515,1150,635,888,288,366,448,975,362,1382,51656,9892,43,0,0,0,0
2021-02-03T23:59:59+01:00,1345,1541,3354,4532,2732,5435,2778,7455,3029,5469,1260,1538,1550,3268,1224,4517,145,98,505,530,398,608,425,906,488,681,240,293,356,788,292,1126,50984,7879,43,0,0,0,0
2021-02-02T23:59:59+01:00,1323,1528,3310,4493,2700,5373,2751,7376,2992,5406,1238,1508,1513,3206,1197,4422,131,81,420,432,333,528,384,823,431,614,223,271,312,718,270,1009,50294,6980,42,0,0,0,0
2021-02-01T23:59:59+01:00,1306,1511,3285,4439,2670,5299,2718,7243,2960,5320,1222,1485,1486,3168,1183,4362,102,55,316,324,243,397,287,613,308,461,183,223,244,573,208,780,49615,5317,42,0,0,0,0
2021-01-31T23:59:59+01:00,1299,1497,3269,4408,2647,5257,2704,7188,2946,5281,1211,1468,1460,3101,1161,4285,91,52,286,298,222,350,262,568,279,428,162,200,200,465,171,632,49140,4666,42,0,0,0,0
2021-01-30T23:59:59+01:00,1299,1497,3267,4404,2646,5257,2703,7186,2946,5281,1211,1467,1459,3101,1161,4285,91,49,276,285,212,334,257,559,275,420,161,199,199,465,171,632,49129,4585,41,0,0,0,0
2021-01-29T23:59:59+01:00,1297,1497,3266,4400,2646,5256,2701,7184,2944,5279,1210,1467,1459,3099,1161,4285,86,45,255,271,190,311,245,546,263,412,158,197,195,459,170,630,49111,4433,40,0,0,0,0
2021-01-28T23:59:59+01:00,1274,1466,3191,4288,2594,5135,2639,7027,2887,5167,1196,1441,1443,3033,1139,4167,74,24,158,163,129,190,168,363,194,255,127,147,149,288,99,369,48051,2897,36,0,0,0,0
2021-01-27T23:59:59+01:00,1221,1407,3101,4148,2517,4948,2545,6734,2807,4993,1161,1394,1405,2937,1111,4031,37,9,93,78,62,91,81,208,111,139,98,116,109,215,75,262,46434,1784,26,0,0,0,0
2021-01-26T23:59:59+01:00,1136,1372,2978,3995,2446,4768,2461,6543,2732,4863,1141,1337,1305,2782,895,3629,36,9,90,77,61,90,79,208,109,138,96,115,109,215,75,262,44368,1769,15,0,0,0,0
2021-01-25T23:59:59+01:00,1117,1339,2897,3863,2402,4616,2395,6347,2671,4731,1129,1318,1290,2748,884,3602,35,9,89,77,59,90,79,208,109,138,96,115,109,215,75,262,43342,1765,7,0,0,0,0
2021-01-24T23:59:59+01:00,1105,1334,2880,3846,2391,4586,2365,6296,2640,4684,1120,1310,1278,2725,873,3567,35,9,89,77,59,90,79,208,109,138,96,115,109,215,75,262,42995,1765,5,0,0,0,0
2021-01-23T23:59:59+01:00,1105,1334,2880,3846,2391,4586,2365,6296,2639,4684,1120,1310,1278,2725,873,3567,35,9,89,77,59,90,79,208,109,138,96,115,109,215,75,262,42994,1765,5,0,0,0,0
2021-01-22T23:59:59+01:00,1097,1325,2845,3799,2359,4515,2334,6227,2619,4641,1119,1309,1277,2724,872,3564,35,9,89,77,59,90,79,208,109,138,96,115,109,215,75,262,42621,1765,5,0,0,0,0
2021-01-21T23:59:59+01:00,1066,1221,2574,3386,2169,4073,2147,5617,2409,4194,1072,1267,1228,2590,844,3415,30,8,79,69,55,73,66,172,89,126,88,98,90,157,64,202,39267,1466,5,0,0,0,0
2021-01-20T23:59:59+01:00,974,1132,2264,2956,1955,3595,1909,4990,2160,3763,969,1117,1063,2236,731,2959,30,8,79,69,55,72,66,172,89,126,88,98,90,157,64,202,34768,1465,5,0,0,0,0
2021-01-19T23:59:59+01:00,894,1012,1969,2519,1706,3105,1680,4327,1932,3352,901,1014,932,1953,637,2623,14,4,52,48,33,40,33,100,40,76,38,35,47,85,38,131,30552,814,4,0,0,0,0
2021-01-18T23:59:59+01:00,812,924,1720,2105,1467,2617,1415,3627,1698,2892,820,931,829,1719,592,2367,8,2,18,12,14,19,18,53,15,34,22,23,24,55,29,77,26532,423,3,0,0,0,0
2021-01-17T23:59:59+01:00,605,713,1406,1710,1191,2054,1159,2870,1424,2331,677,784,694,1429,486,2002,2,0,2,2,0,0,0,0,0,0,0,0,0,0,0,0,21532,6,3,0,0,0,0
2021-01-16T23:59:59+01:00,456,516,1230,1490,1076,1736,1008,2457,1270,1954,600,703,674,1415,484,2001,0,0,0,0,0,0,0,0,0,0,0,0,0,0,0,0,19068,0,2,0,0,0,0
2021-01-15T23:59:59+01:00,328,310,1048,1193,925,1387,846,1996,1081,1572,498,608,639,1383,474,1960,0,0,0,0,0,0,0,0,0,0,0,0,0,0,0,0,16246,0,2,0,0,0,0
2021-01-14T23:59:59+01:00,186,141,730,809,633,889,609,1312,720,1012,327,430,527,1193,426,1740,0,0,0,0,0,0,0,0,0,0,0,0,0,0,0,0,11684,0,0,0,0,0,0
2021-01-13T23:59:59+01:00,159,114,608,635,503,703,497,1037,566,786,274,351,440,1014,371,1479,0,0,0,0,0,0,0,0,0,0,0,0,0,0,0,0,9537,0,0,0,0,0,0
2021-01-12T23:59:59+01:00,145,94,531,542,432,609,443,922,496,699,248,313,368,840,315,1202,0,0,0,0,0,0,0,0,0,0,0,0,0,0,0,0,8199,0,0,0,0,0,0
2021-01-11T23:59:59+01:00,116,72,427,440,351,492,354,732,391,540,215,261,304,704,256,1005,0,0,0,0,0,0,0,0,0,0,0,0,0,0,0,0,6660,0,0,0,0,0,0
2021-01-10T23:59:59+01:00,100,57,353,363,286,407,298,637,326,478,186,227,240,559,204,779,0,0,0,0,0,0,0,0,0,0,0,0,0,0,0,0,5500,0,0,0,0,0,0
2021-01-09T23:59:59+01:00,100,55,335,344,263,383,291,623,318,472,185,226,239,557,204,779,0,0,0,0,0,0,0,0,0,0,0,0,0,0,0,0,5374,0,0,0,0,0,0
2021-01-08T23:59:59+01:00,94,50,295,310,223,342,267,591,290,445,169,207,218,490,186,694,0,0,0,0,0,0,0,0,0,0,0,0,0,0,0,0,4871,0,0,0,0,0,0
2021-01-07T23:59:59+01:00,77,31,202,207,162,245,204,425,225,312,140,163,164,321,116,434,0,0,0,0,0,0,0,0,0,0,0,0,0,0,0,0,3428,0,0,0,0,0,0
2021-01-06T23:59:59+01:00,64,19,148,125,115,160,150,300,166,217,107,131,124,249,80,304,0,0,0,0,0,0,0,0,0,0,0,0,0,0,0,0,2459,0,0,0,0,0,0
2021-01-05T23:59:59+01:00,39,9,89,78,62,95,85,211,110,140,102,120,116,231,79,281,0,0,0,0,0,0,0,0,0,0,0,0,0,0,0,0,1847,0,0,0,0,0,0
2021-01-04T23:59:59+01:00,38,9,89,78,59,93,85,211,110,140,102,119,116,231,79,281,0,0,0,0,0,0,0,0,0,0,0,0,0,0,0,0,1840,0,0,0,0,0,0
2021-01-03T23:59:59+01:00,38,9,89,78,59,93,85,211,110,140,102,119,116,231,79,281,0,0,0,0,0,0,0,0,0,0,0,0,0,0,0,0,1840,0,0,0,0,0,0
2021-01-02T23:59:59+01:00,38,9,89,78,59,93,85,211,110,140,102,119,116,231,79,281,0,0,0,0,0,0,0,0,0,0,0,0,0,0,0,0,1840,0,0,0,0,0,0
2021-01-01T23:59:59+01:00,38,9,89,78,59,93,85,211,110,139,102,119,116,231,79,281,0,0,0,0,0,0,0,0,0,0,0,0,0,0,0,0,1839,0,0,0,0,0,0
2020-12-31T23:59:59+01:00,38,9,89,78,59,93,85,211,110,139,102,119,116,231,79,281,0,0,0,0,0,0,0,0,0,0,0,0,0,0,0,0,1839,0,0,0,0,0,0
2020-12-30T23:59:59+01:00,38,9,89,78,58,93,85,211,110,139,102,119,116,231,79,281,0,0,0,0,0,0,0,0,0,0,0,0,0,0,0,0,1838,0,0,0,0,0,0
2020-12-29T23:59:59+01:00,20,5,63,58,35,57,49,136,62,89,47,50,68,141,49,190,0,0,0,0,0,0,0,0,0,0,0,0,0,0,0,0,1119,0,0,0,0,0,0
2020-12-28T23:59:59+01:00,8,4,37,26,20,28,20,68,23,41,23,22,25,50,29,76,0,0,0,0,0,0,0,0,0,0,0,0,0,0,0,0,500,0,0,0,0,0,0
2020-12-27T23:59:59+01:00,2,0,7,5,6,2,1,5,0,2,0,1,2,3,4,5,0,0,0,0,0,0,0,0,0,0,0,0,0,0,0,0,45,0,0,0,0,0,0
