Datum,<15_m,<15_w,15-24_1_m,15-24_1_w,25-34_1_m,25-34_1_w,35-44_1_m,35-44_1_w,45-54_1_m,45-54_1_w,55-64_1_m,55-64_1_w,65-74_1_m,65-74_1_w,75-84_1_m,75-84_1_w,>84_1_m,>84_1_w,<24_2_m,<24_2_w,25-34_2_m,25-34_2_w,35-44_2_m,35-44_2_w,45-54_2_m,45-54_2_w,55-64_2_m,55-64_2_w,65-74_2_m,65-74_2_w,75-84_2_m,75-84_2_w,>84_2_m,>84_2_w,bp_1,bp_2,mo_1,mo_2,az_1,az_2,ja,unb_1,unb_2
2021-07-30T23:59:59+02:00,6232,5951,52637,53660,95544,93913,88352,88288,86952,92808,88230,91071,53748,66958,42852,59345,10351,20842,36797,37572,77434,76031,70126,70373,75097,80840,79887,83276,50436,62806,40809,56251,9811,19546,747518,630697,129534,101454,157850,134922,62751,81,73
2021-07-29T23:59:59+02:00,6184,5895,52416,53485,95301,93700,88152,88088,86792,92649,88098,90956,53696,66897,42833,59318,10347,20832,35569,36378,76408,75183,69090,69435,74305,80108,79355,82860,50306,62646,40746,56159,9794,19522,746381,623134,129100,99910,157835,134370,62242,81,73
2021-07-28T23:59:59+02:00,6148,5843,52231,53327,95107,93513,88020,87917,86681,92514,87995,90869,53646,66832,42804,59275,10339,20807,34975,35809,75270,74218,67828,68337,73558,79405,78871,82412,50175,62450,40682,56061,9779,19488,745307,616902,128671,98520,157817,133606,61992,81,73
2021-07-27T23:59:59+02:00,6100,5805,52006,53110,94859,93316,87857,87739,86531,92373,87884,90776,53598,66764,42761,59218,10325,20759,34337,35094,73840,72998,66401,67138,72711,78564,78343,81909,50007,62243,40605,55945,9757,19445,743970,609763,128260,97089,157795,132397,61675,81,73
2021-07-26T23:59:59+02:00,6044,5755,51798,52911,94635,93133,87670,87582,86379,92243,87761,90682,53539,66686,42732,59165,10318,20738,33600,34309,72350,71694,65057,65943,71689,77619,77764,81400,49840,62033,40527,55804,9737,19401,742698,601967,127852,95575,157782,131341,61358,81,73
2021-07-25T23:59:59+02:00,6010,5713,51605,52724,94391,92917,87515,87404,86231,92121,87655,90590,53489,66624,42705,59125,10308,20709,32901,33574,71022,70506,63963,64944,70693,76718,77302,80959,49728,61854,40464,55721,9731,19370,741397,595130,127597,94017,157765,130563,60996,81,73
2021-07-24T23:59:59+02:00,5928,5661,51337,52447,94093,92615,87276,87196,86061,91973,87560,90512,53461,66590,42694,59103,10308,20703,32419,33105,70176,69825,63297,64396,69822,76023,77099,80807,49675,61812,40443,55696,9731,19368,739605,590804,127549,93090,157765,130440,60518,81,73
2021-07-23T23:59:59+02:00,5873,5607,51076,52189,93714,92349,86998,86988,85884,91799,87431,90421,53429,66545,42686,59085,10305,20697,31921,32498,69133,68989,62522,63740,68918,75183,76700,80482,49599,61715,40411,55659,9724,19354,737648,585306,127488,91934,157758,130267,60101,81,73
2021-07-22T23:59:59+02:00,5805,5544,50672,51803,93264,91922,86626,86675,85590,91517,87220,90245,53346,66454,42657,59027,10296,20672,31241,31801,67852,68012,61489,62874,67304,73843,76062,79979,49448,61512,40321,55549,9703,19316,734732,579013,127264,89187,157735,129507,59523,81,73
2021-07-21T23:59:59+02:00,5754,5494,50322,51434,92841,91521,86330,86387,85342,91282,87052,90067,53264,66373,42599,58961,10285,20645,30653,31185,66524,66983,60416,61985,65276,72165,75159,79238,49158,61204,40162,55361,9679,19261,732026,572804,127036,84900,157710,128426,59100,81,73
2021-07-20T23:59:59+02:00,5695,5433,49945,51051,92392,91066,85970,86068,85083,91039,86838,89876,53174,66242,42556,58904,10279,20620,30015,30561,65085,65823,59282,61033,64096,71109,74549,78690,48955,60974,40056,55204,9658,19200,729150,565850,126824,83247,157661,127408,58515,81,73
2021-07-19T23:59:59+02:00,5616,5360,49485,50605,91929,90603,85611,85744,84838,90827,86635,89702,53081,66126,42520,58829,10262,20584,29485,30006,63940,64784,58374,60172,62948,70082,73959,78179,48783,60780,39966,55062,9631,19155,725944,560156,126603,81455,157628,126230,58101,81,73
2021-07-18T23:59:59+02:00,5548,5294,48668,49805,90892,89586,84901,85143,84372,90408,86347,89413,52976,65980,42457,58733,10252,20553,28940,29430,62780,63725,57459,59264,61778,69061,73416,77684,48640,60621,39908,54979,9619,19127,719630,554389,126279,79437,157613,125437,57725,81,73
2021-07-17T23:59:59+02:00,5375,5109,48320,49476,90751,89453,84711,84986,84219,90274,86238,89330,52956,65954,42446,58722,10251,20550,28564,29065,62141,63133,56917,58841,61020,68328,73111,77444,48532,60504,39868,54921,9610,19117,718469,551413,126107,78471,157607,124826,56857,81,73
2021-07-16T23:59:59+02:00,5278,5019,48000,49199,90489,89237,84469,84786,84017,90091,86100,89222,52915,65923,42427,58708,10248,20545,28079,28579,61216,62229,56076,58158,59969,67295,72609,77028,48373,60317,39823,54853,9605,19108,717113,546512,125939,77153,157596,124090,55944,81,73
2021-07-15T23:59:59+02:00,5143,4891,47536,48800,90105,88873,84118,84411,83719,89817,85886,89058,52837,65834,42376,58641,10238,20519,27358,27976,59915,61185,54965,57184,58578,66000,71890,76448,48151,60062,39737,54727,9589,19053,714728,540794,125523,74975,157564,122452,54906,81,73
2021-07-14T23:59:59+02:00,5039,4778,47201,48428,89814,88594,83839,84105,83472,89583,85686,88903,52750,65727,42320,58553,10221,20489,26846,27440,58839,60198,54010,56351,57710,65157,71280,75867,47887,59784,39635,54555,9567,19009,712632,535466,125167,74063,157520,120772,54102,81,73
2021-07-13T23:59:59+02:00,4926,4661,46809,48056,89430,88242,83540,83806,83216,89331,85487,88741,52644,65625,42267,58490,10215,20470,26205,26792,57479,59021,52823,55373,56725,64252,70560,75232,47613,59465,39510,54379,9538,18959,710343,529193,124799,72968,157473,118747,53260,81,72
2021-07-12T23:59:59+02:00,4759,4492,46279,47552,89038,87911,83163,83498,82972,89084,85302,88583,52564,65532,42219,58426,10203,20455,25590,26155,55978,57678,51538,54322,55503,63117,69822,74615,47243,59038,39337,54158,9498,18894,707703,521971,124433,71944,157429,116412,52386,81,71
2021-07-11T23:59:59+02:00,4362,4124,45347,46638,88618,87484,82751,83118,82672,88801,85113,88441,52478,65444,42194,58371,10192,20438,24995,25597,54608,56425,50242,53289,54460,62088,69234,74070,46899,58656,39214,53982,9474,18852,703821,515391,123964,70940,157390,114631,51330,81,71
2021-07-10T23:59:59+02:00,4350,4109,45021,46308,88168,87006,82427,82812,82570,88704,85045,88383,52459,65421,42185,58357,10191,20434,24516,25074,53539,55500,49389,52712,53867,61524,69019,73884,46529,58241,39114,53879,9469,18843,703166,511136,123501,70857,157216,113317,49986,81,71
2021-07-09T23:59:59+02:00,4332,4096,44600,45877,87561,86459,82049,82477,82322,88520,84933,88291,52424,65392,42178,58344,10187,20425,23827,24308,52223,54267,48460,51831,53088,60674,68603,73486,46170,57836,39028,53790,9461,18831,701788,505010,122926,70454,157050,111974,48622,81,70
2021-07-08T23:59:59+02:00,4308,4070,44058,45398,86707,85760,81530,81974,82071,88281,84740,88138,52359,65325,42146,58298,10178,20408,22861,23394,50291,52718,47090,50683,51959,59554,67924,72858,45657,57284,38893,53628,9433,18762,699721,497351,122041,69194,156758,109448,47148,81,70
2021-07-07T23:59:59+02:00,4285,4043,43490,44832,85886,84999,80992,81502,81787,87990,84538,87979,52282,65227,42107,58236,10171,20388,22003,22509,48357,51051,45591,49554,50731,58382,67239,72328,44926,56548,38704,53391,9402,18704,697270,489280,121049,68085,156508,106358,45826,81,68
2021-07-06T23:59:59+02:00,4250,4023,42953,44321,85043,84277,80388,80916,81423,87663,84365,87805,52192,65146,42070,58173,10162,20363,21177,21662,46385,49270,44212,48302,49462,57044,66496,71610,44100,55780,38519,53152,9384,18648,694685,480363,120027,67006,156203,103408,44537,81,68
2021-07-05T23:59:59+02:00,4227,3987,41814,43354,83551,83198,79660,80312,80977,87246,84097,87547,52075,65009,42022,58095,10148,20336,20007,20621,44446,47683,43188,47341,48437,56091,65803,70994,43344,54920,38347,52929,9361,18609,691448,474431,118970,66140,155844,100326,41312,81,68
2021-07-04T23:59:59+02:00,4200,3966,40472,42168,81923,81892,78944,79706,80510,86824,83828,87353,51985,64883,41976,58044,10135,20307,18664,19415,42662,46173,42492,46603,47636,55235,65226,70427,42600,54075,38184,52738,9343,18562,688418,469811,117819,65213,155419,97710,37379,81,68
2021-07-03T23:59:59+02:00,3740,3551,38916,40643,81065,81241,78460,79217,80070,86347,83614,87185,51916,64782,41958,57992,10132,20301,17857,18727,41749,45487,42072,46224,47232,54840,65060,70262,42013,53347,38122,52638,9337,18552,684735,467884,116513,65115,155330,96121,34471,81,68
2021-07-02T23:59:59+02:00,3183,2984,37369,39167,80353,80513,77795,78519,79551,85841,83372,86985,51865,64695,41929,57944,10120,20288,17103,18018,40613,44533,41340,45534,46404,54060,64542,69816,41064,52142,37992,52449,9321,18533,679744,462861,115113,64657,155170,93638,32365,81,65
2021-07-01T23:59:59+02:00,2540,2441,35664,37527,79397,79666,76964,77697,78849,85203,83058,86705,51745,64538,41867,57840,10102,20260,16242,17127,39088,43308,40130,44473,45103,52937,63806,69246,40177,51008,37843,52242,9304,18501,673511,456546,113407,63015,154941,90883,30123,81,65
2021-06-30T23:59:59+02:00,2500,2410,34665,36535,77583,78176,75266,76199,78191,84655,82776,86411,51613,64374,41807,57746,10090,20233,15223,16168,37410,42084,38935,43361,43945,51883,63055,68622,39636,50333,37729,52047,9282,18466,667713,450451,111679,61680,154716,89020,27041,81,64
2021-06-29T23:59:59+02:00,2467,2378,33839,35658,75990,76696,73657,74781,77405,83943,82235,85926,51432,64156,41732,57615,10073,20197,14395,15274,36099,40945,38017,42542,42724,50835,62344,68040,38935,49400,37593,51830,9261,18423,661426,445312,109820,59844,154440,87080,24413,81,63
2021-06-28T23:59:59+02:00,2427,2344,33038,34867,74378,75292,71985,73384,76383,83160,81632,85431,51255,63929,41655,57509,10060,20163,13657,14532,35046,39933,37193,41814,41606,49844,61697,67499,38065,48319,37426,51612,9242,18376,655018,440523,107856,58335,153846,84891,22091,81,62
2021-06-27T23:59:59+02:00,2413,2329,32310,34133,72815,73923,70583,72184,74989,82044,80969,84887,51056,63715,41590,57394,10050,20134,13029,13907,34091,39184,36543,41212,40675,48997,61163,67058,37210,47295,37274,51435,9227,18345,648874,436667,105926,57573,152896,82638,19741,81,62
2021-06-26T23:59:59+02:00,1782,1725,31284,33044,72465,73606,70117,71721,74696,81736,80875,84800,51035,63686,41576,57384,10049,20131,12838,13702,33434,38647,35905,40794,40157,48662,60170,66061,36222,46164,37107,51222,9213,18312,644125,430728,104991,57523,152891,80702,19630,75,62
2021-06-25T23:59:59+02:00,1165,1129,30179,31886,71980,73083,69505,71023,74275,81294,80501,84480,50975,63600,41542,57341,10044,20118,12518,13317,32582,37851,35037,39975,39219,47826,58960,64829,35707,45468,36915,50922,9190,18268,637860,422331,103804,57078,152883,79645,19498,75,62
2021-06-24T23:59:59+02:00,566,572,28853,30586,71212,72350,68637,70145,73603,80671,80063,84117,50870,63471,41491,57272,10033,20084,11862,12626,31427,36554,33830,38711,38099,46719,57325,63454,35235,44949,36759,50735,9171,18208,630152,413051,102315,55530,152767,77759,19287,75,61
2021-06-23T23:59:59+02:00,539,538,28351,30049,70109,71374,67363,69012,72857,79984,79613,83715,50759,63297,41430,57176,10016,20053,11377,12102,30431,35310,32902,37492,37091,45843,55392,61744,34684,44387,36592,50508,9150,18143,623958,403338,100743,54470,152664,76505,18795,75,61
2021-06-22T23:59:59+02:00,516,522,27842,29474,68937,70352,66165,67984,72179,79282,79198,83349,50653,63169,41382,57092,10007,20028,11033,11706,29510,34376,31939,36609,36136,44957,53430,59913,34301,43911,36455,50267,9121,18086,617662,394840,99289,52899,152529,75393,18576,75,60
2021-06-21T23:59:59+02:00,484,488,27181,28819,67625,69185,64984,66856,71421,78503,78802,82954,50546,63060,41323,57006,9994,19986,10748,11399,28886,33799,31392,36046,35538,44369,51588,58261,33596,43112,36160,49845,9092,18010,610881,387306,97795,51705,152408,74728,18059,74,60
2021-06-20T23:59:59+02:00,399,406,26543,28163,66408,68054,63968,65915,70618,77763,78447,82619,50468,62936,41275,56937,9989,19953,10461,11140,28346,33299,30938,35554,35032,43849,49755,56480,33054,42433,35964,49513,9062,17950,604514,379925,96330,50956,152310,74269,17633,74,59
2021-06-19T23:59:59+02:00,367,372,26165,27805,65682,67486,63450,65424,69823,77112,78293,82491,50448,62911,41259,56922,9988,19953,10332,10947,28101,32982,30684,35236,34811,43590,48316,55093,32799,42089,35882,49377,9054,17922,600599,374560,95390,50944,152308,74084,17580,74,59
2021-06-18T23:59:59+02:00,340,338,25709,27349,64671,66749,62716,64812,68905,76279,77901,82153,50387,62835,41232,56886,9984,19945,10119,10713,27702,32564,30360,34826,34427,43200,46595,53441,32448,41576,35745,49165,9035,17889,595201,367761,94151,50658,152300,73873,17466,73,59
2021-06-17T23:59:59+02:00,311,307,25078,26751,63419,65752,61725,64003,67315,74880,77380,81754,50287,62683,41169,56803,9971,19917,9709,10363,26912,31880,29621,34149,33593,42501,45092,51953,32004,40950,35582,48911,9003,17839,589152,360362,91505,49521,152142,73499,16634,72,58
2021-06-16T23:59:59+02:00,278,269,24560,26179,62123,64629,60617,63021,65042,72963,76535,81098,50076,62472,41078,56690,9952,19886,9395,10113,26263,31217,28915,33529,32868,41876,44503,51391,31735,40593,35436,48713,8982,17798,582941,356687,87002,48817,151694,72014,15761,70,58
2021-06-15T23:59:59+02:00,239,238,23925,25498,60728,63430,59535,62037,63886,71879,76033,80674,49952,62323,41028,56593,9945,19856,9137,9846,25662,30484,28277,32774,32196,41154,42948,49771,31290,40041,35265,48480,8952,17734,575859,350003,85374,47925,151224,70763,15272,70,58
2021-06-14T23:59:59+02:00,217,207,23461,24917,59630,62377,58660,61191,62816,70877,75558,80285,49865,62202,40978,56522,9929,19830,8851,9547,24911,29597,27515,31944,31407,40340,41666,48436,30923,39543,35129,48256,8922,17683,570031,343885,83658,46904,151019,69088,14744,70,58
2021-06-13T23:59:59+02:00,212,192,23045,24453,58702,61473,57886,60408,61710,69909,75087,79854,49777,62085,40929,56463,9918,19801,8577,9251,24205,28762,26800,31110,30646,39489,40128,46866,30461,38938,34928,47952,8892,17594,565025,336879,81794,46129,150789,67317,14226,70,57
2021-06-12T23:59:59+02:00,199,175,22821,24190,58153,60975,57529,60128,61067,69266,74888,79740,49753,62054,40917,56449,9915,19797,8463,9135,23727,28177,26284,30542,30135,38930,39054,45896,30294,38759,34832,47787,8888,17583,562136,332691,80838,46126,150782,65431,14190,70,57
2021-06-11T23:59:59+02:00,181,159,22470,23781,57420,60164,56850,59501,60162,68336,74535,79429,49679,61981,40892,56413,9912,19791,8332,8946,23220,27508,25758,29888,29554,38298,37984,44890,30027,38405,34690,47564,8875,17557,557146,327875,79550,45867,150764,63580,14126,70,56
2021-06-10T23:59:59+02:00,166,142,21943,23226,56295,59240,55922,58682,58906,67165,74003,79021,49609,61874,40868,56361,9899,19763,8072,8699,22356,26567,24799,28953,28440,37377,36598,43731,29676,37931,34412,47132,8808,17482,551620,321010,77348,45161,150516,61284,13532,69,54
2021-06-09T23:59:59+02:00,145,129,21326,22681,55048,58149,54862,57776,57959,66261,73535,78629,49522,61774,40818,56299,9885,19733,7786,8436,21443,25703,23865,28064,27415,36431,34886,41951,29293,37433,34226,46863,8767,17392,545913,313604,75902,44436,150161,59382,12486,69,54
2021-06-08T23:59:59+02:00,123,111,20658,22001,53749,57025,53745,56805,57004,65403,72992,78195,49435,61650,40762,56206,9865,19702,7523,8203,20531,24812,22807,27201,26384,35478,33537,40651,28938,36926,33907,46412,8714,17309,539287,307316,74983,43673,149716,56921,11376,69,53
2021-06-07T23:59:59+02:00,106,93,20017,21406,52317,55776,52483,55832,55846,64420,72442,77795,49351,61544,40716,56141,9852,19674,7277,7984,19690,23990,21782,26388,25352,34612,32604,39871,28655,36538,33663,45988,8663,17218,532058,302709,74088,42857,149302,54366,10294,69,53
2021-06-06T23:59:59+02:00,99,87,19511,20873,51171,54689,51383,54859,54886,63470,71933,77391,49267,61470,40679,56078,9845,19658,7069,7786,18903,23101,20883,25516,24282,33632,31693,39059,28373,36201,33407,45598,8614,17143,525751,298157,73068,42119,148965,51437,9498,67,53
2021-06-05T23:59:59+02:00,94,79,19245,20578,50398,53936,50729,54350,54411,62975,71796,77271,49251,61453,40676,56074,9842,19658,6845,7381,18268,22037,20164,24408,23410,32401,30673,37749,28046,35741,33283,45425,8607,17123,521452,291875,73063,42081,148806,48128,9428,67,53
2021-06-04T23:59:59+02:00,84,72,18802,20001,49353,52937,49921,53481,53763,62194,71453,76943,49222,61418,40656,56059,9840,19651,6628,7072,17652,21188,19492,23425,22489,31137,29468,36422,27759,35379,33171,45253,8595,17104,515005,285500,72743,42013,148786,45422,9249,67,53
2021-06-03T23:59:59+02:00,73,61,18131,19331,47834,51642,48715,52363,52802,61184,70957,76483,49158,61317,40618,56014,9827,19627,6341,6682,16919,20148,18704,22280,21493,29726,28310,34945,27217,34603,32967,44929,8559,17029,507301,278792,71729,41269,148510,42211,8531,66,52
2021-06-02T23:59:59+02:00,68,57,17765,18831,46826,50668,47858,51624,52066,60438,70711,76270,49120,61281,40599,55986,9819,19613,6161,6446,16276,19470,17803,21533,20673,28790,27223,33548,26752,33999,32808,44679,8530,16959,501076,272566,71716,41254,148485,39526,8258,65,49
2021-06-01T23:59:59+02:00,57,51,17097,18112,44971,48932,46214,50167,50547,58993,70030,75671,49030,61169,40539,55913,9806,19565,5887,6137,15121,18575,16301,20576,19472,27557,26007,32161,26203,33310,32561,44332,8484,16855,491959,266128,70376,40690,147932,36140,6534,63,49
2021-05-31T23:59:59+02:00,55,47,16624,17632,43663,47794,45008,49066,49310,57883,69352,75158,48953,61067,40495,55844,9794,19530,5610,5818,14086,17750,14905,19663,18306,26456,24790,30825,25688,32596,32367,44036,8450,16757,485716,259869,69213,40146,147474,33232,4810,62,48
2021-05-30T23:59:59+02:00,48,46,16301,17241,42687,46861,44104,48160,48317,56887,68791,74609,48845,60912,40424,55731,9779,19487,5423,5577,13540,17053,14284,18972,17422,25492,23696,29656,24919,31649,32074,43621,8406,16669,479734,253925,68179,39347,147062,30943,4193,62,47
2021-05-29T23:59:59+02:00,48,46,16172,17125,42330,46546,43764,47896,48076,56698,68732,74550,48839,60905,40418,55728,9779,19487,5260,5337,13033,16243,13640,18123,16580,24328,22587,28359,24763,31419,32011,43528,8403,16662,477775,248348,68061,39347,147052,28348,4189,62,46
2021-05-28T23:59:59+02:00,47,44,15873,16820,41635,45918,43255,47337,47571,56156,68455,74253,48773,60823,40390,55679,9776,19482,5021,4953,12497,15329,12966,17263,15718,23103,21498,26927,24518,31055,31918,43394,8393,16645,473490,242354,67562,39242,147020,25407,4153,62,44
2021-05-27T23:59:59+02:00,44,40,15357,16301,40493,44940,42240,46456,46588,55272,67872,73821,48651,60663,40336,55607,9765,19441,4799,4617,11858,14505,12182,16328,14654,21914,20242,25421,24016,30316,31746,43133,8360,16563,467679,235035,66052,38437,146305,23353,3789,62,42
2021-05-26T23:59:59+02:00,42,39,14950,15876,39398,44024,41208,45575,45563,54396,67265,73311,48500,60484,40256,55439,9744,19393,4608,4422,11302,13745,11461,15479,13655,20782,18849,23837,23434,29537,31530,42793,8308,16462,462567,227784,64027,37580,145315,21308,3492,62,42
2021-05-25T23:59:59+02:00,42,38,14560,15475,38395,43137,40242,44721,44611,53478,66655,72781,48321,60252,40177,55307,9718,19339,4402,4220,10762,13101,10702,14698,12593,19553,17420,22333,22852,28759,31297,42476,8254,16375,457271,220458,62447,36641,144209,19400,3260,62,40
2021-05-24T23:59:59+02:00,41,38,14217,15152,37569,42403,39371,44050,43749,52696,66123,72298,48196,60075,40113,55185,9698,19295,4259,4095,10316,12642,10064,14114,11717,18723,16140,21079,22185,27929,31081,42152,8196,16289,452656,213601,61219,35702,143481,18790,2851,62,39
2021-05-23T23:59:59+02:00,37,38,14049,14979,37101,42030,38921,43647,43300,52292,65853,72072,48122,59985,40075,55140,9691,19271,4070,3956,9856,12169,9447,13509,10779,17912,14950,20019,21720,27364,30829,41866,8149,16208,449478,206645,60845,35623,143452,17732,2766,62,39
2021-05-22T23:59:59+02:00,35,36,13852,14763,36417,41465,38244,43194,42728,51885,64835,71066,47918,59729,40005,55027,9681,19249,3961,3661,9640,11757,9294,13182,10538,17468,14682,19619,21627,27247,30795,41826,8142,16199,443054,205430,60842,35621,143436,15815,2735,62,39
2021-05-21T23:59:59+02:00,34,35,13474,14362,35345,40551,37182,42266,41665,50988,63481,69783,47688,59392,39924,54880,9664,19216,3855,3565,9433,11493,9084,12918,10210,17141,14274,19251,21407,26961,30735,41736,8133,16191,433459,203494,60490,35315,143201,14824,2719,61,37
2021-05-20T23:59:59+02:00,31,35,12680,13638,33909,39100,35763,40857,40265,49791,62200,68633,47399,59050,39781,54700,9643,19165,3707,3384,8908,10892,8439,12212,9512,16296,13520,18294,20595,25849,30542,41440,8095,16106,423276,199153,58789,34471,142174,11790,2342,59,37
2021-05-19T23:59:59+02:00,31,34,12144,13074,32729,37676,34663,39477,39142,48834,60202,66867,46923,58493,39598,54439,9602,19059,3604,3254,8636,10520,8144,11838,9070,15789,12884,17634,19731,24720,30316,41137,8039,15991,412447,194920,57271,33658,141069,10555,2141,59,35
2021-05-18T23:59:59+02:00,28,34,11723,12631,31685,36657,33572,38564,38105,47899,58146,65010,46568,58044,39445,54200,9570,19000,3406,3090,8144,9916,7674,11293,8530,15124,12204,16865,18792,23493,30080,40794,8003,15886,403801,190841,55313,32819,139874,7766,1835,58,35
2021-05-17T23:59:59+02:00,26,33,11472,12355,31168,36102,33080,38004,37515,47265,56244,63304,45867,57222,39168,53803,9533,18926,3324,2981,7882,9633,7381,10994,8130,14712,11637,16262,17876,22361,29848,40475,7968,15812,396221,186473,54193,32072,139068,7151,1548,57,34
2021-05-16T23:59:59+02:00,26,33,11252,12101,30648,35599,32618,37512,36992,46694,54351,61480,45323,56524,38974,53484,9506,18871,3223,2882,7594,9344,7061,10650,7654,14251,11059,15678,16947,21214,29639,40186,7930,15744,389269,182201,53227,31227,138405,6567,1031,56,32
2021-05-15T23:59:59+02:00,26,33,11098,11898,30371,35266,32381,37192,36763,46431,52782,60003,45073,56218,38897,53346,9500,18843,3203,2864,7570,9316,7046,10629,7636,14238,11042,15657,16838,21001,29430,39879,7922,15734,383468,181219,53224,31226,138359,6517,1014,56,31
2021-05-14T23:59:59+02:00,26,33,10852,11617,29904,34760,32002,36731,36254,45959,50912,58176,44711,55717,38757,53138,9484,18803,3176,2846,7500,9246,6992,10558,7577,14180,10860,15459,16108,19936,29144,39393,7905,15694,375689,178316,52897,30887,138230,6378,964,56,31
2021-05-13T23:59:59+02:00,23,32,10570,11292,29257,34123,31403,36127,35583,45294,49443,56659,44281,55090,38587,52896,9457,18757,3108,2800,7373,9145,6905,10464,7474,14072,10535,15113,15052,18703,28758,38750,7862,15620,368605,174524,51880,30325,137480,6003,854,55,30
2021-05-12T23:59:59+02:00,23,30,10441,11150,28976,33806,31137,35834,35273,44981,49157,56351,44182,54984,38534,52816,9450,18719,3096,2774,7339,9109,6875,10429,7447,14033,10370,14957,14680,18274,28455,38272,7840,15573,365937,172488,51799,30315,137321,5959,732,55,30
2021-05-11T23:59:59+02:00,22,27,10095,10827,28124,32981,30306,35081,34413,44201,47423,54584,43729,54392,38358,52525,9412,18617,3009,2678,7096,8829,6652,10130,7232,13664,9890,14411,13703,17125,28042,37659,7803,15479,359029,168829,50094,29425,135433,4613,506,55,30
2021-05-10T23:59:59+02:00,21,27,9789,10551,27378,32281,29531,34384,33644,43437,46119,53320,43347,53881,38168,52220,9362,18504,2967,2633,6969,8706,6557,10013,7093,13483,9628,14104,13009,16267,27616,37050,7777,15399,352782,166024,48978,29046,133755,3777,397,52,28
2021-05-09T23:59:59+02:00,20,27,9558,10306,26701,31600,28865,33686,32923,42741,44600,51852,42846,53261,37968,51916,9325,18419,2919,2587,6846,8563,6451,9872,6981,13271,9313,13793,12212,15369,27253,36517,7757,15343,345717,163181,47902,28492,132634,3037,310,51,28
2021-05-08T23:59:59+02:00,20,27,9465,10238,26316,31299,28419,33372,32470,42437,43568,51024,42694,53098,37925,51854,9323,18413,2916,2583,6838,8558,6445,9864,6973,13260,9304,13781,12174,15307,26578,35570,7720,15267,341199,161318,47860,28465,132548,3024,304,51,28
2021-05-07T23:59:59+02:00,19,27,9324,10090,25845,30921,27974,32998,31965,42091,42532,50200,42423,52758,37812,51694,9311,18386,2869,2557,6785,8517,6389,9809,6922,13208,9131,13562,11544,14495,25640,34193,7673,15185,336090,157238,47553,28096,132390,2832,286,51,28
2021-05-06T23:59:59+02:00,17,26,8926,9801,24929,30153,26917,32199,30741,41275,40917,48991,42044,52214,37618,51452,9273,18313,2806,2511,6655,8371,6274,9681,6774,13022,8861,13265,10896,13635,24681,32814,7640,15124,328255,153469,46479,27143,130746,2096,275,51,28
2021-05-05T23:59:59+02:00,17,25,8560,9601,24049,29555,26054,31535,29654,40485,38942,47179,41601,51661,37410,51170,9216,18201,2766,2481,6538,8243,6173,9567,6672,12881,8616,13008,10191,12810,23671,31494,7611,15053,320409,149602,45628,26258,128636,1697,191,51,28
2021-05-04T23:59:59+02:00,17,24,8317,9374,23253,28910,25082,30796,28584,39650,37432,45716,41133,51076,37132,50823,9170,18080,2728,2460,6466,8171,6091,9502,6598,12803,8380,12788,9463,11957,22727,30253,7577,14990,313764,145897,44664,25452,126004,1493,86,51,27
2021-05-03T23:59:59+02:00,17,23,8114,9161,22554,28331,24244,30191,27677,38957,36475,44965,40786,50603,36918,50533,9120,17976,2683,2429,6397,8094,6013,9437,6510,12719,8152,12576,8721,11059,21813,29039,7546,14940,308903,142169,43887,24635,123759,1252,46,50,27
2021-05-02T23:59:59+02:00,17,23,7951,8997,21917,27755,23506,29600,26860,38335,35661,44334,40526,50272,36805,50347,9086,17919,2645,2406,6355,8052,5978,9402,6472,12679,7970,12403,8122,10325,21105,28172,7525,14922,304077,138991,43118,24360,122628,1117,39,49,27
2021-05-01T23:59:59+02:00,16,23,7799,8815,21544,27299,23024,29025,26217,37627,34837,43439,40263,49898,36708,50194,9080,17902,2639,2400,6329,8042,5963,9393,6454,12665,7953,12388,8086,10262,21066,28115,7521,14918,297983,138701,43117,24353,122522,1075,39,49,27
2021-04-30T23:59:59+02:00,16,21,7652,8637,21157,26870,22579,28460,25470,36851,33831,42476,40034,49579,36611,50041,9068,17881,2621,2387,6305,8024,5941,9376,6427,12645,7921,12354,8046,10192,21016,28032,7518,14909,291701,138390,43110,24280,122341,985,33,49,27
2021-04-29T23:59:59+02:00,15,21,7383,8398,20566,26299,21909,27778,24538,35888,32557,41140,38990,48175,36293,49568,9011,17753,2589,2354,6213,7914,5857,9274,6333,12503,7720,12081,7424,9470,20609,27517,7496,14835,282970,136334,42326,23054,120909,744,33,44,25
2021-04-28T23:59:59+02:00,14,19,7108,8181,20046,25828,21272,27180,23653,35041,31163,39690,37830,46589,35950,49073,8948,17611,2520,2307,6105,7793,5748,9144,6232,12354,7501,11811,6737,8626,20193,26942,7455,14764,274295,133896,41555,21759,119273,520,33,40,25
2021-04-27T23:59:59+02:00,13,19,6926,8003,19614,25404,20657,26643,22800,34268,29955,38371,36742,45147,35569,48503,8878,17484,2496,2282,6002,7696,5695,9048,6166,12231,7287,11613,6136,7891,19788,26445,7435,14741,266499,131804,40692,20818,117732,273,33,40,25
2021-04-26T23:59:59+02:00,12,19,6744,7839,19196,24981,20115,26120,21999,33514,28742,37140,35684,43726,35263,48020,8829,17360,2485,2272,5959,7654,5650,9009,6130,12188,7101,11448,5522,7162,19418,25997,7411,14714,258832,129847,39867,19977,116535,242,30,39,25
2021-04-25T23:59:59+02:00,12,18,6640,7706,18858,24712,19736,25782,21388,32900,27760,36185,34555,42299,34948,47592,8788,17279,2473,2265,5941,7631,5631,8992,6110,12163,7064,11421,5395,6981,19083,25533,7395,14670,251662,129226,39153,19236,116274,232,30,39,25
2021-04-24T23:59:59+02:00,12,18,6475,7530,18417,24281,19178,25245,20605,32099,26682,35139,34305,41986,34854,47427,8778,17267,2469,2259,5928,7622,5623,8981,6105,12159,7054,11414,5322,6870,18985,25392,7392,14662,245710,128773,39149,19197,115370,214,30,39,24
2021-04-23T23:59:59+02:00,12,18,6253,7332,17969,23809,18610,24636,19781,31286,25528,33947,33531,40814,34710,47190,8764,17244,2463,2241,5901,7598,5586,8942,6060,12115,7008,11362,5156,6594,18447,24767,7292,14493,238158,126931,38821,18851,114387,192,30,38,22
2021-04-22T23:59:59+02:00,11,17,6038,7124,17364,23222,17817,23854,18731,30264,24208,32517,32492,39462,34465,46834,8726,17166,2449,2226,5857,7548,5538,8858,5986,12037,6932,11292,4872,6179,17735,23894,7173,14299,229126,124779,37904,17888,113217,158,30,35,21
2021-04-21T23:59:59+02:00,11,16,5839,6944,16833,22751,17155,23251,17752,29367,22654,30926,31488,38232,34168,46398,8678,17078,2426,2209,5815,7493,5481,8783,5920,11937,6837,11212,4713,5905,17037,23047,7057,14118,220260,122694,37133,17120,112085,126,30,33,21
2021-04-20T23:59:59+02:00,10,15,5656,6751,16278,22279,16416,22595,16760,28368,21189,29460,30342,36747,33855,45968,8630,16990,2414,2195,5766,7456,5441,8738,5872,11871,6758,11149,4594,5752,16436,22273,6932,13939,211304,121017,36251,16404,110692,118,29,33,19
2021-04-19T23:59:59+02:00,10,15,5471,6595,15746,21850,15741,22038,15770,27492,19801,28062,28971,35114,33539,45495,8574,16876,2403,2182,5741,7423,5404,8705,5833,11826,6677,11073,4468,5591,15788,21564,6824,13778,202640,119377,35473,15741,108987,115,29,31,19
2021-04-18T23:59:59+02:00,9,15,5284,6454,15313,21526,15125,21477,14801,26705,18464,26924,27585,33467,33208,45077,8518,16790,2352,2136,5610,7303,5290,8592,5726,11677,6572,10954,4352,5404,15195,20898,6711,13599,194120,117742,34644,14472,107918,111,29,31,18
2021-04-17T23:59:59+02:00,9,14,5249,6419,15159,21451,14949,21392,14566,26526,18210,26703,27078,32927,33082,44929,8509,16775,2325,2096,5510,7150,5183,8433,5626,11489,6482,10821,4300,5342,14955,20604,6701,13586,192903,115987,34639,14468,106345,102,29,31,18
2021-04-16T23:59:59+02:00,9,14,5186,6365,14982,21299,14738,21231,14284,26276,17797,26292,26035,31696,32949,44716,8488,16752,2279,2046,5394,6966,5047,8252,5474,11249,6286,10600,4095,5109,14310,19819,6603,13441,189554,112759,34350,14072,105145,93,29,31,18
2021-04-15T23:59:59+02:00,7,13,5117,6288,14769,21086,14470,20943,13855,25926,17162,25664,24674,30089,32692,44393,8453,16674,2209,1962,5198,6731,4845,7931,5267,10932,6070,10316,3897,4859,13482,18737,6488,13274,185008,108941,33541,13129,103666,82,29,31,18
2021-04-14T23:59:59+02:00,7,13,5036,6218,14565,20886,14216,20719,13465,25592,16497,25047,23098,28305,32379,43990,8402,16580,2021,1842,4980,6470,4656,7682,5040,10683,5836,10031,3762,4652,12756,17820,6361,13060,180411,105855,32667,11675,101877,76,29,31,18
2021-04-13T23:59:59+02:00,7,13,4985,6171,14366,20751,13983,20538,13122,25297,15928,24544,21396,26461,32062,43568,8370,16473,1936,1790,4814,6283,4471,7463,4840,10428,5632,9799,3626,4488,12241,17205,6238,12899,176194,103480,31792,10561,99990,66,29,30,18
2021-04-12T23:59:59+02:00,7,12,4921,6106,14150,20554,13679,20275,12737,24885,15351,23991,19803,24520,31772,43208,8330,16399,1806,1699,4634,6124,4325,7287,4678,10236,5495,9641,3509,4333,11811,16696,6127,12736,171843,101801,30739,9226,98059,65,29,30,17
2021-04-11T23:59:59+02:00,7,12,4852,6030,13926,20356,13384,20064,12325,24534,14791,23482,18298,22749,31509,42869,8287,16320,1769,1663,4514,6011,4214,7164,4556,10105,5361,9512,3395,4214,11322,16087,5996,12530,167563,100058,29780,8249,96394,63,28,30,16
2021-04-10T23:59:59+02:00,7,12,4847,6022,13907,20342,13375,20054,12308,24518,14768,23463,17610,21827,31217,42451,8269,16293,1765,1651,4502,6000,4199,7150,4543,10091,5308,9447,3293,4101,10766,15253,5866,12332,166495,97918,29753,8249,94986,59,26,30,16
2021-04-09T23:59:59+02:00,7,12,4834,6005,13871,20293,13331,20007,12261,24464,14508,23211,16093,19942,30811,41805,8235,16250,1741,1641,4480,5985,4173,7123,4502,10057,5271,9398,3208,3982,9901,14265,5718,12134,163881,95482,29412,8001,92594,58,24,29,15
2021-04-08T23:59:59+02:00,7,12,4791,5977,13770,20219,13251,19927,12162,24360,14173,22852,14326,17734,30194,40796,8177,16129,1720,1628,4448,5932,4121,7039,4438,9977,5199,9321,3100,3879,9423,13665,5513,11889,160058,93639,28384,7566,90372,57,16,27,15
2021-04-07T23:59:59+02:00,7,12,4761,5949,13667,20137,13158,19842,12061,24259,13797,22496,12821,15890,29551,39828,8122,16031,1701,1616,4396,5865,4036,6965,4349,9893,5109,9222,3014,3784,8681,12572,5278,11486,155665,91098,27509,6793,89173,47,15,27,15
2021-04-06T23:59:59+02:00,7,12,4732,5923,13570,20070,13077,19782,11985,24194,13422,22145,11188,13886,28890,38858,8090,15960,1641,1562,4268,5739,3928,6841,4230,9745,5006,9093,2899,3663,7976,11643,5006,11121,151656,88717,26628,5572,87466,45,14,27,14
2021-04-05T23:59:59+02:00,7,11,4695,5895,13493,20004,13010,19714,11930,24114,13150,21891,9579,11944,28164,37809,8055,15898,1570,1493,4113,5589,3760,6685,4077,9596,4851,8965,2767,3546,7171,10682,4735,10732,148465,86352,25614,3912,85244,42,13,27,14
2021-04-04T23:59:59+02:00,7,11,4681,5877,13482,19984,13002,19697,11922,24094,13053,21821,8556,10684,27717,37167,8030,15841,1569,1491,4105,5583,3758,6680,4072,9591,4849,8957,2762,3537,6935,10218,4651,10607,146738,85396,25610,3912,83241,36,10,27,12
2021-04-03T23:59:59+02:00,7,11,4678,5867,13465,19965,12992,19687,11912,24084,13039,21803,7652,9616,26837,35926,7981,15730,1565,1487,4103,5578,3756,6677,4064,9579,4835,8944,2755,3526,6797,9957,4612,10527,144268,84794,25602,3912,81347,36,9,26,12
2021-04-02T23:59:59+02:00,7,11,4673,5849,13428,19940,12953,19644,11869,24036,12964,21735,7139,8869,25253,33826,7835,15462,1556,1471,4077,5555,3730,6636,4028,9518,4714,8658,2627,3371,6422,9564,4464,10329,139818,82979,25264,3686,80378,36,8,25,12
2021-04-01T23:59:59+02:00,6,10,4622,5790,13334,19795,12838,19493,11720,23880,12367,21289,6576,8164,23747,31855,7707,15225,1493,1425,3968,5432,3663,6565,3960,9452,4636,8555,2533,3230,5912,8881,4296,10055,135625,80724,24126,3284,78637,31,7,23,11
2021-03-31T23:59:59+02:00,6,10,4571,5735,13210,19642,12707,19339,11532,23701,12104,21029,6257,7793,22271,29902,7557,14997,1480,1414,3946,5409,3631,6537,3920,9405,4599,8502,2470,3155,5430,8238,4122,9817,131699,78962,23039,3068,77597,31,5,23,10
2021-03-30T23:59:59+02:00,6,10,4510,5671,13072,19493,12595,19164,11401,23536,11934,20891,6066,7578,20885,28175,7413,14794,1463,1378,3905,5376,3567,6467,3832,9291,4468,8331,2336,2951,5010,7684,3979,9561,128350,76743,22115,2826,76706,19,2,21,10
2021-03-29T23:59:59+02:00,6,10,4470,5632,12953,19398,12528,19081,11319,23434,11785,20755,5909,7380,19470,26497,7285,14593,1404,1337,3850,5333,3493,6397,3714,9147,4318,8142,2214,2810,4447,7018,3825,9286,124774,74092,21251,2615,76457,18,2,21,9
2021-03-28T23:59:59+02:00,6,10,4423,5568,12832,19261,12443,18987,11218,23338,11679,20654,5757,7175,18293,24992,7166,14398,1371,1293,3752,5227,3300,6172,3627,9030,4268,8086,2161,2747,3688,5998,3640,9019,121780,71043,20463,2317,75935,10,2,20,8
2021-03-27T23:59:59+01:00,6,10,4391,5517,12725,19097,12329,18822,11104,23134,11572,20505,5692,7093,18009,24646,7155,14383,1365,1290,3747,5223,3297,6165,3341,8682,4070,7788,2155,2744,3674,5965,3606,8959,119946,69740,20424,2317,75798,5,2,20,8
2021-03-26T23:59:59+01:00,6,9,4355,5464,12615,18909,12196,18622,10951,22906,11411,20296,5529,6879,17406,23857,7056,14234,1364,1289,3742,5216,3274,6147,3322,8662,3858,7342,1978,2340,3410,5681,3456,8727,116865,67486,20086,2310,75729,4,1,20,8
2021-03-25T23:59:59+01:00,6,9,4288,5376,12417,18671,11991,18293,10737,22578,11170,19969,5317,6595,16378,22551,6927,14045,1355,1279,3721,5190,3242,6119,3271,8625,3812,7299,1906,2227,2976,4999,3299,8423,112887,65524,19014,2209,75396,2,1,20,8
2021-03-24T23:59:59+01:00,6,9,4209,5265,12206,18220,11773,17881,10519,22188,10937,19597,5049,6250,15339,21334,6788,13821,1332,1266,3697,5145,3206,6057,3216,8555,3758,7226,1853,2168,2669,4665,3147,8148,109783,64132,17923,1966,73664,2,1,20,8
2021-03-23T23:59:59+01:00,6,9,4153,5202,12039,17877,11574,17531,10327,21825,10718,19310,4916,6055,14700,20520,6648,13648,1317,1260,3682,5127,3185,6040,3193,8506,3722,7183,1818,2110,2440,4395,2939,7827,107441,62809,17197,1925,72399,2,1,20,8
2021-03-22T23:59:59+01:00,6,9,4106,5124,11845,17545,11386,17204,10102,21499,10503,19008,4766,5849,14082,19807,6515,13462,1304,1251,3655,5094,3154,6004,3164,8450,3686,7138,1774,2054,2241,4145,2744,7495,105593,61558,16480,1785,70725,2,1,19,8
2021-03-21T23:59:59+01:00,6,9,4032,5001,11563,17134,11105,16797,9833,21045,10248,18658,4652,5678,13388,19017,6374,13254,1296,1250,3638,5079,3133,5971,3141,8420,3667,7116,1756,2027,2076,3984,2572,7227,103720,60563,15181,1780,68873,2,1,19,8
2021-03-20T23:59:59+01:00,5,9,4002,4932,11420,16799,10980,16480,9690,20742,10072,18376,4527,5518,12759,18067,6238,13039,1295,1249,3638,5077,3130,5970,3138,8415,3662,7112,1752,2022,2045,3923,2549,7186,101529,60373,15177,1780,66929,2,1,19,8
2021-03-19T23:59:59+01:00,5,8,3958,4852,11253,16439,10799,16125,9516,20362,9860,18017,4368,5323,11737,16857,6077,12828,1286,1242,3620,5051,3101,5894,3094,8323,3560,6938,1627,1912,1971,3861,2437,6978,98835,59109,14770,1776,64760,2,1,18,8
2021-03-18T23:59:59+01:00,5,8,3872,4749,11007,16013,10531,15682,9239,19894,9637,17676,4224,5157,11114,15991,5849,12561,1282,1231,3603,5016,3081,5850,3072,8267,3532,6892,1608,1880,1932,3791,2314,6767,97037,58422,13763,1686,62390,2,1,18,8
2021-03-17T23:59:59+01:00,5,8,3701,4634,10712,15594,10266,15323,8997,19532,9386,17328,4106,4990,10300,14748,5587,12138,1281,1229,3589,4998,3075,5830,3062,8234,3514,6869,1607,1856,1908,3762,2204,6580,94392,57916,12221,1672,60723,2,1,18,8
2021-03-16T23:59:59+01:00,5,8,3560,4509,10373,15132,9992,14953,8722,19089,9090,16965,3963,4825,9484,13626,5306,11779,1267,1226,3585,4991,3064,5826,3056,8223,3507,6855,1583,1833,1869,3711,2084,6402,92062,57480,11032,1592,58269,2,1,17,8
2021-03-15T23:59:59+01:00,5,8,3412,4393,10059,14664,9702,14494,8426,18615,8802,16552,3817,4655,8777,12564,5082,11458,1257,1218,3565,4979,3052,5802,3036,8184,3487,6812,1568,1820,1852,3678,1969,6217,90102,56896,9669,1591,55698,2,0,16,8
2021-03-14T23:59:59+01:00,5,8,3342,4304,9793,14230,9447,14092,8108,18123,8522,16157,3654,4469,7976,11330,4774,11003,1243,1212,3544,4961,3031,5761,3014,8104,3459,6744,1542,1771,1791,3551,1804,5829,87793,56371,8651,981,52880,2,0,13,8
2021-03-13T23:59:59+01:00,5,8,3267,4057,9487,13567,9205,13519,7884,17554,8320,15729,3547,4368,7785,11038,4726,10915,1243,1212,3544,4961,3031,5761,3013,8104,3458,6742,1538,1770,1789,3547,1803,5828,87141,56354,8651,981,49176,2,0,13,8
2021-03-12T23:59:59+01:00,5,8,3206,3921,9242,13028,8968,12988,7651,16918,7964,14979,3384,4198,7402,10631,4589,10729,1240,1209,3540,4947,3028,5758,3006,8096,3454,6736,1511,1741,1768,3529,1704,5652,85374,55930,8405,980,46019,2,0,13,8
2021-03-11T23:59:59+01:00,5,8,3058,3653,8866,12269,8664,12312,7318,16135,7622,14336,3227,3996,6847,9912,4401,10417,1221,1199,3506,4903,2986,5681,2971,7972,3403,6638,1467,1688,1689,3329,1506,5140,82933,55186,7960,105,42141,1,0,12,8
2021-03-10T23:59:59+01:00,5,7,2993,3546,8367,11758,7988,11828,6997,15644,7324,13745,3067,3839,6287,9219,4230,10143,1210,1185,3476,4845,2955,5606,2935,7832,3349,6516,1429,1648,1631,3233,1390,4861,81117,54012,7409,82,38450,0,0,11,8
2021-03-09T23:59:59+01:00,5,6,2888,3370,7683,11307,7091,11342,6578,15032,6961,13138,2838,3539,5779,8589,4074,9867,1205,1181,3454,4799,2928,5541,2918,7781,3331,6470,1415,1624,1596,3191,1285,4663,78824,53329,6054,48,35198,0,0,11,6
2021-03-08T23:59:59+01:00,5,6,2715,3135,7041,10763,6277,10863,6176,14503,6567,12571,2629,3328,5176,7850,3928,9600,1198,1175,3433,4733,2903,5465,2879,7687,3299,6394,1408,1615,1593,3183,1280,4660,76001,52854,4915,46,32207,0,0,10,6
2021-03-07T23:59:59+01:00,5,6,2603,3003,6710,10263,5866,10322,5881,14053,6327,12185,2532,3237,4411,6788,3711,9318,1195,1172,3430,4728,2898,5453,2875,7670,3291,6381,1403,1602,1572,3143,1265,4619,72751,52648,4084,44,30377,0,0,9,6
2021-03-06T23:59:59+01:00,5,5,2558,2861,6526,9809,5667,9905,5405,13197,5953,11446,2511,3210,4405,6777,3710,9317,1195,1171,3427,4723,2896,5452,2874,7669,3290,6378,1401,1599,1572,3141,1264,4619,71525,52622,4084,44,27649,0,0,9,6
2021-03-05T23:59:59+01:00,5,5,2466,2606,6314,9224,5453,9508,5228,12630,5569,10468,2285,2747,4026,6395,3571,9103,1183,1168,3409,4707,2892,5439,2866,7651,3279,6359,1387,1592,1571,3137,1259,4615,69199,52466,3851,44,24544,0,0,9,5
2021-03-04T23:59:59+01:00,5,5,2390,2401,6099,8789,5290,9167,5047,12209,5394,10090,2193,2577,3474,5572,3406,8765,1171,1154,3366,4609,2859,5373,2834,7553,3246,6285,1367,1585,1557,3123,1251,4604,67154,51891,3412,44,22298,0,0,9,3
2021-03-03T23:59:59+01:00,4,5,2333,2350,5929,8375,5119,8807,4835,11757,5204,9645,2111,2469,3071,5134,3247,8471,1151,1146,3332,4561,2822,5308,2794,7454,3200,6211,1347,1560,1538,3092,1245,4587,65729,51305,3169,42,19959,0,0,9,2
2021-03-02T23:59:59+01:00,4,5,2279,2262,5767,8041,4962,8552,4673,11356,5044,9327,2045,2378,2766,4777,3030,8150,1146,1137,3314,4540,2807,5282,2777,7406,3192,6183,1342,1549,1520,3075,1242,4581,64381,51050,2909,42,18119,0,0,9,2
2021-03-01T23:59:59+01:00,4,5,2253,2235,5663,7825,4863,8407,4589,11204,4945,9153,1990,2301,2470,4455,2842,7834,1140,1134,3300,4522,2795,5253,2761,7360,3177,6155,1336,1546,1513,3066,1239,4577,63119,50831,2688,42,17222,0,0,9,2
2021-02-28T23:59:59+01:00,3,5,2201,2192,5485,7567,4687,8187,4454,11019,4838,9027,1953,2239,2175,4152,2639,7525,1131,1128,3285,4512,2788,5246,2755,7346,3170,6141,1331,1543,1506,3051,1238,4545,62013,50673,2385,42,15941,0,0,9,2
2021-02-27T23:59:59+01:00,3,5,2114,1883,5308,7142,4589,7875,4371,10670,4766,8777,1925,2178,2147,4107,2619,7471,1127,1125,3283,4511,2783,5244,2751,7343,3166,6138,1329,1543,1506,3050,1237,4545,61781,50641,2385,39,13775,0,0,9,2
2021-02-26T23:59:59+01:00,3,5,2057,1805,5162,6905,4443,7615,4220,10405,4557,8495,1796,2071,2086,4070,2512,7291,1106,1112,3266,4477,2771,5205,2738,7290,3144,6084,1323,1532,1502,3042,1236,4543,60457,50332,2379,38,12653,0,0,9,2
2021-02-25T23:59:59+01:00,3,5,1940,1706,4836,6503,4015,7155,3934,9891,4322,8114,1738,2013,2053,4008,2402,7097,1090,1097,3229,4434,2741,5153,2693,7183,3104,5991,1313,1516,1488,3003,1223,4484,59980,49705,2272,36,9474,0,0,9,2
2021-02-24T23:59:59+01:00,3,5,1911,1648,4719,6289,3910,6941,3812,9650,4198,7954,1716,1981,2021,3966,2290,6899,1077,1092,3202,4372,2705,5087,2668,7099,3075,5920,1297,1499,1463,2955,1211,4415,59437,49111,2026,25,8441,0,0,9,2
2021-02-23T23:59:59+01:00,3,5,1686,1501,4347,5801,3629,6547,3591,9271,4043,7669,1687,1950,1977,3919,2177,6716,1058,1081,3164,4344,2677,5030,2644,7023,3040,5861,1277,1479,1437,2920,1201,4365,58982,48589,1979,11,5549,0,0,9,2
2021-02-22T23:59:59+01:00,3,5,1677,1482,4297,5742,3593,6484,3527,9178,3982,7574,1655,1923,1951,3868,2060,6519,1054,1068,3143,4299,2657,4991,2619,6964,3011,5809,1265,1465,1428,2910,1193,4356,58441,48225,1837,6,5233,0,0,9,2
2021-02-21T23:59:59+01:00,3,5,1665,1478,4267,5709,3550,6446,3486,9123,3938,7524,1647,1916,1946,3859,1940,6357,1049,1057,3122,4261,2628,4941,2604,6896,2982,5722,1251,1449,1408,2850,1169,4279,58098,47661,1831,6,4921,0,0,9,2
2021-02-20T23:59:59+01:00,3,5,1664,1477,4262,5706,3548,6445,3486,9122,3937,7523,1642,1915,1944,3855,1939,6357,1049,1057,3120,4259,2628,4941,2603,6895,2982,5722,1251,1448,1407,2850,1169,4279,58084,47653,1831,6,4906,0,0,9,2
2021-02-19T23:59:59+01:00,3,5,1647,1470,4250,5686,3537,6431,3475,9112,3927,7508,1616,1886,1923,3836,1839,6178,1048,1056,3119,4258,2627,4940,2603,6893,2979,5720,1251,1447,1407,2849,1169,4279,57667,47638,1826,6,4829,0,0,7,2
2021-02-18T23:59:59+01:00,3,5,1603,1439,4154,5575,3466,6329,3387,8948,3842,7368,1594,1851,1889,3766,1709,5981,1002,1013,2980,4033,2502,4669,2492,6558,2873,5456,1220,1404,1376,2764,1143,4130,57022,45608,1736,6,4144,0,0,7,2
2021-02-17T23:59:59+01:00,3,4,1581,1410,4058,5425,3381,6178,3269,8712,3715,7167,1542,1783,1817,3665,1592,5676,945,963,2827,3811,2385,4357,2365,6148,2744,5144,1172,1344,1330,2657,1096,3968,55810,43248,1725,6,3436,0,0,7,2
2021-02-16T23:59:59+01:00,3,4,1507,1343,3897,5228,3244,5997,3161,8479,3593,7002,1519,1757,1782,3635,1479,5469,859,931,2696,3655,2286,4146,2239,5826,2613,4890,1116,1253,1185,2357,842,3356,55119,40245,1708,3,2267,0,0,5,2
2021-02-15T23:59:59+01:00,3,4,1492,1325,3852,5143,3186,5910,3104,8365,3526,6896,1508,1743,1767,3612,1471,5449,825,909,2615,3527,2210,3966,2156,5547,2525,4677,1073,1189,1099,2183,778,3141,54655,38418,1706,1,1990,0,0,5,1
2021-02-14T23:59:59+01:00,3,4,1426,1297,3767,5066,3143,5801,3048,8211,3482,6787,1488,1712,1714,3485,1416,5201,816,903,2566,3459,2171,3898,2103,5427,2459,4571,1047,1153,1015,2011,707,2907,54410,37211,1095,1,1541,0,0,5,1
2021-02-13T23:59:59+01:00,3,4,1424,1296,3759,5061,3136,5800,3045,8209,3479,6785,1487,1709,1714,3483,1414,5201,816,903,2566,3459,2171,3898,2102,5427,2458,4571,1045,1152,1015,2011,707,2907,54391,37208,1094,0,1519,0,0,5,0
2021-02-12T23:59:59+01:00,3,3,1391,1280,3721,5027,3114,5780,3023,8176,3460,6741,1471,1699,1704,3466,1405,5182,809,895,2533,3406,2137,3853,2072,5373,2440,4540,1044,1151,1014,2011,706,2905,54164,36889,1092,0,1385,0,0,5,0
2021-02-11T23:59:59+01:00,3,3,1344,1237,3608,4855,3023,5605,2925,7865,3360,6529,1411,1639,1637,3288,1321,4858,772,832,2279,2962,1911,3377,1842,4629,2169,4012,961,1082,928,1819,657,2636,53532,32868,128,0,848,0,0,3,0
2021-02-10T23:59:59+01:00,3,3,1323,1215,3549,4745,2957,5500,2883,7715,3307,6398,1394,1622,1610,3247,1308,4821,695,775,1987,2554,1701,2929,1603,4022,1912,3550,851,935,765,1448,529,2147,52883,28403,126,0,589,0,0,2,0
2021-02-09T23:59:59+01:00,3,2,1310,1197,3494,4676,2927,5431,2862,7619,3270,6330,1387,1609,1582,3226,1298,4808,647,697,1727,2199,1507,2540,1419,3523,1740,3186,820,901,743,1376,508,2034,52573,25567,121,0,335,0,0,2,0
2021-02-08T23:59:59+01:00,3,2,1296,1193,3465,4646,2907,5394,2841,7567,3251,6300,1377,1602,1573,3200,1296,4790,634,663,1576,1962,1366,2286,1285,3215,1580,2926,781,880,695,1270,476,1865,52274,23460,95,0,332,0,0,2,0
2021-02-07T23:59:59+01:00,3,2,1164,1150,3358,4590,2852,5352,2814,7528,3226,6263,1367,1586,1565,3178,1291,4758,487,517,1307,1606,1126,1835,1077,2624,1353,2405,675,754,613,1111,431,1650,51978,19571,67,0,0,0,0,2,0
2021-02-06T23:59:59+01:00,3,2,1160,1148,3356,4588,2848,5349,2807,7525,3222,6259,1365,1584,1564,3175,1290,4758,363,368,1107,1354,989,1531,933,2210,1187,1986,586,652,586,1094,428,1647,51934,17021,67,0,0,0,0,2,0
2021-02-05T23:59:59+01:00,3,1,1149,1138,3340,4567,2840,5322,2796,7480,3203,6213,1359,1576,1561,3168,1289,4758,261,206,923,1036,841,1159,758,1758,1009,1577,469,546,559,1074,425,1643,51694,14244,67,0,0,0,0,2,0
2021-02-04T23:59:59+01:00,3,1,1133,1121,3295,4519,2799,5247,2754,7348,3155,6128,1345,1561,1548,3136,1280,4731,133,81,618,662,550,737,516,1147,667,986,288,363,459,928,387,1492,51057,10014,45,0,0,0,0,2,0
2021-02-03T23:59:59+01:00,3,1,1111,1115,3268,4473,2770,5205,2732,7293,3124,6071,1335,1552,1525,3095,1274,4686,115,65,492,512,419,595,415,907,512,743,240,284,359,729,303,1163,50587,7853,44,0,0,0,0,2,0
2021-02-02T23:59:59+01:00,3,1,1090,1102,3229,4442,2740,5152,2706,7217,3090,6007,1312,1524,1491,3038,1248,4595,105,56,409,414,348,517,367,820,459,661,219,261,314,659,279,1044,49942,6932,43,0,0,0,0,2,0
2021-02-01T23:59:59+01:00,3,1,1074,1091,3208,4389,2709,5090,2675,7090,3060,5910,1292,1496,1467,3002,1232,4532,78,41,312,310,256,393,274,611,325,496,180,211,248,522,217,813,49276,5287,43,0,0,0,0,2,0
2021-01-31T23:59:59+01:00,3,1,1069,1081,3193,4360,2685,5046,2660,7035,3046,5866,1281,1479,1447,2938,1209,4454,68,40,287,286,231,346,253,570,295,457,161,193,208,426,176,657,48808,4654,43,0,0,0,0,2,0
2021-01-30T23:59:59+01:00,3,1,1069,1081,3190,4356,2684,5046,2659,7034,3046,5865,1281,1478,1446,2938,1209,4454,68,37,280,272,218,330,248,559,291,451,160,190,207,426,176,657,48798,4570,40,0,0,0,0,2,0
2021-01-29T23:59:59+01:00,3,1,1068,1080,3189,4353,2684,5044,2659,7032,3043,5863,1281,1478,1446,2937,1209,4454,64,33,262,258,195,310,232,542,280,443,155,188,203,420,175,655,48782,4415,40,0,0,0,0,2,0
2021-01-28T23:59:59+01:00,3,1,1048,1061,3122,4248,2630,4933,2602,6876,2976,5732,1267,1456,1433,2871,1187,4334,55,18,165,154,129,186,162,357,205,280,124,145,157,261,102,378,47741,2878,37,0,0,0,0,2,0
2021-01-27T23:59:59+01:00,3,1,1003,1023,3036,4104,2549,4754,2507,6594,2892,5531,1237,1414,1397,2782,1154,4194,26,7,100,71,58,91,83,209,115,147,94,113,113,193,77,270,46146,1767,27,0,0,0,0,2,0
2021-01-26T23:59:59+01:00,2,1,926,994,2920,3969,2470,4569,2425,6414,2821,5376,1211,1365,1306,2629,940,3795,26,7,95,70,57,90,81,209,113,146,92,112,113,193,77,270,44115,1751,16,0,0,0,0,2,0
2021-01-25T23:59:59+01:00,2,1,911,977,2841,3840,2424,4421,2364,6217,2762,5225,1193,1343,1292,2604,930,3762,26,7,94,70,55,90,81,209,113,144,92,112,113,193,77,270,43097,1746,11,0,0,0,0,1,0
2021-01-24T23:59:59+01:00,2,1,901,973,2821,3825,2414,4389,2338,6178,2729,5165,1181,1337,1283,2582,917,3728,26,7,94,70,55,90,81,209,113,144,91,112,113,193,77,270,42755,1745,8,0,0,0,0,1,0
2021-01-23T23:59:59+01:00,2,1,901,973,2821,3824,2414,4389,2338,6178,2728,5165,1179,1336,1283,2582,917,3728,26,7,94,70,55,90,81,209,113,144,91,112,113,193,77,269,42752,1744,7,0,0,0,0,0,0
2021-01-22T23:59:59+01:00,2,1,895,966,2789,3778,2380,4324,2307,6103,2707,5118,1178,1335,1282,2581,916,3725,26,7,94,70,55,90,81,209,113,144,91,112,113,193,77,269,42380,1744,7,0,0,0,0,0,0
2021-01-21T23:59:59+01:00,2,1,880,898,2531,3362,2179,3908,2127,5494,2483,4632,1126,1287,1238,2460,886,3573,22,7,83,64,51,73,68,169,93,133,81,97,96,143,65,208,39060,1453,7,0,0,0,0,0,0
2021-01-20T23:59:59+01:00,2,1,805,836,2219,2957,1972,3442,1895,4885,2227,4155,1014,1147,1080,2114,773,3110,22,7,83,64,51,72,68,169,93,133,81,97,96,143,64,208,34627,1451,7,0,0,0,0,0,0
2021-01-19T23:59:59+01:00,2,1,745,758,1929,2514,1729,2981,1660,4228,1984,3683,941,1052,960,1841,676,2761,11,3,50,45,32,44,35,100,44,77,36,37,46,75,39,133,30439,807,6,0,0,0,0,0,0
2021-01-18T23:59:59+01:00,2,1,675,702,1701,2116,1491,2504,1412,3543,1728,3177,860,967,861,1635,624,2491,5,2,19,11,13,20,17,54,17,33,19,22,25,53,28,75,26487,413,3,0,0,0,0,0,0
2021-01-17T23:59:59+01:00,1,1,495,542,1384,1713,1210,1970,1156,2807,1450,2554,721,815,714,1356,514,2123,0,1,3,2,0,0,0,0,0,0,0,0,0,0,0,0,21524,6,2,0,0,0,0,0,0
2021-01-16T23:59:59+01:00,1,0,372,395,1202,1466,1090,1683,1015,2407,1293,2147,634,717,686,1340,512,2122,0,0,0,0,0,0,0,0,0,0,0,0,0,0,0,0,19081,0,1,0,0,0,0,0,0
2021-01-15T23:59:59+01:00,1,0,266,232,1018,1163,942,1336,846,1959,1113,1746,517,607,648,1307,501,2082,0,0,0,0,0,0,0,0,0,0,0,0,0,0,0,0,16283,0,1,0,0,0,0,0,0
2021-01-14T23:59:59+01:00,0,0,151,102,702,775,650,865,610,1301,749,1129,331,420,539,1125,451,1858,0,0,0,0,0,0,0,0,0,0,0,0,0,0,0,0,11758,0,0,0,0,0,0,0,0
2021-01-13T23:59:59+01:00,0,0,127,81,591,606,526,697,493,1045,592,864,278,346,453,958,394,1590,0,0,0,0,0,0,0,0,0,0,0,0,0,0,0,0,9641,0,0,0,0,0,0,0,0
2021-01-12T23:59:59+01:00,0,0,116,65,510,519,448,595,430,919,521,761,244,297,369,766,328,1242,0,0,0,0,0,0,0,0,0,0,0,0,0,0,0,0,8130,0,0,0,0,0,0,0,0
2021-01-11T23:59:59+01:00,0,0,87,52,416,421,364,484,344,742,414,588,210,246,309,637,269,1045,0,0,0,0,0,0,0,0,0,0,0,0,0,0,0,0,6628,0,0,0,0,0,0,0,0
2021-01-10T23:59:59+01:00,0,0,73,45,352,348,298,403,288,645,344,521,185,218,249,505,212,815,0,0,0,0,0,0,0,0,0,0,0,0,0,0,0,0,5501,0,0,0,0,0,0,0,0
2021-01-09T23:59:59+01:00,0,0,73,43,337,328,274,381,280,629,336,514,184,217,248,503,212,815,0,0,0,0,0,0,0,0,0,0,0,0,0,0,0,0,5374,0,0,0,0,0,0,0,0
2021-01-08T23:59:59+01:00,0,0,69,37,303,296,228,340,253,588,309,475,167,199,223,445,192,717,0,0,0,0,0,0,0,0,0,0,0,0,0,0,0,0,4841,0,0,0,0,0,0,0,0
2021-01-07T23:59:59+01:00,0,0,58,25,213,198,159,241,194,421,238,339,138,160,169,288,121,446,0,0,0,0,0,0,0,0,0,0,0,0,0,0,0,0,3408,0,0,0,0,0,0,0,0
2021-01-06T23:59:59+01:00,0,0,47,16,163,120,113,160,144,294,175,239,108,128,128,222,82,313,0,0,0,0,0,0,0,0,0,0,0,0,0,0,0,0,2452,0,0,0,0,0,0,0,0
2021-01-05T23:59:59+01:00,0,0,29,8,97,72,58,93,86,212,114,149,98,118,119,204,81,291,0,0,0,0,0,0,0,0,0,0,0,0,0,0,0,0,1829,0,0,0,0,0,0,0,0
2021-01-04T23:59:59+01:00,0,0,27,8,97,71,55,91,86,212,114,147,98,117,119,204,81,291,0,0,0,0,0,0,0,0,0,0,0,0,0,0,0,0,1818,0,0,0,0,0,0,0,0
2021-01-03T23:59:59+01:00,0,0,27,8,97,71,55,91,86,212,114,147,97,117,119,204,81,291,0,0,0,0,0,0,0,0,0,0,0,0,0,0,0,0,1817,0,0,0,0,0,0,0,0
2021-01-02T23:59:59+01:00,0,0,27,8,97,71,55,91,86,212,113,147,97,117,119,204,81,290,0,0,0,0,0,0,0,0,0,0,0,0,0,0,0,0,1815,0,0,0,0,0,0,0,0
2021-01-01T23:59:59+01:00,0,0,27,8,97,71,55,91,86,212,113,146,97,117,119,204,81,290,0,0,0,0,0,0,0,0,0,0,0,0,0,0,0,0,1814,0,0,0,0,0,0,0,0
2020-12-31T23:59:59+01:00,0,0,27,8,97,71,55,91,86,212,112,146,97,117,119,204,81,290,0,0,0,0,0,0,0,0,0,0,0,0,0,0,0,0,1813,0,0,0,0,0,0,0,0
2020-12-30T23:59:59+01:00,0,0,27,8,97,71,54,91,86,212,112,146,97,117,119,204,80,290,0,0,0,0,0,0,0,0,0,0,0,0,0,0,0,0,1811,0,0,0,0,0,0,0,0
2020-12-29T23:59:59+01:00,0,0,15,2,65,53,32,61,50,138,64,89,47,51,66,119,51,195,0,0,0,0,0,0,0,0,0,0,0,0,0,0,0,0,1098,0,0,0,0,0,0,0,0
2020-12-28T23:59:59+01:00,0,0,5,2,36,26,19,30,21,67,25,41,20,22,26,47,28,74,0,0,0,0,0,0,0,0,0,0,0,0,0,0,0,0,489,0,0,0,0,0,0,0,0
2020-12-27T23:59:59+01:00,0,0,0,0,7,5,7,2,1,5,0,2,0,1,2,2,4,6,0,0,0,0,0,0,0,0,0,0,0,0,0,0,0,0,44,0,0,0,0,0,0,0,0
