Datum,<15_m,<15_w,15-24_1_m,15-24_1_w,25-34_1_m,25-34_1_w,35-44_1_m,35-44_1_w,45-54_1_m,45-54_1_w,55-64_1_m,55-64_1_w,65-74_1_m,65-74_1_w,75-84_1_m,75-84_1_w,>84_1_m,>84_1_w,<24_2_m,<24_2_w,25-34_2_m,25-34_2_w,35-44_2_m,35-44_2_w,45-54_2_m,45-54_2_w,55-64_2_m,55-64_2_w,65-74_2_m,65-74_2_w,75-84_2_m,75-84_2_w,>84_2_m,>84_2_w,bp_1,bp_2,mo_1,mo_2,az_1,az_2,ja,unb_1,unb_2
2021-07-18T23:59:59+02:00,5522,5258,48463,49577,90564,89312,84632,84866,84077,90184,86183,89246,52878,65893,42416,58682,10242,20525,28781,29284,62514,63445,57234,59002,61494,68802,73204,77450,48503,60473,39831,54860,9596,19087,717841,552704,125917,79006,157252,124958,57451,59,55
2021-07-17T23:59:59+02:00,5350,5077,48120,49254,90425,89182,84447,84711,83925,90051,86076,89165,52858,65867,42406,58671,10241,20522,28412,28919,61880,62855,56696,58582,60746,68069,72903,77212,48396,60356,39791,54802,9587,19077,716708,549750,125748,78050,157249,124354,56584,59,55
2021-07-16T23:59:59+02:00,5255,4988,47814,48990,90177,88969,84220,84516,83737,89875,85946,89064,52817,65839,42389,58657,10238,20518,27938,28443,60966,61964,55878,57907,59716,67045,72408,76804,48237,60171,39747,54735,9583,19068,715399,544899,125587,76745,157245,123637,55719,59,55
2021-07-15T23:59:59+02:00,5122,4862,47368,48602,89800,88616,83876,84149,83450,89608,85738,88908,52747,65753,42345,58595,10231,20504,27236,27848,59683,60947,54782,56961,58350,65785,71697,76240,48023,59921,39668,54616,9573,19026,713057,539239,125186,74654,157213,122023,54759,59,55
2021-07-14T23:59:59+02:00,5019,4755,47041,48247,89516,88347,83603,83851,83215,89374,85546,88759,52665,65647,42289,58508,10216,20475,26735,27325,58622,59971,53844,56135,57492,64944,71091,75668,47765,59647,39567,54447,9552,18982,711029,533969,124836,73751,157174,120372,53975,59,55
2021-07-13T23:59:59+02:00,4907,4640,46657,47877,89135,87996,83311,83561,82962,89126,85350,88600,52560,65546,42237,58445,10210,20456,26098,26679,57267,58803,52663,55160,56513,64040,70380,75035,47492,59331,39443,54275,9523,18932,708776,527726,124471,72669,157134,118358,53136,59,53
2021-07-12T23:59:59+02:00,4742,4471,46132,47380,88751,87666,82939,83262,82723,88884,85167,88444,52481,65456,42190,58382,10198,20441,25490,26047,55778,57463,51383,54115,55297,62908,69646,74420,47124,58905,39270,54055,9484,18867,706179,520539,124109,71653,157097,116035,52265,59,52
2021-07-11T23:59:59+02:00,4346,4106,45201,46469,88333,87243,82534,82885,82428,88607,84981,88302,52398,65368,42166,58327,10187,20425,24904,25491,54414,56217,50095,53087,54262,61887,69060,73877,46781,58524,39148,53879,9460,18825,702327,514003,123649,70654,157061,114265,51210,59,52
2021-07-10T23:59:59+02:00,4334,4091,44879,46140,87892,86769,82215,82586,82331,88510,84915,88246,52381,65346,42157,58314,10186,20421,24430,24969,53351,55297,49248,52513,53675,61326,68846,73693,46414,58110,39048,53776,9455,18816,701694,509769,123186,70572,156899,112963,49875,59,52
2021-07-09T23:59:59+02:00,4316,4078,44463,45714,87290,86235,81847,82257,82090,88330,84804,88159,52347,65318,42150,58301,10182,20412,23752,24213,52043,54075,48329,51643,52906,60487,68436,73301,46057,57706,38963,53688,9447,18804,700365,503732,122616,70171,156743,111628,48510,59,52
2021-07-08T23:59:59+02:00,4293,4055,43932,45249,86459,85553,81349,81769,81851,88103,84615,88015,52287,65254,42118,58256,10173,20395,22789,23303,50123,52537,46964,50500,51786,59377,67763,72675,45547,57155,38828,53527,9419,18735,698430,496107,121741,68927,156458,109123,47038,59,52
2021-07-07T23:59:59+02:00,4270,4028,43367,44687,85646,84799,80814,81305,81566,87814,84413,87857,52211,65158,42079,58195,10166,20375,21938,22424,48201,50872,45467,49378,50567,58213,67082,72150,44820,56422,38639,53290,9388,18677,695999,488078,120759,67822,156208,106045,45725,59,52
2021-07-06T23:59:59+02:00,4236,4008,42831,44178,84805,84078,80209,80725,81204,87488,84240,87684,52123,65077,42043,58132,10156,20350,21115,21580,46237,49098,44091,48128,49303,56883,66339,71437,43994,55655,38454,53051,9370,18621,693422,479181,119738,66753,155907,103104,44441,59,52
2021-07-05T23:59:59+02:00,4213,3974,41695,43219,83321,83006,79486,80121,80761,87074,83974,87429,52006,64941,41997,58055,10142,20323,19947,20541,44307,47519,43074,47172,48279,55932,65648,70821,43240,54797,38282,52828,9347,18582,690225,473276,118683,65892,155550,100028,41220,59,52
2021-07-04T23:59:59+02:00,4186,3953,40354,42034,81694,81704,78774,79518,80297,86655,83706,87236,51917,64815,41951,58004,10129,20295,18607,19338,42525,46012,42379,46439,47480,55079,65077,70257,42504,53954,38120,52639,9329,18535,687211,468682,117535,64970,155130,97426,37287,59,52
2021-07-03T23:59:59+02:00,3728,3537,38800,40512,80836,81053,78291,79030,79859,86179,83492,87069,51848,64714,41933,57952,10126,20289,17802,18651,41614,45326,41961,46060,47077,54685,64911,70093,41917,53225,38058,52539,9323,18525,683539,466761,116229,64874,155042,95839,34379,59,52
2021-07-02T23:59:59+02:00,3174,2971,37253,39043,80126,80330,77629,78338,79341,85677,83250,86870,51799,64626,41904,57904,10114,20276,17051,17945,40480,44372,41232,45372,46251,53906,64395,69651,40970,52023,37928,52350,9307,18506,678570,461759,114834,64417,154888,93360,32274,59,49
2021-07-01T23:59:59+02:00,2531,2430,35554,37410,79182,79488,76802,77518,78644,85041,82938,86593,51680,64469,41842,57800,10098,20248,16191,17059,38962,43153,40027,44318,44958,52784,63659,69084,40083,50892,37779,52144,9290,18474,672367,455466,113134,62781,154662,90609,30046,59,49
2021-06-30T23:59:59+02:00,2491,2400,34559,36423,77373,78001,75112,76025,77986,84496,82657,86301,51549,64308,41782,57706,10086,20221,15175,16103,37288,41931,38834,43211,43805,51731,62909,68462,39543,50221,37665,51949,9268,18439,666600,449385,111407,61453,154438,88750,26972,59,48
2021-06-29T23:59:59+02:00,2458,2369,33735,35552,75784,76526,73506,74615,77204,83791,82119,85817,51368,64092,41707,57576,10069,20185,14348,15211,35980,40796,37919,42393,42586,50686,62201,67882,38843,49288,37529,51732,9247,18396,660351,444262,109550,59621,154166,86812,24347,59,47
2021-06-28T23:59:59+02:00,2418,2335,32936,34766,74181,75125,71834,73225,76184,83011,81519,85328,51192,63869,41630,57470,10056,20151,13610,14472,34928,39786,37098,41668,41473,49698,61558,67342,37973,48209,37362,51514,9228,18349,653977,439488,107591,58118,153576,84627,22027,59,46
2021-06-27T23:59:59+02:00,2404,2321,32210,34034,72624,73764,70436,72026,74796,81900,80856,84789,50997,63657,41565,57356,10046,20122,12984,13849,33977,39040,36447,41072,40549,48853,61027,66902,37120,47189,37212,51337,9213,18318,647868,435647,105665,57366,152630,82382,19681,59,46
2021-06-26T23:59:59+02:00,1775,1719,31190,32947,72273,73448,69971,71564,74505,81592,80765,84706,50979,63627,41551,57347,10045,20119,12794,13644,33324,38506,35811,40657,40032,48518,60036,65907,36133,46060,37045,51124,9199,18285,643146,429723,104729,57318,152624,80449,19571,53,46
2021-06-25T23:59:59+02:00,1161,1123,30092,31792,71792,72928,69361,70870,74084,81154,80393,84387,50919,63543,41517,57304,10040,20106,12474,13260,32472,37713,34944,39839,39097,47685,58831,64680,35618,45364,36853,50823,9176,18242,636915,421344,103541,56876,152617,79392,19440,53,46
2021-06-24T23:59:59+02:00,564,570,28773,30504,71030,72197,68498,69997,73417,80534,79954,84031,50814,63416,41466,57236,10029,20072,11818,12571,31322,36423,33742,38582,37981,46583,57198,63311,35149,44845,36697,50636,9157,18182,629256,412097,102062,55336,152503,77511,19228,53,46
2021-06-23T23:59:59+02:00,537,537,28273,29968,69938,71226,67228,68872,72673,79849,79508,83631,50704,63241,41405,57141,10012,20043,11335,12050,30327,35182,32817,37373,36978,45709,55270,61603,34598,44285,36529,50408,9136,18117,623093,402410,100503,54286,152401,76257,18736,53,46
2021-06-22T23:59:59+02:00,514,521,27764,29397,68770,70208,66035,67853,71998,79149,79097,83267,50597,63112,41357,57057,10003,20018,10991,11654,29416,34249,31859,36494,36023,44830,53309,59773,34217,43809,36392,50167,9107,18060,616823,393933,99058,52721,152266,75148,18517,53,46
2021-06-21T23:59:59+02:00,482,487,27103,28742,67463,69046,64859,66729,71242,78376,78704,82873,50490,63004,41299,56972,9990,19976,10705,11348,28791,33676,31313,35934,35430,44244,51467,58124,33513,43013,36097,49746,9078,17984,610069,386414,97571,51532,152144,74486,18000,53,46
2021-06-20T23:59:59+02:00,397,404,26468,28089,66252,67922,63847,65793,70444,77637,78350,82538,50412,62881,41251,56903,9985,19943,10418,11089,28253,33176,30858,35444,34925,43724,49638,56345,32971,42336,35901,49416,9048,17924,603728,379045,96116,50784,152045,74028,17574,53,45
2021-06-19T23:59:59+02:00,365,370,26093,27733,65531,67357,63331,65311,69653,76992,78197,82410,50392,62856,41235,56889,9984,19943,10289,10898,28009,32862,30606,35128,34706,43465,48201,54959,32716,41992,35819,49280,9040,17896,599846,373694,95178,50773,152044,73843,17521,53,45
2021-06-18T23:59:59+02:00,338,336,25642,27280,64523,66623,62602,64704,68745,76165,77802,82071,50331,62780,41208,56853,9980,19935,10076,10666,27612,32447,30282,34722,34324,43079,46483,53309,32365,41479,35682,49069,9021,17863,594476,366913,93945,50489,152036,73634,17408,53,45
2021-06-17T23:59:59+02:00,309,305,25014,26687,63278,65634,61619,63897,67163,74766,77289,81673,50232,62630,41146,56770,9967,19908,9667,10316,26826,31771,29546,34051,33493,42385,44985,51824,31922,40854,35519,48815,8989,17812,588472,359535,91305,49359,151878,73266,16580,52,45
2021-06-16T23:59:59+02:00,276,267,24499,26120,61981,64514,60515,62919,64902,72853,76449,81020,50023,62421,41055,56657,9948,19877,9353,10069,26180,31113,28842,33437,32768,41762,44398,51263,31657,40503,35373,48620,8968,17771,582284,355870,86816,48665,151435,71795,15709,52,45
2021-06-15T23:59:59+02:00,237,236,23869,25440,60591,63319,59437,61940,63747,71774,75949,80597,49901,62273,41005,56561,9941,19847,9096,9802,25579,30383,28205,32684,32096,41040,42845,49643,31213,39953,35202,48388,8938,17707,575227,349193,85195,47778,150970,70545,15220,52,45
2021-06-14T23:59:59+02:00,215,205,23407,24859,59499,62268,58565,61096,62681,70774,75473,80210,49813,62153,40955,56490,9925,19821,8813,9505,24830,29498,27447,31856,31309,40229,41567,48311,30847,39456,35066,48165,8908,17656,569412,343090,83487,46764,150765,68877,14693,52,45
2021-06-13T23:59:59+02:00,210,191,22991,24395,58574,61362,57793,60316,61577,69807,75002,79777,49723,62035,40906,56431,9914,19792,8539,9210,24124,28666,26735,31023,30550,39381,40032,46748,30388,38853,34865,47862,8879,17568,564412,336104,81626,45996,150531,67110,14175,52,44
2021-06-12T23:59:59+02:00,197,174,22769,24132,58027,60865,57436,60037,60934,69163,74804,79663,49700,62004,40894,56417,9911,19788,8425,9094,23646,28083,26219,30457,30042,38825,38959,45779,30221,38674,34769,47697,8875,17557,561533,331923,80671,45993,150520,65229,14139,52,44
2021-06-11T23:59:59+02:00,179,158,22420,23724,57294,60053,56758,59409,60030,68232,74450,79352,49623,61931,40869,56380,9907,19782,8294,8906,23142,27417,25694,29803,29463,38197,37893,44776,29956,38320,34627,47475,8863,17531,556540,327127,79384,45734,150500,63383,14075,52,43
2021-06-10T23:59:59+02:00,164,141,21892,23172,56174,59130,55835,58592,58778,67066,73920,78944,49553,61824,40845,56328,9894,19754,8033,8661,22281,26479,24736,28871,28354,37276,36509,43619,29607,37848,34352,47043,8796,17456,551030,320275,77191,45032,150250,61093,13484,51,42
2021-06-09T23:59:59+02:00,143,128,21278,22629,54935,58040,54776,57686,57835,66163,73451,78551,49466,61724,40796,56266,9880,19724,7749,8400,21370,25615,23803,27980,27331,36334,34798,41840,29224,37352,34167,46775,8755,17366,545333,312874,75751,44311,149894,59195,12442,51,42
2021-06-08T23:59:59+02:00,121,110,20613,21950,53643,56918,53660,56718,56883,65304,72911,78118,49379,61602,40740,56173,9860,19693,7489,8167,20458,24726,22746,27118,26302,35382,33450,40541,28871,36847,33851,46324,8702,17283,538716,306588,74839,43553,149452,56741,11338,51,41
2021-06-07T23:59:59+02:00,104,92,19973,21354,52213,55668,52399,55746,55726,64322,72361,77718,49296,61496,40694,56109,9847,19665,7244,7950,19619,23906,21723,26306,25271,34516,32520,39763,28591,36460,33607,45901,8651,17192,531493,301995,73945,42740,149037,54191,10257,51,41
2021-06-06T23:59:59+02:00,97,86,19471,20822,51067,54579,51302,54774,54770,63376,71851,77314,49212,61423,40657,56046,9840,19649,7037,7752,18834,23020,20825,25438,24204,33538,31611,38953,28310,36125,33351,45511,8602,17117,525202,297457,72925,42004,148698,51268,9462,49,41
2021-06-05T23:59:59+02:00,92,78,19205,20522,50294,53816,50645,54255,54294,62878,71713,77189,49195,61404,40654,56042,9837,19649,6815,7355,18207,21970,20111,24341,23334,32316,30594,37652,27984,35667,33227,45339,8595,17097,520901,291186,72920,41966,148495,48018,9397,49,41
2021-06-04T23:59:59+02:00,82,71,18768,19954,49255,52830,49847,53393,53652,62107,71373,76867,49168,61371,40636,56026,9835,19642,6596,7046,17591,21122,19442,23359,22419,31054,29393,36327,27697,35307,33115,45167,8583,17078,514533,284830,72600,41898,148476,45311,9219,49,41
2021-06-03T23:59:59+02:00,71,60,18098,19282,47738,51541,48641,52275,52699,61098,70878,76408,49104,61271,40598,55982,9822,19618,6311,6656,16860,20087,18655,22218,21425,29646,28235,34850,27156,34533,32911,44843,8547,17003,506844,278131,71590,41158,148198,42107,8503,49,40
2021-06-02T23:59:59+02:00,66,56,17735,18783,46735,50572,47787,51543,51967,60353,70632,76194,49066,61235,40579,55955,9814,19604,6133,6423,16219,19414,17757,21475,20608,28713,27150,33455,26691,33929,32753,44593,8518,16933,500646,271928,71577,41143,148173,39428,8231,49,37
2021-06-01T23:59:59+02:00,55,50,17067,18063,44879,48839,46143,50083,50445,58909,69947,75593,48975,61123,40519,55882,9801,19556,5859,6116,15068,18520,16259,20520,19412,27484,25940,32074,26145,33243,32506,44247,8472,16829,491512,265522,70239,40582,147621,36046,6509,48,37
2021-05-31T23:59:59+02:00,53,46,16596,17585,43572,47701,44937,48985,49208,57799,69270,75079,48898,61021,40475,55813,9789,19521,5582,5798,14035,17698,14866,19611,18248,26387,24728,30746,25631,32529,32312,43951,8438,16731,485266,259285,69083,40039,147163,33145,4788,48,36
2021-05-30T23:59:59+02:00,46,45,16274,17195,42596,46770,44030,48080,48218,56804,68710,74531,48790,60865,40404,55701,9774,19478,5395,5557,13492,17005,14246,18921,17368,25426,23634,29579,24864,31583,32019,43536,8394,16643,479285,253351,68051,39241,146752,30862,4175,48,35
2021-05-29T23:59:59+02:00,46,45,16149,17078,42242,46455,43692,47818,47977,56615,68650,74469,48784,60858,40398,55698,9774,19478,5233,5318,12985,16197,13603,18072,16528,24264,22527,28288,24708,31353,31956,43443,8391,16636,477327,247785,67939,39241,146741,28272,4171,48,35
2021-05-28T23:59:59+02:00,45,43,15848,16774,41548,45826,43183,47260,47470,56071,68372,74174,48718,60777,40370,55649,9771,19473,4996,4934,12450,15284,12930,17214,15668,23044,21443,26859,24463,30988,31863,43309,8381,16619,473042,241805,67441,39136,146705,25337,4136,48,33
2021-05-27T23:59:59+02:00,42,39,15331,16255,40406,44848,42169,46378,46487,55188,67787,73743,48595,60618,40316,55577,9760,19432,4775,4598,11813,14464,12150,16281,14609,21858,20189,25354,23964,30253,31691,43049,8348,16537,467229,234499,65933,38334,145988,23296,3773,48,33
2021-05-26T23:59:59+02:00,40,38,14926,15831,39311,43932,41139,45498,45465,54314,67178,73233,48444,60439,40236,55410,9739,19384,4584,4404,11260,13704,11430,15432,13609,20729,18803,23774,23386,29475,31476,42709,8296,16436,462119,227259,63911,37481,145001,21258,3478,48,33
2021-05-25T23:59:59+02:00,40,37,14536,15432,38310,43047,40173,44646,44514,53397,66571,72703,48265,60207,40157,55279,9713,19329,4379,4203,10722,13063,10673,14653,12550,19504,17378,22275,22805,28699,31243,42393,8242,16349,456824,219945,62335,36551,143902,19359,3247,48,31
2021-05-24T23:59:59+02:00,39,37,14195,15109,37485,42314,39303,43976,43654,52617,66040,72218,48139,60030,40093,55157,9693,19285,4236,4078,10276,12604,10035,14072,11677,18677,16102,21027,22144,27871,31027,42070,8184,16263,452211,213110,61112,35617,143175,18750,2838,48,30
2021-05-23T23:59:59+02:00,35,37,14027,14937,37020,41944,38851,43571,43205,52213,65770,71992,48065,59938,40055,55112,9686,19261,4048,3939,9816,12132,9418,13470,10743,17867,14914,19972,21680,27308,30775,41784,8137,16182,449030,206171,60741,35538,143146,17694,2754,48,30
2021-05-22T23:59:59+02:00,33,35,13831,14721,36339,41380,38174,43119,42633,51807,64753,70987,47861,59682,39985,54999,9676,19239,3939,3644,9602,11720,9265,13143,10502,17425,14648,19573,21587,27191,30741,41744,8130,16173,442615,204962,60738,35536,143130,15778,2723,48,30
2021-05-21T23:59:59+02:00,32,34,13452,14322,35268,40470,37113,42191,41572,50912,63401,69708,47631,59345,39904,54852,9659,19206,3833,3549,9395,11457,9056,12880,10175,17102,14241,19205,21368,26905,30682,41654,8121,16165,433037,203035,60389,35230,142892,14788,2707,47,30
2021-05-20T23:59:59+02:00,29,34,12659,13598,33836,39024,35698,40785,40175,49717,62119,68560,47342,59001,39761,54671,9638,19155,3685,3368,8873,10858,8412,12174,9477,16260,13490,18249,20557,25796,30490,41359,8083,16080,422865,198703,58694,34387,141867,11762,2331,45,30
2021-05-19T23:59:59+02:00,29,33,12123,13036,32658,37602,34600,39406,39054,48760,60124,66796,46866,58445,39580,54411,9597,19049,3583,3239,8604,10488,8117,11802,9039,15754,12856,17593,19696,24671,30264,41056,8027,15965,412046,194484,57180,33579,140768,10533,2130,45,30
2021-05-18T23:59:59+02:00,27,33,11702,12593,31614,36588,33515,38497,38016,47829,58069,64938,46511,57997,39427,54172,9565,18990,3385,3075,8115,9885,7649,11257,8501,15090,12177,16826,18757,23448,30028,40713,7991,15860,403411,190414,55228,32741,139575,7749,1825,44,30
2021-05-17T23:59:59+02:00,26,33,11451,12319,31097,36035,33026,37937,37426,47196,56165,63234,45810,57176,39150,53775,9528,18916,3303,2966,7855,9602,7356,10960,8103,14679,11613,16223,17841,22319,29796,40395,7956,15786,395833,186059,54114,31995,138772,7134,1538,43,29
2021-05-16T23:59:59+02:00,26,33,11231,12066,30577,35532,32564,37446,36907,46628,54272,61412,45266,56480,38956,53457,9501,18861,3202,2867,7567,9314,7038,10617,7629,14218,11039,15642,16912,21175,29588,40107,7918,15718,388885,181797,53155,31156,138112,6552,1021,42,27
2021-05-15T23:59:59+02:00,26,33,11077,11863,30300,35198,32327,37126,36679,46365,52703,59935,45016,56174,38879,53319,9495,18833,3183,2849,7543,9287,7023,10596,7611,14205,11023,15621,16803,20962,29379,39802,7910,15708,383084,180817,53152,31155,138066,6505,1004,42,26
2021-05-14T23:59:59+02:00,26,33,10832,11583,29833,34692,31949,36666,36172,45895,50836,58109,44654,55671,38739,53112,9479,18794,3156,2831,7473,9218,6970,10526,7553,14148,10842,15423,16074,19900,29095,39316,7893,15668,375314,177926,52826,30817,137939,6365,954,42,26
2021-05-13T23:59:59+02:00,23,32,10550,11258,29193,34055,31351,36063,35502,45233,49370,56591,44223,55045,38568,52869,9452,18749,3088,2785,7347,9118,6883,10432,7451,14044,10518,15077,15020,18668,28711,38674,7850,15594,368234,174143,51812,30258,137194,5990,846,41,25
2021-05-12T23:59:59+02:00,23,30,10423,11116,28913,33738,31086,35772,35193,44922,49084,56283,44121,54935,38515,52787,9445,18711,3076,2759,7313,9082,6854,10398,7424,14005,10354,14921,14652,18244,28408,38198,7828,15547,365565,172121,51731,30248,137036,5946,724,41,25
2021-05-11T23:59:59+02:00,22,27,10077,10793,28065,32914,30255,35019,34336,44144,47353,54516,43672,54346,38339,52496,9407,18609,2989,2664,7072,8802,6634,10099,7213,13638,9874,14376,13676,17097,27996,37587,7791,15453,358660,168472,50034,29359,135156,4607,499,41,25
2021-05-10T23:59:59+02:00,21,27,9772,10522,27321,32216,29481,34323,33565,43381,46053,53253,43291,53838,38149,52191,9357,18496,2948,2619,6945,8679,6540,9983,7074,13457,9615,14071,12983,16241,27570,36979,7765,15374,352419,165675,48921,28982,133488,3774,390,39,23
2021-05-09T23:59:59+02:00,20,27,9542,10278,26646,31539,28816,33628,32848,42690,44536,51790,42792,53218,37949,51888,9320,18411,2901,2573,6822,8537,6434,9842,6962,13245,9299,13760,12187,15344,27208,36449,7746,15318,345376,162838,47847,28430,132374,3034,303,38,23
2021-05-08T23:59:59+02:00,20,27,9449,10211,26261,31238,28371,33314,32398,42386,43504,50964,42640,53054,37905,51826,9318,18405,2898,2569,6814,8533,6428,9834,6955,13234,9290,13749,12149,15283,26535,35505,7709,15242,340860,160981,47806,28404,132288,3021,299,38,23
2021-05-07T23:59:59+02:00,19,27,9308,10063,25791,30862,27926,32941,31896,42041,42469,50141,42372,52714,37792,51666,9307,18378,2851,2543,6761,8492,6373,9780,6904,13182,9117,13530,11519,14471,25598,34131,7662,15160,335766,156904,47498,28038,132130,2829,281,38,23
2021-05-06T23:59:59+02:00,17,26,8912,9776,24879,30096,26870,32143,30672,41226,40856,48936,41995,52171,37597,51425,9269,18305,2789,2497,6631,8346,6259,9652,6756,12997,8848,13233,10874,13612,24642,32755,7629,15099,327937,153140,46426,27093,130500,2094,270,38,23
2021-05-05T23:59:59+02:00,17,25,8548,9577,23999,29499,26010,31480,29588,40438,38882,47126,41552,51620,37389,51143,9212,18193,2749,2467,6515,8219,6159,9539,6654,12856,8603,12977,10169,12787,23634,31437,7600,15029,320096,149283,45578,26210,128400,1693,186,38,23
2021-05-04T23:59:59+02:00,17,24,8305,9350,23202,28857,25039,30741,28518,39603,37372,45664,41084,51034,37112,50797,9166,18072,2712,2446,6445,8147,6078,9474,6581,12780,8370,12758,9443,11935,22691,30200,7566,14967,313448,145592,44616,25409,125774,1490,81,38,22
2021-05-03T23:59:59+02:00,17,23,8103,9137,22505,28279,24200,30136,27616,38909,36418,44915,40740,50562,36899,50510,9116,17968,2667,2415,6376,8071,6000,9410,6494,12696,8142,12546,8702,11038,21778,28987,7536,14917,308597,141871,43841,24593,123537,1249,41,37,22
2021-05-02T23:59:59+02:00,17,23,7942,8973,21871,27705,23462,29547,26801,38290,35606,44285,40481,50230,36785,50322,9082,17911,2632,2393,6334,8029,5965,9376,6456,12656,7960,12373,8104,10305,21074,28125,7515,14899,303775,138703,43073,24320,122415,1118,34,36,22
2021-05-01T23:59:59+02:00,16,23,7790,8791,21500,27249,22980,28973,26158,37582,34783,43390,40219,49857,36688,50169,9076,17894,2626,2387,6308,8019,5950,9368,6438,12642,7943,12358,8068,10242,21035,28068,7511,14895,297687,138413,43072,24313,122309,1077,34,36,22
2021-04-30T23:59:59+02:00,16,21,7643,8613,21114,26821,22535,28408,25413,36808,33779,42427,39990,49538,36591,50016,9064,17873,2609,2374,6284,8001,5928,9351,6411,12622,7911,12325,8028,10172,20985,27985,7508,14886,291410,138104,43065,24240,122131,987,28,36,22
2021-04-29T23:59:59+02:00,15,21,7374,8374,20525,26250,21867,27727,24482,35845,32505,41092,38947,48138,36274,49544,9007,17745,2577,2341,6192,7891,5844,9250,6317,12480,7710,12052,7408,9452,20578,27472,7486,14813,282688,136051,42282,23019,120700,746,28,34,20
2021-04-28T23:59:59+02:00,14,19,7101,8158,20008,25779,21230,27130,23599,35002,31114,39643,37789,46555,35931,49049,8944,17604,2508,2295,6084,7770,5735,9122,6216,12331,7491,11782,6720,8608,20163,26898,7445,14742,274023,133615,41514,21725,119070,523,28,34,20
2021-04-27T23:59:59+02:00,13,19,6919,7981,19577,25355,20619,26596,22751,34229,29914,38329,36702,45116,35550,48479,8874,17477,2484,2271,5982,7673,5682,9026,6151,12208,7277,11584,6120,7873,19758,26402,7425,14719,266257,131525,40651,20787,117530,276,28,34,20
2021-04-26T23:59:59+02:00,12,19,6737,7817,19162,24934,20078,26072,21952,33479,28705,37099,35645,43698,35244,47997,8825,17353,2473,2262,5941,7632,5638,8987,6115,12165,7091,11420,5505,7144,19388,25954,7401,14692,258603,129572,39826,19947,116340,244,26,33,20
2021-04-25T23:59:59+02:00,12,18,6633,7684,18826,24667,19700,25735,21343,32865,27724,36145,34515,42273,34929,47569,8784,17272,2461,2255,5923,7608,5619,8970,6096,12140,7054,11393,5378,6964,19053,25490,7385,14648,251445,128951,39112,19207,116078,234,26,33,20
2021-04-24T23:59:59+02:00,12,18,6468,7508,18385,24237,19143,25198,20561,32064,26648,35103,34265,41960,34835,47404,8774,17260,2457,2250,5910,7599,5612,8959,6091,12136,7044,11386,5306,6853,18955,25349,7382,14640,245499,128500,39108,19169,115177,216,26,33,19
2021-04-23T23:59:59+02:00,12,18,6247,7311,17938,23766,18577,24589,19740,31252,25498,33912,33491,40790,34691,47167,8760,17237,2451,2232,5883,7575,5575,8921,6047,12092,6999,11334,5140,6578,18418,24725,7282,14472,237960,126662,38780,18825,114198,194,26,32,18
2021-04-22T23:59:59+02:00,11,17,6031,7103,17333,23180,17785,23811,18695,30232,24180,32482,32452,39437,34445,46811,8722,17159,2437,2218,5840,7525,5528,8837,5973,12013,6924,11264,4857,6164,17708,23853,7163,14278,228940,124515,37862,17864,113029,161,26,29,17
2021-04-21T23:59:59+02:00,11,16,5834,6924,16804,22710,17126,23209,17716,29336,22631,30892,31449,38207,34149,46374,8674,17072,2414,2201,5798,7471,5471,8762,5907,11913,6829,11184,4701,5891,17011,23009,7048,14097,220088,122437,37091,17099,111902,129,26,27,17
2021-04-20T23:59:59+02:00,10,15,5650,6732,16250,22237,16387,22553,16727,28339,21166,29427,30306,36724,33835,45945,8626,16984,2402,2187,5749,7434,5431,8717,5860,11847,6751,11121,4583,5738,16411,22235,6923,13918,211139,120763,36212,16383,110509,121,26,27,15
2021-04-19T23:59:59+02:00,10,15,5465,6575,15720,21808,15713,21998,15738,27464,19779,28033,28939,35092,33519,45473,8570,16870,2391,2174,5725,7401,5394,8684,5821,11802,6671,11045,4458,5577,15765,21526,6815,13757,202480,119127,35437,15720,108813,119,26,25,15
2021-04-18T23:59:59+02:00,9,15,5279,6434,15287,21484,15097,21438,14770,26676,18442,26895,27552,33447,33188,45054,8514,16784,2340,2128,5594,7281,5280,8571,5714,11654,6567,10926,4343,5391,15173,20862,6702,13579,193961,117497,34609,14454,107744,115,26,25,14
2021-04-17T23:59:59+02:00,9,14,5244,6400,15133,21409,14923,21353,14535,26497,18187,26675,27045,32907,33062,44906,8505,16769,2313,2088,5494,7128,5173,8412,5615,11466,6478,10794,4291,5329,14933,20568,6692,13566,192746,115747,34604,14450,106172,104,26,25,14
2021-04-16T23:59:59+02:00,9,14,5181,6347,14956,21256,14712,21191,14255,26248,17775,26264,26003,31676,32928,44690,8484,16746,2268,2038,5379,6946,5037,8232,5463,11226,6282,10574,4086,5097,14290,19785,6594,13421,189395,112531,34318,14054,104971,94,26,25,14
2021-04-15T23:59:59+02:00,7,13,5113,6270,14745,21042,14444,20903,13827,25898,17140,25636,24643,30069,32671,44367,8449,16668,2198,1954,5182,6711,4836,7911,5256,10910,6066,10290,3889,4847,13463,18704,6479,13254,184849,108718,33511,13111,103494,82,26,25,14
2021-04-14T23:59:59+02:00,7,13,5032,6200,14542,20843,14191,20680,13437,25563,16475,25019,23069,28285,32355,43962,8398,16574,2010,1835,4964,6450,4648,7663,5030,10662,5833,10006,3754,4640,12739,17791,6353,13041,180251,105645,32636,11659,101707,76,26,25,14
2021-04-13T23:59:59+02:00,7,13,4981,6153,14343,20708,13960,20499,13096,25268,15906,24516,21368,26441,32038,43538,8366,16467,1925,1783,4798,6263,4463,7444,4830,10408,5629,9776,3618,4477,12224,17179,6230,12880,176035,103277,31761,10545,99822,66,26,24,14
2021-04-12T23:59:59+02:00,7,12,4917,6088,14128,20511,13656,20238,12714,24857,15331,23963,19776,24500,31748,43179,8326,16393,1795,1692,4618,6104,4317,7268,4668,10216,5492,9619,3501,4323,11795,16670,6119,12717,171693,101599,30707,9211,97894,65,26,24,14
2021-04-11T23:59:59+02:00,7,12,4848,6012,13905,20313,13361,20028,12302,24507,14774,23455,18273,22730,31486,42840,8283,16314,1758,1656,4498,5991,4207,7145,4546,10085,5357,9490,3387,4204,11306,16062,5988,12511,167417,99857,29750,8234,96234,63,25,24,13
2021-04-10T23:59:59+02:00,7,12,4843,6004,13886,20298,13352,20018,12285,24491,14751,23436,17585,21808,31194,42421,8265,16286,1754,1644,4486,5981,4192,7132,4533,10071,5304,9425,3285,4091,10750,15229,5858,12314,166346,97721,29723,8234,94826,59,23,24,13
2021-04-09T23:59:59+02:00,7,12,4831,5987,13851,20249,13310,19972,12238,24437,14493,23185,16071,19924,30789,41775,8230,16243,1730,1634,4465,5966,4166,7105,4492,10037,5267,9376,3200,3975,9886,14242,5711,12116,163740,95291,29384,7986,92435,58,22,23,12
2021-04-08T23:59:59+02:00,7,12,4789,5959,13750,20175,13230,19892,12141,24334,14158,22827,14305,17716,30174,40767,8172,16122,1710,1621,4433,5914,4114,7022,4430,9959,5196,9300,3092,3873,9408,13643,5506,11871,159920,93452,28359,7556,90214,57,16,21,12
2021-04-07T23:59:59+02:00,7,12,4759,5931,13646,20094,13137,19809,12040,24233,13782,22471,12803,15878,29532,39802,8118,16024,1691,1609,4381,5847,4029,6948,4341,9875,5106,9201,3006,3778,8667,12552,5271,11468,155539,90914,27485,6783,89018,47,15,21,12
2021-04-06T23:59:59+02:00,7,12,4730,5905,13549,20027,13056,19749,11964,24168,13407,22120,11171,13873,28873,38835,8086,15953,1631,1555,4253,5722,3922,6824,4222,9728,5003,9072,2891,3657,7964,11624,5000,11105,151533,88538,26606,5566,87311,45,14,21,11
2021-04-05T23:59:59+02:00,7,11,4693,5878,13472,19961,12990,19680,11909,24088,13135,21866,9562,11931,28147,37788,8050,15891,1560,1486,4098,5572,3754,6669,4069,9579,4848,8944,2759,3540,7160,10664,4730,10717,148343,86177,25592,3907,85090,42,13,21,11
2021-04-04T23:59:59+02:00,7,11,4679,5860,13461,19941,12982,19663,11902,24068,13038,21796,8539,10670,27700,37146,8025,15834,1559,1484,4090,5566,3752,6664,4064,9574,4846,8936,2754,3531,6924,10201,4646,10592,146617,85222,25588,3907,83086,36,10,21,9
2021-04-03T23:59:59+02:00,7,11,4676,5850,13444,19922,12973,19653,11892,24058,13024,21778,7636,9604,26821,35904,7976,15723,1556,1481,4088,5561,3750,6661,4056,9562,4832,8924,2747,3520,6786,9942,4607,10513,144150,84626,25580,3907,81193,36,9,20,9
2021-04-02T23:59:59+02:00,7,11,4671,5832,13407,19898,12934,19610,11850,24010,12949,21710,7123,8858,25238,33804,7830,15455,1548,1466,4063,5539,3724,6620,4020,9501,4712,8639,2619,3365,6412,9549,4459,10318,139702,82819,25244,3683,80224,36,8,19,9
2021-04-01T23:59:59+02:00,6,10,4619,5773,13314,19753,12819,19459,11701,23854,12353,21264,6562,8154,23732,31834,7702,15218,1486,1421,3955,5418,3657,6549,3952,9435,4634,8536,2525,3224,5903,8866,4291,10044,135509,80570,24108,3281,78485,31,7,18,8
2021-03-31T23:59:59+02:00,6,10,4568,5718,13190,19602,12688,19304,11513,23674,12090,21004,6244,7783,22257,29879,7552,14990,1473,1410,3933,5395,3625,6521,3912,9388,4597,8483,2462,3149,5421,8225,4117,9806,131583,78810,23022,3065,77444,31,5,18,7
2021-03-30T23:59:59+02:00,6,10,4507,5655,13052,19453,12577,19128,11382,23509,11920,20866,6054,7567,20870,28152,7408,14786,1456,1374,3892,5362,3561,6452,3825,9274,4466,8312,2328,2945,5002,7673,3975,9552,128234,76599,22096,2824,76554,18,2,16,7
2021-03-29T23:59:59+02:00,6,10,4466,5616,12934,19358,12510,19045,11300,23406,11772,20731,5899,7370,19455,26475,7280,14585,1398,1333,3837,5319,3487,6382,3707,9131,4316,8124,2207,2804,4439,7007,3821,9277,124662,73951,21233,2613,76305,17,2,16,7
2021-03-28T23:59:59+02:00,6,10,4419,5552,12814,19221,12425,18951,11200,23311,11667,20630,5749,7165,18279,24973,7161,14391,1366,1289,3740,5213,3295,6157,3620,9014,4266,8068,2155,2741,3681,5989,3636,9010,121679,70909,20446,2315,75782,9,2,15,6
2021-03-27T23:59:59+01:00,6,10,4387,5502,12707,19057,12311,18786,11087,23107,11562,20483,5684,7083,17995,24627,7150,14376,1360,1286,3735,5209,3292,6150,3334,8667,4068,7770,2149,2738,3667,5956,3602,8950,119847,69607,20408,2315,75648,4,2,15,6
2021-03-26T23:59:59+01:00,6,9,4351,5449,12597,18871,12179,18589,10934,22879,11401,20275,5521,6868,17393,23840,7051,14227,1359,1285,3730,5202,3269,6132,3315,8647,3856,7327,1973,2335,3404,5672,3452,8718,116771,67359,20070,2308,75583,3,1,15,6
2021-03-25T23:59:59+01:00,6,9,4284,5362,12399,18634,11975,18259,10720,22551,11160,19948,5310,6584,16367,22532,6922,14038,1350,1275,3709,5176,3237,6106,3264,8610,3810,7285,1901,2222,2970,4995,3295,8414,112795,65404,18999,2207,75250,2,1,15,6
2021-03-24T23:59:59+01:00,6,9,4205,5251,12189,18185,11758,17851,10504,22162,10929,19579,5042,6239,15331,21321,6783,13815,1327,1262,3685,5132,3203,6044,3209,8540,3756,7212,1848,2163,2663,4661,3143,8139,109705,64015,17911,1964,73527,2,1,15,6
2021-03-23T23:59:59+01:00,6,9,4149,5188,12022,17843,11560,17501,10314,21800,10711,19292,4909,6045,14691,20508,6643,13642,1312,1256,3671,5114,3182,6027,3188,8492,3720,7169,1813,2105,2435,4391,2935,7818,107367,62697,17185,1923,72265,2,1,15,6
2021-03-22T23:59:59+01:00,6,9,4102,5111,11828,17512,11373,17175,10090,21473,10496,18991,4759,5839,14073,19794,6510,13455,1299,1247,3644,5081,3151,5991,3159,8436,3684,7124,1769,2049,2236,4141,2740,7489,105519,61449,16468,1783,70593,2,1,15,6
2021-03-21T23:59:59+01:00,6,9,4027,4988,11547,17100,11093,16771,9822,21021,10241,18642,4645,5668,13380,19005,6368,13247,1292,1246,3627,5066,3130,5958,3136,8406,3665,7102,1751,2022,2073,3980,2569,7221,103645,60458,15171,1778,68748,2,1,15,6
2021-03-20T23:59:59+01:00,5,9,3997,4919,11404,16768,10968,16454,9679,20720,10065,18359,4520,5508,12751,18057,6232,13033,1291,1245,3627,5064,3127,5957,3133,8401,3660,7098,1747,2017,2042,3919,2546,7180,101458,60268,15167,1778,66807,2,1,15,6
2021-03-19T23:59:59+01:00,5,8,3953,4839,11237,16409,10787,16099,9507,20340,9852,17999,4361,5313,11729,16847,6072,12822,1282,1238,3610,5039,3098,5881,3090,8309,3558,6926,1623,1907,1968,3858,2435,6972,98763,59012,14760,1774,64641,2,1,14,6
2021-03-18T23:59:59+01:00,5,8,3868,4737,10992,15983,10520,15657,9230,19871,9629,17658,4217,5147,11107,15982,5844,12555,1278,1227,3593,5004,3078,5837,3068,8253,3530,6880,1604,1875,1929,3788,2312,6761,96968,58325,13753,1684,62274,2,1,14,6
2021-03-17T23:59:59+01:00,5,8,3697,4622,10698,15564,10256,15299,8988,19510,9378,17310,4100,4981,10293,14739,5582,12132,1277,1225,3579,4986,3072,5817,3058,8220,3512,6857,1603,1851,1905,3760,2202,6574,94324,57820,12213,1670,60610,2,1,14,6
2021-03-16T23:59:59+01:00,5,8,3556,4497,10359,15102,9982,14930,8713,19069,9082,16947,3957,4816,9477,13617,5301,11773,1263,1222,3575,4979,3061,5813,3052,8209,3505,6843,1579,1829,1866,3709,2082,6396,91996,57385,11024,1590,58157,2,1,13,6
2021-03-15T23:59:59+01:00,5,8,3408,4381,10045,14635,9693,14472,8417,18595,8795,16535,3812,4646,8770,12555,5078,11451,1254,1214,3555,4967,3049,5789,3032,8170,3485,6800,1564,1816,1849,3676,1967,6211,90036,56802,9662,1589,55590,2,0,13,6
2021-03-14T23:59:59+01:00,5,8,3338,4292,9779,14202,9438,14069,8100,18103,8515,16142,3648,4460,7969,11322,4770,10996,1240,1208,3534,4949,3028,5748,3010,8090,3457,6732,1538,1767,1788,3549,1802,5824,87729,56278,8644,979,52773,2,0,10,6
2021-03-13T23:59:59+01:00,5,8,3264,4052,9477,13556,9199,13507,7877,17541,8314,15720,3542,4360,7778,11032,4722,10909,1240,1208,3534,4949,3028,5748,3009,8090,3456,6730,1534,1766,1786,3545,1801,5823,87082,56261,8644,979,49127,2,0,10,6
2021-03-12T23:59:59+01:00,5,8,3202,3916,9232,13017,8962,12976,7644,16905,7959,14971,3379,4190,7395,10625,4585,10725,1238,1205,3530,4935,3025,5745,3002,8082,3452,6724,1507,1737,1765,3527,1702,5648,85318,55839,8398,978,45970,2,0,10,6
2021-03-11T23:59:59+01:00,5,8,3055,3648,8857,12258,8659,12301,7311,16123,7617,14328,3222,3990,6841,9906,4397,10413,1219,1195,3496,4891,2983,5668,2967,7958,3401,6626,1463,1684,1686,3327,1504,5136,82880,55095,7954,103,42096,1,0,9,6
2021-03-10T23:59:59+01:00,5,7,2990,3541,8358,11748,7984,11817,6991,15632,7319,13738,3062,3833,6281,9215,4226,10139,1208,1181,3466,4833,2952,5593,2931,7818,3347,6504,1426,1644,1628,3231,1388,4857,81066,53922,7403,80,38409,0,0,8,6
2021-03-09T23:59:59+01:00,5,6,2885,3365,7675,11298,7087,11333,6575,15020,6956,13131,2834,3533,5773,8586,4070,9863,1203,1177,3444,4786,2925,5528,2915,7767,3329,6458,1411,1620,1593,3189,1283,4659,78777,53238,6048,46,35162,0,0,8,4
2021-03-08T23:59:59+01:00,5,6,2713,3130,7033,10754,6273,10854,6173,14492,6563,12566,2625,3322,5171,7847,3924,9596,1196,1171,3423,4720,2900,5453,2876,7673,3297,6382,1404,1611,1590,3181,1278,4656,75956,52764,4909,44,32174,0,0,8,4
2021-03-07T23:59:59+01:00,5,6,2601,2998,6703,10254,5862,10314,5878,14043,6323,12180,2529,3232,4406,6786,3708,9314,1193,1168,3420,4715,2895,5441,2872,7656,3289,6369,1399,1598,1569,3141,1263,4615,72711,52558,4079,42,30345,0,0,7,4
2021-03-06T23:59:59+01:00,5,5,2556,2857,6519,9800,5663,9897,5402,13188,5949,11442,2508,3205,4400,6775,3707,9313,1193,1167,3417,4711,2893,5440,2871,7655,3288,6366,1397,1595,1569,3139,1262,4615,71485,52533,4079,42,27620,0,0,7,4
2021-03-05T23:59:59+01:00,5,5,2465,2602,6308,9217,5449,9500,5225,12624,5566,10465,2283,2743,4021,6393,3568,9099,1181,1164,3399,4695,2889,5427,2863,7637,3277,6347,1383,1588,1568,3135,1257,4611,69161,52377,3847,42,24523,0,0,7,3
2021-03-04T23:59:59+01:00,5,5,2390,2397,6093,8783,5289,9160,5045,12203,5392,10087,2191,2573,3469,5571,3403,8761,1169,1150,3357,4598,2856,5361,2832,7539,3244,6273,1364,1582,1554,3121,1249,4600,67121,51805,3408,42,22281,0,0,7,3
2021-03-03T23:59:59+01:00,4,5,2333,2347,5924,8370,5118,8800,4833,11751,5202,9642,2109,2465,3066,5134,3244,8467,1149,1142,3323,4550,2819,5296,2792,7440,3198,6199,1344,1557,1535,3090,1243,4583,65699,51219,3165,40,19943,0,0,7,2
2021-03-02T23:59:59+01:00,4,5,2279,2259,5763,8035,4961,8546,4672,11352,5042,9324,2043,2374,2763,4776,3027,8146,1144,1133,3305,4530,2804,5270,2775,7392,3190,6171,1339,1546,1517,3073,1240,4577,64353,50965,2907,40,18104,0,0,7,2
2021-03-01T23:59:59+01:00,4,5,2254,2232,5659,7819,4862,8401,4588,11200,4943,9150,1988,2297,2468,4454,2839,7832,1138,1130,3291,4512,2792,5241,2759,7346,3175,6143,1333,1543,1510,3064,1237,4573,63095,50746,2686,40,17207,0,0,7,2
2021-02-28T23:59:59+01:00,3,5,2202,2189,5481,7561,4686,8182,4453,11015,4836,9024,1951,2235,2175,4151,2637,7523,1129,1124,3276,4502,2785,5234,2753,7332,3168,6129,1328,1540,1503,3049,1236,4541,61992,50588,2383,40,15927,0,0,7,2
2021-02-27T23:59:59+01:00,3,5,2115,1880,5304,7136,4588,7870,4370,10667,4764,8774,1922,2173,2147,4106,2617,7469,1125,1122,3274,4501,2780,5232,2749,7329,3164,6126,1327,1540,1503,3048,1235,4541,61758,50558,2383,37,13762,0,0,7,2
2021-02-26T23:59:59+01:00,3,5,2058,1802,5159,6899,4442,7611,4219,10403,4555,8493,1794,2067,2086,4069,2511,7290,1104,1109,3257,4467,2768,5193,2736,7276,3142,6072,1321,1529,1499,3040,1234,4539,60440,50249,2377,36,12642,0,0,7,2
2021-02-25T23:59:59+01:00,3,5,1941,1703,4832,6496,4014,7151,3933,9889,4320,8112,1736,2009,2053,4008,2401,7096,1088,1094,3220,4425,2738,5141,2692,7170,3102,5979,1311,1513,1485,3001,1221,4480,59963,49625,2270,34,9462,0,0,7,2
2021-02-24T23:59:59+01:00,3,5,1912,1645,4715,6282,3909,6937,3811,9647,4196,7952,1714,1977,2021,3966,2289,6898,1075,1089,3193,4363,2702,5075,2667,7087,3073,5908,1295,1496,1460,2953,1209,4411,59419,49032,2024,23,8429,0,0,7,2
2021-02-23T23:59:59+01:00,3,5,1686,1498,4344,5794,3628,6543,3590,9268,4041,7668,1685,1947,1977,3919,2176,6715,1056,1078,3155,4335,2674,5018,2643,7011,3038,5849,1275,1476,1434,2918,1199,4361,58965,48510,1977,9,5538,0,0,7,2
2021-02-22T23:59:59+01:00,3,5,1678,1479,4294,5735,3592,6480,3526,9174,3980,7573,1653,1920,1950,3868,2059,6518,1052,1066,3135,4290,2654,4979,2618,6953,3009,5797,1263,1462,1425,2908,1191,4352,58423,48149,1835,4,5222,0,0,7,2
2021-02-21T23:59:59+01:00,3,5,1666,1475,4264,5702,3549,6442,3485,9119,3936,7522,1645,1913,1945,3859,1939,6356,1047,1055,3114,4252,2625,4929,2603,6885,2980,5711,1249,1446,1405,2848,1167,4275,58079,47586,1829,4,4910,0,0,7,2
2021-02-20T23:59:59+01:00,3,5,1665,1474,4259,5699,3547,6441,3485,9118,3935,7521,1640,1912,1943,3855,1938,6356,1047,1055,3112,4250,2625,4929,2602,6884,2980,5711,1249,1445,1404,2848,1167,4275,58065,47578,1829,4,4895,0,0,7,2
2021-02-19T23:59:59+01:00,3,5,1649,1467,4247,5680,3536,6427,3474,9108,3925,7506,1614,1883,1922,3836,1838,6177,1046,1054,3111,4249,2624,4928,2602,6882,2977,5709,1249,1445,1404,2847,1167,4275,57649,47564,1824,4,4819,0,0,5,2
2021-02-18T23:59:59+01:00,3,5,1605,1436,4151,5569,3465,6325,3386,8944,3841,7366,1592,1848,1888,3766,1708,5980,1000,1011,2972,4024,2499,4657,2491,6548,2871,5447,1218,1402,1373,2762,1141,4126,57004,45537,1734,4,4135,0,0,5,2
2021-02-17T23:59:59+01:00,3,4,1583,1407,4056,5419,3380,6174,3269,8708,3714,7166,1541,1780,1816,3665,1591,5675,943,961,2820,3803,2382,4347,2364,6138,2742,5135,1170,1342,1327,2655,1094,3965,55791,43182,1723,4,3432,0,0,5,2
2021-02-16T23:59:59+01:00,3,4,1509,1340,3895,5222,3243,5993,3161,8475,3592,7000,1517,1754,1781,3634,1478,5468,858,929,2689,3647,2283,4137,2238,5818,2611,4881,1115,1252,1182,2356,840,3353,55094,40185,1706,2,2266,0,0,3,2
2021-02-15T23:59:59+01:00,3,4,1494,1322,3850,5137,3185,5906,3104,8360,3525,6894,1506,1740,1766,3611,1470,5448,824,907,2609,3519,2207,3957,2155,5540,2523,4668,1072,1188,1096,2182,776,3138,54629,38359,1704,1,1989,0,0,3,1
2021-02-14T23:59:59+01:00,3,4,1428,1294,3765,5060,3142,5797,3048,8206,3481,6785,1486,1709,1713,3484,1415,5200,815,901,2560,3451,2168,3890,2102,5420,2457,4562,1046,1152,1012,2010,705,2904,54384,37153,1093,1,1540,0,0,3,1
2021-02-13T23:59:59+01:00,3,4,1426,1293,3757,5056,3135,5796,3045,8204,3478,6783,1485,1706,1713,3482,1413,5200,815,901,2560,3451,2168,3890,2101,5420,2456,4562,1044,1151,1012,2010,705,2904,54366,37150,1092,0,1518,0,0,3,0
2021-02-12T23:59:59+01:00,3,3,1393,1277,3719,5022,3113,5776,3023,8171,3459,6739,1469,1696,1703,3465,1404,5181,808,893,2527,3398,2134,3845,2071,5366,2438,4531,1043,1150,1011,2010,704,2902,54139,36831,1090,0,1384,0,0,3,0
2021-02-11T23:59:59+01:00,3,3,1346,1234,3606,4851,3022,5602,2925,7861,3359,6527,1410,1637,1636,3287,1320,4857,771,830,2274,2955,1908,3369,1841,4623,2167,4003,960,1081,925,1818,655,2633,53510,32813,126,0,847,0,0,3,0
2021-02-10T23:59:59+01:00,3,3,1325,1213,3547,4740,2956,5497,2883,7711,3306,6396,1393,1620,1609,3246,1307,4820,695,774,1982,2550,1699,2921,1602,4016,1910,3541,850,934,763,1447,527,2144,52860,28355,124,0,589,0,0,2,0
2021-02-09T23:59:59+01:00,3,2,1312,1195,3492,4671,2926,5428,2862,7615,3269,6328,1386,1607,1581,3225,1297,4807,647,697,1723,2195,1506,2532,1418,3517,1738,3177,819,900,742,1375,506,2032,52550,25524,119,0,335,0,0,2,0
2021-02-08T23:59:59+01:00,3,2,1298,1191,3463,4642,2906,5390,2841,7563,3250,6298,1376,1600,1572,3199,1295,4789,634,663,1573,1958,1366,2280,1284,3209,1578,2917,780,879,694,1269,474,1863,52251,23421,93,0,332,0,0,2,0
2021-02-07T23:59:59+01:00,3,2,1165,1148,3356,4586,2851,5347,2814,7524,3225,6259,1366,1584,1564,3177,1290,4757,487,517,1304,1603,1126,1830,1076,2620,1351,2398,674,753,612,1110,429,1648,51951,19538,65,0,0,0,0,2,0
2021-02-06T23:59:59+01:00,3,2,1161,1146,3354,4584,2847,5344,2807,7521,3221,6255,1364,1582,1563,3174,1289,4757,363,368,1104,1351,989,1526,932,2207,1185,1979,585,651,585,1093,426,1645,51907,16989,65,0,0,0,0,2,0
2021-02-05T23:59:59+01:00,3,1,1150,1137,3338,4563,2839,5317,2796,7476,3202,6209,1358,1574,1560,3167,1288,4757,261,206,920,1033,841,1154,757,1755,1007,1570,468,545,558,1073,423,1641,51668,14212,65,0,0,0,0,2,0
2021-02-04T23:59:59+01:00,3,1,1134,1120,3293,4515,2798,5242,2754,7344,3154,6124,1344,1559,1547,3135,1279,4730,133,81,615,660,550,733,515,1144,665,980,288,362,458,927,385,1490,51031,9986,43,0,0,0,0,2,0
2021-02-03T23:59:59+01:00,3,1,1112,1114,3265,4469,2769,5196,2732,7289,3123,6066,1334,1550,1523,3094,1273,4685,115,65,490,511,419,594,414,905,511,739,240,284,359,728,301,1161,50554,7836,42,0,0,0,0,2,0
2021-02-02T23:59:59+01:00,3,1,1091,1101,3226,4438,2739,5143,2706,7213,3089,6000,1311,1522,1490,3037,1247,4593,105,56,407,413,348,516,366,818,458,660,219,261,314,658,277,1043,49907,6919,41,0,0,0,0,2,0
2021-02-01T23:59:59+01:00,3,1,1075,1091,3205,4384,2708,5080,2674,7086,3059,5903,1291,1494,1466,3001,1231,4530,78,41,310,309,256,392,273,609,324,495,180,211,248,521,215,813,49239,5275,41,0,0,0,0,2,0
2021-01-31T23:59:59+01:00,3,1,1070,1081,3190,4355,2684,5036,2659,7031,3045,5860,1280,1477,1446,2936,1208,4452,68,40,285,285,231,346,252,568,294,456,161,193,208,426,174,657,48771,4644,41,0,0,0,0,2,0
2021-01-30T23:59:59+01:00,3,1,1070,1081,3187,4351,2683,5036,2658,7030,3045,5859,1280,1476,1445,2936,1208,4452,68,37,278,271,218,330,247,557,290,450,160,190,207,426,174,657,48761,4560,38,0,0,0,0,2,0
2021-01-29T23:59:59+01:00,3,1,1069,1080,3186,4348,2683,5034,2658,7028,3042,5857,1280,1476,1445,2935,1208,4452,64,33,260,257,195,310,231,540,279,442,155,188,203,420,173,655,48745,4405,38,0,0,0,0,2,0
2021-01-28T23:59:59+01:00,3,1,1049,1061,3119,4242,2629,4923,2601,6872,2975,5726,1266,1454,1432,2869,1186,4332,55,18,163,154,129,186,161,355,204,279,124,145,157,261,101,378,47703,2870,35,0,0,0,0,2,0
2021-01-27T23:59:59+01:00,3,1,1004,1023,3033,4098,2548,4746,2506,6590,2891,5525,1236,1412,1396,2780,1153,4193,26,7,98,71,58,91,82,207,114,146,94,113,113,193,76,270,46111,1759,25,0,0,0,0,2,0
2021-01-26T23:59:59+01:00,2,1,926,994,2917,3963,2469,4561,2424,6410,2820,5370,1210,1363,1305,2627,939,3794,26,7,93,70,57,90,80,207,112,145,92,112,113,193,76,270,44079,1743,14,0,0,0,0,2,0
2021-01-25T23:59:59+01:00,2,1,911,977,2838,3834,2423,4413,2363,6214,2761,5219,1192,1341,1291,2602,929,3761,26,7,92,70,55,90,80,207,112,143,92,112,113,193,76,270,43062,1738,9,0,0,0,0,1,0
2021-01-24T23:59:59+01:00,2,1,901,973,2818,3819,2413,4382,2337,6175,2728,5159,1180,1335,1282,2580,916,3727,26,7,92,70,55,90,80,207,112,143,91,112,113,193,76,270,42721,1737,6,0,0,0,0,1,0
2021-01-23T23:59:59+01:00,2,1,901,973,2818,3818,2413,4382,2337,6175,2727,5159,1178,1334,1282,2580,916,3727,26,7,92,70,55,90,80,207,112,143,91,112,113,193,76,269,42718,1736,5,0,0,0,0,0,0
2021-01-22T23:59:59+01:00,2,1,895,966,2786,3772,2379,4317,2306,6100,2706,5112,1177,1333,1281,2579,915,3724,26,7,92,70,55,90,80,207,112,143,91,112,113,193,76,269,42346,1736,5,0,0,0,0,0,0
2021-01-21T23:59:59+01:00,2,1,880,898,2528,3356,2178,3901,2126,5492,2482,4626,1125,1285,1237,2459,885,3572,22,7,81,64,51,73,67,167,92,132,81,97,96,143,64,208,39028,1445,5,0,0,0,0,0,0
2021-01-20T23:59:59+01:00,2,1,805,836,2216,2953,1971,3435,1895,4883,2226,4149,1013,1146,1079,2113,772,3109,22,7,81,64,51,72,67,167,92,132,81,97,96,143,64,208,34599,1444,5,0,0,0,0,0,0
2021-01-19T23:59:59+01:00,2,1,745,758,1927,2511,1729,2974,1660,4226,1983,3677,940,1051,959,1840,675,2760,11,3,48,45,32,44,34,98,43,76,36,37,46,75,39,133,30414,800,4,0,0,0,0,0,0
2021-01-18T23:59:59+01:00,2,1,675,702,1698,2113,1491,2498,1411,3540,1726,3170,859,967,860,1634,623,2490,5,2,18,11,13,20,17,53,17,33,19,22,25,53,28,75,26458,411,2,0,0,0,0,0,0
2021-01-17T23:59:59+01:00,1,1,495,543,1382,1710,1210,1965,1155,2804,1448,2549,720,815,713,1355,513,2122,0,1,3,2,0,0,0,0,0,0,0,0,0,0,0,0,21499,6,2,0,0,0,0,0,0
2021-01-16T23:59:59+01:00,1,0,372,395,1200,1463,1090,1678,1014,2404,1291,2142,633,717,685,1339,511,2121,0,0,0,0,0,0,0,0,0,0,0,0,0,0,0,0,19055,0,1,0,0,0,0,0,0
2021-01-15T23:59:59+01:00,1,0,266,232,1016,1160,942,1331,845,1956,1111,1741,516,607,647,1306,500,2081,0,0,0,0,0,0,0,0,0,0,0,0,0,0,0,0,16257,0,1,0,0,0,0,0,0
2021-01-14T23:59:59+01:00,0,0,151,102,700,773,650,860,609,1299,747,1124,331,420,538,1124,450,1857,0,0,0,0,0,0,0,0,0,0,0,0,0,0,0,0,11735,0,0,0,0,0,0,0,0
2021-01-13T23:59:59+01:00,0,0,127,81,589,605,526,692,492,1043,590,859,278,346,452,957,393,1589,0,0,0,0,0,0,0,0,0,0,0,0,0,0,0,0,9619,0,0,0,0,0,0,0,0
2021-01-12T23:59:59+01:00,0,0,116,66,508,518,448,594,429,918,520,758,244,297,369,765,327,1241,0,0,0,0,0,0,0,0,0,0,0,0,0,0,0,0,8118,0,0,0,0,0,0,0,0
2021-01-11T23:59:59+01:00,0,0,87,53,415,420,364,484,343,741,413,585,210,246,309,636,268,1044,0,0,0,0,0,0,0,0,0,0,0,0,0,0,0,0,6618,0,0,0,0,0,0,0,0
2021-01-10T23:59:59+01:00,0,0,73,45,351,347,298,403,287,644,343,518,185,218,249,505,211,814,0,0,0,0,0,0,0,0,0,0,0,0,0,0,0,0,5491,0,0,0,0,0,0,0,0
2021-01-09T23:59:59+01:00,0,0,73,43,336,327,274,381,279,628,335,511,184,217,248,503,211,814,0,0,0,0,0,0,0,0,0,0,0,0,0,0,0,0,5364,0,0,0,0,0,0,0,0
2021-01-08T23:59:59+01:00,0,0,69,37,302,295,228,340,252,587,308,474,167,199,223,445,191,717,0,0,0,0,0,0,0,0,0,0,0,0,0,0,0,0,4834,0,0,0,0,0,0,0,0
2021-01-07T23:59:59+01:00,0,0,58,25,212,197,159,241,193,420,237,338,138,160,169,288,120,446,0,0,0,0,0,0,0,0,0,0,0,0,0,0,0,0,3401,0,0,0,0,0,0,0,0
2021-01-06T23:59:59+01:00,0,0,47,16,162,119,113,160,143,293,174,238,108,128,128,222,81,313,0,0,0,0,0,0,0,0,0,0,0,0,0,0,0,0,2445,0,0,0,0,0,0,0,0
2021-01-05T23:59:59+01:00,0,0,29,8,96,72,58,93,85,211,113,148,98,118,119,204,80,291,0,0,0,0,0,0,0,0,0,0,0,0,0,0,0,0,1823,0,0,0,0,0,0,0,0
2021-01-04T23:59:59+01:00,0,0,27,8,96,71,55,91,85,211,113,146,98,117,119,204,80,291,0,0,0,0,0,0,0,0,0,0,0,0,0,0,0,0,1812,0,0,0,0,0,0,0,0
2021-01-03T23:59:59+01:00,0,0,27,8,96,71,55,91,85,211,113,146,97,117,119,204,80,291,0,0,0,0,0,0,0,0,0,0,0,0,0,0,0,0,1811,0,0,0,0,0,0,0,0
2021-01-02T23:59:59+01:00,0,0,27,8,96,71,55,91,85,211,112,146,97,117,119,204,80,290,0,0,0,0,0,0,0,0,0,0,0,0,0,0,0,0,1809,0,0,0,0,0,0,0,0
2021-01-01T23:59:59+01:00,0,0,27,8,96,71,55,91,85,211,112,145,97,117,119,204,80,290,0,0,0,0,0,0,0,0,0,0,0,0,0,0,0,0,1808,0,0,0,0,0,0,0,0
2020-12-31T23:59:59+01:00,0,0,27,8,96,71,55,91,85,211,111,145,97,117,119,204,80,290,0,0,0,0,0,0,0,0,0,0,0,0,0,0,0,0,1807,0,0,0,0,0,0,0,0
2020-12-30T23:59:59+01:00,0,0,27,8,96,71,54,91,85,211,111,145,97,117,119,204,80,290,0,0,0,0,0,0,0,0,0,0,0,0,0,0,0,0,1806,0,0,0,0,0,0,0,0
2020-12-29T23:59:59+01:00,0,0,15,2,64,53,32,61,50,138,64,88,47,51,66,119,51,195,0,0,0,0,0,0,0,0,0,0,0,0,0,0,0,0,1096,0,0,0,0,0,0,0,0
2020-12-28T23:59:59+01:00,0,0,5,2,36,26,19,30,21,67,25,41,20,22,26,47,28,74,0,0,0,0,0,0,0,0,0,0,0,0,0,0,0,0,489,0,0,0,0,0,0,0,0
2020-12-27T23:59:59+01:00,0,0,0,0,7,5,7,2,1,5,0,2,0,1,2,2,4,6,0,0,0,0,0,0,0,0,0,0,0,0,0,0,0,0,44,0,0,0,0,0,0,0,0
