Datum,<15_m,<15_w,15-24_1_m,15-24_1_w,25-34_1_m,25-34_1_w,35-44_1_m,35-44_1_w,45-54_1_m,45-54_1_w,55-64_1_m,55-64_1_w,65-74_1_m,65-74_1_w,75-84_1_m,75-84_1_w,>84_1_m,>84_1_w,<24_2_m,<24_2_w,25-34_2_m,25-34_2_w,35-44_2_m,35-44_2_w,45-54_2_m,45-54_2_w,55-64_2_m,55-64_2_w,65-74_2_m,65-74_2_w,75-84_2_m,75-84_2_w,>84_2_m,>84_2_w,bp_1,bp_2,mo_1,mo_2,az_1,az_2,ja,unb_1,unb_2
2021-09-03T23:59:59+02:00,8389,8082,59726,60051,102551,100157,94217,93711,91678,97135,91816,93968,55290,68722,43633,60520,10546,21303,53490,53816,96081,93078,88620,87202,86969,91753,87952,90078,53497,66475,42404,58585,10154,20315,787868,741377,133299,126620,158576,143397,81632,120,107
2021-09-02T23:59:59+02:00,8267,7993,59478,59812,102295,99916,94011,93485,91493,96971,91693,93870,55243,68661,43609,60488,10545,21289,53235,53567,95794,92803,88379,86933,86750,91550,87809,89961,53453,66395,42378,58550,10148,20302,786228,739796,133204,126316,158564,143279,81003,120,107
2021-09-01T23:59:59+02:00,8206,7909,59278,59614,102111,99752,93869,93340,91380,96849,91585,93790,55197,68610,43594,60464,10537,21272,52992,53357,95579,92605,88195,86724,86584,91397,87677,89855,53391,66318,42345,58510,10141,20285,785024,738468,133133,126066,158552,143164,80528,120,106
2021-08-31T23:59:59+02:00,8137,7852,59108,59422,101948,99605,93719,93210,91275,96749,91468,93719,55152,68561,43568,60426,10527,21258,52789,53150,95342,92408,88008,86510,86441,91264,87529,89760,53349,66256,42321,58462,10136,20267,783904,737254,133055,125764,158539,143054,80086,120,106
2021-08-30T23:59:59+02:00,8043,7776,58911,59243,101775,99463,93599,93076,91161,96646,91401,93642,55117,68533,43551,60392,10522,21243,52552,52969,95101,92178,87804,86282,86265,91124,87402,89639,53294,66180,42282,58400,10120,20238,782804,735871,133001,125453,158532,142906,79637,120,106
2021-08-29T23:59:59+02:00,7967,7701,58639,59007,101546,99273,93420,92906,91022,96529,91315,93553,55072,68483,43527,60362,10520,21234,52207,52668,94792,91898,87521,86032,86035,90933,87249,89516,53228,66105,42253,58362,10114,20222,781473,734019,132914,125124,158518,142764,79051,120,106
2021-08-28T23:59:59+02:00,7910,7637,58507,58897,101440,99166,93319,92825,90938,96455,91270,93524,55058,68470,43519,60357,10519,21232,52033,52523,94638,91769,87387,85924,85926,90847,87184,89473,53212,66085,42244,58354,10113,20221,780863,733221,132877,125023,158514,142739,78669,120,106
2021-08-27T23:59:59+02:00,7846,7553,58320,58713,101281,99006,93184,92702,90832,96352,91183,93469,55037,68441,43511,60341,10518,21229,51791,52289,94354,91497,87171,85726,85757,90696,87077,89376,53171,66049,42232,58329,10109,20218,779918,731682,132815,124826,158466,142704,78199,120,106
2021-08-26T23:59:59+02:00,7761,7455,58092,58473,101065,98792,92972,92482,90655,96177,91082,93374,54989,68382,43478,60314,10512,21217,51461,52012,93999,91156,86846,85420,85517,90444,86924,89247,53112,65962,42186,58286,10104,20206,778502,729820,132721,124429,158440,142574,77489,120,106
2021-08-25T23:59:59+02:00,7691,7366,57882,58292,100900,98658,92825,92304,90543,96055,90979,93299,54954,68338,43448,60271,10508,21195,51170,51770,93707,90907,86625,85178,85323,90257,86797,89123,53051,65883,42144,58220,10100,20179,777360,728158,132642,124117,158431,142504,76955,120,106
2021-08-24T23:59:59+02:00,7643,7317,57673,58085,100724,98493,92665,92147,90437,95935,90895,93234,54918,68284,43425,60229,10501,21171,50861,51516,93370,90624,86332,84931,85124,90075,86649,88969,52970,65791,42097,58156,10092,20156,776273,726386,132552,123824,158427,142287,76404,120,106
2021-08-23T23:59:59+02:00,7590,7268,57477,57892,100559,98340,92539,91994,90348,95850,90823,93150,54883,68241,43396,60203,10497,21154,50547,51255,93036,90355,86086,84662,84936,89912,86519,88846,52894,65700,42064,58107,10085,20138,775176,724542,132481,123544,158417,142111,76010,120,106
2021-08-22T23:59:59+02:00,7523,7212,57286,57714,100372,98192,92384,91865,90252,95734,90747,93085,54851,68197,43383,60179,10492,21140,50184,50911,92643,89965,85779,84368,84703,89680,86351,88724,52820,65600,42033,58048,10076,20116,774195,722263,132388,123241,158405,141898,75500,120,106
2021-08-21T23:59:59+02:00,7470,7174,57156,57594,100242,98090,92281,91762,90155,95676,90691,93050,54831,68176,43375,60162,10490,21137,49858,50613,92482,89825,85610,84217,84555,89557,86267,88664,52789,65578,42023,58033,10075,20110,773529,720768,132317,123013,158404,141857,75142,120,106
2021-08-20T23:59:59+02:00,7421,7121,57004,57425,100073,97937,92131,91628,90038,95556,90617,92990,54809,68154,43365,60145,10488,21133,49538,50288,92224,89565,85350,83980,84341,89355,86138,88556,52758,65537,42001,58009,10068,20104,772588,718859,132271,122806,158400,141790,74656,120,106
2021-08-19T23:59:59+02:00,7355,7061,56773,57200,99820,97718,91938,91445,89879,95398,90494,92889,54769,68097,43340,60114,10482,21120,49105,49859,91812,89176,84951,83581,84037,89051,85925,88375,52687,65432,41963,57950,10058,20086,771295,716221,132148,122367,158395,141587,73934,120,106
2021-08-18T23:59:59+02:00,7294,7007,56597,57045,99645,97550,91799,91289,89745,95280,90393,92794,54703,68035,43311,60070,10473,21100,48766,49505,91442,88859,84638,83253,83764,88799,85737,88206,52576,65322,41894,57861,10044,20056,770185,713890,132066,121978,158388,141352,73371,120,106
2021-08-17T23:59:59+02:00,7233,6956,56417,56893,99455,97378,91641,91148,89625,95152,90297,92705,54666,67988,43288,60043,10471,21085,48283,49098,90997,88436,84239,82900,83437,88513,85534,88008,52474,65200,41838,57786,10038,20034,769110,710926,131965,121573,158374,141064,72872,120,106
2021-08-16T23:59:59+02:00,7176,6889,56240,56728,99265,97207,91496,90996,89490,95037,90185,92609,54615,67927,43260,59995,10463,21072,47731,48539,90535,88004,83777,82509,83112,88223,85308,87810,52373,65087,41782,57708,10029,19998,767979,707481,131877,121132,158368,140837,72306,120,106
2021-08-15T23:59:59+02:00,7112,6840,56029,56546,99087,97035,91344,90862,89367,94935,90096,92551,54580,67886,43240,59966,10459,21065,46623,47439,89898,87327,83230,81982,82720,87839,85023,87606,52266,64965,41741,57650,10020,19978,766946,701775,131769,120504,158359,140659,71806,120,105
2021-08-14T23:59:59+02:00,7082,6810,55912,56456,98947,96936,91241,90787,89281,94867,90046,92507,54565,67870,43235,59959,10458,21064,46477,47303,89675,87151,83020,81780,82598,87741,84955,87562,52238,64934,41732,57639,10019,19976,766431,700991,131714,120185,158355,140607,71403,120,105
2021-08-13T23:59:59+02:00,7039,6766,55764,56334,98796,96813,91116,90653,89180,94755,89969,92446,54536,67821,43221,59937,10456,21058,46182,46995,89211,86762,82627,81409,82339,87507,84791,87426,52196,64868,41711,57615,10016,19965,765634,698816,131657,119640,158348,140529,70903,118,105
2021-08-12T23:59:59+02:00,7004,6716,55561,56176,98597,96639,90945,90496,89037,94618,89878,92370,54499,67769,43196,59903,10448,21041,45776,46612,88588,86202,82057,80874,81966,87190,84563,87253,52123,64768,41660,57556,10006,19948,764609,695931,131552,118811,158337,140278,70277,118,105
2021-08-11T23:59:59+02:00,6970,6662,55375,56011,98396,96464,90793,90363,88908,94508,89769,92269,54448,67712,43165,59865,10438,21026,45367,46162,87985,85551,81486,80371,81638,86888,84298,87017,52040,64633,41588,57435,9989,19905,763514,692830,131457,117873,158314,139948,69739,118,104
2021-08-10T23:59:59+02:00,6909,6616,55194,55855,98195,96324,90635,90215,88782,94397,89685,92194,54405,67667,43149,59826,10434,21013,44943,45705,87348,84946,80888,79835,81234,86509,84055,86804,51918,64528,41530,57350,9976,19874,762492,689553,131363,116934,158295,139637,69227,118,104
2021-08-09T23:59:59+02:00,6859,6559,55029,55692,98011,96178,90493,90080,88650,94304,89577,92135,54367,67620,43124,59794,10427,20999,44395,45159,86524,84276,80205,79254,80823,86167,83763,86584,51809,64397,41474,57250,9962,19831,761535,685790,131290,115878,158287,139294,68668,118,104
2021-08-08T23:59:59+02:00,6789,6492,54809,55508,97817,95997,90322,89921,88518,94192,89484,92062,54314,67575,43099,59760,10420,20978,43802,44561,85480,83357,79316,78452,80290,85696,83440,86288,51679,64246,41414,57160,9950,19805,760372,680777,131181,114699,158267,138986,68119,118,104
2021-08-07T23:59:59+02:00,6745,6443,54671,55384,97683,95888,90193,89820,88425,94134,89422,92022,54295,67549,43095,59750,10417,20973,42977,43695,85151,83030,78847,78014,79936,85348,83257,86147,51616,64163,41393,57124,9945,19796,759719,677127,131117,113555,158263,138880,67692,118,103
2021-08-06T23:59:59+02:00,6691,6394,54483,55242,97459,95710,90044,89691,88301,94021,89327,91953,54256,67522,43086,59724,10414,20969,42064,42820,84696,82577,78258,77461,79548,84970,83068,86000,51566,64099,41367,57092,9937,19784,758778,673212,131028,112280,158256,138746,67107,118,103
2021-08-05T23:59:59+02:00,6626,6326,54173,55001,97173,95451,89796,89482,88092,93838,89158,91823,54192,67434,43057,59672,10405,20950,40844,41676,83976,81916,77487,76672,78953,84412,82714,85699,51434,63941,41306,56993,9922,19752,757188,667712,130904,110665,158245,138205,66194,118,103
2021-08-04T23:59:59+02:00,6544,6275,53940,54822,96940,95247,89626,89317,87953,93701,89041,91725,54139,67382,43021,59627,10402,20940,40385,41196,82782,80875,76163,75531,78463,83963,82397,85452,51297,63804,41250,56909,9906,19727,755931,662569,130798,109164,158232,137753,65563,118,103
2021-08-03T23:59:59+02:00,6479,6212,53683,54631,96712,95059,89456,89158,87813,93558,88897,91605,54059,67301,42985,59569,10394,20932,39950,40789,81538,79741,74744,74342,77860,83399,81854,84963,51084,63601,41149,56753,9893,19691,754574,656787,130697,107465,158210,137048,64904,118,103
2021-08-02T23:59:59+02:00,6418,6149,53446,54434,96457,94844,89242,88989,87649,93415,88756,91490,53978,67231,42954,59521,10391,20912,39487,40323,80232,78638,73199,73133,77238,82831,81314,84482,50915,63400,41075,56634,9876,19657,753173,650778,130553,105703,158189,136450,64243,118,103
2021-08-01T23:59:59+02:00,6354,6064,53180,54172,96198,94576,89011,88819,87443,93272,88592,91380,53914,67147,42918,59470,10384,20905,38971,39832,78941,77556,71794,72032,76350,82080,80733,84018,50731,63164,40992,56529,9866,19633,751586,644630,130363,103804,158170,135842,63562,118,101
2021-07-31T23:59:59+02:00,6319,6025,53063,54082,96082,94484,88910,88753,87354,93201,88548,91344,53903,67138,42912,59466,10384,20904,38027,38827,78498,77116,71262,71480,75969,81753,80617,83922,50712,63131,40976,56518,9866,19630,751114,639998,130199,102932,158168,135747,63273,118,101
2021-07-30T23:59:59+02:00,6266,5990,52896,53942,95928,94313,88759,88607,87227,93088,88467,91275,53866,67108,42900,59448,10382,20902,37031,37784,77809,76476,70515,70749,75457,81228,80217,83601,50638,63043,40944,56458,9860,19619,750243,633861,129888,101800,158165,135541,62950,118,101
2021-07-29T23:59:59+02:00,6215,5932,52664,53763,95679,94090,88547,88400,87061,92917,88327,91149,53809,67045,42877,59413,10374,20882,35792,36571,76764,75602,69464,69796,74655,80482,79678,83176,50506,62880,40877,56363,9843,19592,749022,626145,129417,100250,158151,134986,62436,118,101
2021-07-28T23:59:59+02:00,6177,5880,52468,53599,95478,93889,88399,88220,86945,92778,88217,91056,53752,66973,42845,59365,10365,20853,35189,35993,75610,74634,68187,68688,73897,79772,79188,82725,50369,62679,40809,56261,9826,19554,747878,619866,128974,98842,158133,134202,62156,118,101
2021-07-27T23:59:59+02:00,6129,5841,52237,53379,95216,93683,88223,88039,86788,92628,88097,90959,53699,66901,42801,59303,10351,20805,34540,35264,74164,73401,66741,67473,73038,78923,78643,82216,50196,62471,40729,56140,9801,19511,746490,612656,128554,97390,158110,132968,61807,118,100
2021-07-26T23:59:59+02:00,6072,5790,52025,53177,94978,93491,88031,87875,86631,92494,87967,90861,53639,66822,42772,59249,10344,20784,33786,34464,72659,72069,65380,66237,71996,77941,78054,81686,50026,62257,40651,55993,9779,19466,745172,604650,128133,95864,158094,131902,61485,118,100
2021-07-25T23:59:59+02:00,6034,5748,51825,52986,94727,93265,87863,87691,86481,92366,87861,90765,53589,66759,42744,59205,10334,20748,33082,33724,71320,70865,64269,65225,70994,77036,77585,81241,49910,62074,40587,55906,9773,19432,743818,597733,127859,94298,158075,131109,61121,118,100
2021-07-24T23:59:59+02:00,5946,5692,51553,52697,94425,92954,87618,87478,86303,92212,87761,90686,53559,66725,42733,59182,10334,20742,32598,33249,70466,70180,63599,64674,70119,76338,77381,81090,49856,62032,40566,55881,9773,19430,741962,593376,127804,93368,158073,130985,60643,118,100
2021-07-23T23:59:59+02:00,5894,5637,51287,52428,94036,92677,87328,87264,86123,92032,87626,90592,53526,66678,42725,59164,10331,20736,32094,32634,69412,69337,62817,64012,69215,75492,76979,80764,49781,61934,40534,55843,9766,19416,739947,587836,127731,92207,158067,130808,60221,118,100
2021-07-22T23:59:59+02:00,5823,5573,50877,52030,93582,92239,86946,86935,85818,91735,87410,90412,53441,66584,42696,59106,10322,20711,31406,31930,68116,68349,61774,63133,67597,74142,76335,80258,49630,61730,40444,55733,9745,19378,736947,581475,127498,89454,158043,130042,59634,118,100
2021-07-21T23:59:59+02:00,5771,5522,50519,51658,93153,91831,86645,86637,85562,91491,87241,90229,53359,66502,42638,59039,10311,20683,30811,31304,66787,67312,60695,62238,65559,72457,75430,79515,49341,61421,40284,55545,9721,19322,734186,575231,127266,85152,158018,128956,59203,118,100
2021-07-20T23:59:59+02:00,5713,5459,50134,51271,92696,91371,86281,86319,85298,91240,87023,90035,53268,66367,42592,58980,10305,20658,30160,30677,65336,66135,59556,61284,64375,71399,74820,78963,49133,61188,40178,55388,9699,19261,731268,568221,127046,83492,157962,127931,58616,118,100
2021-07-19T23:59:59+02:00,5634,5385,49673,50820,92227,90902,85918,85991,85049,91029,86818,89861,53175,66248,42556,58902,10288,20622,29627,30114,64181,65083,58638,60421,63223,70363,74225,78449,48959,60991,40086,55243,9671,19216,728031,562473,126824,81690,157929,126743,58196,118,100
2021-07-18T23:59:59+02:00,5566,5316,48851,50011,91179,89874,85198,85384,84576,90605,86527,89571,53068,66100,42493,58807,10278,20591,29081,29537,63013,64017,57714,59508,62048,69338,73679,77951,48813,60830,40028,55160,9659,19188,721653,556665,126494,79673,157912,125939,57818,118,100
2021-07-17T23:59:59+02:00,5392,5130,48501,49683,91035,89741,85004,85225,84419,90470,86418,89488,53046,66073,42482,58795,10277,20588,28704,29169,62375,63424,57167,59084,61290,68603,73374,77710,48703,60713,39988,55102,9649,19177,720478,553681,126317,78706,157906,125321,56948,118,100
2021-07-16T23:59:59+02:00,5293,5039,48183,49402,90771,89523,84759,85025,84216,90286,86280,89380,53005,66042,42464,58781,10274,20583,28215,28680,61446,62519,56321,58396,60235,67568,72872,77292,48543,60525,39942,55034,9644,19168,719110,548753,126149,77384,157896,124585,56033,118,100
2021-07-15T23:59:59+02:00,5156,4907,47709,48996,90384,89153,84402,84646,83918,90012,86061,89212,52924,65952,42410,58713,10264,20556,27488,28070,60142,61471,55206,57414,58836,66261,72146,76709,48322,60267,39856,54906,9628,19113,716672,543000,125731,75196,157860,122927,54994,118,100
2021-07-14T23:59:59+02:00,5050,4794,47367,48621,90088,88863,84118,84336,83668,89772,85858,89057,52836,65844,42352,58624,10247,20526,26974,27532,59061,60485,54243,56578,57962,65417,71535,76128,48054,59989,39752,54733,9606,19069,714525,537641,125374,74282,157813,121243,54192,117,100
2021-07-13T23:59:59+02:00,4937,4677,46965,48245,89698,88507,83813,84035,83404,89516,85654,88892,52728,65740,42298,58560,10241,20506,26330,26882,57694,59304,53050,55593,56971,64506,70812,75492,47779,59668,39624,54557,9576,19019,712194,531341,125006,73182,157759,119207,53341,116,99
2021-07-12T23:59:59+02:00,4769,4508,46427,47739,89302,88175,83423,83720,83159,89261,85467,88734,52647,65645,42250,58495,10229,20491,25711,26240,56189,57961,51759,54534,55744,63367,70069,74874,47408,59241,39449,54336,9535,18954,709527,524085,124636,72155,157696,116864,52466,116,98
2021-07-11T23:59:59+02:00,4374,4136,45486,46823,88881,87747,83008,83335,82852,88974,85276,88588,52561,65555,42225,58439,10218,20474,25115,25678,54817,56703,50463,53494,54699,62335,69480,74325,47063,58859,39325,54161,9510,18912,705603,517479,124165,71147,157657,115079,51413,114,98
2021-07-10T23:59:59+02:00,4362,4121,45156,46488,88430,87269,82676,83023,82750,88877,85208,88530,52541,65532,42216,58425,10217,20470,24631,25153,53741,55767,49605,52913,54102,61767,69263,74138,46692,58440,39225,54056,9505,18901,704940,513189,123701,71063,157481,113759,50056,113,98
2021-07-09T23:59:59+02:00,4343,4108,44737,46056,87822,86720,82298,82685,82500,88693,85093,88437,52507,65503,42209,58412,10213,20461,23935,24386,52426,54531,48670,52033,53324,60915,68841,73739,46331,58034,39139,53965,9497,18889,703548,507035,123123,70659,157316,112412,48697,113,97
2021-07-08T23:59:59+02:00,4317,4082,44191,45576,86966,86020,81778,82178,82247,88455,84898,88284,52442,65436,42178,58366,10202,20445,22963,23468,50495,52975,47295,50883,52190,59793,68161,73105,45817,57482,39004,53802,9469,18820,701464,499353,122237,69393,157027,109879,47220,113,97
2021-07-07T23:59:59+02:00,4293,4054,43624,45007,86141,85257,81236,81701,81963,88163,84696,88123,52364,65337,42138,58304,10195,20425,22102,22579,48554,51299,45789,49748,50956,58617,67473,72572,45087,56746,38814,53563,9438,18762,698989,491241,121244,68280,156776,106778,45900,112,95
2021-07-06T23:59:59+02:00,4261,4034,43084,44492,85294,84528,80628,81112,81595,87835,84523,87949,52275,65256,42100,58241,10186,20400,21274,21728,46575,49512,44405,48498,49684,57284,66729,71853,44259,55975,38628,53324,9420,18706,696373,482304,120222,67200,156478,103822,44609,111,95
2021-07-05T23:59:59+02:00,4238,3997,41943,43524,83801,83447,79897,80499,81145,87418,84251,87688,52158,65120,42051,58163,10172,20372,20101,20687,44633,47921,43379,47535,48654,56324,66032,71237,43502,55113,38456,53100,9396,18667,693105,476341,119164,66331,156115,100734,41389,111,95
2021-07-04T23:59:59+02:00,4210,3976,40595,42333,82167,82132,79178,79891,80675,86993,83981,87492,52068,64994,42005,58112,10159,20343,18756,19485,42846,46409,42681,46796,47846,55467,65453,70670,42760,54270,38292,52908,9377,18619,690034,471709,118010,65402,155694,98117,37455,111,95
2021-07-03T23:59:59+02:00,3746,3561,39038,40807,81310,81481,78693,79401,80232,86516,83765,87322,52000,64893,41987,58060,10156,20337,17948,18797,41933,45718,42263,46415,47441,55068,65289,70505,42172,53543,38230,52809,9370,18609,686338,469779,116702,65302,155610,96527,34544,111,95
2021-07-02T23:59:59+02:00,3187,2989,37491,39328,80593,80756,78022,78702,79712,86014,83523,87122,51949,64807,41958,58013,10144,20324,17194,18084,40791,44763,41529,45722,46607,54284,64769,70058,41222,52338,38100,52620,9354,18590,681332,464738,115298,64840,155456,94036,32437,111,94
2021-07-01T23:59:59+02:00,2546,2445,35781,37681,79626,79899,77191,77873,79009,85379,83209,86843,51828,64648,41895,57909,10125,20296,16332,17195,39260,43529,40315,44656,45300,53156,64032,69485,40335,51202,37950,52413,9337,18558,675049,458396,113591,63188,155230,91271,30202,111,94
2021-06-30T23:59:59+02:00,2504,2414,34779,36680,77798,78399,75486,76374,78351,84832,82924,86550,51698,64488,41835,57813,10113,20269,15311,16234,37577,42303,39116,43545,44140,52101,63280,68860,39790,50520,37835,52218,9315,18523,669203,452287,111857,61848,155014,89394,27122,111,93
2021-06-29T23:59:59+02:00,2471,2381,33950,35796,76201,76914,73869,74956,77561,84113,82380,86061,51516,64269,41758,57682,10096,20233,14480,15338,36264,41163,38197,42725,42915,51049,62568,68276,39084,49586,37699,52000,9293,18480,662877,447129,109982,60011,154744,87446,24493,111,92
2021-06-28T23:59:59+02:00,2431,2348,33147,34999,74582,75506,72190,73555,76537,83325,81774,85562,51337,64042,41681,57575,10083,20199,13739,14595,35208,40145,37369,41993,41791,50054,61920,67730,38211,48499,37532,51779,9273,18433,656427,442307,108017,58497,154149,85247,22169,111,91
2021-06-27T23:59:59+02:00,2417,2333,32415,34259,73014,74137,70787,72349,75140,82205,81098,85009,51138,63825,41616,57458,10073,20170,13107,13968,34250,39392,36710,41388,40857,49205,61383,67286,37351,47470,37380,51602,9258,18402,650240,438416,106079,57733,153197,82988,19816,111,91
2021-06-26T23:59:59+02:00,1785,1726,31384,33162,72663,73822,70323,71886,74846,81893,81004,84927,51117,63797,41602,57448,10072,20167,12914,13762,33589,38848,36068,40966,40338,48870,60387,66284,36363,46335,37213,51388,9244,18369,645478,432446,105142,57681,153192,81049,19705,107,91
2021-06-25T23:59:59+02:00,1167,1128,30272,32001,72177,73296,69707,71189,74423,81449,80628,84604,51056,63711,41568,57405,10067,20153,12591,13376,32735,38049,35200,40143,39399,48032,59176,65050,35847,45636,37021,51087,9221,18326,639185,424030,103952,57234,153184,79991,19573,107,91
2021-06-24T23:59:59+02:00,567,569,28940,30691,71406,72552,68834,70305,73751,80821,80182,84240,50950,63582,41516,57336,10056,20119,11935,12682,31574,36749,33985,38875,38272,46922,57542,63674,35371,45116,36865,50899,9202,18266,631419,414714,102460,55684,153070,78104,19361,107,90
2021-06-23T23:59:59+02:00,540,536,28437,30151,70300,71571,67557,69168,73004,80134,79733,83838,50839,63408,41455,57240,10039,20088,11448,12156,30575,35501,33053,37651,37258,46043,55603,61964,34821,44551,36697,50672,9181,18201,625209,404970,100888,54618,152965,76850,18869,107,89
2021-06-22T23:59:59+02:00,517,520,27926,29573,69126,70544,66353,68138,72325,79429,79319,83473,50733,63281,41407,57156,10030,20063,11104,11760,29654,34565,32090,36763,36298,45153,53636,60130,34434,44076,36559,50431,9152,18144,618898,396457,99428,53045,152830,75727,18650,107,88
2021-06-21T23:59:59+02:00,485,486,27263,28914,67808,69377,65169,67007,71564,78650,78923,83080,50625,63172,41348,57069,10017,20021,10813,11450,29030,33982,31540,36196,35697,44566,51788,58471,33726,43276,36264,50009,9123,18068,612101,388896,97933,51847,152709,75056,18129,106,88
2021-06-20T23:59:59+02:00,400,405,26625,28256,66590,68244,64146,66065,70760,77909,78568,82745,50547,63047,41299,57001,10012,19988,10526,11189,28484,33481,31084,35703,35189,44042,49949,56681,33184,42595,36067,49674,9093,18008,605722,381489,96466,51094,152611,74591,17702,106,85
2021-06-19T23:59:59+02:00,368,371,26247,27891,65859,67673,63621,65569,69964,77255,78415,82620,50526,63022,41283,56985,10011,19988,10397,10996,28237,33163,30830,35382,34967,43781,48504,55287,32924,42248,35983,49537,9085,17980,601781,376094,95523,51082,152609,74403,17649,106,85
2021-06-18T23:59:59+02:00,341,337,25787,27433,64847,66938,62883,64956,69044,76417,78025,82284,50465,62946,41256,56949,10007,19980,10183,10761,27833,32738,30504,34970,34581,43390,46777,53625,32573,41736,35846,49326,9066,17946,596375,369259,94280,50795,152600,74193,17535,105,85
2021-06-17T23:59:59+02:00,312,306,25157,26831,63593,65939,61888,64143,67453,75015,77502,81884,50365,62793,41193,56866,9994,19952,9768,10408,27039,32053,29763,34291,33744,42688,45273,52132,32128,41109,35683,49072,9034,17896,590309,361844,91628,49654,152443,73809,16702,104,84
2021-06-16T23:59:59+02:00,278,268,24636,26254,62297,64814,60780,63161,65180,73096,76656,81228,50153,62583,41102,56754,9975,19921,9448,10157,26387,31381,29055,33668,33015,42054,44681,51568,31858,40748,35537,48873,9013,17855,584082,358148,87118,48948,152008,72302,15826,102,84
2021-06-15T23:59:59+02:00,239,237,23999,25572,60896,63610,59697,62177,64025,72012,76153,80808,50030,62435,41052,56657,9968,19891,9188,9889,25786,30646,28416,32910,32338,41330,43123,49942,31412,40195,35366,48640,8983,17791,576987,351447,85489,48056,151544,71042,15336,102,84
2021-06-14T23:59:59+02:00,217,205,23532,24987,59793,62554,58822,61326,62951,71005,75679,80415,49942,62312,41002,56585,9952,19865,8902,9590,25032,29756,27649,32073,31547,40513,41840,48605,31044,39696,35229,48415,8953,17740,571128,345311,83768,47032,151341,69361,14805,102,84
2021-06-13T23:59:59+02:00,212,190,23116,24521,58864,61649,58047,60541,61843,70034,75213,79987,49854,62196,40953,56526,9940,19835,8624,9292,24322,28913,26932,31232,30783,39662,40292,47027,30581,39088,35028,48111,8923,17651,566121,338272,81904,46252,151114,67583,14280,102,83
2021-06-12T23:59:59+02:00,199,173,22890,24257,58315,61149,57688,60262,61201,69391,75013,79874,49830,62165,40941,56512,9937,19831,8509,9176,23843,28327,26415,30663,30267,39103,39215,46053,30413,38909,34932,47946,8919,17640,563232,334071,80947,46249,151106,65695,14241,102,83
2021-06-11T23:59:59+02:00,181,158,22539,23845,57576,60337,57013,59633,60296,68459,74662,79566,49757,62092,40915,56476,9934,19825,8377,8988,23333,27653,25882,30005,29685,38469,38144,45045,30143,38554,34790,47723,8906,17614,558239,329233,79655,45989,151092,63839,14176,102,82
2021-06-10T23:59:59+02:00,166,141,22008,23287,56447,59409,56083,58815,59040,67287,74127,79163,49686,61983,40891,56425,9921,19797,8116,8741,22465,26708,24916,29066,28567,37540,36754,43878,29790,38076,34510,47290,8839,17539,552701,322335,77450,45280,150848,61533,13575,102,80
2021-06-09T23:59:59+02:00,145,127,21388,22739,55191,58314,55017,57905,58088,66381,73664,78769,49599,61883,40841,56363,9907,19767,7830,8477,21546,25841,23979,28172,27534,36592,35034,42093,29405,37576,34325,47020,8798,17449,546967,314898,76000,44554,150495,59625,12524,102,78
2021-06-08T23:59:59+02:00,123,109,20717,22058,53880,57184,53898,56930,57133,65523,73117,78334,49512,61759,40786,56271,9887,19737,7562,8244,20633,24945,22920,27308,26500,35635,33685,40791,29047,37068,34004,46567,8745,17366,540312,308595,75081,43788,150051,57154,11412,102,77
2021-06-07T23:59:59+02:00,106,91,20074,21462,52443,55931,52635,55953,55974,64539,72566,77934,49427,61653,40740,56207,9874,19709,7315,8025,19790,24120,21895,26494,25466,34764,32750,40010,28763,36678,33759,46140,8694,17275,533062,303975,74186,42971,149640,54591,10328,102,77
2021-06-06T23:59:59+02:00,99,85,19567,20927,51295,54840,51531,54977,55012,63585,72059,77531,49342,61577,40703,56144,9867,19693,7107,7826,19002,23227,20995,25621,24395,33781,31837,39194,28478,36340,33503,45750,8645,17200,526734,299412,73165,42232,149304,51653,9531,100,77
2021-06-05T23:59:59+02:00,93,77,19304,20638,50527,54093,50880,54476,54538,63100,71927,77417,49331,61562,40700,56140,9864,19693,6880,7414,18361,22151,20273,24504,23519,32537,30811,37876,28145,35877,33379,45576,8638,17180,522431,293111,73160,42193,149208,48283,9461,100,77
2021-06-04T23:59:59+02:00,83,71,18861,20057,49482,53089,50070,53608,53890,62316,71584,77088,49302,61525,40680,56126,9862,19686,6662,7104,17739,21301,19596,23516,22590,31269,29601,36543,27858,35515,33267,45401,8626,17160,515974,286696,72837,42124,149189,45574,9280,100,77
2021-06-03T23:59:59+02:00,72,60,18189,19384,47964,51792,48863,52488,52925,61303,71089,76628,49236,61421,40642,56081,9849,19662,6374,6714,17004,20258,18803,22370,21591,29855,28440,35065,27313,34736,33061,45076,8590,17085,508249,279967,71824,41378,148914,42355,8562,99,76
2021-06-02T23:59:59+02:00,67,56,17820,18882,46950,50813,48003,51744,52185,60554,70840,76416,49199,61385,40623,56053,9841,19648,6192,6474,16355,19579,17895,21620,20761,28916,27346,33663,26847,34132,32902,44826,8561,17015,501996,273699,71807,41363,148892,39665,8287,97,73
2021-06-01T23:59:59+02:00,56,50,17151,18163,45096,49076,46361,50289,50668,59112,70164,75816,49109,61274,40564,55980,9828,19599,5918,6165,15196,18678,16386,20659,19554,27674,26122,32271,26296,33441,32653,44479,8515,16911,492890,267218,70466,40797,148343,36270,6562,95,73
2021-05-31T23:59:59+02:00,54,46,16676,17681,43787,47938,45153,49191,49431,58002,69488,75308,49031,61171,40520,55911,9816,19563,5641,5846,14155,17847,14985,19740,18385,26567,24901,30929,25780,32725,32459,44182,8481,16812,486651,260926,69302,40252,147882,33349,4838,94,72
2021-05-30T23:59:59+02:00,47,45,16352,17290,42810,47005,44249,48286,48437,57006,68930,74763,48924,61016,40449,55797,9801,19520,5453,5603,13607,17148,14361,19046,17500,25600,23799,29757,25010,31775,32165,43763,8436,16723,480677,254958,68267,39453,147472,31051,4218,93,68
2021-05-29T23:59:59+02:00,47,45,16221,17173,42451,46688,43906,48021,48196,56817,68872,74707,48919,61009,40443,55794,9801,19520,5290,5363,13096,16336,13715,18196,16657,24434,22689,28457,24853,31544,32102,43670,8433,16716,478715,249364,68144,39453,147464,28455,4214,93,67
2021-05-28T23:59:59+02:00,46,43,15921,16868,41755,46059,43395,47458,47690,56277,68600,74411,48854,60928,40415,55745,9798,19515,5051,4979,12560,15419,13035,17333,15792,23197,21589,27023,24605,31177,32008,43536,8423,16699,474433,243333,67642,39348,147435,25507,4175,93,65
2021-05-27T23:59:59+02:00,43,39,15402,16348,40607,45079,42375,46574,46703,55392,68015,73978,48732,60768,40361,55673,9787,19474,4827,4643,11918,14591,12250,16394,14723,22004,20329,25515,24101,30436,31836,43274,8390,16617,468605,235985,66128,38544,146714,23448,3810,93,63
2021-05-26T23:59:59+02:00,41,38,14994,15922,39509,44162,41339,45692,45677,54514,67409,73470,48579,60591,40281,55505,9766,19426,4634,4447,11361,13829,11527,15544,13719,20871,18932,23925,23515,29654,31620,42930,8337,16516,463480,228722,64103,37681,145727,21385,3512,93,63
2021-05-25T23:59:59+02:00,41,37,14604,15519,38503,43274,40370,44836,44727,53597,66799,72940,48399,60355,40202,55373,9740,19372,4427,4245,10819,13183,10767,14762,12653,19634,17497,22418,22932,28874,31385,42609,8279,16426,458177,221364,62521,36741,144618,19467,3279,93,61
2021-05-24T23:59:59+02:00,40,36,14262,15196,37673,42537,39497,44163,43864,52813,66270,72456,48274,60179,40137,55250,9720,19328,4284,4118,10372,12720,10126,14174,11768,18801,16209,21157,22262,28040,31168,42279,8220,16336,453560,214452,61290,35801,143883,18854,2869,93,60
2021-05-23T23:59:59+02:00,36,36,14094,15023,37204,42164,39047,43758,43413,52408,66000,72228,48199,60088,40099,55204,9713,19304,4094,3978,9906,12244,9502,13565,10828,17985,15013,20092,21795,27472,30916,41989,8169,16253,450371,207455,60911,35719,143860,17787,2783,93,59
2021-05-22T23:59:59+02:00,34,34,13897,14807,36515,41597,38367,43302,42842,52000,64980,71216,47993,59831,40029,55091,9703,19283,3982,3683,9691,11829,9348,13237,10585,17539,14744,19692,21701,27354,30882,41949,8162,16244,443923,206231,60908,35716,143845,15866,2752,93,59
2021-05-21T23:59:59+02:00,33,33,13518,14405,35442,40680,37305,42371,41777,51103,63625,69932,47763,59494,39949,54944,9686,19250,3876,3587,9484,11563,9137,12973,10256,17211,14332,19321,21480,27068,30821,41859,8153,16236,434318,204283,60554,35410,143610,14873,2736,92,57
2021-05-20T23:59:59+02:00,31,33,12724,13680,34002,39222,35884,40963,40373,49905,62340,68782,47474,59151,39806,54762,9665,19199,3728,3406,8958,10961,8489,12264,9559,16364,13577,18356,20663,25950,30627,41561,8114,16149,424109,199916,58853,34565,142585,11831,2359,90,57
2021-05-19T23:59:59+02:00,31,32,12186,13115,32821,37798,34780,39582,39247,48944,60338,67015,46996,58594,39623,54500,9624,19093,3625,3273,8684,10584,8193,11889,9117,15856,12940,17693,19799,24819,30401,41258,8058,16034,413265,195669,57332,33751,141475,10593,2157,90,55
2021-05-18T23:59:59+02:00,28,32,11763,12672,31779,36779,33686,38667,38204,48010,58281,65157,46641,58145,39468,54260,9592,19034,3427,3110,8185,9978,7721,11343,8574,15188,12256,16923,18857,23587,30164,40915,8021,15929,404606,191574,55372,32909,140282,7792,1850,88,55
2021-05-17T23:59:59+02:00,26,31,11512,12396,31260,36220,33189,38107,37614,47377,56381,63447,45940,57322,39192,53862,9555,18961,3345,3001,7921,9696,7428,11044,8173,14775,11686,16320,17940,22455,29931,40596,7986,15855,397025,187199,54246,32162,139471,7176,1563,87,54
2021-05-16T23:59:59+02:00,26,31,11290,12142,30738,35715,32726,37614,37092,46805,54487,61621,45395,56624,38998,53542,9528,18906,3244,2902,7633,9404,7107,10699,7697,14311,11106,15736,17008,21305,29722,40306,7948,15786,390065,182914,53278,31316,138806,6589,1045,86,52
2021-05-15T23:59:59+02:00,26,31,11136,11939,30460,35382,32488,37293,36861,46541,52916,60142,45145,56318,38921,53404,9522,18878,3223,2884,7608,9375,7092,10678,7678,14298,11089,15714,16898,21089,29513,39998,7940,15776,384255,181923,53274,31315,138760,6538,1028,86,51
2021-05-14T23:59:59+02:00,26,31,10888,11659,29989,34873,32108,36829,36348,46067,51045,58311,44784,55817,38781,53197,9506,18838,3196,2865,7538,9302,7036,10606,7619,14239,10905,15514,16166,20021,29227,39512,7923,15736,376456,179005,52946,30975,138631,6398,978,86,51
2021-05-13T23:59:59+02:00,23,30,10604,11334,29341,34232,31509,36224,35675,45400,49575,56793,44355,55191,38610,52953,9479,18792,3128,2819,7411,9201,6949,10512,7515,14130,10579,15168,15107,18783,28841,38868,7880,15662,369364,175204,51928,30411,137876,6023,867,85,50
2021-05-12T23:59:59+02:00,23,28,10475,11191,29058,33914,31242,35931,35363,45085,49291,56485,44258,55086,38559,52875,9472,18754,3116,2793,7377,9165,6919,10477,7484,14091,10410,15012,14734,18350,28536,38385,7858,15615,366698,173149,51846,30401,137718,5979,744,84,50
2021-05-11T23:59:59+02:00,22,25,10129,10867,28204,33088,30411,35177,34501,44302,47557,54714,43803,54491,38385,52585,9434,18652,3029,2694,7132,8884,6694,10176,7269,13721,9929,14465,13752,17201,28121,37768,7820,15520,359781,169471,50141,29509,135823,4628,518,84,50
2021-05-10T23:59:59+02:00,21,25,9823,10590,27457,32386,29632,34474,33731,43532,46251,53448,43421,53980,38197,52280,9384,18539,2987,2648,7004,8760,6598,10056,7130,13539,9663,14158,13055,16341,27693,37157,7794,15439,353524,166653,49024,29126,134134,3789,408,81,47
2021-05-09T23:59:59+02:00,20,25,9589,10343,26775,31699,28963,33774,33008,42835,44725,51975,42920,53361,37997,51976,9347,18454,2939,2602,6881,8616,6491,9913,7018,13326,9347,13847,12258,15440,27329,36620,7774,15383,346436,163800,47949,28569,133003,3048,321,77,47
2021-05-08T23:59:59+02:00,20,25,9496,10276,26390,31398,28517,33460,32553,42531,43693,51146,42768,53198,37957,51914,9345,18448,2936,2598,6873,8611,6485,9905,7010,13314,9337,13835,12220,15378,26651,35671,7737,15307,341919,161930,47907,28542,132917,3035,315,77,47
2021-05-07T23:59:59+02:00,19,25,9354,10128,25919,31017,28065,33085,32047,42181,42653,50321,42496,52858,37845,51754,9333,18421,2889,2572,6820,8569,6429,9850,6959,13262,9164,13613,11588,14565,25710,34285,7689,15225,336788,157835,47600,28170,132759,2841,297,77,47
2021-05-06T23:59:59+02:00,17,24,8954,9839,25001,30248,27000,32278,30818,41362,41037,49107,42115,52310,37651,51511,9295,18348,2825,2526,6689,8422,6312,9721,6811,13074,8891,13314,10939,13701,24745,32902,7655,15164,328927,154044,46524,27216,131104,2101,284,76,47
2021-05-05T23:59:59+02:00,17,23,8588,9639,24118,29649,26136,31614,29730,40570,39057,47292,41670,51759,37444,51230,9238,18236,2784,2495,6570,8293,6210,9607,6709,12933,8645,13056,10229,12871,23731,31578,7626,15093,321074,150158,45672,26327,128988,1701,200,76,45
2021-05-04T23:59:59+02:00,17,22,8345,9412,23321,29001,25162,30874,28658,39735,37544,45826,41202,51176,37167,50882,9191,18115,2745,2473,6497,8221,6127,9540,6635,12850,8408,12836,9498,12015,22785,30334,7592,15030,314423,146431,44705,25521,126351,1496,95,76,44
2021-05-03T23:59:59+02:00,17,21,8142,9198,22621,28421,24322,30268,27751,39037,36585,45075,40854,50703,36952,50593,9141,18011,2700,2440,6426,8144,6047,9475,6545,12766,8180,12623,8755,11116,21869,29118,7561,14980,309555,142690,43928,24701,124099,1256,55,75,44
2021-05-02T23:59:59+02:00,17,21,7978,9033,21982,27842,23583,29677,26932,38414,35771,44439,40596,50374,36840,50407,9107,17954,2662,2417,6384,8102,6010,9440,6505,12725,7998,12450,8155,10378,21160,28250,7540,14962,304727,139503,43158,24425,122961,1121,47,74,43
2021-05-01T23:59:59+02:00,16,21,7825,8850,21609,27383,23101,29102,26288,37702,34947,43543,40333,49999,36742,50255,9101,17937,2656,2411,6358,8092,5995,9431,6487,12711,7981,12435,8118,10314,21121,28193,7536,14958,298620,139212,43157,24418,122856,1078,47,74,43
2021-04-30T23:59:59+02:00,16,20,7677,8672,21221,26953,22654,28532,25538,36925,33937,42578,40104,49679,36645,50101,9089,17916,2638,2398,6333,8074,5973,9414,6460,12691,7949,12401,8078,10244,21070,28110,7533,14949,292321,138900,43150,24345,122672,987,41,73,43
2021-04-29T23:59:59+02:00,15,20,7408,8432,20627,26377,21983,27848,24606,35960,32661,41243,39059,48277,36328,49625,9032,17788,2606,2364,6241,7964,5888,9312,6366,12549,7745,12125,7454,9519,20663,27594,7511,14875,283574,136836,42368,23115,121238,744,41,68,41
2021-04-28T23:59:59+02:00,14,18,7133,8214,20105,25904,21344,27248,23720,35113,31265,39791,37898,46688,35986,49133,8969,17646,2536,2316,6132,7842,5778,9181,6264,12399,7526,11854,6765,8674,20247,27019,7470,14804,274890,134387,41595,21820,119600,519,41,63,41
2021-04-27T23:59:59+02:00,13,18,6949,8036,19670,25479,20722,26711,22864,34333,30049,38465,36809,45245,35603,48562,8899,17519,2510,2291,6029,7745,5725,9082,6198,12275,7311,11655,6163,7935,19841,26521,7450,14781,267063,132286,40732,20874,118047,271,41,63,41
2021-04-26T23:59:59+02:00,12,18,6767,7871,19250,25055,20177,26183,22058,33576,28830,37227,35749,43824,35297,48077,8849,17395,2498,2281,5985,7703,5680,9042,6161,12231,7125,11490,5549,7203,19469,26073,7426,14754,259363,130322,39906,20030,116846,240,38,62,41
2021-04-25T23:59:59+02:00,12,17,6662,7737,18912,24784,19796,25843,21445,32957,27844,36271,34617,42392,34982,47647,8807,17313,2486,2274,5967,7679,5661,9025,6140,12206,7088,11463,5422,7022,19134,25609,7410,14710,252163,129701,39192,19289,116585,230,37,61,40
2021-04-24T23:59:59+02:00,12,17,6498,7561,18469,24351,19237,25305,20662,32155,26762,35222,34365,42078,34888,47482,8797,17301,2482,2268,5954,7669,5651,9014,6135,12202,7078,11456,5349,6911,19036,25468,7407,14702,246197,129246,39187,19249,115680,212,37,61,39
2021-04-23T23:59:59+02:00,12,17,6275,7360,18021,23877,18667,24693,19837,31340,25603,34025,33588,40904,34745,47247,8783,17278,2476,2250,5927,7645,5614,8975,6090,12158,7032,11404,5183,6634,18497,24841,7307,14533,238622,127402,38860,18901,114693,190,37,60,37
2021-04-22T23:59:59+02:00,11,16,6060,7152,17416,23289,17874,23910,18787,30314,24282,32593,32546,39551,34501,46891,8745,17200,2462,2235,5883,7591,5564,8891,6014,12080,6957,11333,4899,6214,17783,23967,7188,14339,229580,125236,37943,17936,113521,156,37,57,36
2021-04-21T23:59:59+02:00,11,15,5861,6971,16885,22818,17213,23306,17800,29416,22727,31001,31542,38319,34204,46453,8696,17112,2438,2218,5840,7536,5506,8816,5948,11980,6862,11253,4739,5940,17085,23117,7072,14157,220696,123145,37173,17166,112389,124,37,55,36
2021-04-20T23:59:59+02:00,10,14,5678,6775,16329,22342,16471,22647,16804,28414,21259,29531,30395,36829,33889,46016,8645,17020,2425,2203,5790,7498,5465,8771,5900,11914,6783,11188,4620,5783,16484,22343,6945,13978,211699,121456,36292,16450,110986,116,36,55,33
2021-04-19T23:59:59+02:00,10,14,5491,6618,15794,21911,15794,22087,15811,27536,19866,28128,29019,35191,33572,45537,8587,16902,2414,2188,5766,7465,5428,8737,5861,11868,6702,11112,4494,5622,15835,21632,6837,13816,202991,119811,35513,15784,109276,114,36,52,33
2021-04-18T23:59:59+02:00,9,14,5303,6477,15360,21587,15175,21526,14839,26748,18526,26990,27632,33540,33241,45118,8527,16815,2363,2142,5634,7343,5313,8623,5754,11717,6596,10992,4378,5435,15241,20965,6724,13637,194451,118167,34683,14513,108205,110,36,52,32
2021-04-17T23:59:59+02:00,9,13,5267,6442,15206,21511,14999,21441,14604,26569,18272,26769,27125,32998,33115,44970,8518,16800,2336,2102,5534,7189,5206,8464,5654,11529,6507,10859,4326,5372,15000,20671,6714,13624,193233,116409,34678,14509,106629,102,36,52,32
2021-04-16T23:59:59+02:00,9,13,5204,6388,15030,21361,14787,21281,14322,26322,17856,26358,26081,31767,32982,44760,8497,16777,2290,2052,5418,7001,5069,8280,5500,11286,6310,10636,4118,5138,14353,19877,6616,13479,189890,113154,34390,14108,105427,94,36,52,32
2021-04-15T23:59:59+02:00,7,12,5135,6311,14817,21147,14517,20991,13893,25970,17219,25726,24719,30158,32726,44437,8461,16697,2220,1968,5222,6764,4866,7959,5293,10969,6094,10351,3919,4888,13522,18794,6501,13312,185327,109327,33582,13164,103947,84,36,51,32
2021-04-14T23:59:59+02:00,7,12,5055,6240,14612,20946,14263,20767,13504,25636,16553,25108,23142,28371,32415,44034,8409,16603,2031,1848,5004,6501,4677,7708,5065,10719,5858,10066,3782,4677,12793,17876,6374,13098,180726,106225,32707,11708,102157,77,36,51,32
2021-04-13T23:59:59+02:00,7,12,5003,6192,14410,20814,14028,20587,13163,25341,15984,24605,21438,26525,32099,43619,8379,16497,1945,1795,4837,6312,4492,7487,4864,10464,5653,9830,3645,4511,12276,17260,6251,12937,176509,103834,31833,10591,100275,67,36,50,32
2021-04-12T23:59:59+02:00,7,11,4939,6126,14193,20616,13723,20323,12777,24925,15404,24052,19844,24582,31809,43258,8337,16423,1815,1705,4654,6153,4342,7311,4701,10271,5516,9671,3526,4356,11843,16748,6140,12774,172141,102145,30779,9251,98343,65,36,50,30
2021-04-11T23:59:59+02:00,7,11,4870,6051,13969,20417,13427,20111,12362,24575,14842,23543,18335,22808,31549,42915,8293,16343,1778,1669,4534,6040,4231,7187,4578,10140,5381,9539,3411,4236,11351,16138,6009,12567,167858,100393,29819,8273,96668,63,34,49,27
2021-04-10T23:59:59+02:00,7,11,4865,6043,13950,20403,13418,20100,12345,24557,14818,23524,17645,21886,31258,42497,8275,16316,1774,1657,4522,6029,4216,7173,4565,10126,5328,9473,3308,4123,10794,15303,5880,12369,166788,98248,29792,8273,95257,61,32,49,27
2021-04-09T23:59:59+02:00,7,11,4852,6026,13913,20353,13374,20052,12298,24503,14559,23270,16126,19997,30853,41851,8241,16273,1750,1646,4499,6012,4190,7146,4523,10091,5290,9424,3223,4004,9927,14314,5731,12171,164172,95804,29449,8025,92860,59,30,48,24
2021-04-08T23:59:59+02:00,7,11,4809,5998,13812,20278,13293,19972,12198,24399,14223,22911,14358,17786,30236,40842,8183,16152,1729,1633,4467,5959,4138,7061,4459,10010,5218,9347,3115,3901,9449,13711,5527,11926,160345,93958,28420,7589,90635,58,22,46,24
2021-04-07T23:59:59+02:00,7,11,4778,5969,13707,20195,13197,19886,12094,24297,13840,22551,12848,15933,29590,39869,8128,16054,1710,1621,4414,5892,4052,6987,4370,9926,5128,9247,3027,3806,8702,12617,5289,11521,155925,91403,27543,6815,89421,48,20,45,24
2021-04-06T23:59:59+02:00,7,11,4749,5943,13608,20128,13115,19825,12018,24232,13464,22200,11215,13925,28927,38899,8096,15983,1649,1567,4284,5764,3943,6863,4251,9776,5025,9118,2911,3684,7997,11686,5017,11156,151909,89016,26661,5589,87713,46,18,44,23
2021-04-05T23:59:59+02:00,7,10,4711,5915,13531,20061,13048,19757,11963,24152,13192,21948,9605,11977,28200,37847,8061,15921,1578,1498,4129,5614,3775,6707,4096,9627,4870,8989,2779,3567,7187,10724,4746,10767,148713,86644,25646,3927,85486,43,17,44,23
2021-04-04T23:59:59+02:00,7,10,4697,5898,13520,20041,13040,19739,11955,24132,13095,21878,8582,10717,27753,37207,8036,15864,1576,1495,4121,5608,3773,6702,4091,9622,4868,8981,2774,3558,6951,10258,4662,10642,146988,85684,25642,3927,83483,37,14,44,21
2021-04-03T23:59:59+02:00,7,10,4694,5888,13503,20021,13029,19729,11945,24122,13081,21860,7678,9649,26870,35965,7987,15752,1572,1491,4119,5603,3771,6699,4083,9610,4854,8968,2767,3545,6813,9995,4623,10561,144511,85077,25634,3927,81589,37,13,43,21
2021-04-02T23:59:59+02:00,7,10,4689,5870,13466,19995,12989,19686,11901,24074,13007,21793,7165,8900,25285,33865,7841,15483,1563,1475,4092,5579,3745,6658,4047,9549,4731,8681,2639,3390,6438,9599,4474,10359,140057,83251,25296,3700,80620,37,11,42,21
2021-04-01T23:59:59+02:00,6,9,4641,5811,13373,19849,12872,19535,11751,23918,12409,21345,6603,8193,23779,31894,7715,15246,1497,1429,3982,5455,3678,6587,3979,9483,4653,8577,2544,3249,5924,8913,4304,10085,135865,80983,24158,3295,78877,32,10,39,20
2021-03-31T23:59:59+02:00,6,9,4590,5756,13248,19695,12740,19381,11562,23739,12148,21085,6284,7822,22303,29943,7565,15017,1484,1418,3957,5432,3646,6559,3939,9436,4614,8524,2481,3174,5441,8265,4130,9845,131936,79212,23072,3076,77839,32,7,39,19
2021-03-30T23:59:59+02:00,6,9,4526,5691,13109,19545,12626,19206,11431,23574,11978,20946,6094,7605,20916,28215,7421,14814,1467,1382,3916,5399,3582,6489,3851,9322,4483,8353,2346,2969,5021,7710,3987,9589,128578,76990,22146,2834,76947,20,4,37,19
2021-03-29T23:59:59+02:00,6,9,4486,5653,12989,19452,12559,19122,11349,23472,11829,20811,5936,7406,19499,26535,7293,14613,1408,1341,3861,5354,3508,6419,3733,9178,4333,8163,2224,2828,4457,7041,3833,9313,125001,74333,21281,2622,76697,19,3,37,18
2021-03-28T23:59:59+02:00,6,9,4439,5589,12868,19314,12473,19028,11247,23375,11723,20710,5785,7201,18321,25029,7174,14418,1375,1297,3763,5246,3313,6193,3646,9061,4283,8107,2170,2764,3698,6019,3648,9045,122006,71275,20491,2323,76173,11,3,36,17
2021-03-27T23:59:59+01:00,6,9,4407,5538,12761,19149,12356,18863,11133,23170,11614,20560,5719,7118,18035,24683,7163,14403,1369,1294,3758,5242,3310,6186,3360,8711,4085,7809,2164,2761,3684,5985,3614,8983,120168,69968,20451,2323,76029,5,3,36,17
2021-03-26T23:59:59+01:00,6,8,4371,5485,12650,18958,12223,18661,10979,22940,11453,20349,5556,6904,17430,23888,7064,14253,1367,1293,3753,5235,3287,6168,3341,8691,3871,7360,1987,2355,3420,5701,3463,8749,117068,67703,20112,2316,75960,4,2,36,17
2021-03-25T23:59:59+01:00,6,8,4303,5397,12452,18719,12018,18332,10767,22612,11212,20022,5343,6620,16401,22582,6936,14064,1358,1283,3732,5209,3253,6140,3289,8654,3825,7316,1915,2242,2986,5018,3305,8444,113090,65734,19040,2215,75626,2,2,36,17
2021-03-24T23:59:59+01:00,6,8,4223,5286,12236,18266,11799,17918,10545,22220,10978,19649,5074,6273,15360,21365,6796,13840,1335,1270,3708,5163,3217,6076,3234,8584,3771,7243,1862,2183,2679,4684,3153,8169,109979,64340,17947,1972,73878,2,2,36,16
2021-03-23T23:59:59+01:00,6,8,4167,5221,12069,17922,11599,17564,10352,21855,10754,19360,4940,6076,14720,20550,6656,13667,1320,1264,3693,5144,3196,6058,3209,8533,3734,7200,1827,2124,2450,4415,2944,7847,107623,63009,17221,1930,72604,2,2,36,16
2021-03-22T23:59:59+01:00,6,8,4118,5143,11870,17589,11410,17236,10126,21527,10539,19054,4788,5869,14101,19835,6523,13481,1307,1255,3666,5111,3164,6021,3180,8477,3697,7155,1783,2068,2251,4164,2749,7514,105760,61753,16503,1790,70923,2,2,35,16
2021-03-21T23:59:59+01:00,6,8,4044,5020,11587,17178,11129,16829,9855,21072,10282,18699,4674,5697,13404,19044,6382,13273,1299,1254,3649,5095,3142,5988,3157,8447,3677,7133,1764,2041,2085,4002,2577,7246,103879,60753,15203,1785,69064,2,2,35,15
2021-03-20T23:59:59+01:00,5,8,4014,4951,11444,16843,11004,16511,9713,20769,10105,18415,4547,5537,12774,18094,6244,13057,1298,1253,3649,5093,3139,5987,3154,8441,3672,7128,1760,2036,2053,3940,2554,7205,101682,60559,15198,1785,67118,2,2,35,15
2021-03-19T23:59:59+01:00,5,7,3970,4870,11276,16481,10822,16156,9537,20389,9888,18055,4387,5342,11751,16883,6083,12846,1289,1246,3631,5064,3109,5910,3109,8347,3570,6953,1635,1923,1979,3875,2442,6997,98983,59280,14787,1781,64945,2,2,31,15
2021-03-18T23:59:59+01:00,5,7,3883,4767,11030,16055,10553,15711,9258,19920,9665,17712,4243,5176,11127,16015,5855,12579,1285,1235,3614,5029,3089,5866,3087,8291,3543,6906,1616,1890,1940,3805,2319,6787,97183,58594,13779,1690,62566,2,2,31,15
2021-03-17T23:59:59+01:00,5,7,3712,4652,10735,15635,10287,15351,9015,19558,9414,17364,4124,5009,10313,14772,5593,12156,1284,1232,3600,5011,3083,5846,3077,8257,3525,6882,1615,1866,1916,3776,2209,6600,94536,58085,12236,1676,60897,2,2,31,15
2021-03-16T23:59:59+01:00,5,7,3570,4527,10396,15170,10014,14981,8739,19114,9118,17000,3981,4843,9496,13648,5312,11797,1270,1229,3596,5004,3072,5842,3071,8246,3518,6868,1591,1841,1877,3725,2089,6421,92203,57646,11046,1596,58437,2,2,30,15
2021-03-15T23:59:59+01:00,5,7,3421,4411,10081,14702,9722,14522,8442,18640,8830,16587,3834,4673,8788,12583,5088,11476,1260,1221,3576,4992,3060,5818,3050,8207,3498,6825,1576,1828,1860,3691,1973,6235,90239,57058,9682,1595,55862,2,1,28,15
2021-03-14T23:59:59+01:00,5,7,3351,4322,9815,14267,9467,14118,8124,18148,8550,16192,3671,4487,7987,11348,4780,11021,1246,1215,3555,4974,3039,5776,3028,8127,3470,6757,1550,1777,1800,3564,1808,5846,87930,56530,8664,986,53041,2,0,25,15
2021-03-13T23:59:59+01:00,5,7,3273,4066,9501,13595,9221,13535,7897,17568,8343,15756,3559,4383,7796,11054,4732,10933,1246,1215,3555,4974,3039,5776,3027,8127,3469,6755,1546,1776,1798,3560,1807,5845,87274,56513,8664,986,49261,2,0,25,15
2021-03-12T23:59:59+01:00,5,7,3212,3929,9254,13055,8983,13005,7664,16932,7986,15004,3396,4213,7413,10646,4594,10744,1242,1212,3550,4960,3036,5773,3020,8119,3465,6749,1519,1747,1777,3542,1707,5667,85500,56084,8418,985,46099,2,0,25,15
2021-03-11T23:59:59+01:00,5,7,3061,3661,8877,12295,8679,12329,7331,16147,7644,14359,3238,4011,6858,9927,4404,10432,1223,1202,3517,4916,2993,5696,2985,7995,3414,6651,1474,1693,1698,3342,1509,5153,83049,55340,7972,108,42220,1,0,24,13
2021-03-10T23:59:59+01:00,5,7,2996,3554,8377,11784,7999,11846,7010,15656,7343,13768,3078,3854,6298,9230,4233,10157,1212,1188,3487,4858,2962,5620,2949,7855,3360,6529,1436,1653,1640,3246,1393,4874,81227,54165,7421,85,38524,0,0,23,13
2021-03-09T23:59:59+01:00,5,6,2891,3378,7693,11332,7101,11358,6591,15042,6978,13161,2848,3553,5790,8599,4077,9881,1207,1184,3465,4811,2935,5554,2932,7802,3342,6483,1421,1629,1605,3203,1288,4676,78933,53476,6062,51,35266,0,0,23,11
2021-03-08T23:59:59+01:00,5,6,2718,3142,7051,10786,6286,10879,6190,14513,6583,12593,2637,3342,5186,7860,3931,9613,1200,1178,3444,4745,2910,5478,2893,7707,3310,6407,1414,1620,1602,3195,1283,4673,76105,53000,4923,49,32271,0,0,22,11
2021-03-07T23:59:59+01:00,5,6,2606,3009,6720,10285,5875,10337,5894,14063,6343,12204,2539,3250,4421,6796,3714,9330,1197,1175,3441,4740,2905,5466,2889,7690,3302,6394,1409,1607,1581,3155,1268,4632,72850,52794,4092,47,30434,0,0,21,11
2021-03-06T23:59:59+01:00,5,5,2561,2867,6536,9831,5675,9920,5418,13207,5968,11463,2518,3223,4415,6785,3713,9327,1197,1174,3438,4735,2903,5465,2888,7689,3301,6391,1407,1604,1581,3153,1267,4632,71621,52768,4092,47,27703,0,0,21,11
2021-03-05T23:59:59+01:00,5,5,2469,2612,6323,9247,5461,9522,5241,12639,5583,10484,2292,2758,4036,6403,3574,9111,1185,1171,3420,4719,2898,5452,2880,7670,3289,6372,1393,1596,1580,3149,1262,4628,69289,52609,3859,47,24596,0,0,21,9
2021-03-04T23:59:59+01:00,5,5,2393,2407,6108,8811,5298,9179,5059,12218,5408,10106,2200,2588,3482,5578,3408,8773,1174,1156,3377,4620,2865,5385,2848,7572,3256,6297,1373,1589,1566,3135,1253,4617,67239,52031,3418,46,22348,0,0,21,7
2021-03-03T23:59:59+01:00,4,5,2335,2355,5938,8395,5127,8817,4845,11766,5218,9660,2118,2480,3078,5140,3249,8478,1154,1148,3342,4572,2828,5320,2808,7473,3208,6223,1353,1564,1547,3104,1247,4600,65811,51443,3174,43,20003,0,0,20,6
2021-03-02T23:59:59+01:00,4,5,2281,2267,5776,8060,4969,8561,4681,11364,5057,9341,2052,2389,2773,4783,3032,8156,1149,1139,3324,4551,2813,5294,2791,7424,3200,6195,1348,1553,1529,3087,1244,4594,64458,51187,2913,43,18160,0,0,20,6
2021-03-01T23:59:59+01:00,4,5,2255,2240,5672,7844,4869,8414,4597,11212,4955,9167,1997,2312,2477,4460,2844,7840,1143,1136,3310,4533,2801,5265,2775,7378,3186,6167,1342,1550,1522,3078,1241,4590,63191,50969,2692,43,17261,0,0,20,6
2021-02-28T23:59:59+01:00,3,5,2203,2197,5493,7583,4693,8193,4460,11026,4847,9040,1959,2249,2182,4158,2641,7531,1134,1130,3295,4523,2794,5258,2769,7364,3179,6153,1337,1547,1515,3061,1240,4558,62080,50810,2390,43,15973,0,0,20,5
2021-02-27T23:59:59+01:00,3,5,2116,1888,5317,7157,4594,7881,4377,10677,4775,8789,1931,2188,2152,4111,2621,7477,1130,1126,3293,4521,2789,5256,2765,7361,3174,6150,1335,1547,1515,3060,1239,4557,61842,50774,2390,40,13807,0,0,20,5
2021-02-26T23:59:59+01:00,3,5,2059,1810,5170,6917,4447,7621,4227,10411,4566,8506,1802,2080,2091,4072,2514,7297,1109,1113,3276,4487,2777,5216,2751,7308,3152,6096,1329,1536,1511,3052,1238,4555,60512,50463,2384,39,12682,0,0,20,5
2021-02-25T23:59:59+01:00,3,5,1942,1711,4844,6515,4018,7160,3941,9896,4331,8123,1744,2022,2058,4011,2404,7103,1093,1098,3239,4444,2747,5164,2705,7201,3112,6003,1319,1520,1495,3012,1225,4496,60036,49833,2277,37,9498,0,0,20,4
2021-02-24T23:59:59+01:00,3,5,1913,1651,4727,6301,3913,6945,3819,9653,4206,7963,1722,1990,2026,3969,2292,6905,1080,1093,3212,4382,2711,5098,2680,7117,3083,5932,1303,1503,1470,2964,1213,4427,59489,49239,2031,26,8463,0,0,20,4
2021-02-23T23:59:59+01:00,3,5,1689,1504,4353,5811,3632,6552,3597,9274,4050,7677,1693,1958,1982,3922,2179,6721,1061,1081,3174,4354,2683,5040,2654,7041,3048,5873,1283,1483,1443,2929,1203,4377,59034,48713,1984,12,5565,0,0,19,3
2021-02-22T23:59:59+01:00,3,5,1680,1485,4302,5752,3596,6489,3532,9181,3989,7582,1661,1931,1956,3870,2061,6524,1057,1068,3153,4309,2663,5001,2629,6981,3019,5820,1271,1469,1434,2919,1195,4368,58490,48347,1842,7,5248,0,0,19,3
2021-02-21T23:59:59+01:00,3,5,1668,1481,4272,5718,3553,6451,3491,9127,3945,7532,1652,1924,1951,3861,1941,6361,1051,1057,3132,4271,2634,4951,2614,6912,2990,5732,1257,1453,1414,2859,1171,4291,58147,47780,1836,7,4935,0,0,18,3
2021-02-20T23:59:59+01:00,3,5,1667,1480,4267,5715,3551,6450,3491,9126,3944,7531,1647,1922,1949,3857,1940,6361,1051,1057,3130,4269,2634,4951,2613,6911,2990,5732,1257,1452,1413,2859,1171,4291,58132,47772,1836,7,4920,0,0,18,3
2021-02-19T23:59:59+01:00,3,5,1649,1473,4254,5695,3540,6436,3480,9116,3934,7516,1621,1893,1928,3839,1840,6181,1050,1056,3129,4268,2633,4950,2613,6909,2987,5730,1257,1451,1413,2858,1171,4291,57713,47757,1831,7,4843,0,0,16,3
2021-02-18T23:59:59+01:00,3,5,1605,1442,4158,5584,3469,6334,3392,8952,3848,7376,1599,1858,1894,3770,1710,5984,1004,1013,2989,4043,2507,4678,2502,6571,2880,5465,1226,1408,1381,2772,1145,4142,57070,45718,1741,7,4156,0,0,16,2
2021-02-17T23:59:59+01:00,3,4,1583,1413,4062,5434,3384,6184,3274,8717,3721,7175,1547,1789,1822,3669,1593,5679,947,963,2836,3820,2390,4365,2375,6160,2751,5153,1177,1348,1335,2665,1098,3980,55862,43354,1730,7,3445,0,0,16,2
2021-02-16T23:59:59+01:00,3,4,1509,1346,3902,5236,3247,6002,3166,8485,3599,7009,1523,1764,1787,3639,1480,5472,861,931,2705,3662,2291,4154,2249,5838,2620,4899,1121,1256,1190,2364,843,3368,55173,40346,1713,4,2273,0,0,14,2
2021-02-15T23:59:59+01:00,3,4,1494,1328,3856,5150,3188,5915,3109,8370,3532,6903,1512,1750,1772,3616,1472,5452,826,909,2624,3533,2215,3974,2165,5560,2532,4686,1078,1192,1104,2190,779,3153,54708,38517,1711,2,1993,0,0,14,1
2021-02-14T23:59:59+01:00,3,4,1427,1300,3771,5073,3145,5806,3053,8216,3488,6794,1492,1719,1720,3489,1417,5205,817,903,2575,3465,2176,3906,2111,5440,2465,4579,1051,1156,1019,2018,708,2918,54465,37304,1100,2,1543,0,0,14,1
2021-02-13T23:59:59+01:00,3,4,1425,1299,3763,5068,3138,5805,3050,8214,3485,6792,1491,1715,1720,3487,1415,5205,817,903,2575,3465,2176,3905,2109,5439,2464,4579,1049,1155,1019,2018,708,2918,54445,37299,1099,0,1521,0,0,14,0
2021-02-12T23:59:59+01:00,3,3,1392,1283,3725,5034,3116,5785,3028,8181,3466,6747,1475,1704,1710,3470,1406,5186,810,895,2542,3411,2142,3860,2079,5385,2446,4548,1048,1154,1018,2017,707,2916,54218,36978,1097,0,1386,0,0,13,0
2021-02-11T23:59:59+01:00,3,3,1345,1240,3611,4863,3025,5613,2930,7869,3366,6535,1414,1643,1643,3292,1322,4860,773,832,2287,2966,1916,3382,1847,4640,2175,4019,964,1084,932,1825,658,2647,53588,32947,131,0,849,0,0,9,0
2021-02-10T23:59:59+01:00,3,3,1325,1217,3552,4753,2959,5509,2888,7719,3312,6404,1397,1626,1616,3253,1309,4823,696,775,1995,2557,1706,2932,1608,4032,1918,3557,854,937,769,1453,530,2157,52941,28476,129,0,590,0,0,8,0
2021-02-09T23:59:59+01:00,3,2,1312,1199,3497,4683,2929,5440,2868,7625,3275,6336,1390,1612,1588,3231,1299,4810,648,697,1734,2201,1512,2543,1423,3531,1746,3192,822,903,746,1381,509,2044,52632,25632,124,0,335,0,0,8,0
2021-02-08T23:59:59+01:00,3,2,1298,1195,3468,4653,2909,5402,2847,7573,3256,6306,1380,1605,1579,3205,1297,4792,635,663,1583,1964,1371,2289,1289,3223,1586,2932,783,882,698,1275,477,1875,52332,23525,98,0,332,0,0,8,0
2021-02-07T23:59:59+01:00,3,2,1166,1152,3361,4598,2855,5360,2820,7534,3231,6267,1370,1589,1571,3182,1292,4760,488,517,1314,1608,1129,1839,1080,2632,1358,2411,677,756,616,1116,432,1659,52038,19632,70,0,0,0,0,5,0
2021-02-06T23:59:59+01:00,3,2,1162,1150,3359,4596,2851,5357,2813,7531,3227,6263,1368,1587,1570,3179,1291,4759,364,368,1114,1356,992,1535,936,2218,1192,1992,588,654,588,1099,429,1656,51993,17081,70,0,0,0,0,5,0
2021-02-05T23:59:59+01:00,3,1,1151,1139,3343,4575,2844,5330,2802,7486,3208,6217,1362,1579,1567,3172,1290,4759,262,206,929,1038,843,1163,760,1765,1014,1583,471,548,561,1079,426,1652,51753,14300,70,0,0,0,0,5,0
2021-02-04T23:59:59+01:00,3,1,1135,1122,3298,4527,2803,5254,2759,7355,3160,6133,1349,1564,1553,3141,1280,4732,134,81,624,664,552,740,518,1152,672,989,289,365,461,933,388,1501,51117,10063,47,0,0,0,0,5,0
2021-02-03T23:59:59+01:00,3,1,1113,1116,3272,4482,2774,5211,2738,7303,3130,6076,1340,1555,1529,3101,1275,4687,116,65,496,513,421,597,416,910,514,744,240,285,361,732,304,1170,50656,7884,45,0,0,0,0,5,0
2021-02-02T23:59:59+01:00,3,1,1092,1103,3234,4451,2744,5157,2712,7228,3096,6012,1317,1527,1495,3044,1250,4598,106,56,412,415,349,519,367,821,461,662,219,262,316,662,279,1049,50015,6955,44,0,0,0,0,5,0
2021-02-01T23:59:59+01:00,3,1,1076,1092,3214,4399,2713,5096,2680,7101,3066,5915,1297,1499,1471,3008,1234,4535,79,41,314,310,257,394,274,612,327,497,181,214,250,525,217,818,49352,5310,44,0,0,0,0,4,0
2021-01-31T23:59:59+01:00,3,1,1071,1082,3199,4370,2689,5052,2665,7045,3052,5871,1286,1482,1451,2944,1211,4457,69,40,288,286,231,347,253,571,297,458,162,196,210,429,176,662,48883,4675,44,0,0,0,0,4,0
2021-01-30T23:59:59+01:00,3,1,1070,1082,3196,4366,2688,5052,2664,7044,3052,5870,1286,1481,1450,2944,1211,4457,69,37,281,272,218,331,248,560,293,452,161,193,209,429,176,662,48872,4591,41,0,0,0,0,4,0
2021-01-29T23:59:59+01:00,3,1,1069,1081,3195,4362,2688,5050,2664,7042,3049,5868,1286,1481,1450,2943,1211,4457,65,33,263,258,195,311,232,543,282,444,155,189,205,423,175,660,48855,4433,41,0,0,0,0,4,0
2021-01-28T23:59:59+01:00,3,1,1049,1062,3128,4257,2634,4939,2606,6886,2982,5737,1272,1459,1435,2877,1189,4337,55,18,166,154,129,187,162,358,207,281,124,146,159,264,102,383,47813,2895,38,0,0,0,0,2,0
2021-01-27T23:59:59+01:00,3,1,1004,1024,3042,4113,2553,4759,2511,6604,2898,5537,1242,1417,1399,2788,1156,4197,26,7,100,71,58,92,83,209,117,147,94,114,115,195,77,275,46218,1780,28,0,0,0,0,2,0
2021-01-26T23:59:59+01:00,2,1,927,994,2926,3978,2474,4574,2429,6424,2827,5381,1216,1367,1308,2634,942,3798,26,7,95,70,57,91,81,209,115,146,92,113,115,195,77,275,44183,1764,17,0,0,0,0,2,0
2021-01-25T23:59:59+01:00,2,1,911,977,2847,3849,2428,4426,2369,6227,2768,5230,1198,1345,1294,2609,932,3765,26,7,94,70,55,91,81,209,115,144,92,113,115,195,77,275,43165,1759,12,0,0,0,0,1,0
2021-01-24T23:59:59+01:00,2,1,901,973,2827,3834,2418,4394,2343,6188,2735,5169,1185,1339,1285,2587,919,3731,26,7,94,70,55,91,81,209,114,144,91,113,115,195,77,275,42821,1757,9,0,0,0,0,1,0
2021-01-23T23:59:59+01:00,2,1,901,973,2827,3833,2418,4394,2342,6187,2734,5169,1183,1338,1285,2587,919,3731,26,7,94,70,55,91,81,209,114,144,91,113,115,195,77,273,42816,1755,8,0,0,0,0,0,0
2021-01-22T23:59:59+01:00,2,1,895,966,2795,3787,2384,4329,2311,6112,2713,5122,1182,1337,1284,2585,918,3728,26,7,94,70,55,91,81,209,114,144,91,113,115,195,77,273,42443,1755,8,0,0,0,0,0,0
2021-01-21T23:59:59+01:00,2,1,880,898,2537,3371,2183,3911,2131,5503,2489,4636,1131,1291,1240,2464,888,3576,22,7,83,64,51,74,68,169,94,133,81,98,98,145,65,212,39124,1464,8,0,0,0,0,0,0
2021-01-20T23:59:59+01:00,2,1,805,836,2225,2965,1976,3444,1899,4894,2233,4159,1019,1151,1082,2118,775,3113,22,7,83,64,51,73,68,169,93,133,81,98,98,145,64,212,34689,1461,8,0,0,0,0,0,0
2021-01-19T23:59:59+01:00,2,1,745,758,1934,2518,1733,2982,1663,4235,1990,3687,946,1056,962,1844,678,2764,11,3,50,45,32,45,35,100,44,77,36,37,48,77,39,137,30491,816,7,0,0,0,0,0,0
2021-01-18T23:59:59+01:00,2,1,675,702,1705,2119,1495,2506,1415,3549,1734,3181,864,970,864,1640,626,2498,5,2,19,11,13,20,17,54,17,33,19,22,25,53,28,75,26542,413,4,0,0,0,0,0,0
2021-01-17T23:59:59+01:00,1,1,495,542,1388,1716,1214,1972,1159,2814,1454,2558,725,818,716,1360,516,2129,0,1,3,2,0,0,0,0,0,0,0,0,0,0,0,0,21575,6,3,0,0,0,0,0,0
2021-01-16T23:59:59+01:00,1,0,372,395,1206,1469,1094,1685,1018,2415,1297,2151,638,720,688,1344,514,2128,0,0,0,0,0,0,0,0,0,0,0,0,0,0,0,0,19133,0,2,0,0,0,0,0,0
2021-01-15T23:59:59+01:00,1,0,266,232,1022,1167,945,1337,849,1966,1117,1750,521,610,650,1311,503,2088,0,0,0,0,0,0,0,0,0,0,0,0,0,0,0,0,16334,0,1,0,0,0,0,0,0
2021-01-14T23:59:59+01:00,0,0,151,102,706,779,652,866,613,1307,752,1131,334,423,541,1129,453,1864,0,0,0,0,0,0,0,0,0,0,0,0,0,0,0,0,11803,0,0,0,0,0,0,0,0
2021-01-13T23:59:59+01:00,0,0,127,81,595,609,528,698,496,1051,594,866,281,349,455,961,395,1596,0,0,0,0,0,0,0,0,0,0,0,0,0,0,0,0,9682,0,0,0,0,0,0,0,0
2021-01-12T23:59:59+01:00,0,0,116,65,511,521,449,596,431,921,523,763,246,300,371,769,329,1248,0,0,0,0,0,0,0,0,0,0,0,0,0,0,0,0,8159,0,0,0,0,0,0,0,0
2021-01-11T23:59:59+01:00,0,0,87,52,417,422,365,485,345,744,416,590,212,249,311,640,270,1051,0,0,0,0,0,0,0,0,0,0,0,0,0,0,0,0,6656,0,0,0,0,0,0,0,0
2021-01-10T23:59:59+01:00,0,0,73,45,352,349,299,404,289,647,346,523,186,221,251,508,213,820,0,0,0,0,0,0,0,0,0,0,0,0,0,0,0,0,5526,0,0,0,0,0,0,0,0
2021-01-09T23:59:59+01:00,0,0,73,43,337,329,275,382,281,631,338,516,185,220,250,506,213,820,0,0,0,0,0,0,0,0,0,0,0,0,0,0,0,0,5399,0,0,0,0,0,0,0,0
2021-01-08T23:59:59+01:00,0,0,69,37,303,296,229,341,253,589,311,477,167,200,225,448,192,720,0,0,0,0,0,0,0,0,0,0,0,0,0,0,0,0,4857,0,0,0,0,0,0,0,0
2021-01-07T23:59:59+01:00,0,0,58,25,213,198,160,242,194,422,240,341,138,161,171,290,121,449,0,0,0,0,0,0,0,0,0,0,0,0,0,0,0,0,3423,0,0,0,0,0,0,0,0
2021-01-06T23:59:59+01:00,0,0,47,16,163,120,113,161,144,295,177,241,108,129,130,224,82,316,0,0,0,0,0,0,0,0,0,0,0,0,0,0,0,0,2466,0,0,0,0,0,0,0,0
2021-01-05T23:59:59+01:00,0,0,29,8,97,72,58,94,86,212,116,149,98,119,121,206,81,295,0,0,0,0,0,0,0,0,0,0,0,0,0,0,0,0,1841,0,0,0,0,0,0,0,0
2021-01-04T23:59:59+01:00,0,0,27,8,97,71,55,92,86,212,116,147,98,118,121,206,81,295,0,0,0,0,0,0,0,0,0,0,0,0,0,0,0,0,1830,0,0,0,0,0,0,0,0
2021-01-03T23:59:59+01:00,0,0,27,8,97,71,55,92,86,212,115,147,97,118,121,206,81,295,0,0,0,0,0,0,0,0,0,0,0,0,0,0,0,0,1828,0,0,0,0,0,0,0,0
2021-01-02T23:59:59+01:00,0,0,27,8,97,71,55,92,86,212,114,147,97,118,121,206,81,294,0,0,0,0,0,0,0,0,0,0,0,0,0,0,0,0,1826,0,0,0,0,0,0,0,0
2021-01-01T23:59:59+01:00,0,0,27,8,97,71,55,92,86,212,113,146,97,118,121,206,81,294,0,0,0,0,0,0,0,0,0,0,0,0,0,0,0,0,1824,0,0,0,0,0,0,0,0
2020-12-31T23:59:59+01:00,0,0,27,8,97,71,55,92,86,212,112,146,97,118,121,206,81,294,0,0,0,0,0,0,0,0,0,0,0,0,0,0,0,0,1823,0,0,0,0,0,0,0,0
2020-12-30T23:59:59+01:00,0,0,27,8,97,71,54,92,86,212,112,146,97,118,121,206,80,294,0,0,0,0,0,0,0,0,0,0,0,0,0,0,0,0,1821,0,0,0,0,0,0,0,0
2020-12-29T23:59:59+01:00,0,0,15,2,65,53,32,61,50,138,64,89,47,51,68,121,51,199,0,0,0,0,0,0,0,0,0,0,0,0,0,0,0,0,1106,0,0,0,0,0,0,0,0
2020-12-28T23:59:59+01:00,0,0,5,2,36,26,19,30,21,67,25,41,20,22,26,47,28,74,0,0,0,0,0,0,0,0,0,0,0,0,0,0,0,0,489,0,0,0,0,0,0,0,0
2020-12-27T23:59:59+01:00,0,0,0,0,7,5,7,2,1,5,0,2,0,1,2,2,4,6,0,0,0,0,0,0,0,0,0,0,0,0,0,0,0,0,44,0,0,0,0,0,0,0,0
