Datum,<15_m,<15_w,15-24_1_m,15-24_1_w,25-34_1_m,25-34_1_w,35-44_1_m,35-44_1_w,45-54_1_m,45-54_1_w,55-64_1_m,55-64_1_w,65-74_1_m,65-74_1_w,75-84_1_m,75-84_1_w,>84_1_m,>84_1_w,<24_2_m,<24_2_w,25-34_2_m,25-34_2_w,35-44_2_m,35-44_2_w,45-54_2_m,45-54_2_w,55-64_2_m,55-64_2_w,65-74_2_m,65-74_2_w,75-84_2_m,75-84_2_w,>84_2_m,>84_2_w,bp_1,bp_2,mo_1,mo_2,az_1,az_2,ja,unb_1,unb_2
2021-09-14T23:59:59+02:00,9071,8731,62306,62466,104923,102614,96282,96044,93401,98921,92993,95036,55841,69381,43980,60990,10656,21557,55771,55827,98428,95367,90688,89356,88659,93436,89170,91114,54043,67125,42749,59031,10256,20576,804510,755494,134514,128432,159052,144369,86983,147,141
2021-09-13T23:59:59+02:00,9036,8699,62021,62213,104697,102396,96113,95879,93259,98790,92912,94942,55794,69330,43965,60960,10650,21546,55570,55656,98243,95182,90540,89208,88533,93330,89085,91041,54008,67080,42730,59005,10250,20560,803055,754450,134431,128320,159042,144327,86540,147,141
2021-09-12T23:59:59+02:00,8986,8653,61724,61978,104458,102153,95907,95658,93100,98660,92817,94861,55745,69282,43950,60929,10645,21535,55377,55500,98009,94974,90374,89047,88399,93213,88990,90966,53966,67028,42709,58977,10246,20543,801570,753455,134334,128194,159038,144255,85964,147,141
2021-09-11T23:59:59+02:00,8938,8619,61603,61850,104319,102038,95805,95549,93014,98582,92778,94830,55730,69268,43945,60917,10645,21534,55233,55409,97862,94873,90273,88949,88299,93146,88955,90940,53956,67009,42705,58967,10246,20542,800904,752870,134275,128117,159037,144237,85613,147,141
2021-09-10T23:59:59+02:00,8841,8509,61372,61589,104126,101835,95634,95360,92871,98457,92684,94758,55698,69240,43931,60899,10645,21532,55000,55207,97672,94687,90087,88766,88164,93019,88870,90870,53934,66988,42692,58948,10246,20538,799545,751730,134211,128002,159035,144221,85055,147,141
2021-09-09T23:59:59+02:00,8745,8411,61075,61336,103862,101531,95411,95072,92696,98237,92548,94644,55660,69179,43911,60868,10635,21511,54754,54996,97432,94445,89878,88539,88005,92864,88734,90781,53889,66942,42672,58916,10240,20532,797655,750363,134108,127822,159033,144149,84401,147,141
2021-09-08T23:59:59+02:00,8691,8363,60873,61117,103667,101302,95229,94853,92540,98075,92435,94517,55626,69113,43876,60828,10622,21487,54608,54845,97259,94248,89728,88351,87851,92725,88614,90673,53848,66881,42633,58873,10228,20495,796247,749374,134002,127674,159023,144064,83807,147,141
2021-09-07T23:59:59+02:00,8640,8314,60655,60910,103446,101073,95039,94667,92398,97936,92335,94443,55592,69061,43847,60773,10612,21464,54424,54681,97042,94057,89545,88187,87728,92620,88520,90586,53809,66833,42605,58842,10222,20477,794800,748313,133899,127553,159019,143939,83352,147,141
2021-09-06T23:59:59+02:00,8602,8273,60460,60752,103255,100909,94909,94511,92288,97812,92252,94372,55539,69002,43826,60744,10605,21431,54265,54515,96857,93899,89385,88028,87603,92496,88424,90505,53759,66785,42582,58797,10212,20452,793627,747233,133809,127414,159008,143855,82963,147,141
2021-09-05T23:59:59+02:00,8548,8224,60258,60558,103106,100732,94765,94349,92167,97699,92177,94302,55513,68960,43815,60723,10600,21423,54065,54321,96671,93704,89200,87871,87464,92372,88342,90419,53707,66733,42563,58774,10206,20434,792485,746083,133738,127242,159005,143761,82556,147,141
2021-09-04T23:59:59+02:00,8497,8195,60150,60454,103022,100636,94666,94266,92113,97635,92143,94276,55504,68949,43809,60713,10600,21422,53943,54209,96556,93580,89085,87772,87396,92294,88295,90386,53693,66722,42556,58763,10206,20433,791914,745439,133688,127120,159000,143743,82313,147,141
2021-09-03T23:59:59+02:00,8420,8124,59970,60280,102855,100492,94522,94129,92011,97521,92071,94225,55477,68923,43801,60699,10598,21416,53739,54030,96360,93372,88893,87577,87254,92120,88199,90306,53661,66690,42545,58744,10202,20430,790853,744201,133637,126889,158992,143707,81917,147,141
2021-09-02T23:59:59+02:00,8307,8041,59737,60046,102616,100264,94336,93914,91830,97368,91956,94130,55431,68866,43778,60664,10592,21394,53481,53779,96077,93105,88660,87307,87035,91919,88058,90190,53617,66609,42512,58692,10192,20394,789289,742584,133531,126535,158980,143589,81334,147,141
2021-09-01T23:59:59+02:00,8245,7960,59533,59841,102432,100097,94188,93760,91712,97241,91854,94056,55389,68816,43759,60641,10584,21376,53228,53568,95856,92894,88471,87089,86861,91757,87919,90082,53552,66523,42473,58649,10182,20374,788059,741162,133460,126279,158964,143470,80865,147,138
2021-08-31T23:59:59+02:00,8167,7886,59330,59615,102255,99925,94019,93609,91595,97131,91733,93976,55343,68765,43733,60601,10574,21360,52981,53325,95604,92656,88258,86856,86706,91599,87760,89976,53503,66445,42440,58592,10174,20353,786752,739665,133382,125973,158951,143360,80396,147,138
2021-08-30T23:59:59+02:00,8073,7809,59135,59438,102090,99788,93906,93480,91482,97031,91669,93900,55309,68738,43716,60567,10569,21344,52747,53141,95365,92426,88056,86628,86532,91459,87636,89853,53447,66367,42400,58528,10157,20323,785670,738264,133328,125656,158944,143211,79965,147,138
2021-08-29T23:59:59+02:00,7997,7734,58859,59201,101861,99598,93726,93310,91341,96912,91582,93811,55264,68688,43692,60537,10567,21334,52399,52840,95056,92144,87772,86370,86299,91266,87482,89729,53378,66292,42370,58488,10150,20306,784334,736396,133240,125324,158930,143067,79373,147,138
2021-08-28T23:59:59+02:00,7940,7670,58726,59091,101755,99491,93624,93228,91257,96836,91537,93782,55250,68675,43684,60532,10566,21332,52224,52695,94900,92015,87637,86262,86190,91178,87413,89686,53361,66271,42361,58480,10148,20305,783723,735588,133203,125223,158926,143042,78987,147,138
2021-08-27T23:59:59+02:00,7875,7586,58539,58907,101593,99331,93487,93104,91150,96731,91448,93726,55228,68646,43675,60515,10565,21327,51976,52457,94613,91743,87419,86060,86019,91025,87303,89586,53319,66235,42347,58455,10143,20302,782770,734030,133140,125024,158879,143005,78507,147,138
2021-08-26T23:59:59+02:00,7789,7488,58310,58666,101377,99115,93273,92882,90971,96554,91344,93628,55180,68585,43641,60487,10559,21315,51644,52180,94257,91397,87089,85750,85776,90771,87147,89456,53259,66146,42300,58412,10136,20290,781340,732146,133043,124625,158853,142873,77791,147,137
2021-08-25T23:59:59+02:00,7718,7398,58095,58483,101211,98981,93125,92702,90857,96432,91239,93553,55141,68538,43607,60443,10555,21291,51352,51937,93963,91148,86867,85505,85578,90582,87016,89330,53190,66060,42251,58343,10131,20258,780184,730451,132964,124313,158844,142803,77239,147,136
2021-08-24T23:59:59+02:00,7670,7349,57883,58275,101034,98815,92965,92543,90750,96312,91155,93486,55103,68483,43584,60400,10548,21267,51039,51683,93624,90865,86573,85250,85376,90394,86865,89173,53106,65967,42203,58276,10122,20235,779088,728651,132873,124012,158839,142586,76684,147,136
2021-08-23T23:59:59+02:00,7616,7298,57686,58082,100868,98662,92839,92389,90656,96228,91081,93402,55068,68440,43555,60374,10544,21249,50724,51419,93287,90594,86326,84981,85183,90228,86734,89050,53029,65874,42167,58226,10115,20217,777983,726790,132802,123730,158829,142408,76285,147,136
2021-08-22T23:59:59+02:00,7549,7241,57495,57902,100675,98510,92681,92259,90560,96109,91003,93337,55035,68396,43541,60350,10539,21235,50361,51072,92892,90200,86018,84685,84947,89995,86565,88926,52953,65770,42131,58163,10101,20185,776991,724473,132702,123425,158817,142193,75769,147,135
2021-08-21T23:59:59+02:00,7496,7203,57365,57781,100543,98405,92578,92156,90462,96050,90947,93302,55014,68375,43533,60333,10537,21232,50034,50772,92730,90056,85849,84529,84799,89872,86480,88864,52921,65747,42121,58148,10100,20179,776320,722967,132631,123194,158816,142152,75407,147,135
2021-08-20T23:59:59+02:00,7445,7150,57208,57612,100374,98252,92425,92020,90345,95929,90873,93242,54992,68353,43523,60316,10535,21227,49712,50445,92470,89794,85586,84289,84583,89669,86349,88754,52889,65706,42098,58124,10093,20172,775371,721039,132584,122986,158811,142085,74917,147,135
2021-08-19T23:59:59+02:00,7379,7090,56972,57386,100118,98029,92229,91837,90186,95770,90750,93141,54950,68296,43498,60285,10528,21213,49275,50015,92054,89404,85184,83888,84276,89360,86135,88570,52818,65600,42060,58064,10083,20154,774067,718384,132457,122543,158806,141880,74189,147,134
2021-08-18T23:59:59+02:00,7317,7035,56796,57229,99941,97859,92087,91681,90050,95647,90648,93046,54882,68233,43469,60239,10518,21193,48934,49659,91681,89084,84867,83560,83997,89106,85946,88399,52702,65483,41990,57972,10068,20124,772941,716023,132372,122151,158799,141641,73620,147,134
2021-08-17T23:59:59+02:00,7254,6984,56616,57077,99750,97685,91926,91537,89928,95518,90552,92955,54845,68185,43444,60212,10516,21178,48450,49250,91235,88660,84465,83204,83667,88816,85742,88199,52599,65359,41932,57897,10062,20100,771851,713038,132270,121744,158785,141351,73118,147,134
2021-08-16T23:59:59+02:00,7195,6917,56438,56909,99560,97512,91779,91383,89790,95403,90439,92858,54794,68124,43415,60161,10508,21164,47897,48690,90772,88223,83998,82812,83341,88524,85514,87997,52495,65244,41874,57820,10053,20064,770705,709573,132178,121298,158778,141121,72550,147,134
2021-08-15T23:59:59+02:00,7130,6868,56221,56725,99382,97327,91624,91248,89665,95298,90349,92798,54756,68083,43395,60131,10504,21157,46785,47588,90133,87538,83445,82280,82946,88138,85228,87791,52388,65121,41832,57761,10044,20044,769652,703845,132066,120670,158769,140941,72036,147,133
2021-08-14T23:59:59+02:00,7099,6836,56102,56635,99241,97228,91521,91172,89578,95230,90298,92753,54741,68067,43390,60124,10503,21156,46638,47448,89908,87361,83231,82074,82822,88040,85159,87747,52360,65090,41823,57750,10043,20042,769131,703047,132009,120348,158765,140889,71631,147,133
2021-08-13T23:59:59+02:00,7055,6790,55950,56511,99088,97104,91394,91036,89476,95116,90219,92690,54711,68017,43376,60101,10501,21150,46338,47139,89442,86968,82837,81700,82559,87804,84994,87610,52316,65022,41802,57726,10040,20031,768319,700856,131952,119801,158758,140811,71120,145,133
2021-08-12T23:59:59+02:00,7020,6739,55747,56353,98886,96928,91222,90873,89332,94976,90125,92610,54673,67964,43350,60067,10493,21133,45932,46754,88816,86405,82262,81151,82181,87483,84765,87435,52242,64921,41751,57667,10030,20013,767279,697943,131846,118968,158745,140560,70485,145,132
2021-08-11T23:59:59+02:00,6986,6684,55559,56185,98684,96751,91069,90736,89200,94863,90016,92507,54621,67905,43319,60027,10483,21118,45522,46304,88210,85753,81689,80642,81849,87180,84499,87195,52155,64780,41679,57541,10011,19962,766168,694802,131750,118026,158721,140230,69940,143,131
2021-08-10T23:59:59+02:00,6925,6637,55377,56028,98481,96609,90909,90586,89073,94751,89931,92431,54576,67858,43303,59988,10479,21105,45097,45844,87566,85138,81089,80103,81442,86799,84254,86981,52033,64673,41621,57456,9997,19931,765132,691500,131656,117080,158701,139918,69424,143,131
2021-08-09T23:59:59+02:00,6874,6579,55210,55863,98294,96459,90763,90450,88939,94656,89821,92369,54537,67808,43277,59955,10471,21089,44544,45294,86740,84460,80402,79519,81029,86451,83960,86757,51921,64538,41563,57356,9983,19886,764149,687702,131583,116020,158690,139570,68858,143,130
2021-08-08T23:59:59+02:00,6805,6512,54986,55677,98096,96278,90589,90285,88801,94539,89726,92293,54483,67760,43251,59919,10464,21068,43945,44691,85691,83535,79509,78710,80491,85978,83636,86459,51788,64385,41501,57265,9971,19860,762959,682649,131469,114841,158669,139260,68300,143,130
2021-08-07T23:59:59+02:00,6760,6462,54846,55553,97959,96165,90458,90183,88708,94481,89664,92253,54464,67734,43247,59909,10461,21063,43116,43823,85361,83207,79038,78268,80135,85628,83453,86316,51725,64302,41480,57229,9966,19851,762297,678983,131405,113696,158665,139154,67868,143,129
2021-08-06T23:59:59+02:00,6705,6412,54656,55409,97731,95987,90308,90054,88583,94364,89566,92181,54424,67706,43238,59883,10458,21059,42201,42945,84903,82752,78447,77714,79745,85244,83260,86169,51673,64238,41453,57196,9958,19837,761347,675052,131309,112415,158658,139018,67275,143,129
2021-08-05T23:59:59+02:00,6640,6341,54342,55166,97440,95725,90057,89839,88370,94177,89396,92049,54358,67616,43208,59830,10449,21040,40978,41799,84178,82085,77674,76919,79147,84678,82902,85865,51542,64077,41391,57095,9943,19805,759724,669523,131183,110792,158645,138473,66356,143,128
2021-08-04T23:59:59+02:00,6559,6290,54108,54986,97203,95519,89887,89674,88229,94035,89279,91950,54305,67564,43171,59784,10445,21030,40515,41318,82982,81042,76349,75774,78656,84229,82583,85616,51402,63939,41332,57008,9927,19779,758457,664362,131075,109288,158631,138017,65720,143,128
2021-08-03T23:59:59+02:00,6494,6226,53851,54792,96972,95331,89716,89513,88088,93892,89133,91830,54225,67483,43134,59725,10437,21022,40078,40908,81736,79906,74928,74580,78050,83663,82040,85126,51188,63735,41231,56852,9914,19743,757094,658563,130970,107587,158607,137310,65058,143,128
2021-08-02T23:59:59+02:00,6432,6163,53613,54592,96716,95113,89501,89339,87924,93748,88991,91715,54143,67413,43100,59674,10434,21002,39614,40438,80429,78803,73377,73369,77425,83094,81496,84644,51019,63532,41154,56732,9897,19708,755679,652535,130821,105822,158585,136710,64393,143,126
2021-08-01T23:59:59+02:00,6368,6077,53345,54329,96454,94843,89268,89166,87717,93605,88828,91605,54079,67328,43063,59621,10427,20995,39097,39947,79134,77716,71972,72265,76535,82340,80911,84178,50833,63294,41066,56627,9886,19684,754086,646364,130629,103921,158561,136100,63705,143,123
2021-07-31T23:59:59+02:00,6332,6038,53227,54239,96337,94749,89167,89100,87627,93534,88784,91568,54068,67318,43057,59617,10427,20994,38151,38940,78690,77273,71439,71712,76154,82013,80795,84082,50814,63261,41050,56615,9886,19681,753609,641721,130464,103049,158559,136005,63414,143,123
2021-07-30T23:59:59+02:00,6279,6003,53059,54097,96181,94575,89014,88951,87497,93420,88700,91497,54031,67287,43044,59599,10425,20992,37155,37895,78001,76631,70691,70977,75640,81485,80393,83758,50740,63172,41017,56555,9880,19669,752727,635571,130146,101916,158556,135797,63085,143,123
2021-07-29T23:59:59+02:00,6228,5944,52827,53918,95928,94351,88801,88743,87329,93246,88559,91369,53971,67224,43021,59561,10417,20970,35913,36681,76955,75756,69637,70019,74837,80732,79853,83328,50607,63009,40950,56460,9862,19642,751495,627829,129668,100365,158541,135240,62567,142,123
2021-07-28T23:59:59+02:00,6190,5891,52630,53754,95726,94148,88650,88559,87212,93107,88449,91274,53914,67150,42988,59513,10407,20939,35309,36101,75798,74784,68360,68910,74078,80015,79359,82875,50468,62808,40880,56357,9846,19603,750335,621531,129220,98952,158523,134452,62287,142,121
2021-07-27T23:59:59+02:00,6141,5850,52398,53532,95463,93941,88473,88375,87055,92956,88327,91178,53861,67074,42944,59449,10392,20890,34658,35368,74351,73550,66910,67694,73215,79165,78813,82362,50295,62596,40800,56236,9821,19560,748934,614299,128795,97500,158497,133215,61937,142,120
2021-07-26T23:59:59+02:00,6084,5798,52185,53329,95218,93749,88279,88211,86897,92818,88197,91077,53801,66995,42915,59395,10385,20868,33902,34567,72839,72214,65548,66456,72170,78179,78224,81832,50122,62381,40722,56089,9799,19515,747604,606277,128371,95972,158480,132144,61610,142,120
2021-07-25T23:59:59+02:00,6046,5756,51984,53135,94964,93520,88108,88023,86741,92688,88090,90981,53750,66932,42887,59351,10375,20832,33198,33825,71495,71010,64434,65432,71168,77271,77753,81385,50003,62197,40657,56002,9793,19481,746235,599337,128093,94400,158458,131351,61241,142,120
2021-07-24T23:59:59+02:00,5958,5698,51712,52843,94660,93209,87859,87804,86563,92532,87990,90902,53720,66898,42875,59328,10375,20826,32712,33350,70641,70322,63763,64870,70290,76571,77548,81234,49949,62155,40635,55977,9793,19479,744367,594968,128038,93469,158456,131225,60754,142,120
2021-07-23T23:59:59+02:00,5905,5642,51442,52572,94270,92928,87568,87589,86383,92351,87855,90807,53687,66850,42867,59310,10372,20820,32206,32733,69587,69476,62980,64205,69385,75721,77146,80907,49874,62057,40603,55938,9786,19465,742340,589415,127965,92308,158449,131048,60327,142,120
2021-07-22T23:59:59+02:00,5834,5578,51031,52174,93815,92490,87182,87254,86076,92052,87637,90625,53602,66755,42838,59249,10363,20794,31498,32016,68258,68463,61916,63285,67727,74333,76491,80398,49718,61851,40512,55820,9765,19425,739322,582804,127730,89547,158424,130280,59737,141,120
2021-07-21T23:59:59+02:00,5782,5527,50669,51800,93384,92081,86878,86951,85818,91807,87468,90439,53519,66671,42780,59182,10352,20765,30902,31383,66925,67422,60832,62389,65684,72645,75584,79655,49429,61541,40351,55632,9741,19369,736545,576533,127490,85240,158397,129191,59304,141,120
2021-07-20T23:59:59+02:00,5724,5464,50283,51413,92924,91615,86514,86630,85552,91552,87248,90244,53427,66536,42733,59122,10345,20740,30250,30755,65468,66244,59692,61432,64498,71586,74973,79099,49221,61307,40245,55475,9717,19307,733610,569508,127267,83578,158341,128164,58711,141,120
2021-07-19T23:59:59+02:00,5645,5390,49819,50960,92452,91145,86149,86301,85302,91339,87040,90068,53334,66416,42697,59043,10327,20704,29708,30186,64309,65189,58766,60565,63344,70544,74374,78582,49047,61110,40153,55329,9688,19262,730358,563714,127042,81775,158305,126973,58289,141,120
2021-07-18T23:59:59+02:00,5576,5321,48994,50148,91395,90113,85424,85692,84824,90913,86746,89775,53227,66268,42634,58946,10317,20673,29160,29609,63140,64121,57837,59652,62164,69516,73824,78080,48901,60948,40095,55246,9676,19234,723952,557892,126707,79754,158288,126168,57902,141,119
2021-07-17T23:59:59+02:00,5402,5135,48644,49819,91251,89979,85229,85533,84667,90776,86637,89691,53205,66241,42623,58934,10316,20670,28782,29241,62502,63528,57288,59228,61406,68779,73519,77839,48791,60831,40055,55187,9666,19223,722775,554906,126529,78787,158281,125549,57029,141,119
2021-07-16T23:59:59+02:00,5303,5044,48326,49536,90987,89758,84982,85329,84464,90590,86499,89583,53163,66209,42605,58920,10313,20665,28293,28752,61573,62622,56441,58541,60351,67743,73017,77421,48628,60643,40008,55119,9661,19214,721395,549975,126361,77462,158270,124814,56113,140,119
2021-07-15T23:59:59+02:00,5166,4912,47850,49130,90598,89385,84625,84949,84163,90314,86279,89412,53083,66119,42550,58851,10303,20638,27565,28139,60264,61573,55323,57557,58951,66432,72291,76836,48406,60385,39920,54990,9645,19159,718945,544207,125940,75267,158235,123155,55071,139,119
2021-07-14T23:59:59+02:00,5060,4799,47503,48754,90295,89091,84340,84637,83912,90072,86076,89257,52994,66012,42492,58762,10286,20607,27048,27597,59176,60584,54354,56713,58076,65587,71680,76253,48139,60106,39813,54817,9623,19115,716781,538814,125578,74353,158187,121468,54268,138,119
2021-07-13T23:59:59+02:00,4947,4683,47102,48375,89903,88735,84033,84331,83645,89814,85869,89092,52886,65907,42438,58696,10280,20586,26402,26944,57808,59401,53160,55726,57083,64673,70957,75617,47863,59784,39682,54639,9591,19062,714439,532496,125208,73252,158127,119427,53413,137,118
2021-07-12T23:59:59+02:00,4777,4514,46564,47866,89507,88398,83640,84014,83400,89558,85681,88934,52804,65809,42389,58631,10268,20571,25783,26295,56302,58051,51868,54663,55855,63530,70213,74999,47489,59356,39506,54417,9550,18997,711758,525218,124835,72223,158064,117080,52533,137,118
2021-07-11T23:59:59+02:00,4382,4142,45619,46949,89083,87966,83224,83629,83092,89268,85486,88787,52717,65718,42364,58575,10257,20554,25186,25731,54928,56793,50572,53619,54810,62495,69621,74449,47144,58973,39381,54242,9525,18955,707815,518597,124364,71215,158023,115294,51478,134,118
2021-07-10T23:59:59+02:00,4370,4127,45289,46612,88630,87487,82888,83317,82990,89171,85418,88729,52696,65695,42355,58561,10256,20550,24701,25206,53849,55856,49715,53037,54212,61927,69404,74261,46773,58554,39281,54137,9520,18944,707147,514303,123898,71131,157846,113973,50119,133,118
2021-07-09T23:59:59+02:00,4351,4114,44869,46177,88020,86934,82508,82976,82739,88986,85302,88637,52662,65666,42348,58547,10252,20541,24004,24438,52534,54620,48778,52157,53433,61075,68982,73861,46412,58147,39195,54047,9512,18932,705741,508143,123319,70727,157678,112626,48760,133,117
2021-07-08T23:59:59+02:00,4323,4088,44320,45695,87162,86231,81983,82468,82485,88744,85107,88482,52595,65599,42316,58501,10241,20525,23032,23520,50603,53059,47402,51005,52295,59950,68301,73227,45897,57594,39059,53883,9484,18863,703634,500450,122433,69456,157385,110089,47283,132,117
2021-07-07T23:59:59+02:00,4299,4060,43751,45123,86337,85467,81439,81991,82200,88448,84903,88317,52517,65498,42274,58438,10234,20505,22169,22631,48658,51382,45889,49869,51060,58770,67611,72693,45166,56857,38868,53645,9453,18805,701144,492322,121439,68343,157130,106984,45958,130,115
2021-07-06T23:59:59+02:00,4267,4040,43207,44607,85490,84735,80830,81401,81830,88116,84729,88143,52428,65417,42236,58375,10225,20480,21339,21780,46677,49596,44503,48616,49788,57436,66866,71973,44335,56082,38682,53405,9435,18749,698514,483378,120417,67262,156830,104018,44666,129,115
2021-07-05T23:59:59+02:00,4243,4002,42065,43634,83997,83647,80097,80784,81374,87696,84456,87880,52309,65280,42187,58297,10211,20452,20166,20737,44727,48004,43477,47652,48757,56472,66168,71355,43575,55220,38509,53180,9411,18710,695217,477398,119357,66393,156463,100923,41445,129,115
2021-07-04T23:59:59+02:00,4216,3980,40714,42441,82360,82327,79376,80173,80902,87270,84185,87681,52214,65153,42141,58245,10198,20423,18805,19515,42923,46469,42753,46867,47913,55560,65556,70775,42829,54364,38345,52982,9392,18662,692124,472464,118203,65464,156037,98305,37506,129,115
2021-07-03T23:59:59+02:00,3752,3565,39155,40912,81500,81673,78890,79674,80456,86793,83969,87512,52146,65052,42123,58193,10195,20417,17996,18826,42008,45779,42335,46486,47508,55161,65391,70610,42240,53637,38283,52883,9385,18652,688411,470531,116891,65363,155952,96715,34594,129,115
2021-07-02T23:59:59+02:00,3192,2993,37607,39432,80783,80948,78217,78972,79934,86291,83727,87311,52094,64965,42094,58146,10183,20404,17239,18115,40864,44822,41600,45791,46674,54377,64870,70162,41290,52432,38153,52694,9369,18633,683397,465482,115485,64901,155797,94224,32485,129,113
2021-07-01T23:59:59+02:00,2550,2447,35895,37784,79812,80085,77383,78138,79226,85654,83411,87032,51973,64807,42031,58042,10164,20375,16376,17225,39331,43589,40384,44723,45366,53245,64130,69589,40401,51293,38003,52487,9352,18601,677092,459125,113768,63251,155571,91453,30249,129,113
2021-06-30T23:59:59+02:00,2508,2416,34893,36781,77983,78584,75678,76638,78568,85106,83125,86739,51842,64649,41971,57945,10152,20348,15354,16264,37648,42362,39184,43609,44203,52187,63378,68963,39856,50609,37888,52291,9330,18565,671238,453005,112034,61910,155356,89570,27169,129,113
2021-06-29T23:59:59+02:00,2475,2383,34063,35897,76383,77094,74059,75216,77777,84384,82581,86248,51659,64429,41894,57814,10135,20312,14521,15368,36334,41221,38265,42787,42977,51135,62666,68378,39149,49674,37752,52073,9308,18521,664895,447842,110156,60072,155084,87618,24539,129,112
2021-06-28T23:59:59+02:00,2435,2350,33257,35099,74764,75684,72376,73808,76752,83595,81972,85749,51480,64199,41816,57707,10122,20278,13777,14624,35278,40201,37437,42054,41852,50139,62016,67831,38276,48586,37585,51852,9288,18474,658426,443011,108186,58557,154489,85418,22213,129,111
2021-06-27T23:59:59+02:00,2421,2335,32523,34359,73193,74314,70969,72598,75352,82475,81292,85194,51281,63982,41751,57590,10112,20249,13145,13996,34320,39445,36778,41448,40917,49289,61475,67386,37416,47556,37433,51674,9273,18443,652224,439111,106246,57793,153535,83158,19856,129,111
2021-06-26T23:59:59+02:00,1789,1728,31492,33261,72841,73999,70504,72135,75058,82163,81197,85112,51261,63954,41737,57580,10111,20246,12950,13789,33657,38902,36135,41026,40398,48954,60480,66382,36425,46420,37266,51460,9259,18410,647457,433133,105309,57741,153531,81217,19745,126,111
2021-06-25T23:59:59+02:00,1170,1130,30379,32097,72355,73471,69889,71436,74627,81717,80820,84789,51200,63868,41703,57537,10106,20232,12626,13402,32802,38101,35265,40202,39459,48117,59269,65147,35908,45720,37074,51159,9236,18367,641149,424709,104115,57294,153523,80157,19613,126,111
2021-06-24T23:59:59+02:00,570,571,29044,30784,71582,72725,69016,70547,73954,81088,80372,84424,51094,63738,41651,57467,10095,20198,11968,12708,31639,36798,34048,38933,38330,47007,57634,63768,35431,45200,36917,50970,9217,18307,633365,415381,102621,55744,153409,78265,19399,126,110
2021-06-23T23:59:59+02:00,543,538,28541,30243,70472,71743,67739,69407,73206,80399,79919,84020,50983,63563,41590,57371,10078,20167,11480,12182,30639,35548,33116,37709,37315,46127,55692,62057,34881,44634,36749,50742,9196,18242,627142,405626,101045,54679,153302,77009,18907,126,109
2021-06-22T23:59:59+02:00,520,522,28029,29664,69296,70715,66533,68378,72525,79692,79505,83654,50876,63436,41542,57287,10069,20141,11136,11785,29717,34612,32149,36818,36355,45237,53723,60221,34493,44158,36610,50500,9167,18184,620821,397102,99584,53105,153166,75881,18687,126,108
2021-06-21T23:59:59+02:00,488,488,27365,29003,67977,69542,65346,67243,71764,78911,79109,83259,50768,63327,41483,57197,10055,20099,10845,11475,29091,34028,31598,36248,35753,44648,51874,58563,33780,43357,36314,50076,9137,18108,614007,389529,98085,51906,153044,75206,18163,125,108
2021-06-20T23:59:59+02:00,403,407,26727,28344,66757,68405,64323,66297,70959,78167,78755,82923,50691,63203,41434,57129,10050,20066,10557,11214,28543,33527,31141,35756,35244,44125,50032,56772,33237,42675,36117,49740,9107,18048,607618,382118,96615,51152,152947,74739,17735,125,103
2021-06-19T23:59:59+02:00,371,373,26349,27979,66026,67830,63798,65799,70162,77513,78602,82798,50670,63177,41418,57113,10049,20066,10426,11022,28296,33209,30887,35434,35022,43864,48586,55377,32977,42328,36033,49603,9099,18020,603670,376720,95671,51140,152945,74550,17682,125,103
2021-06-18T23:59:59+02:00,344,339,25889,27521,65014,67094,63059,65186,69242,76675,78212,82463,50609,63102,41391,57077,10045,20058,10212,10785,27891,32782,30559,35021,34634,43472,46853,53712,32626,41813,35896,49392,9080,17986,598263,369864,94428,50852,152937,74339,17568,124,103
2021-06-17T23:59:59+02:00,315,308,25239,26902,63725,66075,62042,64333,67611,75234,77677,82061,50505,62947,41328,56991,10032,20030,9797,10431,27095,32094,29817,34342,33797,42770,45348,52217,32181,41183,35733,49137,9048,17936,591949,362438,91771,49710,152779,73955,16733,123,102
2021-06-16T23:59:59+02:00,281,269,24717,26321,62425,64948,60933,63351,65339,73314,76830,81405,50293,62737,41237,56879,10013,19998,9476,10180,26442,31420,29107,33716,33066,42134,44755,51653,31911,40822,35587,48938,9027,17895,585711,358735,87261,49004,152343,72444,15854,121,102
2021-06-15T23:59:59+02:00,242,238,24080,25639,61024,63739,59847,62360,64179,72228,76325,80985,50170,62589,41187,56782,10006,19968,9215,9913,25841,30685,28468,32957,32389,41410,43194,50024,31465,40268,35415,48704,8997,17831,578598,352027,85630,48111,151876,71183,15363,121,102
2021-06-14T23:59:59+02:00,220,206,23603,25048,59915,62680,58968,61504,63103,71213,75851,80590,50082,62466,41137,56710,9990,19942,8929,9614,25084,29794,27700,32120,31598,40592,41911,48687,31097,39768,35278,48479,8967,17780,572696,345887,83908,47087,151673,69501,14830,121,102
2021-06-13T23:59:59+02:00,215,191,23186,24581,58985,61774,58191,60719,61994,70241,75385,80163,49994,62349,41087,56649,9978,19911,8650,9314,24370,28950,26982,31277,30834,39741,40360,47104,30633,39160,35077,48174,8937,17691,567683,338833,82040,46306,151444,67719,14305,121,100
2021-06-12T23:59:59+02:00,201,174,22958,24317,58436,61273,57831,60440,61352,69598,75184,80050,49970,62318,41075,56635,9975,19907,8534,9198,23891,28365,26465,30708,30318,39182,39282,46130,30465,38981,34980,48009,8933,17680,564790,334631,81083,46303,151435,65831,14265,121,100
2021-06-11T23:59:59+02:00,183,159,22608,23904,57696,60460,57154,59809,60446,68666,74832,79740,49894,62245,41049,56599,9972,19901,8401,9010,23380,27691,25932,30050,29736,38548,38211,45121,30194,38626,34837,47785,8920,17653,559788,329792,79788,46042,151421,63970,14200,120,99
2021-06-10T23:59:59+02:00,168,142,22074,23343,56567,59531,56224,58989,59189,67492,74296,79336,49822,62136,41025,56548,9958,19872,8139,8762,22512,26746,24966,29112,28616,37617,36820,43952,29840,38147,34556,47350,8853,17577,554243,322890,77578,45330,151176,61661,13595,120,97
2021-06-09T23:59:59+02:00,147,128,21451,22791,55301,58434,55154,58070,58232,66583,73832,78939,49735,62035,40974,56485,9944,19841,7852,8497,21594,25880,24029,28216,27581,36669,35100,42165,29455,37647,34371,47081,8811,17487,548473,315450,76122,44604,150819,59752,12542,120,95
2021-06-08T23:59:59+02:00,124,110,20780,22109,53989,57304,54036,57093,57273,65723,73286,78502,49646,61910,40919,56393,9924,19810,7584,8263,20681,24983,22969,27352,26546,35711,33747,40863,29096,37139,34050,46628,8758,17404,541805,309143,75202,43838,150376,57278,11428,120,93
2021-06-07T23:59:59+02:00,107,92,20137,21509,52551,56050,52772,56115,56114,64734,72734,78097,49560,61801,40872,56329,9911,19782,7337,8044,19836,24157,21944,26538,25510,34839,32810,40080,28811,36746,33805,46199,8707,17313,534543,304518,74305,43021,149956,54705,10343,120,93
2021-06-06T23:59:59+02:00,100,86,19629,20973,51401,54958,51667,55134,55151,63780,72227,77694,49474,61724,40835,56266,9904,19766,7129,7844,19048,23263,21043,25665,24438,33856,31896,39264,28525,36407,33549,45808,8658,17238,528204,299950,73283,42282,149618,51764,9546,118,93
2021-06-05T23:59:59+02:00,94,78,19365,20684,50631,54208,51015,54633,54677,63297,72093,77581,49463,61710,40832,56263,9901,19766,6901,7430,18406,22188,20320,24545,23563,32607,30870,37945,28192,35943,33425,45632,8651,17218,523898,293642,73278,42243,149521,48386,9476,118,93
2021-06-04T23:59:59+02:00,84,72,18922,20104,49583,53203,50204,53764,54029,62512,71750,77253,49435,61673,40812,56248,9899,19758,6682,7119,17784,21338,19641,23555,22634,31338,29657,36609,27904,35580,33313,45457,8639,17198,517433,287213,72955,42174,149503,45675,9296,118,93
2021-06-03T23:59:59+02:00,73,61,18248,19431,48066,51901,48993,52641,53061,61498,71255,76791,49368,61568,40774,56200,9886,19733,6393,6729,17049,20293,18844,22406,21634,29922,28493,35131,27359,34798,33107,45132,8603,17123,509692,280474,71939,41428,149224,42450,8576,117,91
2021-06-02T23:59:59+02:00,68,57,17878,18927,47048,50920,48131,51896,52320,60748,71005,76577,49330,61532,40755,56172,9878,19719,6210,6490,16400,19611,17934,21656,20802,28979,27397,33728,26893,34193,32948,44882,8574,17053,503420,274195,71922,41413,149203,39757,8301,115,87
2021-06-01T23:59:59+02:00,57,51,17208,18208,45191,49182,46483,50432,50802,59301,70328,75976,49238,61422,40694,56098,9865,19670,5936,6181,15241,18707,16424,20694,19591,27736,26172,32333,26342,33499,32699,44535,8528,16949,494298,267709,70571,40847,148650,36352,6574,113,87
2021-05-31T23:59:59+02:00,55,47,16732,17725,43878,48041,45272,49330,49563,58189,69650,75466,49159,61319,40650,56028,9853,19634,5659,5862,14200,17876,15023,19776,18422,26627,24948,30989,25826,32782,32504,44238,8494,16850,488044,261415,69407,40302,148180,33427,4848,112,86
2021-05-30T23:59:59+02:00,47,46,16393,17315,42886,47084,44345,48383,48535,57142,69058,74907,49049,61149,40579,55907,9838,19591,5470,5618,13651,17176,14398,19081,17534,25659,23842,29815,25056,31832,32210,43819,8448,16761,481775,255442,68372,39502,147768,31118,4228,111,82
2021-05-29T23:59:59+02:00,47,46,16262,17198,42527,46767,44002,48118,48294,56952,68998,74850,49044,61142,40573,55902,9838,19590,5307,5378,13138,16364,13750,18230,16690,24492,22731,28515,24899,31601,32147,43726,8445,16754,479810,249843,68247,39502,147759,28520,4223,111,81
2021-05-28T23:59:59+02:00,46,44,15962,16896,41829,46135,43489,47553,47788,56410,68727,74553,48979,61061,40545,55853,9835,19585,5068,4993,12602,15447,13067,17366,15824,23256,21630,27080,24651,31233,32053,43592,8435,16737,475519,243808,67744,39397,147732,25568,4184,111,79
2021-05-27T23:59:59+02:00,43,40,15443,16376,40680,45154,42469,46669,46800,55522,68143,74118,48855,60901,40491,55781,9824,19543,4842,4655,11960,14620,12280,16427,14753,22063,20369,25572,24146,30492,31880,43329,8402,16653,469688,236450,66226,38593,147008,23508,3819,111,75
2021-05-26T23:59:59+02:00,41,39,15032,15950,39581,44236,41431,45786,45774,54643,67537,73607,48701,60722,40411,55613,9803,19495,4649,4459,11402,13856,11556,15574,13749,20929,18970,23979,23559,29709,31664,42985,8349,16552,464552,229177,64201,37729,146017,21441,3521,111,75
2021-05-25T23:59:59+02:00,41,38,14641,15547,38573,43348,40458,44928,44822,53725,66927,73076,48520,60483,40332,55480,9777,19441,4441,4256,10859,13210,10795,14792,12682,19691,17530,22472,22974,28929,31430,42662,8290,16459,459238,221807,62618,36789,144902,19517,3288,111,73
2021-05-24T23:59:59+02:00,40,37,14299,15223,37743,42609,39585,44253,43958,52940,66396,72589,48395,60306,40268,55356,9757,19396,4298,4129,10410,12745,10153,14204,11797,18855,16243,21210,22300,28095,31211,42331,8230,16369,454611,214889,61386,35845,144164,18898,2878,111,72
2021-05-23T23:59:59+02:00,36,37,14130,15050,37274,42234,39134,43848,43506,52535,66126,72360,48318,60215,40229,55309,9750,19372,4108,3989,9944,12269,9527,13594,10854,18036,15047,20144,21832,27525,30959,42041,8179,16284,451416,207878,61004,35764,144141,17830,2791,111,71
2021-05-22T23:59:59+02:00,34,35,13932,14834,36584,41668,38454,43392,42935,52127,65104,71346,48110,59957,40159,55196,9740,19351,3996,3694,9729,11854,9372,13263,10611,17589,14778,19742,21738,27407,30925,42001,8172,16275,444962,206652,61001,35761,144124,15904,2760,111,71
2021-05-21T23:59:59+02:00,33,34,13554,14430,35509,40747,37390,42460,41867,51230,63748,70061,47880,59619,40079,55048,9723,19318,3890,3598,9522,11588,9161,12997,10281,17261,14365,19371,21517,27121,30864,41911,8163,16267,435344,204702,60645,35455,143887,14909,2744,110,69
2021-05-20T23:59:59+02:00,31,34,12759,13706,34066,39289,35966,41051,40458,50028,62461,68910,47589,59276,39936,54865,9702,19267,3741,3416,8993,10985,8513,12284,9582,16413,13608,18402,20699,26000,30670,41613,8124,16180,425118,200322,58943,34609,142859,11859,2366,108,69
2021-05-19T23:59:59+02:00,31,33,12221,13140,32885,37865,34862,39668,39331,49065,60457,67139,47111,58718,39753,54602,9661,19161,3637,3283,8719,10608,8217,11911,9140,15905,12969,17737,19833,24868,30443,41310,8068,16065,414263,196069,57422,33795,141747,10620,2164,107,67
2021-05-18T23:59:59+02:00,28,33,11797,12697,31841,36846,33765,38750,38286,48130,58398,65281,46755,58269,39597,54362,9629,19102,3439,3120,8217,10001,7745,11364,8597,15236,12282,16967,18890,23635,30205,40966,8031,15960,405593,191967,55461,32952,140551,7814,1857,104,67
2021-05-17T23:59:59+02:00,26,32,11546,12421,31319,36286,33267,38189,37696,47495,56495,63569,46050,57445,39320,53964,9592,19029,3357,3011,7953,9718,7451,11066,8196,14823,11710,16363,17972,22500,29972,40647,7996,15886,397999,187588,54334,32204,139737,7196,1569,102,66
2021-05-16T23:59:59+02:00,26,32,11323,12167,30797,35780,32802,37693,37174,46923,54599,61741,45504,56747,39126,53644,9565,18973,3256,2911,7665,9426,7129,10721,7718,14359,11129,15777,17040,21349,29763,40357,7958,15817,391032,183301,53365,31355,139067,6606,1051,101,64
2021-05-15T23:59:59+02:00,26,32,11167,11963,30519,35447,32564,37372,36943,46659,53027,60262,45253,56440,39049,53506,9559,18945,3235,2893,7640,9397,7114,10700,7698,14344,11111,15755,16930,21133,29554,40049,7950,15807,385216,182307,53361,31354,139021,6554,1034,101,63
2021-05-14T23:59:59+02:00,26,32,10919,11683,30045,34936,32182,36908,36429,46185,51153,58430,44892,55938,38909,53299,9543,18905,3208,2874,7568,9323,7058,10627,7639,14283,10927,15554,16198,20065,29268,39563,7933,15767,377406,179383,53032,31013,138891,6414,984,101,63
2021-05-13T23:59:59+02:00,23,31,10635,11357,29396,34293,31581,36300,35756,45517,49682,56912,44462,55309,38738,53055,9516,18859,3139,2828,7441,9221,6971,10533,7535,14174,10600,15206,15139,18826,28882,38919,7890,15693,370301,175577,52015,30449,138134,6038,873,99,62
2021-05-12T23:59:59+02:00,23,29,10504,11214,29113,33971,31313,36007,35443,45202,49398,56604,44366,55203,38687,52976,9509,18821,3127,2802,7407,9184,6940,10498,7503,14135,10431,15050,14762,18393,28578,38436,7868,15646,367627,173517,51932,30439,137976,5993,750,98,62
2021-05-11T23:59:59+02:00,22,26,10156,10890,28257,33145,30480,35252,34581,44419,47663,54833,43911,54608,38512,52684,9471,18718,3040,2703,7161,8902,6714,10197,7288,13765,9948,14503,13779,17241,28162,37817,7830,15551,360706,169830,50225,29547,136077,4641,522,98,62
2021-05-10T23:59:59+02:00,21,26,9850,10613,27509,32439,29699,34548,33810,43648,46355,53566,43528,54098,38325,52378,9421,18605,2998,2657,7031,8777,6618,10077,7147,13583,9680,14195,13082,16380,27732,37206,7804,15470,354442,167005,49108,29164,134384,3801,410,95,58
2021-05-09T23:59:59+02:00,20,26,9616,10365,26826,31752,29029,33847,33087,42949,44825,52088,43026,53477,38123,52074,9384,18520,2950,2611,6908,8633,6511,9934,7033,13370,9364,13884,12284,15479,27368,36669,7784,15414,347340,164151,48033,28606,133247,3059,323,91,58
2021-05-08T23:59:59+02:00,20,26,9523,10297,26441,31451,28582,33532,32631,42645,43793,51258,42874,53313,38083,52012,9382,18514,2947,2607,6900,8628,6505,9926,7025,13358,9354,13872,12246,15417,26688,35720,7747,15338,342819,162279,47991,28579,133159,3046,317,91,58
2021-05-07T23:59:59+02:00,19,26,9381,10149,25969,31070,28127,33157,32125,42295,42752,50432,42602,52972,37972,51852,9370,18487,2900,2581,6845,8584,6449,9870,6974,13306,9181,13649,11614,14604,25746,34332,7699,15256,337684,158177,47684,28207,133001,2850,299,89,58
2021-05-06T23:59:59+02:00,17,25,8980,9860,25049,30300,27062,32350,30894,41474,41136,49214,42221,52424,37779,51609,9332,18414,2836,2535,6711,8436,6331,9741,6826,13118,8908,13349,10963,13740,24780,32946,7664,15195,329817,154382,46608,27248,131344,2107,285,86,58
2021-05-05T23:59:59+02:00,17,24,8614,9659,24162,29700,26197,31686,29803,40681,39152,47397,41774,51871,37571,51327,9275,18302,2795,2504,6592,8307,6228,9627,6724,12977,8661,13091,10253,12909,23765,31622,7635,15124,321955,150494,45753,26358,129218,1707,200,86,56
2021-05-04T23:59:59+02:00,17,23,8371,9431,23365,29050,25221,30946,28730,39845,37638,45930,41304,51287,37294,50980,9228,18181,2756,2482,6518,8235,6144,9558,6649,12893,8424,12870,9523,12052,22817,30377,7601,15061,315295,146758,44786,25552,126579,1501,95,86,55
2021-05-03T23:59:59+02:00,17,22,8168,9217,22662,28470,24381,30338,27822,39146,36679,45179,40955,50811,37079,50692,9178,18077,2710,2449,6447,8158,6063,9493,6559,12809,8196,12655,8779,11151,21901,29160,7570,15011,310419,143011,44009,24731,124325,1261,55,85,54
2021-05-02T23:59:59+02:00,17,22,8004,9052,22022,27891,23639,29747,27002,38523,35864,44543,40696,50482,36966,50505,9144,18020,2672,2426,6404,8116,6026,9457,6519,12768,8013,12482,8176,10409,21191,28292,7549,14992,305583,139816,43239,24453,123186,1124,47,84,53
2021-05-01T23:59:59+02:00,16,22,7850,8869,21649,27432,23156,29172,26356,37808,35039,43646,40433,50106,36868,50353,9138,18003,2666,2420,6378,8106,6011,9448,6501,12755,7996,12466,8139,10345,21152,28235,7545,14988,299467,139525,43237,24446,123081,1081,47,84,53
2021-04-30T23:59:59+02:00,16,21,7701,8691,21260,27002,22709,28602,25605,37029,34028,42677,40202,49785,36772,50199,9126,17982,2647,2407,6353,8088,5989,9431,6474,12735,7964,12433,8099,10274,21101,28152,7542,14979,293155,139213,43230,24373,122898,989,41,83,53
2021-04-29T23:59:59+02:00,15,21,7432,8451,20666,26424,22038,27917,24671,36062,32750,41341,39156,48382,36455,49723,9069,17854,2615,2373,6261,7978,5903,9329,6380,12593,7760,12157,7474,9548,20693,27635,7520,14905,284399,137145,42448,23142,121461,746,41,78,51
2021-04-28T23:59:59+02:00,14,19,7157,8233,20144,25951,21399,27317,23784,35214,31351,39888,37995,46792,36112,49231,9006,17713,2545,2325,6151,7855,5793,9198,6278,12442,7541,11885,6783,8702,20277,27060,7479,14833,275709,134690,41674,21847,119823,519,41,73,51
2021-04-27T23:59:59+02:00,13,19,6972,8055,19709,25526,20776,26780,22925,34432,30131,38560,36906,45347,35728,48660,8936,17586,2519,2300,6048,7758,5740,9099,6212,12318,7326,11686,6181,7962,19871,26562,7459,14810,267869,132588,40811,20901,118267,271,41,73,51
2021-04-26T23:59:59+02:00,12,19,6790,7889,19289,25102,20232,26252,22118,33674,28911,37322,35846,43925,35422,48175,8886,17462,2507,2290,6003,7715,5695,9059,6174,12274,7140,11520,5567,7228,19499,26111,7435,14783,260165,130618,39985,20054,117066,240,38,72,51
2021-04-25T23:59:59+02:00,12,18,6685,7754,18951,24831,19851,25912,21505,33051,27924,36365,34713,42494,35107,47745,8843,17380,2495,2283,5985,7691,5676,9042,6153,12249,7103,11493,5440,7046,19164,25647,7419,14739,252958,129996,39271,19313,116804,230,37,71,50
2021-04-24T23:59:59+02:00,12,18,6521,7579,18507,24397,19291,25373,20720,32249,26842,35315,34460,42180,35013,47580,8833,17368,2491,2277,5972,7681,5665,9031,6148,12245,7093,11486,5367,6935,19066,25506,7416,14731,246987,129540,39266,19273,115897,212,37,71,49
2021-04-23T23:59:59+02:00,12,18,6298,7379,18057,23920,18720,24760,19894,31432,25681,34118,33683,41006,34870,47345,8819,17345,2485,2258,5945,7658,5628,8992,6103,12200,7046,11431,5201,6658,18527,24879,7316,14562,239403,127692,38937,18926,114910,190,37,70,45
2021-04-22T23:59:59+02:00,11,17,6083,7171,17451,23331,17927,23975,18844,30407,24356,32685,32641,39650,34623,46989,8781,17266,2471,2243,5901,7604,5578,8907,6027,12122,6971,11360,4917,6238,17812,24003,7197,14368,230348,125524,38018,17959,113738,156,37,67,44
2021-04-21T23:59:59+02:00,11,16,5884,6990,16920,22860,17265,23369,17857,29509,22799,31092,31636,38415,34326,46551,8732,17177,2447,2226,5858,7549,5519,8832,5961,12022,6875,11280,4757,5963,17114,23153,7080,14186,221456,123429,37247,17189,112604,124,37,65,44
2021-04-20T23:59:59+02:00,10,15,5701,6794,16364,22385,16522,22710,16860,28507,21327,29622,30486,36921,34010,46111,8680,17082,2434,2211,5808,7511,5478,8787,5912,11955,6796,11215,4638,5806,16513,22379,6953,14006,212439,121739,36365,16472,111202,116,36,65,40
2021-04-19T23:59:59+02:00,10,15,5514,6637,15828,21953,15843,22150,15867,27627,19931,28217,29109,35283,33692,45632,8620,16964,2423,2196,5784,7478,5441,8753,5873,11907,6714,11139,4512,5643,15864,21667,6845,13844,203717,120090,35585,15805,109492,113,36,62,40
2021-04-18T23:59:59+02:00,9,15,5326,6496,15393,21629,15224,21586,14892,26835,18591,27077,27721,33631,33360,45209,8561,16875,2372,2150,5652,7356,5326,8638,5766,11753,6608,11017,4394,5454,15270,20999,6730,13661,195159,118431,34755,14532,108419,109,36,61,39
2021-04-17T23:59:59+02:00,9,14,5290,6461,15238,21552,15049,21500,14656,26656,18337,26855,27213,33088,33234,45061,8552,16860,2345,2110,5552,7203,5218,8479,5666,11565,6519,10884,4341,5391,15029,20705,6720,13648,193939,116672,34750,14528,106839,101,36,61,39
2021-04-16T23:59:59+02:00,9,14,5227,6407,15061,21400,14836,21339,14374,26409,17919,26444,26168,31856,33101,44852,8531,16837,2299,2060,5435,7014,5081,8295,5512,11322,6322,10661,4132,5156,14381,19909,6622,13503,190590,113412,34460,14125,105637,93,36,61,39
2021-04-15T23:59:59+02:00,7,13,5158,6330,14845,21187,14565,21050,13945,26058,17280,25811,24804,30247,32844,44529,8495,16757,2229,1976,5239,6776,4878,7972,5305,11003,6106,10376,3933,4905,13550,18825,6507,13336,186022,109580,33652,13180,104155,83,36,60,38
2021-04-14T23:59:59+02:00,7,13,5079,6260,14640,20985,14310,20826,13554,25724,16614,25190,23225,28457,32533,44126,8443,16663,2038,1855,5020,6512,4689,7721,5077,10753,5870,10091,3796,4694,12820,17906,6379,13122,181413,106474,32778,11720,102362,76,36,60,38
2021-04-13T23:59:59+02:00,7,13,5027,6212,14436,20852,14074,20644,13214,25428,16044,24686,21520,26609,32213,43709,8413,16557,1952,1802,4853,6323,4504,7500,4874,10497,5665,9853,3657,4526,12303,17290,6256,12961,177182,104072,31901,10605,100480,66,36,59,38
2021-04-12T23:59:59+02:00,7,12,4963,6145,14219,20653,13769,20380,12827,25012,15464,24132,19924,24665,31923,43347,8370,16483,1822,1711,4670,6162,4354,7324,4711,10304,5528,9694,3538,4371,11870,16778,6145,12798,172812,102381,30844,9264,98544,64,36,59,36
2021-04-11T23:59:59+02:00,7,12,4894,6068,13994,20454,13473,20167,12409,24662,14900,23622,18414,22890,31663,43004,8326,16403,1784,1675,4550,6049,4243,7200,4588,10173,5393,9562,3423,4251,11378,16167,6014,12590,168522,100628,29882,8284,96866,62,34,58,33
2021-04-10T23:59:59+02:00,7,12,4889,6060,13975,20440,13464,20156,12392,24644,14876,23602,17723,21968,31371,42586,8308,16376,1780,1663,4538,6038,4228,7185,4575,10159,5340,9496,3320,4138,10821,15332,5885,12392,167450,98482,29855,8284,95454,60,32,58,33
2021-04-09T23:59:59+02:00,7,12,4875,6043,13938,20390,13420,20108,12345,24590,14617,23348,16200,20075,30963,41941,8274,16333,1756,1652,4515,6021,4200,7158,4532,10124,5301,9447,3235,4019,9954,14342,5736,12194,164825,96036,29513,8035,93055,58,30,56,28
2021-04-08T23:59:59+02:00,7,12,4831,6015,13837,20315,13339,20028,12245,24485,14280,22987,14429,17859,30346,40929,8215,16210,1735,1639,4483,5968,4148,7073,4468,10043,5229,9370,3127,3915,9472,13736,5532,11949,160987,94183,28481,7598,90825,57,22,54,28
2021-04-07T23:59:59+02:00,7,12,4800,5986,13732,20232,13243,19941,12141,24382,13896,22626,12914,16004,29701,39957,8160,16112,1716,1627,4429,5901,4062,6999,4379,9959,5139,9270,3039,3820,8724,12635,5294,11543,156562,91620,27603,6823,89608,47,20,53,27
2021-04-06T23:59:59+02:00,7,12,4771,5960,13633,20165,13161,19880,12065,24317,13519,22274,11279,13991,29038,38985,8128,16041,1655,1573,4299,5773,3953,6875,4258,9808,5036,9141,2923,3698,8017,11704,5021,11178,152540,89230,26720,5594,87896,45,18,52,26
2021-04-05T23:59:59+02:00,7,11,4733,5932,13555,20097,13093,19812,12008,24237,13246,22018,9666,12041,28307,37931,8093,15979,1584,1504,4142,5623,3785,6719,4104,9659,4881,9012,2791,3581,7205,10742,4750,10789,149328,86854,25704,3933,85665,42,17,52,26
2021-04-04T23:59:59+02:00,7,11,4719,5915,13544,20077,13085,19794,12000,24216,13149,21948,8641,10780,27858,37291,8068,15922,1582,1501,4134,5617,3782,6714,4099,9654,4879,9004,2786,3572,6969,10276,4665,10664,147599,85892,25700,3933,83660,36,14,52,24
2021-04-03T23:59:59+02:00,7,11,4716,5905,13527,20057,13073,19784,11990,24206,13135,21930,7735,9712,26975,36049,8019,15810,1578,1497,4132,5612,3780,6711,4091,9642,4865,8991,2779,3559,6830,10013,4626,10582,145120,85283,25692,3933,81765,36,13,51,24
2021-04-02T23:59:59+02:00,7,11,4711,5886,13490,20031,13033,19741,11946,24158,13061,21861,7221,8963,25389,33948,7873,15541,1569,1480,4105,5588,3754,6670,4055,9581,4742,8702,2651,3403,6455,9617,4477,10379,140661,83452,25354,3706,80796,36,11,49,24
2021-04-01T23:59:59+02:00,6,10,4663,5827,13396,19887,12916,19590,11796,24002,12459,21410,6659,8258,23882,31974,7747,15303,1503,1434,3995,5461,3687,6599,3987,9514,4664,8599,2555,3260,5940,8930,4306,10104,136469,81176,24214,3299,79046,31,10,46,23
2021-03-31T23:59:59+02:00,6,10,4612,5772,13271,19733,12781,19435,11607,23822,12195,21150,6338,7885,22406,30023,7596,15074,1490,1423,3969,5438,3656,6571,3947,9467,4625,8546,2492,3185,5455,8282,4131,9864,132531,79402,23127,3080,78005,31,7,46,22
2021-03-30T23:59:59+02:00,6,10,4548,5707,13133,19583,12668,19260,11476,23657,12025,21011,6148,7667,21016,28290,7452,14871,1473,1387,3927,5405,3592,6501,3859,9354,4494,8374,2357,2980,5035,7726,3988,9607,129168,77176,22198,2839,77114,19,4,44,22
2021-03-29T23:59:59+02:00,6,10,4508,5669,13013,19490,12601,19176,11393,23551,11875,20876,5990,7466,19593,26605,7324,14670,1414,1346,3872,5360,3518,6431,3741,9210,4345,8183,2235,2840,4473,7056,3834,9331,125575,74521,21332,2627,76862,18,3,44,21
2021-03-28T23:59:59+02:00,6,10,4461,5603,12892,19352,12515,19083,11291,23454,11768,20774,5838,7261,18413,25097,7205,14474,1381,1302,3774,5252,3323,6204,3654,9093,4295,8127,2181,2776,3713,6033,3649,9063,122576,71461,20540,2327,76335,10,3,43,20
2021-03-27T23:59:59+01:00,6,10,4429,5552,12785,19187,12395,18918,11176,23249,11658,20623,5772,7178,18127,24750,7194,14457,1375,1299,3769,5248,3320,6197,3368,8743,4097,7829,2175,2773,3699,5999,3615,9001,120729,70152,20500,2327,76191,6,3,43,20
2021-03-26T23:59:59+01:00,6,9,4393,5499,12673,18995,12259,18716,11022,23019,11497,20409,5605,6963,17520,23954,7094,14307,1373,1298,3764,5241,3297,6179,3349,8723,3883,7379,1998,2367,3435,5714,3464,8767,117618,67885,20161,2320,76116,5,2,43,20
2021-03-25T23:59:59+01:00,6,9,4325,5411,12474,18755,12054,18386,10810,22691,11254,20082,5392,6678,16491,22645,6966,14117,1364,1288,3743,5215,3263,6151,3297,8685,3837,7335,1926,2254,2998,5031,3305,8461,113632,65910,19089,2219,75780,3,2,43,20
2021-03-24T23:59:59+01:00,6,9,4245,5300,12257,18301,11834,17971,10587,22296,11020,19709,5123,6329,15449,21427,6826,13893,1341,1275,3719,5169,3227,6087,3242,8615,3783,7262,1873,2195,2690,4697,3152,8185,110519,64513,17994,1976,74024,3,2,43,19
2021-03-23T23:59:59+01:00,6,9,4189,5235,12090,17955,11633,17617,10393,21928,10796,19420,4988,6130,14808,20612,6685,13720,1326,1268,3704,5150,3206,6069,3217,8564,3744,7218,1838,2136,2461,4427,2943,7862,108156,63176,17267,1934,72746,3,2,43,19
2021-03-22T23:59:59+01:00,6,9,4139,5156,11890,17621,11444,17289,10167,21600,10580,19113,4835,5918,14190,19893,6552,13533,1312,1259,3675,5117,3174,6031,3188,8507,3707,7173,1794,2080,2261,4176,2748,7530,106285,61916,16547,1793,71060,3,2,41,19
2021-03-21T23:59:59+01:00,6,9,4065,5033,11606,17210,11163,16880,9895,21145,10323,18757,4721,5745,13491,19101,6410,13325,1304,1258,3658,5101,3152,5998,3165,8477,3687,7151,1775,2052,2094,4014,2577,7260,104400,60913,15244,1788,69198,3,2,41,18
2021-03-20T23:59:59+01:00,5,9,4035,4964,11463,16875,11038,16562,9753,20842,10146,18473,4594,5585,12858,18151,6272,13109,1303,1257,3658,5099,3149,5997,3162,8471,3682,7146,1771,2047,2062,3952,2554,7218,102201,60718,15239,1788,67251,3,2,41,18
2021-03-19T23:59:59+01:00,5,8,3990,4883,11295,16512,10855,16207,9577,20461,9929,18111,4431,5389,11834,16937,6111,12898,1294,1250,3640,5070,3119,5920,3117,8378,3579,6971,1644,1934,1987,3887,2442,7010,99494,59436,14825,1784,65076,3,2,36,18
2021-03-18T23:59:59+01:00,5,8,3902,4779,11048,16086,10585,15760,9298,19990,9706,17768,4287,5223,11204,16068,5883,12630,1290,1239,3623,5035,3099,5876,3095,8321,3552,6924,1625,1901,1948,3817,2319,6800,97688,58749,13814,1693,62691,3,2,35,18
2021-03-17T23:59:59+01:00,5,8,3729,4664,10753,15665,10318,15400,9055,19627,9455,17420,4168,5056,10391,14821,5620,12205,1289,1236,3608,5017,3092,5856,3085,8287,3534,6900,1624,1877,1924,3788,2209,6613,95033,58239,12268,1679,61022,2,2,35,18
2021-03-16T23:59:59+01:00,5,8,3586,4539,10413,15200,10045,15030,8778,19183,9156,17055,4024,4889,9568,13696,5338,11846,1275,1233,3604,5010,3081,5852,3079,8276,3527,6886,1600,1852,1885,3737,2089,6434,92691,57800,11076,1599,58556,2,2,34,18
2021-03-15T23:59:59+01:00,5,8,3437,4423,10096,14732,9753,14571,8481,18708,8868,16642,3877,4718,8856,12629,5114,11524,1265,1225,3584,4998,3069,5828,3058,8237,3507,6843,1585,1839,1868,3703,1973,6248,90721,57212,9711,1598,55977,2,1,32,18
2021-03-14T23:59:59+01:00,5,8,3366,4333,9829,14295,9495,14166,8161,18214,8586,16247,3714,4532,8051,11394,4806,11069,1251,1219,3563,4980,3048,5786,3036,8157,3479,6775,1559,1787,1808,3576,1808,5859,88408,56683,8690,989,53144,2,0,29,18
2021-03-13T23:59:59+01:00,5,8,3286,4075,9515,13622,9247,13580,7933,17630,8378,15809,3602,4428,7858,11099,4758,10980,1251,1219,3563,4980,3048,5786,3035,8156,3477,6773,1554,1786,1806,3571,1807,5858,87750,56662,8690,989,49344,2,0,29,18
2021-03-12T23:59:59+01:00,5,8,3223,3938,9268,13082,9008,13048,7700,16994,8020,15055,3439,4257,7472,10690,4619,10791,1247,1216,3558,4966,3045,5783,3028,8148,3473,6767,1527,1757,1785,3553,1707,5680,85969,56233,8442,988,46177,2,0,29,18
2021-03-11T23:59:59+01:00,5,8,3072,3670,8891,12319,8704,12369,7367,16209,7676,14408,3279,4051,6914,9967,4428,10478,1228,1206,3525,4922,3002,5706,2993,8024,3422,6669,1481,1702,1706,3353,1509,5166,83501,55489,7995,111,42291,1,0,28,14
2021-03-10T23:59:59+01:00,5,8,3007,3563,8389,11809,8022,11886,7046,15718,7374,13817,3118,3894,6354,9269,4257,10203,1217,1192,3495,4864,2971,5630,2957,7884,3368,6546,1443,1662,1647,3257,1393,4886,81677,54312,7442,87,38594,0,0,26,14
2021-03-09T23:59:59+01:00,5,7,2901,3387,7704,11356,7122,11397,6626,15101,7009,13209,2886,3591,5846,8636,4101,9927,1212,1188,3473,4818,2943,5564,2940,7829,3350,6500,1428,1638,1611,3214,1288,4688,79379,53620,6079,53,35327,0,0,26,12
2021-03-08T23:59:59+01:00,5,7,2728,3151,7062,10810,6306,10916,6222,14572,6614,12638,2675,3380,5239,7895,3954,9658,1205,1182,3452,4752,2918,5488,2901,7734,3318,6424,1421,1629,1608,3206,1283,4685,76543,53144,4934,51,32330,0,0,25,12
2021-03-07T23:59:59+01:00,5,7,2616,3018,6731,10309,5894,10372,5926,14122,6374,12248,2577,3288,4472,6828,3737,9375,1202,1179,3449,4747,2913,5476,2897,7717,3310,6411,1416,1615,1587,3166,1268,4644,73282,52937,4102,49,30491,0,0,24,12
2021-03-06T23:59:59+01:00,5,6,2571,2876,6547,9855,5694,9955,5448,13265,5998,11508,2556,3261,4466,6817,3736,9372,1202,1178,3446,4741,2911,5475,2896,7716,3309,6408,1414,1612,1587,3164,1267,4644,72052,52911,4102,49,27758,0,0,24,11
2021-03-05T23:59:59+01:00,5,6,2479,2620,6333,9269,5480,9556,5271,12693,5613,10526,2330,2794,4085,6435,3597,9156,1190,1175,3428,4725,2906,5462,2888,7697,3297,6389,1400,1604,1586,3160,1262,4639,69714,52751,3869,49,24641,0,0,24,9
2021-03-04T23:59:59+01:00,5,6,2403,2414,6118,8833,5317,9211,5089,12270,5437,10148,2238,2623,3527,5610,3431,8817,1179,1160,3385,4625,2872,5395,2856,7599,3265,6314,1380,1597,1572,3146,1253,4628,67659,52172,3425,48,22389,0,0,24,7
2021-03-03T23:59:59+01:00,4,6,2345,2362,5948,8416,5146,8848,4875,11817,5247,9701,2155,2516,3122,5172,3271,8521,1159,1152,3350,4577,2835,5330,2816,7500,3217,6240,1360,1572,1553,3115,1247,4610,66225,51584,3180,44,20044,0,0,23,6
2021-03-02T23:59:59+01:00,4,6,2290,2273,5786,8080,4987,8592,4711,11415,5084,9380,2089,2425,2816,4815,3052,8197,1154,1142,3332,4556,2820,5304,2799,7451,3209,6212,1355,1560,1535,3096,1244,4604,64863,51324,2919,44,18197,0,0,23,6
2021-03-01T23:59:59+01:00,4,6,2263,2246,5681,7864,4887,8444,4625,11263,4982,9205,2033,2347,2517,4491,2864,7880,1148,1139,3318,4538,2808,5275,2783,7405,3193,6184,1348,1557,1528,3087,1241,4600,63587,51103,2697,44,17295,0,0,23,6
2021-02-28T23:59:59+01:00,3,6,2211,2203,5501,7603,4710,8222,4487,11075,4873,9076,1995,2284,2218,4189,2661,7570,1139,1133,3303,4528,2801,5268,2777,7391,3186,6170,1343,1554,1521,3070,1240,4568,62468,50944,2393,44,16003,0,0,23,5
2021-02-27T23:59:59+01:00,3,6,2124,1894,5325,7177,4610,7906,4404,10726,4800,8824,1966,2223,2187,4142,2641,7516,1135,1129,3301,4526,2796,5266,2773,7388,3181,6166,1341,1554,1521,3069,1239,4567,62227,50907,2393,41,13831,0,0,23,5
2021-02-26T23:59:59+01:00,3,6,2067,1816,5178,6937,4463,7645,4253,10459,4591,8540,1837,2115,2126,4102,2533,7336,1114,1116,3284,4492,2784,5227,2760,7334,3159,6112,1335,1543,1517,3061,1238,4565,60891,50597,2387,40,12706,0,0,23,5
2021-02-25T23:59:59+01:00,3,6,1950,1716,4851,6532,4034,7182,3965,9942,4355,8156,1778,2056,2092,4041,2422,7142,1098,1100,3246,4449,2753,5175,2714,7227,3119,6019,1325,1527,1501,3021,1225,4506,60409,49964,2280,38,9511,0,0,23,4
2021-02-24T23:59:59+01:00,3,6,1921,1656,4734,6318,3929,6967,3842,9699,4228,7996,1756,2024,2059,3999,2310,6944,1085,1095,3219,4386,2717,5108,2689,7143,3090,5948,1309,1510,1476,2973,1213,4437,59859,49368,2033,27,8476,0,0,23,4
2021-02-23T23:59:59+01:00,3,6,1697,1509,4359,5828,3648,6574,3620,9319,4073,7710,1727,1992,2015,3952,2197,6760,1066,1083,3181,4358,2689,5050,2662,7067,3055,5889,1289,1490,1449,2938,1203,4387,59404,48841,1986,13,5577,0,0,22,3
2021-02-22T23:59:59+01:00,3,6,1687,1490,4308,5769,3612,6511,3555,9224,4011,7615,1695,1965,1988,3899,2079,6563,1062,1069,3160,4313,2669,5011,2637,7007,3026,5835,1277,1476,1439,2928,1195,4378,58857,48472,1843,8,5258,0,0,22,3
2021-02-21T23:59:59+01:00,3,6,1675,1486,4278,5735,3569,6473,3514,9170,3967,7565,1686,1958,1983,3890,1959,6400,1056,1058,3139,4275,2639,4961,2621,6938,2997,5745,1262,1460,1419,2867,1171,4301,58514,47899,1837,8,4945,0,0,21,3
2021-02-20T23:59:59+01:00,3,6,1674,1485,4273,5732,3567,6472,3514,9168,3965,7564,1681,1956,1981,3886,1958,6400,1056,1058,3137,4273,2639,4961,2620,6937,2997,5745,1262,1459,1418,2867,1171,4301,58497,47891,1837,8,4930,0,0,21,3
2021-02-19T23:59:59+01:00,3,6,1656,1478,4260,5712,3556,6458,3503,9158,3955,7548,1655,1927,1960,3866,1856,6219,1055,1057,3136,4272,2638,4960,2620,6935,2994,5743,1262,1458,1418,2866,1171,4301,58073,47876,1832,8,4852,0,0,19,3
2021-02-18T23:59:59+01:00,3,6,1611,1447,4164,5601,3484,6355,3415,8994,3868,7408,1633,1892,1926,3796,1726,6022,1009,1014,2996,4047,2512,4688,2509,6597,2887,5478,1231,1415,1385,2780,1145,4151,57426,45835,1742,8,4164,0,0,19,2
2021-02-17T23:59:59+01:00,3,5,1589,1418,4068,5451,3399,6205,3297,8759,3741,7207,1581,1823,1853,3695,1609,5717,952,964,2843,3824,2394,4375,2382,6185,2758,5166,1181,1354,1339,2673,1098,3989,56217,43468,1731,7,3453,0,0,19,2
2021-02-16T23:59:59+01:00,3,5,1515,1351,3908,5253,3262,6022,3189,8525,3619,7041,1557,1798,1816,3665,1495,5509,866,932,2711,3666,2295,4164,2256,5862,2626,4911,1125,1262,1194,2370,844,3375,55522,40453,1714,4,2280,0,0,17,2
2021-02-15T23:59:59+01:00,3,5,1500,1333,3862,5166,3203,5935,3132,8410,3552,6935,1546,1784,1801,3642,1487,5488,831,910,2630,3536,2219,3984,2172,5584,2538,4698,1082,1198,1108,2196,780,3160,55056,38623,1712,2,2000,0,0,16,1
2021-02-14T23:59:59+01:00,3,5,1434,1305,3777,5089,3159,5826,3076,8256,3508,6826,1526,1753,1749,3515,1432,5241,822,904,2581,3468,2180,3916,2118,5464,2471,4591,1055,1162,1023,2024,709,2925,54814,37410,1101,2,1549,0,0,16,1
2021-02-13T23:59:59+01:00,3,5,1432,1304,3769,5083,3152,5825,3073,8254,3505,6824,1525,1749,1749,3513,1430,5241,822,904,2581,3468,2180,3915,2116,5463,2470,4591,1053,1161,1023,2024,709,2925,54794,37405,1100,0,1526,0,0,16,0
2021-02-12T23:59:59+01:00,3,4,1398,1288,3731,5049,3130,5805,3051,8221,3486,6779,1508,1738,1739,3496,1421,5221,815,896,2548,3414,2146,3870,2086,5409,2452,4560,1052,1160,1022,2023,708,2923,54565,37084,1098,0,1390,0,0,15,0
2021-02-11T23:59:59+01:00,3,4,1351,1245,3617,4878,3039,5633,2953,7909,3385,6566,1447,1677,1672,3318,1337,4895,778,833,2293,2969,1920,3392,1854,4660,2180,4030,968,1090,936,1831,659,2652,53935,33045,132,0,851,0,0,11,0
2021-02-10T23:59:59+01:00,3,4,1330,1222,3558,4768,2973,5529,2911,7759,3331,6435,1429,1660,1645,3279,1324,4858,700,776,2001,2560,1710,2940,1615,4050,1923,3567,858,943,773,1459,531,2163,53286,28569,130,0,592,0,0,10,0
2021-02-09T23:59:59+01:00,3,3,1317,1204,3503,4698,2943,5460,2891,7666,3294,6367,1421,1646,1617,3256,1314,4845,649,698,1740,2204,1516,2550,1426,3540,1751,3199,826,909,750,1386,510,2050,52977,25704,125,0,336,0,0,10,0
2021-02-08T23:59:59+01:00,3,3,1303,1200,3474,4668,2923,5422,2870,7614,3274,6337,1411,1639,1608,3230,1312,4827,636,664,1588,1967,1375,2296,1292,3232,1591,2939,787,888,702,1280,478,1881,52676,23596,99,0,333,0,0,10,0
2021-02-07T23:59:59+01:00,3,3,1171,1157,3367,4612,2869,5379,2841,7574,3249,6297,1401,1622,1600,3207,1307,4794,489,518,1319,1612,1133,1845,1082,2640,1363,2416,681,760,620,1121,433,1665,52375,19697,71,0,0,0,0,7,0
2021-02-06T23:59:59+01:00,3,3,1167,1155,3365,4610,2864,5376,2834,7571,3245,6293,1399,1620,1599,3204,1306,4793,365,369,1118,1360,996,1541,937,2226,1196,1997,591,658,591,1104,430,1662,52329,17141,71,0,0,0,0,7,0
2021-02-05T23:59:59+01:00,3,1,1156,1144,3349,4589,2857,5349,2822,7527,3226,6247,1393,1612,1596,3197,1305,4793,263,207,933,1042,847,1169,762,1770,1016,1588,473,551,564,1084,427,1657,52088,14353,71,0,0,0,0,7,0
2021-02-04T23:59:59+01:00,3,1,1140,1126,3304,4541,2816,5273,2779,7396,3177,6161,1379,1597,1582,3164,1294,4766,134,82,628,667,556,746,520,1157,673,990,292,368,464,938,389,1506,51444,10110,48,0,0,0,0,7,0
2021-02-03T23:59:59+01:00,3,1,1118,1120,3278,4496,2787,5230,2758,7343,3147,6104,1370,1588,1558,3124,1288,4720,116,66,500,516,425,603,417,915,515,745,243,288,364,736,305,1175,50981,7929,45,0,0,0,0,7,0
2021-02-02T23:59:59+01:00,3,1,1097,1107,3241,4464,2757,5176,2731,7267,3111,6040,1347,1560,1524,3067,1263,4631,106,57,414,417,353,525,368,827,462,663,222,265,319,665,280,1054,50336,6997,44,0,0,0,0,7,0
2021-02-01T23:59:59+01:00,3,1,1081,1095,3222,4412,2726,5115,2699,7140,3081,5942,1327,1532,1499,3031,1247,4568,79,42,315,311,261,400,275,616,327,498,184,217,251,526,218,822,49671,5342,44,0,0,0,0,6,0
2021-01-31T23:59:59+01:00,3,1,1076,1085,3207,4383,2701,5071,2684,7084,3067,5897,1315,1515,1479,2967,1224,4490,69,41,289,286,235,350,254,574,297,459,162,199,211,430,177,666,49199,4699,44,0,0,0,0,6,0
2021-01-30T23:59:59+01:00,3,1,1075,1085,3204,4379,2700,5071,2683,7083,3067,5896,1315,1514,1478,2967,1224,4490,69,38,282,272,222,334,249,563,293,453,161,196,210,430,177,666,49188,4615,41,0,0,0,0,6,0
2021-01-29T23:59:59+01:00,3,1,1074,1084,3203,4375,2700,5069,2682,7081,3064,5894,1315,1514,1478,2966,1224,4490,65,34,264,258,199,312,233,546,282,445,155,192,206,424,176,664,49170,4455,41,0,0,0,0,6,0
2021-01-28T23:59:59+01:00,3,1,1053,1064,3136,4269,2646,4958,2624,6925,2996,5763,1301,1492,1462,2900,1202,4369,55,19,167,155,133,188,163,361,207,281,124,149,160,264,102,385,48122,2913,38,0,0,0,0,4,0
2021-01-27T23:59:59+01:00,3,1,1008,1026,3050,4125,2565,4778,2529,6643,2912,5563,1270,1449,1426,2811,1169,4229,26,8,101,71,62,93,84,211,117,147,94,115,116,195,77,277,46525,1794,28,0,0,0,0,4,0
2021-01-26T23:59:59+01:00,2,1,931,996,2934,3990,2486,4593,2447,6463,2841,5406,1244,1397,1332,2655,954,3827,26,8,96,70,61,92,82,211,115,146,92,114,116,195,77,277,44478,1778,17,0,0,0,0,4,0
2021-01-25T23:59:59+01:00,2,1,915,979,2855,3860,2440,4446,2387,6266,2782,5254,1226,1375,1318,2630,944,3794,26,8,95,70,59,91,82,211,115,144,92,114,116,195,77,277,43459,1772,12,0,0,0,0,3,0
2021-01-24T23:59:59+01:00,2,1,905,975,2835,3845,2430,4414,2361,6227,2749,5193,1213,1369,1309,2608,931,3760,26,8,95,70,59,91,82,211,114,144,91,114,116,195,77,277,43115,1770,9,0,0,0,0,3,0
2021-01-23T23:59:59+01:00,2,1,905,975,2835,3844,2430,4414,2360,6226,2748,5193,1211,1368,1309,2608,931,3760,26,8,95,70,59,91,82,211,114,144,91,114,116,195,77,275,43110,1768,8,0,0,0,0,2,0
2021-01-22T23:59:59+01:00,2,1,899,968,2803,3798,2396,4349,2329,6150,2727,5146,1209,1365,1308,2606,930,3757,26,8,95,70,59,91,82,211,114,144,91,114,116,195,77,275,42735,1768,8,0,0,0,0,0,0
2021-01-21T23:59:59+01:00,2,1,883,900,2545,3382,2195,3931,2147,5541,2503,4660,1157,1317,1264,2482,899,3598,22,8,83,64,55,74,68,169,94,133,81,98,98,145,65,212,39399,1469,8,0,0,0,0,0,0
2021-01-20T23:59:59+01:00,2,1,808,838,2233,2976,1988,3464,1915,4932,2246,4182,1045,1175,1106,2136,786,3135,22,8,83,64,55,73,68,169,93,133,81,98,98,145,64,212,34960,1466,8,0,0,0,0,0,0
2021-01-19T23:59:59+01:00,2,1,748,760,1942,2529,1745,3002,1678,4271,2002,3708,972,1079,983,1861,688,2785,11,3,50,45,36,45,35,100,44,77,36,37,48,77,39,137,30749,820,7,0,0,0,0,0,0
2021-01-18T23:59:59+01:00,2,1,678,703,1710,2129,1506,2524,1427,3583,1746,3201,889,992,884,1656,636,2519,5,2,19,11,13,20,17,54,17,33,19,22,25,53,28,75,26782,413,4,0,0,0,0,0,0
2021-01-17T23:59:59+01:00,1,1,495,542,1393,1725,1222,1987,1168,2841,1466,2573,747,839,736,1376,526,2150,0,1,3,2,0,0,0,0,0,0,0,0,0,0,0,0,21785,6,3,0,0,0,0,0,0
2021-01-16T23:59:59+01:00,1,0,372,395,1210,1476,1101,1699,1024,2437,1308,2163,658,737,706,1360,523,2149,0,0,0,0,0,0,0,0,0,0,0,0,0,0,0,0,19317,0,2,0,0,0,0,0,0
2021-01-15T23:59:59+01:00,1,0,266,232,1026,1173,951,1349,855,1984,1124,1761,538,626,668,1327,512,2109,0,0,0,0,0,0,0,0,0,0,0,0,0,0,0,0,16501,0,1,0,0,0,0,0,0
2021-01-14T23:59:59+01:00,0,0,151,102,709,785,658,874,618,1318,756,1138,348,437,555,1142,462,1880,0,0,0,0,0,0,0,0,0,0,0,0,0,0,0,0,11933,0,0,0,0,0,0,0,0
2021-01-13T23:59:59+01:00,0,0,127,81,598,615,534,706,500,1059,597,872,294,362,466,973,403,1612,0,0,0,0,0,0,0,0,0,0,0,0,0,0,0,0,9799,0,0,0,0,0,0,0,0
2021-01-12T23:59:59+01:00,0,0,116,65,514,526,455,604,434,929,526,769,259,313,382,780,337,1264,0,0,0,0,0,0,0,0,0,0,0,0,0,0,0,0,8273,0,0,0,0,0,0,0,0
2021-01-11T23:59:59+01:00,0,0,87,52,418,426,371,493,347,751,418,594,225,262,320,649,277,1065,0,0,0,0,0,0,0,0,0,0,0,0,0,0,0,0,6755,0,0,0,0,0,0,0,0
2021-01-10T23:59:59+01:00,0,0,73,45,352,352,305,409,290,652,348,527,196,233,260,516,220,834,0,0,0,0,0,0,0,0,0,0,0,0,0,0,0,0,5612,0,0,0,0,0,0,0,0
2021-01-09T23:59:59+01:00,0,0,73,43,337,332,280,385,282,636,340,520,195,232,259,514,220,834,0,0,0,0,0,0,0,0,0,0,0,0,0,0,0,0,5482,0,0,0,0,0,0,0,0
2021-01-08T23:59:59+01:00,0,0,69,37,303,298,234,344,254,594,312,481,177,212,234,456,199,733,0,0,0,0,0,0,0,0,0,0,0,0,0,0,0,0,4937,0,0,0,0,0,0,0,0
2021-01-07T23:59:59+01:00,0,0,58,25,213,199,165,244,194,427,241,344,148,173,180,297,127,462,0,0,0,0,0,0,0,0,0,0,0,0,0,0,0,0,3497,0,0,0,0,0,0,0,0
2021-01-06T23:59:59+01:00,0,0,47,16,163,120,118,163,144,299,178,244,118,141,139,231,88,329,0,0,0,0,0,0,0,0,0,0,0,0,0,0,0,0,2538,0,0,0,0,0,0,0,0
2021-01-05T23:59:59+01:00,0,0,29,8,97,72,63,95,86,215,117,152,107,131,130,213,87,308,0,0,0,0,0,0,0,0,0,0,0,0,0,0,0,0,1910,0,0,0,0,0,0,0,0
2021-01-04T23:59:59+01:00,0,0,27,8,97,71,59,92,86,215,117,150,107,130,130,213,87,308,0,0,0,0,0,0,0,0,0,0,0,0,0,0,0,0,1897,0,0,0,0,0,0,0,0
2021-01-03T23:59:59+01:00,0,0,27,8,97,71,59,92,86,215,116,150,106,130,130,213,87,308,0,0,0,0,0,0,0,0,0,0,0,0,0,0,0,0,1895,0,0,0,0,0,0,0,0
2021-01-02T23:59:59+01:00,0,0,27,8,97,71,59,92,86,215,115,150,106,130,130,213,87,307,0,0,0,0,0,0,0,0,0,0,0,0,0,0,0,0,1893,0,0,0,0,0,0,0,0
2021-01-01T23:59:59+01:00,0,0,27,8,97,71,59,92,86,215,114,149,106,130,130,213,87,307,0,0,0,0,0,0,0,0,0,0,0,0,0,0,0,0,1891,0,0,0,0,0,0,0,0
2020-12-31T23:59:59+01:00,0,0,27,8,97,71,59,92,86,215,113,149,106,130,130,213,87,307,0,0,0,0,0,0,0,0,0,0,0,0,0,0,0,0,1890,0,0,0,0,0,0,0,0
2020-12-30T23:59:59+01:00,0,0,27,8,97,71,58,92,86,215,113,149,106,130,130,213,86,307,0,0,0,0,0,0,0,0,0,0,0,0,0,0,0,0,1888,0,0,0,0,0,0,0,0
2020-12-29T23:59:59+01:00,0,0,15,2,65,53,36,61,50,138,64,89,49,54,72,125,56,208,0,0,0,0,0,0,0,0,0,0,0,0,0,0,0,0,1137,0,0,0,0,0,0,0,0
2020-12-28T23:59:59+01:00,0,0,5,2,36,26,23,30,21,67,25,41,21,23,26,48,28,74,0,0,0,0,0,0,0,0,0,0,0,0,0,0,0,0,496,0,0,0,0,0,0,0,0
2020-12-27T23:59:59+01:00,0,0,0,0,7,5,11,2,1,5,0,2,0,1,2,2,4,6,0,0,0,0,0,0,0,0,0,0,0,0,0,0,0,0,48,0,0,0,0,0,0,0,0
