Datum,<15_1_m,<15_1_w,15-24_1_m,15-24_1_w,25-34_1_m,25-34_1_w,35-44_1_m,35-44_1_w,45-54_1_m,45-54_1_w,55-64_1_m,55-64_1_w,65-74_1_m,65-74_1_w,75-84_1_m,75-84_1_w,>84_1_m,>84_1_w,<15_2_m,<15_2_w,15-24_2_m,15-24_2_w,25-34_2_m,25-34_2_w,35-44_2_m,35-44_2_w,45-54_2_m,45-54_2_w,55-64_2_m,55-64_2_w,65-74_2_m,65-74_2_w,75-84_2_m,75-84_2_w,>84_2_m,>84_2_w,bp_1,bp_2,mo_1,mo_2,az_1,az_2,ja,unb_1,unb_2
2021-11-18T23:59:59+01:00,15042,14211,78483,77169,120102,115653,107592,106160,101804,106573,98395,99839,58057,71902,44976,62520,11154,22716,11278,10776,68329,68318,109356,105478,98927,97541,94962,99790,93685,95203,56090,69501,43778,60660,10685,21573,911927,834160,139595,133754,158987,146064,101626,302,326
2021-11-17T23:59:59+01:00,14824,13976,78181,76898,119788,115271,107339,105870,101611,106364,98287,99688,57996,71820,44954,62480,11149,22691,11227,10731,68166,68158,109177,105297,98792,97418,94857,99668,93607,95125,56055,69450,43765,60637,10682,21565,908968,832737,139460,133686,158979,146063,101565,302,326
2021-11-16T23:59:59+01:00,14595,13777,77780,76566,119346,114900,107011,105541,101382,106131,98137,99544,57932,71741,44933,62435,11139,22680,11159,10658,67994,67985,108971,105099,98629,97281,94757,99555,93512,95058,56030,69408,43744,60615,10680,21554,905507,831208,139389,133614,158976,146061,101482,302,324
2021-11-15T23:59:59+01:00,14341,13558,77319,76155,118878,114426,106612,105200,101128,105897,97981,99391,57864,71676,44905,62390,11131,22664,11102,10627,67844,67844,108785,104936,98486,97151,94654,99458,93431,94993,55998,69363,43717,60588,10675,21535,901654,829884,139278,133528,158973,146056,101395,302,324
2021-11-14T23:59:59+01:00,13965,13189,76815,75756,118370,113956,106267,104845,100858,105641,97820,99239,57801,71593,44881,62364,11129,22649,11025,10571,67686,67711,108603,104764,98354,97025,94547,99359,93361,94918,55956,69327,43703,60566,10671,21529,897486,828519,139151,133453,158957,146051,101329,301,324
2021-11-13T23:59:59+01:00,13843,13078,76519,75488,118084,113736,106047,104639,100701,105522,97752,99168,57784,71573,44878,62356,11129,22648,10994,10547,67583,67603,108495,104665,98269,96948,94488,99309,93327,94891,55948,69317,43700,60560,10671,21527,895461,827833,139089,133406,158949,146048,101231,301,324
2021-11-12T23:59:59+01:00,13662,12895,76127,75137,117758,113448,105750,104395,100476,105337,97620,99055,57754,71542,44868,62340,11128,22648,10938,10497,67439,67453,108365,104552,98156,96837,94392,99222,93268,94831,55933,69299,43695,60550,10670,21527,892578,826724,139026,133361,158947,146042,101173,301,324
2021-11-11T23:59:59+01:00,13437,12682,75629,74704,117296,112996,105358,104013,100221,105089,97461,98906,57685,71446,44850,62281,11120,22630,10778,10367,67228,67273,108202,104341,97995,96663,94273,99092,93192,94750,55897,69262,43669,60519,10666,21501,888661,824944,138907,133285,158937,146033,101082,301,324
2021-11-10T23:59:59+01:00,13310,12569,75236,74403,116945,112660,105076,103745,100035,104888,97319,98787,57633,71380,44829,62240,11114,22615,10702,10303,67069,67122,108056,104195,97890,96520,94180,98987,93118,94683,55853,69220,43650,60488,10659,21487,885873,823633,138799,133231,158923,146024,100970,301,324
2021-11-09T23:59:59+01:00,13198,12451,74746,74061,116478,112335,104798,103479,99801,104682,97170,98660,57581,71331,44805,62207,11110,22604,10591,10211,66900,66985,107898,104042,97753,96410,94106,98897,93059,94619,55823,69187,43637,60467,10652,21477,882800,822349,138693,133171,158919,146007,100864,301,323
2021-11-08T23:59:59+01:00,13077,12356,74239,73728,116054,111956,104482,103189,99570,104487,97038,98540,57522,71267,44780,62173,11104,22590,10549,10156,66763,66868,107747,103912,97658,96300,94037,98806,93010,94548,55784,69141,43628,60443,10649,21472,879700,821302,138573,133096,158909,146001,100749,301,323
2021-11-07T23:59:59+01:00,12977,12250,73813,73439,115631,111584,104146,102897,99352,104300,96903,98415,57468,71212,44750,62145,11100,22581,10497,10114,66631,66739,107594,103754,97544,96167,93962,98710,92945,94481,55751,69094,43605,60420,10645,21463,876763,820148,138438,133023,158904,145986,100636,301,323
2021-11-06T23:59:59+01:00,12887,12179,73566,73192,115321,111373,103931,102698,99182,104170,96827,98349,57455,71190,44743,62131,11099,22581,10472,10090,66545,66653,107480,103682,97473,96106,93921,98660,92917,94462,55747,69085,43602,60413,10643,21462,874844,819576,138373,132994,158901,145986,100534,301,323
2021-11-05T23:59:59+01:00,12772,12068,73312,72959,115049,111118,103696,102482,98994,104011,96722,98257,57438,71162,44735,62117,11098,22578,10392,10021,66437,66544,107373,103571,97391,96015,93850,98583,92869,94423,55737,69069,43598,60408,10642,21460,872715,818694,138301,132953,158898,145982,100431,301,323
2021-11-04T23:59:59+01:00,12664,11963,73123,72716,114787,110884,103487,102270,98811,103850,96615,98160,57399,71122,44725,62090,11095,22570,10295,9932,66295,66409,107249,103404,97295,95884,93762,98491,92796,94349,55706,69036,43585,60373,10638,21451,870645,817424,138230,132885,158894,145978,100340,300,323
2021-11-03T23:59:59+01:00,12600,11905,72966,72569,114549,110690,103332,102134,98703,103722,96527,98086,57371,71094,44712,62070,11092,22559,10251,9892,66149,66295,107129,103273,97190,95779,93682,98436,92741,94294,55688,69006,43568,60343,10632,21435,869126,816397,138185,132830,158892,145976,100257,299,323
2021-11-02T23:59:59+01:00,12562,11867,72765,72432,114293,110488,103131,101998,98549,103616,96438,98003,57345,71059,44701,62055,11088,22544,10130,9800,65971,66162,106970,103131,97087,95660,93599,98358,92680,94230,55662,68976,43555,60308,10628,21418,867574,815139,138112,132759,158890,145968,100136,299,323
2021-11-01T23:59:59+01:00,12476,11793,72548,72273,114054,110301,102915,101852,98384,103497,96356,97946,57325,71023,44690,62037,11085,22536,10070,9737,65810,66015,106826,102994,96970,95561,93518,98272,92618,94173,55638,68941,43542,60288,10625,21407,865963,814033,138014,132681,158886,145963,100005,299,323
2021-10-31T23:59:59+01:00,12439,11771,72423,72191,113898,110226,102762,101764,98296,103440,96317,97916,57314,71017,44688,62033,11085,22535,10037,9716,65720,65970,106741,102938,96902,95521,93479,98248,92595,94157,55631,68936,43540,60286,10622,21403,865147,813624,137972,132648,158885,145959,99888,299,323
2021-10-30T23:59:59+02:00,12408,11752,72308,72110,113702,110137,102626,101675,98184,103339,96254,97889,57302,71001,44683,62027,11084,22532,10008,9709,65640,65913,106657,102882,96831,95471,93434,98200,92570,94146,55625,68931,43539,60282,10619,21400,864201,813212,137935,132596,158884,145956,99770,299,323
2021-10-29T23:59:59+02:00,12369,11713,72129,71984,113452,109964,102402,101528,98026,103242,96169,97837,57289,70990,44678,62017,11084,22528,9971,9676,65510,65801,106510,102780,96718,95382,93345,98124,92513,94104,55612,68918,43536,60277,10619,21400,862871,812421,137868,132541,158882,145954,99557,299,323
2021-10-28T23:59:59+02:00,12278,11655,71916,71804,113156,109715,102172,101362,97853,103096,96064,97755,57267,70958,44668,62002,11082,22523,9901,9618,65312,65593,106314,102575,96557,95211,93225,98004,92430,94057,55586,68867,43528,60258,10618,21393,861161,811036,137786,132464,158878,145946,99278,299,323
2021-10-27T23:59:59+02:00,12226,11596,71754,71643,112965,109518,102007,101224,97732,102982,95976,97695,57242,70916,44649,61978,11080,22518,9816,9552,65156,65431,106181,102447,96445,95115,93136,97913,92373,94001,55554,68828,43517,60235,10612,21380,859780,809945,137706,132372,158876,145936,99116,299,323
2021-10-26T23:59:59+02:00,12153,11511,71531,71430,112738,109318,101823,101093,97593,102875,95903,97630,57209,70890,44637,61963,11079,22510,9746,9466,64964,65237,106010,102295,96315,94978,93040,97829,92300,93935,55531,68791,43502,60203,10609,21368,858256,808638,137612,132298,158870,145935,98925,299,323
2021-10-25T23:59:59+02:00,12111,11489,71411,71339,112621,109216,101733,101017,97513,102809,95869,97598,57203,70882,44636,61955,11077,22507,9731,9451,64884,65171,105944,102246,96281,94945,93001,97803,92277,93922,55525,68784,43501,60201,10609,21364,857487,808277,137574,132275,158869,145932,98833,299,323
2021-10-24T23:59:59+02:00,12039,11427,71227,71170,112358,109039,101556,100854,97360,102679,95790,97520,57175,70845,44624,61947,11076,22504,9670,9396,64688,64981,105748,102089,96135,94819,92896,97702,92220,93864,55493,68747,43493,60177,10607,21360,856013,807069,137508,132187,158869,145929,98577,299,323
2021-10-23T23:59:59+02:00,12014,11400,71125,71087,112235,108941,101463,100771,97300,102630,95745,97497,57163,70832,44623,61946,11076,22504,9635,9357,64609,64892,105654,102029,96073,94765,92841,97649,92189,93837,55475,68736,43492,60174,10606,21360,855330,806524,137463,132131,158868,145927,98468,299,323
2021-10-22T23:59:59+02:00,11940,11358,70965,70955,112016,108787,101302,100653,97186,102531,95685,97445,57152,70815,44621,61938,11076,22502,9547,9272,64439,64711,105474,101887,95942,94648,92744,97563,92135,93784,55462,68725,43489,60161,10605,21358,854189,805404,137402,132055,158868,145920,98244,299,323
2021-10-21T23:59:59+02:00,11808,11231,70773,70802,111833,108601,101133,100488,97036,102418,95598,97383,57130,70783,44606,61915,11071,22488,9450,9154,64220,64491,105283,101672,95788,94450,92620,97450,92062,93710,55437,68689,43476,60132,10603,21348,852615,803799,137336,131946,158865,145910,98057,299,323
2021-10-20T23:59:59+02:00,11762,11182,70653,70674,111689,108467,101022,100402,96947,102338,95537,97329,57101,70748,44591,61896,11066,22471,9328,9058,64025,64308,105159,101508,95675,94311,92523,97343,91988,93657,55410,68634,43450,60099,10586,21319,851561,802326,137285,131886,158863,145904,97942,299,323
2021-10-19T23:59:59+02:00,11661,11092,70509,70540,111558,108341,100936,100324,96879,102278,95482,97278,57078,70712,44583,61878,11062,22456,9234,8965,63807,64104,104992,101347,95559,94189,92444,97247,91938,93600,55378,68592,43432,60058,10576,21304,850501,800916,137234,131801,158858,145897,97830,299,322
2021-10-18T23:59:59+02:00,11612,11055,70390,70453,111429,108240,100846,100247,96824,102228,95432,97232,57053,70684,44566,61855,11055,22444,9183,8915,63663,63955,104872,101183,95464,94074,92377,97165,91880,93543,55352,68560,43420,60032,10572,21301,849679,799830,137152,131729,158853,145893,97737,299,322
2021-10-17T23:59:59+02:00,11568,11014,70233,70320,111299,108126,100736,100170,96770,102171,95393,97178,57031,70662,44560,61840,11053,22439,9129,8864,63430,63700,104709,101040,95336,93937,92279,97081,91822,93480,55329,68528,43411,60015,10568,21295,848749,798475,137102,131634,158851,145885,97637,299,322
2021-10-16T23:59:59+02:00,11549,10993,70174,70271,111241,108081,100711,100144,96737,102143,95374,97169,57030,70659,44559,61838,11051,22439,9099,8832,63335,63612,104644,100985,95289,93875,92248,97050,91801,93462,55324,68522,43409,60012,10568,21294,848407,797982,137091,131583,158851,145884,97590,299,322
2021-10-15T23:59:59+02:00,11494,10953,70062,70185,111130,107991,100643,100068,96681,102090,95345,97138,57023,70657,44559,61832,11050,22439,9049,8756,63198,63426,104533,100869,95197,93775,92170,96967,91753,93424,55315,68500,43404,60001,10568,21292,847711,796996,137068,131510,158850,145882,97487,299,322
2021-10-14T23:59:59+02:00,11391,10855,69880,70005,110991,107848,100527,99975,96584,102008,95291,97080,57002,70622,44547,61808,11047,22432,8922,8619,62900,63141,104379,100656,95051,93577,92049,96836,91679,93347,55277,68449,43385,59974,10564,21284,846452,795120,136991,131388,158841,145875,97384,299,322
2021-10-13T23:59:59+02:00,11292,10788,69733,69891,110878,107740,100434,99879,96504,101923,95242,97023,56967,70578,44532,61779,11042,22416,8884,8582,62738,62992,104244,100517,94946,93431,91961,96750,91618,93276,55239,68406,43364,59944,10555,21274,845417,793978,136920,131313,158837,145866,97242,299,322
2021-10-12T23:59:59+02:00,11151,10679,69553,69755,110779,107624,100336,99786,96443,101863,95200,96977,56953,70546,44522,61764,11038,22410,8822,8535,62577,62831,104113,100388,94830,93311,91873,96680,91559,93220,55187,68371,43352,59921,10551,21262,844340,792826,136854,131251,158833,145860,97127,298,319
2021-10-11T23:59:59+02:00,11080,10617,69408,69638,110660,107517,100250,99708,96381,101787,95145,96937,56925,70517,44502,61744,11033,22397,8784,8502,62402,62663,103987,100263,94735,93213,91801,96592,91508,93172,55150,68329,43337,59895,10542,21254,843373,791763,136786,131165,158830,145850,97032,298,319
2021-10-10T23:59:59+02:00,11008,10566,69252,69524,110522,107380,100156,99618,96314,101710,95099,96900,56907,70497,44496,61732,11025,22394,8747,8468,62214,62514,103827,100103,94630,93079,91711,96487,91431,93130,55124,68305,43328,59882,10539,21245,842434,790623,136738,131105,158826,145840,96877,298,319
2021-10-09T23:59:59+02:00,10983,10548,69165,69465,110457,107336,100118,99577,96278,101678,95084,96886,56901,70491,44495,61731,11025,22394,8712,8427,62125,62436,103743,100027,94573,93021,91669,96442,91410,93109,55118,68294,43323,59874,10538,21244,842053,790082,136709,131047,158824,145836,96801,298,319
2021-10-08T23:59:59+02:00,10909,10493,69022,69368,110320,107231,100046,99484,96214,101629,95037,96840,56889,70475,44492,61728,11025,22393,8651,8340,61955,62247,103610,99877,94459,92903,91584,96348,91362,93069,55101,68281,43317,59865,10536,21243,841223,788978,136660,130960,158823,145829,96663,298,318
2021-10-07T23:59:59+02:00,10829,10416,68820,69188,110140,107053,99910,99342,96126,101510,94964,96773,56867,70438,44479,61707,11021,22380,8521,8216,61673,61993,103415,99658,94311,92687,91477,96213,91288,92996,55069,68232,43302,59834,10529,21233,839826,787171,136590,130837,158821,145821,96500,298,318
2021-10-06T23:59:59+02:00,10759,10359,68648,69041,110010,106910,99814,99233,96041,101448,94919,96724,56830,70396,44468,61687,11018,22366,8478,8166,61488,61822,103280,99511,94200,92569,91402,96113,91213,92920,55038,68192,43287,59806,10524,21216,838757,785982,136523,130772,158820,145810,96343,298,318
2021-10-05T23:59:59+02:00,10654,10271,68476,68903,109864,106765,99701,99104,95978,101368,94874,96671,56812,70368,44459,61651,11013,22353,8444,8122,61290,61648,103129,99324,94085,92419,91306,96028,91152,92849,55011,68148,43274,59789,10521,21203,837589,784718,136453,130705,158819,145805,96196,298,318
2021-10-04T23:59:59+02:00,10616,10241,68302,68734,109699,106610,99600,98990,95884,101281,94820,96613,56776,70320,44444,61621,11012,22331,8411,8089,61134,61466,102985,99184,93952,92298,91215,95933,91089,92799,54975,68105,43250,59756,10515,21183,836499,783612,136381,130645,158817,145794,95970,297,318
2021-10-03T23:59:59+02:00,10552,10186,68092,68552,109531,106454,99477,98882,95797,101181,94755,96559,56745,70286,44436,61596,11012,22326,8350,8054,60932,61310,102797,99007,93815,92139,91116,95820,91014,92742,54939,68061,43233,59731,10513,21175,835331,782347,136308,130558,158813,145785,95740,297,318
2021-10-02T23:59:59+02:00,10526,10160,67989,68454,109442,106384,99413,98820,95746,101133,94732,96538,56734,70268,44436,61595,11011,22324,8310,8020,60815,61195,102724,98933,93748,92073,91070,95771,90988,92720,54932,68043,43232,59727,10512,21175,834784,781755,136245,130512,158811,145765,95638,297,318
2021-10-01T23:59:59+02:00,10441,10057,67835,68286,109255,106241,99287,98707,95664,101063,94675,96497,56716,70250,44433,61583,11009,22322,8198,7911,60616,60964,102555,98778,93615,91930,90965,95662,90926,92663,54915,68014,43228,59717,10511,21172,833689,780463,136187,130425,158809,145725,95409,297,318
2021-09-30T23:59:59+02:00,10363,9984,67606,68061,109046,106003,99107,98510,95527,100918,94581,96392,56680,70204,44415,61552,11005,22307,8089,7790,60363,60699,102349,98568,93428,91719,90824,95512,90835,92568,54888,67965,43213,59684,10501,21157,832051,778771,136097,130306,158803,145676,95081,296,318
2021-09-29T23:59:59+02:00,10283,9927,67407,67871,108850,105803,98952,98347,95401,100807,94497,96321,56639,70148,44399,61517,11000,22288,8031,7731,60182,60530,102161,98387,93292,91552,90709,95404,90764,92487,54854,67917,43194,59638,10498,21142,830628,777520,136033,130227,158799,145641,94768,296,317
2021-09-28T23:59:59+02:00,10198,9850,67217,67664,108642,105634,98803,98191,95291,100694,94412,96242,56599,70109,44387,61479,10993,22261,7981,7684,59993,60346,101971,98233,93159,91416,90585,95275,90685,92417,54823,67880,43177,59610,10489,21127,829227,776343,135971,130141,158797,145608,94442,296,317
2021-09-27T23:59:59+02:00,10069,9718,66971,67415,108431,105462,98669,98041,95202,100582,94334,96170,56571,70062,44373,61449,10988,22250,7943,7630,59786,60158,101783,98096,93019,91274,90483,95161,90613,92340,54786,67824,43156,59584,10481,21116,827820,775262,135885,130061,158796,145566,94027,296,317
2021-09-26T23:59:59+02:00,9948,9624,66729,67184,108201,105269,98502,97895,95081,100457,94249,96088,56533,70028,44359,61426,10983,22237,7890,7584,59540,59962,101579,97914,92873,91109,90375,95043,90540,92263,54757,67796,43142,59556,10476,21101,826376,774116,135804,129966,158790,145507,93594,296,317
2021-09-25T23:59:59+02:00,9909,9584,66609,67061,108098,105179,98428,97835,95024,100404,94218,96059,56529,70020,44357,61423,10982,22237,7850,7545,59425,59845,101477,97821,92792,91039,90333,94977,90504,92241,54745,67785,43138,59552,10476,21101,825821,773562,135742,129914,158790,145479,93374,296,317
2021-09-24T23:59:59+02:00,9848,9523,66446,66878,107925,105006,98280,97686,94903,100299,94149,96005,56514,70003,44349,61410,10982,22235,7752,7433,59203,59615,101292,97627,92663,90891,90223,94870,90419,92175,54724,67763,43136,59547,10475,21098,824794,772367,135670,129848,158790,145417,92957,296,317
2021-09-23T23:59:59+02:00,9756,9400,66122,66540,107658,104747,98085,97456,94742,100135,94046,95895,56468,69944,44325,61381,10976,22206,7636,7313,58905,59333,101047,97393,92473,90681,90088,94717,90321,92068,54675,67713,43114,59519,10474,21075,822985,770809,135549,129738,158784,145348,92333,296,317
2021-09-22T23:59:59+02:00,9686,9320,65788,66215,107449,104531,97888,97250,94586,100000,93917,95797,56421,69875,44291,61337,10965,22184,7580,7272,58725,59152,100867,97224,92294,90544,89972,94597,90213,91992,54641,67668,43086,59487,10468,21059,821227,769773,135436,129660,158779,145265,91826,296,317
2021-09-21T23:59:59+02:00,9599,9232,65559,65967,107241,104351,97714,97091,94471,99891,93837,95727,56372,69824,44273,61294,10958,22170,7542,7235,58532,58968,100674,97066,92152,90411,89883,94508,90122,91918,54602,67610,43066,59449,10459,21041,819771,768716,135354,129565,158776,145202,91438,296,317
2021-09-20T23:59:59+02:00,9538,9175,65275,65658,107040,104167,97555,96923,94364,99791,93771,95651,56332,69781,44252,61251,10953,22159,7485,7180,58340,58813,100489,96921,92001,90257,89742,94406,90041,91847,54555,67572,43039,59413,10453,21024,818345,767709,135274,129483,158770,145055,91014,296,317
2021-09-19T23:59:59+02:00,9487,9131,64994,65483,106811,103973,97405,96755,94224,99690,93667,95575,56303,69728,44242,61227,10951,22148,7447,7138,58098,58618,100244,96745,91816,90089,89558,94235,89923,91763,54518,67511,43021,59379,10452,21011,817016,766504,135191,129365,158766,144792,90588,296,317
2021-09-18T23:59:59+02:00,9454,9086,64901,65380,106691,103877,97294,96668,94158,99620,93633,95547,56295,69719,44238,61222,10949,22147,7407,7097,57976,58498,100137,96646,91694,90008,89487,94172,89886,91733,54508,67506,43014,59376,10450,21007,816443,765868,135101,129300,158764,144780,90338,296,316
2021-09-17T23:59:59+02:00,9375,8999,64704,65219,106513,103719,97125,96514,94029,99522,93561,95471,56279,69692,44227,61216,10943,22141,7316,6998,57769,58262,99946,96485,91539,89888,89370,94066,89809,91671,54493,67480,43006,59369,10450,21004,815338,764733,135012,129203,158760,144763,89906,296,316
2021-09-16T23:59:59+02:00,9285,8891,64425,64915,106233,103462,96890,96276,93842,99345,93459,95378,56228,69637,44214,61188,10936,22127,7225,6887,57519,57990,99675,96255,91345,89675,89195,93904,89707,91583,54447,67429,42984,59348,10445,20993,813523,763225,134923,129066,158750,144700,89301,296,314
2021-09-15T23:59:59+02:00,9215,8836,64073,64621,106033,103250,96684,96082,93708,99184,93358,95292,56191,69580,44179,61158,10931,22100,7176,6838,57341,57830,99482,96093,91175,89517,89090,93792,89603,91518,54415,67382,42959,59316,10441,20973,811781,762167,134868,128949,158746,144666,88845,296,314
2021-09-14T23:59:59+02:00,9173,8787,63784,64412,105794,103032,96487,95902,93577,99045,93242,95206,56145,69522,44153,61120,10926,22084,7134,6802,57138,57648,99303,95907,91007,89354,88958,93681,89523,91446,54379,67342,42937,59289,10436,20958,810242,761126,134798,128858,158738,144567,88378,296,313
2021-09-13T23:59:59+02:00,9137,8753,63487,64147,105565,102801,96318,95735,93433,98910,93155,95109,56094,69468,44136,61086,10919,22072,7102,6765,56931,57463,99105,95716,90854,89198,88825,93575,89437,91372,54341,67295,42917,59260,10433,20941,808733,760027,134708,128744,158728,144525,87921,296,313
2021-09-12T23:59:59+02:00,9084,8705,63174,63902,105318,102553,96107,95508,93270,98782,93058,95028,56043,69418,44119,61055,10915,22061,7064,6735,56730,57302,98861,95507,90685,89029,88692,93458,89340,91296,54298,67238,42896,59231,10429,20924,807195,758996,134609,128615,158724,144454,87337,296,313
2021-09-11T23:59:59+02:00,9037,8672,63054,63769,105174,102435,96004,95399,93184,98703,93019,94996,56028,69403,44114,61043,10915,22060,7011,6709,56582,57211,98710,95402,90586,88932,88593,93392,89303,91270,54288,67218,42892,59221,10429,20923,806510,758402,134554,128535,158722,144435,86988,296,312
2021-09-10T23:59:59+02:00,8943,8561,62813,63504,104974,102222,95831,95210,93039,98577,92924,94924,55993,69374,44100,61025,10915,22058,6931,6631,56335,57002,98512,95217,90404,88748,88460,93262,89217,91199,54266,67197,42879,59202,10429,20919,805120,757237,134490,128418,158719,144420,86423,296,312
2021-09-09T23:59:59+02:00,8845,8462,62494,63226,104697,101902,95593,94922,92860,98351,92788,94807,55952,69309,44079,60996,10905,22037,6828,6528,56080,56777,98258,94967,90172,88515,88298,93107,89074,91114,54223,67148,42858,59173,10423,20913,803136,755813,134385,128232,158715,144346,85754,296,311
2021-09-08T23:59:59+02:00,8784,8411,62270,62990,104472,101662,95399,94698,92690,98179,92671,94675,55917,69242,44045,60957,10892,22013,6797,6498,55919,56620,98067,94757,90012,88319,88138,92962,88956,91008,54184,67086,42823,59133,10411,20879,801628,754793,134277,128083,158704,144259,85123,296,311
2021-09-07T23:59:59+02:00,8733,8358,62031,62772,104247,101422,95215,94507,92546,98038,92570,94597,55883,69193,44016,60902,10883,21990,6751,6462,55722,56453,97848,94562,89826,88156,88006,92852,88859,90918,54142,67040,42798,59102,10406,20860,800135,753706,134171,127955,158699,144129,84663,296,310
2021-09-06T23:59:59+02:00,8691,8315,61822,62597,104039,101248,95073,94345,92428,97906,92483,94521,55825,69134,43994,60873,10876,21957,6708,6425,55550,56285,97645,94396,89655,87998,87878,92724,88761,90837,54089,66991,42778,59057,10396,20836,798881,752593,134080,127820,158689,144044,84242,296,310
2021-09-05T23:59:59+02:00,8630,8265,61605,62390,103870,101061,94917,94175,92302,97792,92406,94454,55797,69093,43984,60852,10871,21950,6655,6369,55344,56082,97447,94197,89467,87835,87735,92597,88678,90751,54041,66942,42761,59034,10391,20820,797680,751424,133999,127649,158686,143948,83815,295,310
2021-09-04T23:59:59+02:00,8579,8235,61486,62279,103780,100963,94815,94088,92244,97724,92371,94428,55787,69082,43977,60842,10871,21949,6627,6325,55219,55967,97326,94070,89350,87736,87667,92516,88628,90717,54026,66931,42755,59023,10391,20819,797077,750771,133951,127526,158682,143930,83556,295,310
2021-09-03T23:59:59+02:00,8501,8160,61292,62094,103606,100805,94663,93940,92138,97611,92299,94377,55759,69055,43969,60827,10869,21941,6560,6259,55010,55782,97126,93853,89159,87540,87521,92346,88535,90639,53994,66897,42744,59004,10387,20816,795950,749518,133897,127299,158674,143894,83151,295,310
2021-09-02T23:59:59+02:00,8379,8068,61029,61845,103347,100558,94461,93716,91948,97441,92179,94276,55711,68997,43946,60792,10864,21919,6461,6177,54740,55521,96827,93569,88911,87265,87297,92135,88391,90522,53949,66815,42713,58953,10377,20779,794263,747846,133785,126942,158662,143773,82531,295,310
2021-09-01T23:59:59+02:00,8314,7986,60816,61630,103147,100387,94312,93560,91828,97312,92072,94200,55667,68947,43928,60768,10856,21900,6404,6114,54483,55299,96599,93345,88715,87051,87119,91970,88249,90411,53884,66725,42675,58911,10369,20758,792994,746393,133709,126682,158646,143654,82046,295,306
2021-08-31T23:59:59+02:00,8232,7910,60605,61375,102940,100199,94132,93398,91704,97194,91945,94118,55620,68893,43902,60729,10845,21884,6342,6044,54229,55035,96327,93097,88497,86816,86961,91810,88085,90304,53840,66652,42649,58856,10361,20739,791596,744890,133629,126375,158635,143543,81530,295,306
2021-08-30T23:59:59+02:00,8136,7834,60399,61188,102759,100051,94010,93261,91586,97091,91875,94039,55586,68862,43886,60695,10840,21868,6270,5979,53976,54840,96083,92861,88281,86585,86780,91667,87958,90179,53781,66572,42608,58793,10344,20710,790470,743446,133571,126062,158628,143395,81061,295,303
2021-08-29T23:59:59+02:00,8060,7756,60121,60947,102519,99853,93825,93086,91446,96974,91785,93949,55541,68812,43862,60665,10838,21859,6162,5868,53624,54530,95763,92568,87990,86327,86545,91471,87804,90052,53713,66497,42578,58753,10338,20693,789103,741530,133480,125726,158611,143249,80468,295,303
2021-08-28T23:59:59+02:00,8003,7690,59980,60835,102411,99744,93722,93002,91361,96900,91739,93919,55527,68799,43854,60661,10837,21857,6123,5801,53446,54381,95601,92435,87856,86216,86434,91384,87735,90009,53696,66476,42569,58746,10336,20692,788478,740710,133441,125621,158607,143223,80079,295,303
2021-08-27T23:59:59+02:00,7937,7604,59796,60639,102239,99575,93581,92874,91248,96794,91652,93860,55505,68770,43845,60644,10836,21854,6044,5730,53203,54133,95305,92157,87633,86008,86256,91226,87627,89909,53654,66440,42554,58720,10331,20689,787483,739124,133379,125420,158569,143186,79586,295,303
2021-08-26T23:59:59+02:00,7851,7505,59554,60390,102008,99355,93361,92648,91069,96613,91546,93763,55454,68705,43812,60616,10830,21842,5972,5663,52861,53844,94936,91803,87295,85698,86015,90966,87470,89777,53589,66351,42508,58676,10324,20677,785988,737189,133281,125011,158546,143053,78871,295,301
2021-08-25T23:59:59+02:00,7778,7415,59323,60192,101835,99213,93209,92465,90949,96490,91437,93683,55415,68653,43779,60572,10825,21819,5900,5603,52553,53592,94629,91546,87068,85452,85816,90778,87338,89651,53522,66267,42459,58608,10318,20647,784766,735446,133199,124701,158535,142983,78317,294,300
2021-08-24T23:59:59+02:00,7728,7363,59103,59974,101649,99040,93043,92302,90837,96362,91352,93611,55377,68599,43753,60529,10819,21794,5855,5536,52229,53330,94277,91262,86765,85201,85607,90587,87186,89491,53437,66172,42412,58542,10310,20625,783627,733629,133108,124397,158528,142762,77737,294,299
2021-08-23T23:59:59+02:00,7672,7309,58895,59764,101479,98882,92913,92140,90742,96277,91275,93525,55339,68555,43724,60503,10815,21775,5792,5474,51906,53057,93935,90980,86521,84925,85412,90416,87050,89364,53357,66081,42378,58492,10303,20607,782464,731724,133035,124109,158518,142587,77332,294,298
2021-08-22T23:59:59+02:00,7600,7254,58700,59581,101275,98721,92754,92004,90647,96161,91195,93457,55303,68508,43710,60479,10809,21761,5711,5391,51533,52705,93532,90577,86209,84619,85175,90189,86880,89239,53277,65975,42346,58431,10295,20586,781433,729398,132932,123795,158506,142370,76813,294,294
2021-08-21T23:59:59+02:00,7547,7216,58563,59457,101139,98616,92648,91900,90548,96100,91137,93422,55283,68486,43702,60462,10807,21758,5519,5203,51197,52403,93364,90428,86038,84461,85028,90062,86794,89176,53246,65951,42336,58415,10294,20580,780753,727865,132856,123566,158505,142328,76442,294,294
2021-08-20T23:59:59+02:00,7495,7164,58408,59282,100967,98461,92499,91765,90432,95975,91059,93360,55261,68461,43692,60445,10805,21753,5393,5101,50861,52052,93102,90155,85774,84227,84813,89857,86661,89064,53215,65910,42313,58391,10287,20573,779797,725889,132806,123356,158499,142262,75948,293,294
2021-08-19T23:59:59+02:00,7428,7103,58157,59047,100691,98234,92292,91573,90272,95808,90931,93256,55218,68402,43667,60414,10798,21739,5276,4976,50417,51612,92668,89750,85368,83819,84501,89542,86446,88880,53143,65802,42274,58329,10277,20555,778427,723173,132672,122910,158492,142054,75205,293,293
2021-08-18T23:59:59+02:00,7364,7048,57969,58886,100504,98053,92145,91409,90131,95685,90830,93160,55151,68338,43638,60369,10788,21719,5181,4876,50062,51239,92289,89418,85043,83487,84222,89292,86255,88706,53029,65687,42203,58237,10262,20526,777261,720763,132583,122519,158485,141814,74625,292,293
2021-08-17T23:59:59+02:00,7302,6997,57780,58727,100309,97877,91979,91259,90007,95553,90733,93069,55111,68291,43614,60341,10786,21704,5060,4743,49566,50814,91837,88997,84640,83129,83891,88995,86048,88504,52926,65562,42145,58160,10256,20502,776137,717730,132479,122109,158472,141524,74119,291,293
2021-08-16T23:59:59+02:00,7242,6931,57595,58549,100106,97702,91831,91098,89866,95433,90618,92972,55059,68229,43584,60290,10779,21690,4850,4559,48995,50232,91362,88540,84171,82727,83558,88699,85818,88299,52822,65447,42086,58082,10247,20464,774958,714171,132388,121665,158465,141298,73531,291,293
2021-08-15T23:59:59+02:00,7176,6883,57372,58358,99920,97518,91672,90955,89741,95326,90530,92912,55021,68188,43564,60261,10775,21683,4451,4159,47873,49085,90718,87848,83614,82182,83163,88310,85530,88093,52714,65324,42042,58023,10238,20445,773866,708344,132276,121035,158457,141117,73024,291,292
2021-08-14T23:59:59+02:00,7144,6850,57249,58269,99777,97417,91565,90878,89652,95257,90479,92867,55005,68171,43559,60254,10774,21682,4422,4136,47716,48941,90485,87674,83397,81972,83037,88209,85460,88049,52686,65293,42033,58012,10237,20443,773332,707518,132219,120711,158452,141067,72614,291,292
2021-08-13T23:59:59+02:00,7097,6805,57093,58135,99618,97289,91435,90738,89545,95142,90398,92803,54975,68120,43545,60230,10772,21675,4363,4075,47407,48617,90002,87264,82992,81594,82773,87974,85288,87908,52642,65225,42011,57987,10234,20431,772491,705269,132159,120152,158445,140986,72090,289,290
2021-08-12T23:59:59+02:00,7062,6755,56887,57971,99403,97112,91257,90571,89399,94997,90303,92722,54938,68067,43519,60196,10764,21658,4311,4012,46986,48221,89351,86692,82408,81044,82396,87646,85057,87727,52567,65122,41958,57928,10224,20413,771416,702278,132055,119313,158433,140736,71447,289,289
2021-08-11T23:59:59+02:00,7026,6700,56697,57799,99192,96931,91099,90431,89267,94879,90192,92620,54887,68006,43487,60157,10754,21643,4237,3963,46566,47758,88720,86039,81823,80534,82057,87338,84786,87484,52478,64979,41885,57803,10205,20364,770280,699082,131956,118356,158410,140399,70894,286,288
2021-08-10T23:59:59+02:00,6965,6652,56510,57632,98969,96778,90942,90280,89139,94764,90108,92543,54844,67959,43471,60117,10750,21630,4172,3898,46126,47278,88072,85407,81215,79989,81646,86957,84539,87265,52357,64869,41825,57720,10191,20333,769209,695712,131861,117413,158391,140081,70365,286,288
2021-08-09T23:59:59+02:00,6913,6593,56337,57471,98776,96620,90786,90142,88997,94665,89997,92479,54804,67909,43446,60082,10743,21615,4103,3820,45556,46708,87238,84728,80526,79401,81231,86606,84246,87039,52246,64736,41769,57619,10177,20291,768169,691858,131788,116351,158381,139735,69811,285,285
2021-08-08T23:59:59+02:00,6842,6524,56113,57282,98562,96428,90603,89976,88860,94543,89902,92404,54749,67861,43420,60048,10736,21594,4047,3759,44950,46093,86165,83783,79619,78586,80683,86127,83913,86738,52111,64582,41705,57528,10164,20264,766940,686699,131673,115166,158361,139421,69247,284,284
2021-08-07T23:59:59+02:00,6798,6473,55969,57158,98421,96312,90471,89874,88765,94485,89840,92363,54730,67834,43417,60038,10733,21589,3586,3384,44108,45200,85825,83442,79142,78144,80320,85775,83732,86593,52048,64498,41684,57492,10159,20255,766266,682956,131611,114019,158356,139318,68811,284,283
2021-08-06T23:59:59+02:00,6742,6424,55777,57005,98189,96126,90318,89744,88638,94370,89742,92292,54690,67806,43408,60011,10730,21585,3202,2985,43186,44305,85352,82973,78555,77588,79930,85389,83541,86446,51996,64433,41658,57460,10151,20242,765294,678974,131512,112739,158349,139181,68216,284,282
2021-08-05T23:59:59+02:00,6675,6352,55457,56754,97885,95854,90053,89523,88423,94175,89571,92156,54625,67716,43379,59959,10721,21567,2685,2537,41936,43131,84613,82287,77768,76786,79332,84821,83181,86144,51865,64274,41598,57357,10136,20209,763619,673368,131384,111097,158336,138634,67280,284,281
2021-08-04T23:59:59+02:00,6594,6302,55211,56563,97617,95639,89863,89355,88279,94036,89452,92057,54572,67665,43341,59912,10717,21557,2613,2477,41449,42632,83369,81235,76416,75642,78841,84365,82861,85896,51724,64136,41540,57269,10120,20183,762311,668144,131276,109583,158322,138163,66597,284,281
2021-08-03T23:59:59+02:00,6528,6236,54953,56368,97382,95444,89684,89189,88135,93890,89306,91935,54494,67584,43304,59854,10709,21549,2558,2435,41008,42199,82122,80095,74990,74451,78231,83797,82312,85403,51509,63932,41439,57113,10107,20147,760924,662301,131171,107882,158298,137458,65926,283,281
2021-08-02T23:59:59+02:00,6466,6173,54714,56164,97119,95220,89459,89014,87964,93748,89164,91822,54411,67511,43271,59801,10706,21529,2507,2371,40523,41695,80791,78981,73435,73241,77600,83232,81770,84918,51338,63728,41364,56992,10090,20113,759485,656187,131021,106121,158275,136852,65251,282,278
2021-08-01T23:59:59+02:00,6399,6088,54443,55898,96850,94951,89222,88838,87759,93602,88999,91711,54342,67425,43234,59749,10699,21522,2428,2318,40002,41194,79496,77896,72020,72138,76702,82479,81183,84451,51147,63490,41276,56887,10079,20089,757870,649986,130825,104216,158249,136237,64564,279,272
2021-07-31T23:59:59+02:00,6363,6050,54320,55804,96728,94856,89119,88771,87668,93530,88954,91675,54330,67415,43228,59745,10699,21521,1903,1868,39040,40165,79045,77454,71483,71583,76318,82151,81068,84355,51128,63456,41260,56875,10079,20086,757384,645293,130655,103342,158246,136142,64268,279,272
2021-07-30T23:59:59+02:00,6308,6015,54142,55657,96569,94678,88960,88622,87536,93415,88871,91605,54293,67384,43215,59727,10697,21519,1436,1418,38025,39102,78336,76795,70722,70848,75804,81624,80666,84030,51051,63367,41226,56815,10073,20074,756478,639074,130339,102202,158241,135932,63933,278,271
2021-07-29T23:59:59+02:00,6257,5956,53904,55472,96308,94451,88746,88413,87364,93239,88730,91477,54234,67320,43192,59687,10688,21498,949,952,36773,37858,77276,75920,69670,69897,74995,80862,80128,83601,50918,63202,41159,56719,10056,20047,755225,631282,129857,100645,158224,135375,63409,277,271
2021-07-28T23:59:59+02:00,6220,5903,53700,55300,96099,94244,88594,88232,87251,93098,88617,91379,54175,67245,43158,59639,10678,21468,908,902,36158,37247,76103,74940,68388,68794,74232,80145,79636,83140,50775,63000,41091,56614,10040,20006,754036,624915,129412,99228,158207,134583,63124,277,269
2021-07-27T23:59:59+02:00,6170,5861,53464,55077,95838,94033,88410,88046,87093,92942,88493,91281,54120,67169,43117,59576,10664,21420,847,846,35496,36475,74638,73689,66934,67574,73364,79298,79090,82617,50600,62787,41012,56493,10015,19964,752611,617570,128981,97773,158184,133351,62777,277,268
2021-07-26T23:59:59+02:00,6113,5808,53243,54869,95594,93842,88211,87875,86928,92805,88364,91179,54060,67089,43088,59519,10657,21398,791,787,34724,35632,73115,72355,65561,66334,72317,78304,78495,82084,50427,62569,40933,56343,9993,19919,751257,609462,128557,96241,158165,132270,62443,276,267
2021-07-25T23:59:59+02:00,6075,5764,53035,54663,95338,93611,88035,87681,86770,92673,88255,91081,54008,67024,43060,59475,10647,21363,679,678,34019,34866,71764,71145,64450,65319,71316,77390,78019,81629,50307,62380,40868,56255,9987,19884,749840,602464,128282,94682,158143,131469,62073,276,267
2021-07-24T23:59:59+02:00,5988,5707,52759,54366,95028,93298,87789,87471,86594,92516,88155,91000,53979,66990,43048,59452,10647,21357,630,627,33507,34367,70894,70447,63783,64760,70437,76690,77815,81478,50252,62337,40846,56230,9987,19882,747961,598024,128228,93746,158142,131340,61592,276,267
2021-07-23T23:59:59+02:00,5935,5651,52485,54094,94624,93009,87485,87253,86412,92337,88013,90907,53943,66942,43040,59434,10644,21351,577,582,32974,33704,69827,69583,62999,64089,69530,75839,77413,81148,50176,62238,40814,56191,9980,19868,745892,592358,128154,92587,158136,131164,61156,276,267
2021-07-22T23:59:59+02:00,5865,5588,52066,53692,94142,92558,87098,86915,86102,92036,87801,90720,53858,66848,43011,59374,10636,21325,502,519,32257,32968,68511,68587,61951,63210,67911,74481,76757,80632,50024,62030,40722,56076,9959,19828,742826,585873,127921,89831,158110,130397,60558,275,266
2021-07-21T23:59:59+02:00,5812,5534,51693,53304,93706,92141,86788,86615,85847,91791,87627,90532,53773,66762,42952,59307,10625,21297,452,461,31636,32307,67175,67544,60859,62316,65870,72787,75850,79886,49734,61720,40561,55888,9935,19772,740008,579565,127682,85504,158079,129302,60116,275,266
2021-07-20T23:59:59+02:00,5753,5470,51303,52909,93242,91671,86420,86288,85579,91535,87403,90335,53681,66628,42903,59249,10618,21272,405,417,30969,31643,65708,66348,59728,61351,64691,71725,75233,79327,49528,61489,40455,55728,9911,19709,737030,572487,127460,83819,158024,128269,59524,275,266
2021-07-19T23:59:59+02:00,5676,5396,50830,52448,92770,91191,86049,85955,85330,91322,87197,90155,53588,66507,42867,59169,10600,21237,361,364,30420,31055,64542,65290,58811,60492,63537,70688,74631,78810,49354,61292,40365,55581,9883,19665,733750,566690,127231,82010,157988,127078,59097,275,266
2021-07-18T23:59:59+02:00,5607,5326,50003,51631,91693,90136,85317,85341,84848,90889,86904,89863,53481,66360,42804,59073,10590,21206,324,320,29872,30465,63350,64217,57886,59574,62360,69659,74080,78311,49206,61129,40306,55497,9871,19636,727270,560837,126901,79980,157971,126271,58710,274,265
2021-07-17T23:59:59+02:00,5433,5139,49650,51297,91550,90001,85122,85182,84689,90751,86796,89781,53461,66333,42793,59061,10589,21203,272,265,29482,30077,62705,63615,57325,59150,61606,68923,73771,78068,49095,61011,40267,55439,9861,19625,726091,557796,126723,79012,157967,125655,57829,274,265
2021-07-16T23:59:59+02:00,5332,5048,49325,51000,91285,89777,84874,84984,84490,90567,86658,89674,53419,66300,42775,59047,10586,21198,237,230,28978,29567,61762,62699,56478,58462,60552,67884,73270,77647,48933,60822,40220,55370,9856,19616,724707,552813,126550,77690,157960,124913,56902,273,265
2021-07-15T23:59:59+02:00,5196,4914,48844,50585,90883,89393,84515,84604,84187,90289,86434,89505,53336,66209,42721,58977,10576,21170,188,197,28248,28933,60443,61626,55344,57475,59137,66569,72533,77057,48700,60559,40131,55238,9840,19561,722216,546964,126131,75483,157925,123236,55833,272,263
2021-07-14T23:59:59+02:00,5090,4799,48487,50206,90579,89097,84223,84289,83938,90052,86234,89347,53247,66101,42663,58888,10559,21140,169,174,27712,28358,59344,60628,54375,56629,58260,65717,71923,76468,48431,60281,40025,55063,9817,19517,720039,541520,125772,74559,157881,121535,55015,271,262
2021-07-13T23:59:59+02:00,4978,4682,48077,49822,90182,88740,83916,83980,83668,89790,86026,89179,53136,65996,42608,58824,10553,21119,153,164,27041,27674,57971,59439,53180,55638,57269,64803,71196,75829,48153,59956,39896,54884,9785,19465,717657,535152,125399,73442,157825,119479,54162,271,261
2021-07-12T23:59:59+02:00,4807,4512,47519,49301,89786,88399,83520,83658,83418,89528,85836,89018,53055,65901,42561,58761,10541,21104,144,156,26404,27008,56467,58087,51893,54576,56046,63658,70449,75207,47776,59526,39721,54659,9743,19400,714920,527838,125030,72420,157764,117123,53279,270,260
2021-07-11T23:59:59+02:00,4413,4138,46569,48372,89355,87963,83105,83271,83107,89240,85640,88868,52965,65807,42535,58705,10530,21087,132,148,25798,26441,55089,56827,50595,53530,55006,62626,69854,74655,47427,59142,39596,54484,9718,19358,710940,521201,124557,71412,157724,115333,52221,266,259
2021-07-10T23:59:59+02:00,4400,4125,46237,48024,88901,87481,82774,82960,83000,89140,85575,88811,52944,65784,42526,58691,10529,21083,129,140,25308,25900,53997,55879,49733,52945,54404,62058,69638,74469,47059,58723,39496,54380,9713,19347,710268,516870,124089,71327,157548,114010,50852,265,259
2021-07-09T23:59:59+02:00,4380,4113,45813,47580,88279,86918,82397,82616,82751,88950,85460,88718,52908,65755,42519,58678,10525,21074,123,125,24604,25123,52669,54646,48789,52064,53624,61206,69215,74063,46700,58313,39408,54290,9706,19335,708839,510679,123501,70921,157384,112659,49485,262,259
2021-07-08T23:59:59+02:00,4350,4086,45260,47076,87415,86204,81862,82099,82496,88705,85266,88564,52840,65688,42487,58631,10514,21058,115,108,23607,24173,50724,53062,47404,50912,52484,60076,68522,73427,46179,57756,39271,54126,9678,19267,706699,502907,122606,69641,157095,110121,47964,261,258
2021-07-07T23:59:59+02:00,4327,4059,44678,46480,86570,85439,81302,81614,82211,88408,85057,88400,52761,65587,42444,58567,10506,21038,103,93,22708,23254,48770,51372,45886,49775,51240,58894,67817,72892,45441,57012,39075,53888,9645,19209,704160,494694,121605,68530,156840,107007,46587,258,256
2021-07-06T23:59:59+02:00,4294,4038,44129,45955,85701,84700,80685,81019,81841,88077,84880,88224,52672,65507,42406,58505,10497,21013,94,83,21866,22374,46762,49589,44496,48524,49957,57551,67073,72172,44609,56237,38890,53649,9627,19154,701489,485688,120585,67449,156541,104040,45274,256,256
2021-07-05T23:59:59+02:00,4272,4002,42965,44955,84183,83599,79958,80397,81382,87653,84601,87958,52557,65370,42355,58427,10483,20985,83,71,20672,21297,44798,47986,43476,47563,48928,56588,66374,71554,43847,55375,38716,53424,9602,19114,698140,479677,119528,66577,156176,100951,42007,253,256
2021-07-04T23:59:59+02:00,4244,3979,41599,43723,82541,82286,79231,79794,80910,87228,84327,87754,52465,65245,42312,58375,10470,20956,80,64,19317,20083,43005,46468,42775,46818,48113,55734,65794,70984,43102,54522,38553,53230,9582,19066,695001,475005,118373,65641,155753,98328,38061,253,255
2021-07-03T23:59:59+02:00,3777,3564,40014,42154,81669,81627,78744,79308,80465,86751,84110,87582,52398,65144,42293,58322,10467,20950,76,63,18508,19387,42084,45772,42357,46441,47707,55334,65630,70818,42512,53793,38490,53130,9575,19056,691215,473061,117064,65542,155669,96735,35140,253,255
2021-07-02T23:59:59+02:00,3219,2992,38455,40648,80932,80901,78075,78601,79945,86248,83868,87378,52347,65058,42265,58275,10455,20937,67,55,17735,18650,40926,44807,41621,45741,46872,54552,65108,70366,41558,52587,38360,52942,9559,19037,686149,467966,115661,65071,155519,94230,33022,250,254
2021-07-01T23:59:59+02:00,2570,2445,36730,38975,79949,80024,77235,77768,79241,85611,83553,87101,52222,64902,42202,58174,10437,20907,56,43,16842,17709,39378,43565,40406,44679,45566,53419,64362,69783,40666,51445,38210,52732,9542,19005,679783,461502,113933,63419,155299,91451,30783,250,253
2021-06-30T23:59:59+02:00,2528,2415,35712,37949,78105,78519,75536,76279,78595,85062,83267,86808,52093,64740,42142,58077,10425,20880,47,33,15799,16718,37698,42338,39205,43574,44409,52355,63606,69151,40118,50758,38091,52532,9520,18969,673902,455337,112194,62077,155089,89557,27699,250,251
2021-06-29T23:59:59+02:00,2491,2383,34874,37039,76499,77027,73922,74865,77795,84344,82721,86315,51910,64521,42066,57946,10408,20844,34,24,14962,15805,36381,41193,38293,42748,43188,51299,62888,68566,39406,49820,37955,52313,9498,18925,667515,450130,110318,60244,154820,87605,25069,250,250
2021-06-28T23:59:59+02:00,2450,2348,34045,36212,74881,75615,72239,73469,76774,83557,82117,85816,51735,64293,41989,57840,10395,20812,25,19,14210,15039,35325,40166,37470,42017,42060,50303,62233,68016,38528,48732,37788,52090,9478,18880,661014,445257,108357,58730,154224,85398,22744,250,250
2021-06-27T23:59:59+02:00,2435,2333,33305,35457,73315,74244,70830,72260,75377,82437,81439,85261,51538,64076,41924,57722,10385,20783,20,19,13569,14397,34362,39405,36812,41418,41122,49452,61691,67573,37662,47698,37636,51911,9463,18849,654789,441327,106424,57962,153271,83133,20389,249,248
2021-06-26T23:59:59+02:00,1797,1725,32259,34341,72953,73923,70364,71796,75085,82126,81346,85183,51518,64049,41909,57712,10384,20780,20,18,13374,14185,33693,38861,36165,40994,40599,49117,60698,66563,36665,46562,37467,51698,9449,18816,649972,435322,105486,57907,153267,81191,20278,248,246
2021-06-25T23:59:59+02:00,1177,1129,31129,33151,72449,73390,69751,71102,74657,81676,80966,84857,51456,63962,41876,57669,10379,20766,17,16,13033,13788,32839,38066,35296,40174,39642,48276,59484,65328,36150,45862,37275,51397,9426,18775,643597,426871,104292,57458,153262,80126,20144,248,245
2021-06-24T23:59:59+02:00,564,570,29780,31820,71660,72631,68878,70219,73982,81043,80517,84494,51348,63833,41824,57599,10368,20733,14,13,12360,13071,31657,36766,34072,38906,38504,47158,57846,63953,35670,45344,37118,51207,9407,18716,635736,417481,102806,55897,153150,78237,19925,247,242
2021-06-23T23:59:59+02:00,537,537,29270,31255,70544,71647,67607,69078,73232,80354,80066,84088,51236,63659,41766,57503,10352,20701,12,12,11860,12533,30661,35525,33134,37681,37479,46277,55899,62232,35117,44777,36950,50981,9386,18651,629478,407671,101225,54836,153047,76983,19436,247,241
2021-06-22T23:59:59+02:00,514,520,28745,30647,69369,70611,66400,68050,72553,79648,79652,83716,51129,63532,41719,57418,10343,20675,10,11,11507,12111,29744,34594,32179,36787,36518,45372,53920,60390,34730,44301,36812,50739,9357,18593,623112,399101,99758,53262,152913,75862,19212,247,238
2021-06-21T23:59:59+02:00,482,486,28072,29955,68051,69431,65212,66920,71796,78869,79256,83323,51021,63421,41661,57330,10329,20634,9,11,11211,11791,29118,34004,31628,36218,35909,44780,52073,58731,34019,43498,36516,50316,9328,18517,616267,391504,98257,52066,152791,75181,18689,246,237
2021-06-20T23:59:59+02:00,397,405,27436,29284,66820,68291,64195,65986,70990,78128,78906,82984,50944,63293,41612,57263,10324,20601,5,10,10920,11519,28566,33501,31170,35726,35396,44257,50224,56932,33475,42816,36319,49982,9298,18457,609868,384060,96797,51314,152691,74708,18258,246,233
2021-06-19T23:59:59+02:00,365,370,27046,28907,66087,67721,63668,65479,70191,77474,78754,82860,50923,63267,41596,57247,10323,20601,5,9,10784,11318,28312,33180,30914,35400,35171,43994,48775,55538,33215,42467,36235,49842,9290,18429,605897,378641,95855,51302,152691,74511,18191,246,233
2021-06-18T23:59:59+02:00,337,336,26581,28429,65068,66979,62929,64867,69267,76635,78365,82529,50860,63193,41569,57211,10320,20593,5,9,10564,11074,27913,32754,30583,34989,34778,43595,47031,53856,32860,41951,36098,49631,9270,18395,600456,371757,94611,51012,152685,74284,18071,246,232
2021-06-17T23:59:59+02:00,307,305,25932,27807,63795,65982,61929,64057,67677,75226,77841,82123,50759,63040,41506,57130,10307,20566,5,9,10140,10708,27119,32054,29840,34309,33939,42889,45514,52355,32409,41317,35934,49374,9239,18345,594336,364278,91953,49866,152523,73893,17233,245,229
2021-06-16T23:59:59+02:00,272,266,25393,27198,62490,64849,60817,63089,65412,73298,76997,81467,50546,62831,41414,57018,10288,20533,5,7,9813,10438,26466,31378,29136,33686,33207,42252,44917,51785,32136,40951,35788,49175,9218,18304,588032,360553,87439,49157,152112,72369,16354,242,229
2021-06-15T23:59:59+02:00,233,235,24738,26471,61079,63619,59737,62107,64256,72209,76489,81047,50422,62681,41364,56923,10281,20504,5,7,9540,10154,25861,30641,28499,32931,32527,41528,43357,50152,31684,40394,35616,48940,9188,18239,580837,353810,85811,48259,151658,71116,15849,241,229
2021-06-14T23:59:59+02:00,210,203,24254,25863,59971,62572,58861,61263,63179,71204,76014,80656,50334,62558,41314,56852,10266,20479,4,7,9243,9852,25110,29752,27738,32096,31739,40713,42067,48807,31312,39893,35480,48719,9158,18187,574946,347649,84096,47240,151453,69442,15318,241,228
2021-06-13T23:59:59+02:00,205,188,23840,25391,59028,61663,58090,60475,62072,70236,75547,80234,50244,62442,41263,56793,10255,20449,4,7,8955,9545,24399,28907,27029,31254,30981,39855,40505,47217,30844,39278,35279,48412,9128,18097,569926,340565,82241,46459,151228,67665,14781,240,226
2021-06-12T23:59:59+02:00,192,170,23576,25101,58465,61156,57731,60194,61428,69599,75346,80121,50219,62410,41251,56779,10252,20445,4,7,8834,9424,23922,28328,26506,30676,30450,39293,39405,46243,30675,39099,35184,48246,9124,18086,566954,336304,81286,46456,151221,65785,14735,240,226
2021-06-11T23:59:59+02:00,173,155,23200,24658,57713,60336,57055,59565,60519,68668,75000,79816,50144,62335,41225,56743,10250,20439,4,6,8688,9226,23405,27653,25974,30017,29863,38653,38326,45230,30409,38742,35041,48025,9111,18059,561898,331434,79996,46197,151208,63922,14654,239,225
2021-06-10T23:59:59+02:00,158,138,22656,24067,56568,59397,56127,58748,59256,67494,74459,79415,50072,62228,41201,56694,10235,20410,4,6,8421,8969,22531,26708,25012,29076,28742,37714,36936,44066,30051,38262,34761,47591,9044,17983,556298,324516,77784,45488,150968,61614,14035,239,224
2021-06-09T23:59:59+02:00,138,123,22020,23462,55308,58291,55048,57834,58304,66584,73998,79021,49984,62128,41149,56632,10221,20379,4,5,8120,8706,21598,25840,24082,28196,27707,36759,35215,42273,29660,37759,34575,47321,9002,17892,550478,317058,76322,44755,150617,59707,12971,237,223
2021-06-08T23:59:59+02:00,116,105,21337,22736,53997,57159,53929,56850,57345,65727,73452,78589,49895,62005,41094,56541,10203,20349,3,4,7852,8454,20705,24952,23027,27330,26667,35796,33850,40967,29304,37255,34254,46862,8951,17808,543770,310739,75385,43983,150177,57237,11861,236,221
2021-06-07T23:59:59+02:00,99,88,20679,22095,52553,55900,52670,55870,56190,64739,72898,78183,49809,61896,41048,56477,10190,20323,2,3,7593,8229,19865,24134,22006,26521,25631,34923,32914,40182,29020,36860,34005,46436,8900,17717,536454,306101,74481,43163,149768,54688,10768,236,221
2021-06-06T23:59:59+02:00,92,83,20165,21560,51405,54788,51558,54891,55225,63788,72387,77777,49720,61817,41012,56414,10182,20307,2,3,7378,8032,19082,23238,21106,25648,24560,33937,31996,39362,28731,36518,33751,46045,8849,17643,530110,301539,73455,42420,149431,51764,9940,235,218
2021-06-05T23:59:59+02:00,86,75,19888,21246,50619,54029,50905,54387,54752,63313,72257,77665,49710,61803,41007,56411,10179,20307,2,3,7146,7619,18439,22175,20382,24536,23688,32680,30958,38041,28396,36051,33626,45870,8842,17623,525736,295240,73449,42382,149359,48378,9860,235,217
2021-06-04T23:59:59+02:00,76,69,19433,20657,49550,53011,50084,53520,54095,62526,71916,77338,49682,61766,40987,56396,10177,20302,2,2,6919,7299,17808,21326,19693,23536,22747,31397,29733,36698,28107,35683,33512,45694,8830,17602,519239,288750,73120,42313,149343,45660,9649,234,216
2021-06-03T23:59:59+02:00,66,58,18747,19955,48026,51707,48862,52385,53116,61498,71413,76879,49614,61663,40949,56348,10164,20277,2,2,6626,6899,17071,20275,18892,22388,21740,29966,28565,35207,27565,34897,33306,45366,8793,17527,511431,281994,72106,41558,149070,42434,8888,232,213
2021-06-02T23:59:59+02:00,61,54,18362,19431,47002,50711,47976,51619,52363,60735,71162,76666,49575,61628,40931,56319,10156,20263,1,2,6436,6662,16431,19580,17966,21626,20890,29015,27469,33796,27100,34289,33144,45114,8764,17457,505116,275700,72087,41544,149051,39762,8531,229,205
2021-06-01T23:59:59+02:00,51,48,17674,18683,45137,48975,46321,50161,50843,59272,70483,76066,49482,61516,40873,56247,10144,20215,1,1,6155,6342,15276,18679,16454,20659,19670,27759,26241,32396,26540,33590,32893,44762,8718,17355,495992,269180,70718,40971,148504,36388,6753,224,199
2021-05-31T23:59:59+02:00,49,44,17189,18184,43831,47829,45105,49047,49603,58143,69799,75555,49398,61413,40828,56180,10132,20177,1,1,5877,6006,14234,17843,15045,19734,18489,26640,25007,31050,26019,32871,32698,44463,8684,17254,489734,262867,69553,40425,148037,33470,4959,223,195
2021-05-30T23:59:59+02:00,43,43,16854,17788,42863,46887,44197,48142,48593,57144,69247,75010,49292,61257,40756,56064,10116,20134,1,1,5683,5761,13685,17134,14416,19034,17581,25665,23904,29875,25247,31920,32399,44044,8639,17165,483779,256882,68522,39624,147628,31184,4279,222,185
2021-05-29T23:59:59+02:00,43,42,16719,17660,42498,46567,43853,47877,48352,56953,69189,74957,49286,61251,40749,56060,10116,20133,1,1,5519,5518,13175,16333,13770,18185,16738,24497,22787,28573,25086,31684,32334,43949,8636,17158,481795,251276,68399,39624,147621,28594,4269,221,181
2021-05-28T23:59:59+02:00,42,40,16417,17351,41789,45939,43341,47310,47843,56421,68911,74663,49220,61168,40723,56010,10113,20128,1,1,5273,5131,12640,15417,13088,17320,15873,23261,21685,27133,24834,31317,32239,43816,8626,17142,477489,245214,67892,39520,147597,25657,4230,221,176
2021-05-27T23:59:59+02:00,39,37,15884,16796,40635,44949,42323,46414,46854,55529,68332,74224,49097,61007,40669,55938,10102,20089,1,1,5028,4783,11995,14594,12302,16384,14800,22069,20422,25622,24328,30579,32067,43555,8592,17059,471580,237844,66378,38713,146879,23589,3864,217,171
2021-05-26T23:59:59+02:00,37,36,15470,16354,39536,44020,41284,45540,45824,54651,67725,73712,48944,60824,40585,55773,10080,20041,1,1,4834,4581,11440,13833,11584,15535,13788,20936,19021,24025,23742,29790,31849,43209,8538,16957,466405,230565,64357,37841,145891,21521,3566,217,171
2021-05-25T23:59:59+02:00,37,35,15066,15935,38529,43131,40316,44690,44870,53726,67104,73179,48760,60583,40506,55638,10055,19988,1,1,4613,4374,10898,13189,10817,14765,12714,19695,17588,22519,23154,29010,31612,42882,8481,16862,461056,223185,62777,36897,144781,19607,3318,216,168
2021-05-24T23:59:59+02:00,37,33,14716,15602,37691,42391,39448,44016,44009,52935,66570,72695,48636,60405,40443,55515,10035,19943,1,1,4465,4245,10453,12720,10180,14183,11824,18861,16297,21249,22476,28174,31394,42550,8422,16773,456424,216252,61537,35955,144038,18989,2906,215,166
2021-05-23T23:59:59+02:00,33,33,14549,15421,37225,42015,38995,43612,43559,52528,66299,72466,48551,60313,40404,55468,10028,19919,1,1,4276,4102,9985,12244,9558,13579,10877,18043,15096,20182,22002,27600,31140,42258,8371,16687,453216,209228,61155,35873,144016,17919,2817,214,165
2021-05-22T23:59:59+02:00,31,31,14352,15204,36531,41448,38308,43155,42983,52114,65280,71448,48344,60054,40332,55353,10018,19898,1,1,4164,3805,9769,11826,9404,13256,10635,17597,14824,19781,21908,27483,31106,42216,8364,16678,446732,207996,61151,35870,144001,16001,2786,214,165
2021-05-21T23:59:59+02:00,30,30,13963,14791,35460,40536,37247,42233,41914,51210,63923,70156,48114,59718,40252,55204,10001,19865,1,1,4051,3706,9561,11560,9189,12987,10298,17265,14407,19409,21687,27197,31044,42125,8355,16670,437115,206026,60790,35564,143763,14996,2767,212,160
2021-05-20T23:59:59+02:00,27,30,13149,14046,34020,39090,35827,40837,40508,50007,62627,69006,47819,59378,40105,55022,9980,19815,1,1,3893,3528,9034,10954,8536,12275,9595,16414,13653,18443,20866,26075,30849,41826,8316,16583,426873,201643,59086,34714,142741,11943,2383,210,159
2021-05-19T23:59:59+02:00,27,29,12605,13468,32842,37680,34728,39459,39375,49045,60618,67232,47337,58821,39918,54757,9937,19710,1,1,3787,3388,8754,10580,8239,11902,9154,15907,13015,17778,19998,24944,30622,41521,8259,16469,416002,197392,57572,33900,141626,10693,2180,208,154
2021-05-18T23:59:59+02:00,25,29,12176,13006,31801,36667,33647,38546,38334,48111,58551,65364,46983,58375,39762,54517,9905,19650,1,1,3583,3220,8257,9985,7770,11360,8603,15235,12331,17008,19055,23711,30384,41179,8221,16363,407310,193280,55618,33058,140435,7894,1881,205,154
2021-05-17T23:59:59+02:00,23,28,11920,12721,31280,36111,33153,37983,37740,47478,56653,63654,46277,57551,39483,54118,9868,19577,1,1,3495,3109,7989,9707,7471,11060,8201,14820,11757,16401,18130,22575,30148,40858,8186,16288,399713,188886,54488,32312,139624,7262,1590,203,147
2021-05-16T23:59:59+02:00,23,28,11700,12465,30751,35607,32690,37491,37217,46904,54752,61820,45728,56854,39289,53800,9840,19521,1,1,3396,3006,7699,9412,7147,10718,7731,14353,11173,15813,17200,21423,29938,40568,8148,16219,392732,184591,53518,31463,138954,6672,1075,201,145
2021-05-15T23:59:59+02:00,23,28,11539,12257,30472,35274,32452,37171,36988,46640,53182,60339,45477,56549,39212,53661,9834,19493,1,1,3373,2986,7672,9382,7132,10697,7712,14338,11152,15788,17086,21207,29726,40258,8140,16209,386911,183579,53514,31462,138908,6618,1058,200,143
2021-05-14T23:59:59+02:00,23,28,11286,11964,29995,34760,32071,36708,36466,46164,51295,58497,45115,56047,39072,53455,9817,19453,1,1,3343,2960,7600,9308,7070,10622,7648,14276,10968,15587,16346,20135,29440,39767,8123,16169,379056,180617,53183,31122,138772,6476,1006,199,143
2021-05-13T23:59:59+02:00,21,27,10992,11624,29344,34108,31466,36103,35784,45487,49815,56977,44681,55421,38901,53208,9790,19406,1,1,3263,2909,7469,9201,6979,10527,7542,14164,10632,15238,15284,18889,29055,39126,8080,16094,371887,176785,52166,30558,138020,6086,885,197,140
2021-05-12T23:59:59+02:00,20,25,10857,11476,29055,33785,31198,35808,35464,45170,49531,56663,44585,55312,38849,53131,9783,19368,1,0,3249,2882,7434,9165,6947,10491,7510,14122,10459,15079,14902,18452,28748,38639,8058,16048,369179,174694,52078,30547,137863,6041,764,196,140
2021-05-11T23:59:59+02:00,19,22,10491,11141,28194,32964,30373,35049,34600,44383,47788,54884,44127,54711,38675,52843,9745,19265,1,0,3156,2785,7189,8886,6715,10189,7293,13753,9979,14530,13910,17301,28329,38019,8019,15954,362214,170986,50368,29646,135962,4700,536,194,140
2021-05-10T23:59:59+02:00,18,22,10179,10851,27451,32262,29595,34355,33830,43612,46481,53608,43741,54203,38488,52540,9695,19151,1,0,3112,2738,7059,8761,6617,10069,7147,13573,9710,14226,13206,16431,27900,37404,7994,15873,355950,168144,49248,29262,134271,3857,423,190,135
2021-05-09T23:59:59+02:00,17,22,9934,10595,26761,31568,28935,33660,33106,42913,44941,52124,43240,53578,38290,52235,9658,19065,1,0,3064,2690,6932,8622,6512,9930,7031,13358,9397,13911,12407,15531,27532,36861,7974,15817,348821,165270,48176,28709,133124,3120,337,184,134
2021-05-08T23:59:59+02:00,17,22,9841,10522,26378,31266,28480,33340,32637,42605,43887,51294,43086,53414,38251,52175,9655,19059,1,0,3059,2685,6922,8615,6506,9921,7022,13345,9387,13898,12370,15468,26851,35908,7937,15741,344241,163389,48136,28681,133037,3101,331,184,134
2021-05-07T23:59:59+02:00,16,22,9693,10371,25902,30881,28022,32957,32129,42251,42841,50465,42815,53071,38141,52019,9643,19032,1,0,2990,2655,6858,8569,6448,9863,6970,13292,9213,13675,11736,14658,25901,34513,7890,15659,339074,159256,47828,28308,132878,2882,311,180,134
2021-05-06T23:59:59+02:00,14,21,9281,10074,24985,30109,26958,32153,30897,41421,41222,49249,42429,52520,37946,51776,9605,18958,1,0,2914,2606,6728,8424,6328,9733,6821,13103,8938,13368,11080,13789,24933,33128,7855,15597,331193,155438,46749,27348,131206,2132,294,176,134
2021-05-05T23:59:59+02:00,14,20,8899,9873,24101,29503,26101,31498,29812,40631,39239,47431,41981,51971,37737,51492,9548,18845,1,0,2869,2573,6607,8292,6228,9618,6718,12958,8692,13106,10363,12953,23915,31800,7826,15525,323324,151515,45896,26458,129087,1727,213,176,131
2021-05-04T23:59:59+02:00,14,19,8656,9628,23315,28856,25125,30759,28740,39790,37711,45962,41508,51384,37460,51146,9497,18722,1,0,2825,2549,6533,8220,6142,9547,6639,12869,8454,12882,9625,12086,22968,30551,7792,15462,316636,147737,44924,25652,126448,1517,109,175,130
2021-05-03T23:59:59+02:00,14,18,8441,9413,22616,28276,24292,30154,27832,39090,36750,45208,41159,50913,37244,50855,9445,18620,1,0,2776,2513,6460,8142,6062,9476,6549,12785,8226,12664,8864,11185,22048,29330,7761,15411,311755,143957,44148,24829,124197,1273,70,170,124
2021-05-02T23:59:59+02:00,14,18,8272,9248,21979,27699,23558,29561,27015,38469,35931,44569,40901,50584,37132,50668,9410,18563,1,0,2739,2489,6418,8101,6022,9440,6506,12743,8045,12490,8262,10443,21337,28460,7740,15392,306926,140756,43381,24553,123059,1140,61,164,118
2021-05-01T23:59:59+02:00,13,18,8115,9061,21603,27248,23078,28990,26372,37750,35103,43674,40634,50207,37033,50515,9404,18546,1,0,2733,2482,6393,8090,6005,9431,6488,12730,8029,12473,8225,10378,21299,28403,7736,15388,300807,140462,43379,24546,122954,1098,60,164,118
2021-04-30T23:59:59+02:00,13,17,7962,8877,21214,26825,22628,28419,25616,36961,34084,42701,40401,49884,36935,50361,9392,18523,1,0,2709,2468,6367,8072,5983,9411,6459,12708,7994,12440,8183,10309,21249,28320,7733,15378,294455,140146,43372,24469,122771,1001,53,162,115
2021-04-29T23:59:59+02:00,12,17,7677,8635,20616,26246,21958,27738,24682,35995,32807,41358,39356,48480,36618,49889,9334,18395,1,0,2673,2430,6275,7962,5894,9309,6364,12567,7789,12164,7556,9579,20839,27802,7709,15303,285681,138066,42587,23234,121336,751,53,156,112
2021-04-28T23:59:59+02:00,11,16,7392,8417,20096,25782,21319,27143,23800,35147,31405,39903,38188,46886,36275,49395,9272,18253,1,0,2599,2380,6159,7839,5782,9174,6258,12409,7563,11888,6858,8725,20421,27219,7669,15232,276993,135568,41810,21928,119692,522,53,152,105
2021-04-27T23:59:59+02:00,10,16,7201,8236,19670,25352,20695,26605,22941,34363,30184,38571,37092,45438,35893,48825,9202,18127,1,0,2572,2356,6058,7740,5729,9076,6190,12283,7348,11692,6253,7989,20020,26717,7649,15209,269140,133476,40942,20978,118137,275,53,149,100
2021-04-26T23:59:59+02:00,9,16,7017,8067,19249,24928,20147,26080,22130,33605,28968,37332,36031,44012,35585,48337,9151,17999,1,0,2558,2345,6012,7698,5684,9036,6152,12238,7160,11528,5639,7254,19645,26272,7626,15181,261423,131507,40117,20132,116931,243,49,143,98
2021-04-25T23:59:59+02:00,9,15,6908,7931,18913,24655,19767,25740,21518,32979,27974,36369,34891,42579,35266,47907,9109,17917,1,0,2543,2336,5994,7671,5665,9017,6132,12211,7121,11501,5511,7070,19308,25808,7610,15136,254188,130869,39400,19389,116670,231,48,141,98
2021-04-24T23:59:59+02:00,9,15,6740,7750,18471,24230,19213,25203,20732,32177,26884,35314,34640,42264,35173,47742,9099,17905,1,0,2539,2329,5982,7661,5654,9007,6127,12207,7110,11494,5436,6955,19212,25666,7607,15128,248209,130408,39395,19348,115768,214,48,141,97
2021-04-23T23:59:59+02:00,9,15,6509,7547,18024,23754,18642,24588,19902,31361,25717,34112,33858,41094,35029,47509,9085,17882,1,0,2533,2310,5955,7640,5615,8967,6080,12161,7063,11442,5272,6677,18672,25035,7507,14957,240604,128552,39065,19000,114780,192,47,141,96
2021-04-22T23:59:59+02:00,8,14,6292,7338,17416,23166,17847,23805,18851,30336,24389,32670,32816,39739,34784,47151,9045,17803,1,0,2517,2294,5907,7587,5564,8881,6001,12081,6986,11371,4985,6254,17955,24159,7386,14761,231542,126366,38137,18027,113606,157,47,138,93
2021-04-21T23:59:59+02:00,8,13,6091,7154,16887,22695,17188,23200,17860,29434,22834,31074,31807,38498,34486,46709,8996,17714,1,0,2493,2277,5863,7529,5504,8806,5934,11979,6891,11290,4823,5980,17254,23307,7270,14578,222631,124264,37362,17253,112471,125,47,137,90
2021-04-20T23:59:59+02:00,7,12,5903,6957,16322,22220,16436,22548,16859,28430,21357,29600,30654,37001,34168,46263,8942,17614,1,0,2479,2263,5814,7489,5460,8760,5887,11910,6813,11226,4706,5823,16650,22531,7143,14397,213577,122569,36473,16535,111061,117,46,136,85
2021-04-19T23:59:59+02:00,7,12,5716,6795,15792,21796,15758,21995,15859,27553,19961,28193,29265,35353,33849,45778,8882,17496,1,0,2468,2246,5790,7455,5423,8727,5848,11864,6732,11148,4577,5663,16004,21812,7035,14235,204836,120916,35692,15868,109356,114,46,130,84
2021-04-18T23:59:59+02:00,6,12,5527,6653,15359,21471,15136,21432,14883,26756,18624,27054,27873,33700,33514,45352,8820,17407,1,0,2418,2200,5659,7329,5307,8614,5741,11710,6625,11030,4457,5477,15414,21146,6919,14053,196261,119262,34859,14600,108285,110,46,128,82
2021-04-17T23:59:59+02:00,6,11,5490,6616,15204,21394,14961,21347,14647,26578,18369,26833,27367,33154,33389,45204,8811,17392,1,0,2391,2161,5559,7175,5202,8458,5641,11523,6537,10899,4404,5415,15168,20851,6909,14039,195035,117507,34854,14596,106710,102,46,128,82
2021-04-16T23:59:59+02:00,6,11,5425,6561,15022,21241,14749,21184,14359,26331,17951,26420,26321,31926,33253,44995,8791,17369,1,0,2347,2110,5443,6986,5060,8276,5491,11280,6335,10675,4201,5179,14518,20057,6812,13894,191669,114249,34568,14197,105504,94,46,128,79
2021-04-15T23:59:59+02:00,6,10,5352,6481,14807,21028,14480,20900,13925,25979,17311,25789,24951,30308,32994,44670,8756,17287,1,0,2274,2025,5247,6750,4864,7960,5285,10960,6121,10388,3999,4927,13684,18974,6697,13727,187084,110423,33757,13252,104020,85,46,127,77
2021-04-14T23:59:59+02:00,6,10,5272,6411,14601,20827,14226,20676,13540,25645,16643,25166,23366,28519,32681,44270,8701,17193,1,0,2080,1903,5027,6489,4678,7709,5058,10711,5887,10098,3864,4720,12950,18053,6568,13513,182471,107309,32886,11797,102225,80,46,125,77
2021-04-13T23:59:59+02:00,6,10,5216,6360,14393,20697,13982,20492,13195,25345,16069,24661,21650,26660,32363,43853,8671,17084,1,0,1992,1850,4858,6299,4491,7482,4858,10456,5677,9859,3721,4551,12429,17437,6441,13350,178209,104879,32005,10681,100323,69,46,124,77
2021-04-12T23:59:59+02:00,6,9,5154,6291,14174,20503,13677,20230,12805,24927,15487,24110,20038,24713,32072,43490,8629,17009,1,0,1864,1755,4675,6138,4340,7305,4695,10262,5540,9700,3601,4394,11995,16925,6329,13188,173821,103182,30949,9338,98387,67,46,121,74
2021-04-11T23:59:59+02:00,6,9,5083,6214,13952,20305,13378,20017,12386,24573,14919,23595,18526,22929,31811,43148,8584,16927,1,0,1825,1716,4553,6025,4228,7179,4572,10131,5404,9569,3485,4273,11501,16315,6196,12980,169512,101416,29989,8358,96701,65,44,116,70
2021-04-10T23:59:59+02:00,6,9,5078,6205,13934,20289,13368,20005,12368,24554,14893,23573,17833,22005,31520,42729,8566,16900,1,0,1820,1702,4538,6014,4212,7164,4559,10117,5351,9501,3380,4158,10945,15483,6065,12782,168430,99260,29961,8358,95287,63,41,116,70
2021-04-09T23:59:59+02:00,6,9,5064,6185,13892,20241,13318,19949,12317,24494,14629,23318,16309,20109,31114,42082,8532,16857,1,0,1793,1683,4515,5997,4185,7137,4515,10079,5314,9453,3293,4037,10076,14494,5916,12583,165781,96795,29620,8108,92873,61,39,112,68
2021-04-08T23:59:59+02:00,6,9,5018,6156,13791,20166,13237,19868,12213,24390,14286,22955,14532,17890,30493,41076,8469,16733,1,0,1768,1668,4485,5944,4134,7051,4450,9997,5239,9376,3185,3933,9597,13886,5710,12336,161922,94930,28587,7672,90638,60,32,109,66
2021-04-07T23:59:59+02:00,6,9,4983,6124,13679,20079,13138,19777,12103,24279,13897,22589,13002,16030,29844,40092,8415,16632,1,0,1748,1654,4431,5875,4046,6977,4360,9913,5150,9275,3094,3839,8835,12787,5470,11929,157421,92343,27706,6894,89415,52,30,106,65
2021-04-06T23:59:59+02:00,6,9,4952,6100,13579,20013,13055,19719,12025,24215,13519,22237,11364,14023,29183,39121,8383,16561,1,0,1684,1599,4300,5746,3936,6854,4241,9763,5045,9142,2978,3719,8127,11852,5195,11562,153402,89950,26827,5651,87704,50,28,103,65
2021-04-05T23:59:59+02:00,6,8,4913,6070,13505,19946,12985,19648,11968,24135,13243,21984,9748,12071,28456,38069,8348,16498,1,0,1614,1531,4146,5593,3767,6697,4089,9612,4890,9012,2847,3602,7310,10882,4925,11171,150183,87566,25814,3987,85482,47,24,98,65
2021-04-04T23:59:59+02:00,6,8,4895,6052,13495,19921,12975,19629,11961,24115,13143,21911,8722,10808,28005,37427,8323,16441,1,0,1611,1528,4138,5587,3766,6692,4084,9608,4888,9003,2842,3593,7071,10411,4842,11045,148437,86598,25809,3986,83473,41,22,96,63
2021-04-03T23:59:59+02:00,6,8,4892,6042,13477,19902,12963,19619,11951,24104,13129,21893,7813,9740,27124,36182,8273,16329,1,0,1607,1524,4136,5582,3765,6689,4076,9596,4874,8989,2835,3579,6929,10144,4803,10963,145958,85982,25801,3986,81572,40,21,95,63
2021-04-02T23:59:59+02:00,6,8,4887,6022,13441,19874,12924,19574,11905,24055,13054,21826,7300,8991,25534,34079,8128,16059,1,0,1596,1508,4110,5557,3740,6649,4040,9535,4753,8704,2706,3422,6554,9744,4655,10757,141496,84152,25458,3758,80600,40,19,94,62
2021-04-01T23:59:59+02:00,5,8,4837,5962,13346,19731,12807,19422,11758,23900,12454,21380,6736,8278,24024,32108,8001,15818,1,0,1532,1460,3998,5436,3674,6577,3972,9468,4674,8599,2609,3280,6037,9060,4477,10478,137293,81870,24319,3349,78853,36,18,92,59
2021-03-31T23:59:59+02:00,5,8,4785,5905,13222,19576,12672,19264,11569,23720,12193,21118,6412,7904,22539,30151,7848,15588,1,0,1519,1449,3973,5412,3641,6549,3935,9421,4634,8542,2543,3203,5547,8411,4298,10239,133344,80075,23223,3132,77805,36,15,92,59
2021-03-30T23:59:59+02:00,5,8,4719,5837,13085,19426,12560,19083,11440,23556,12025,20979,6222,7690,21148,28416,7702,15382,1,0,1502,1413,3932,5378,3576,6477,3844,9307,4502,8372,2404,2999,5123,7852,4155,9983,129972,77839,22295,2889,76917,24,10,89,58
2021-03-29T23:59:59+02:00,5,8,4678,5794,12964,19331,12491,18999,11359,23447,11873,20845,6062,7491,19718,26730,7575,15179,1,0,1444,1372,3877,5331,3502,6406,3724,9163,4347,8179,2280,2859,4557,7177,3998,9706,126364,75162,21427,2673,76662,23,9,87,56
2021-03-28T23:59:59+02:00,5,8,4631,5725,12842,19189,12407,18906,11256,23345,11763,20739,5910,7283,18534,25223,7455,14981,1,0,1411,1329,3778,5223,3308,6179,3635,9045,4294,8122,2227,2793,3799,6159,3812,9435,123347,72098,20632,2375,76130,16,9,84,52
2021-03-27T23:59:59+01:00,5,8,4598,5675,12733,19025,12291,18744,11139,23140,11654,20592,5842,7195,18245,24876,7444,14963,1,0,1404,1326,3773,5219,3305,6172,3350,8694,4095,7824,2221,2790,3786,6124,3775,9370,121506,70783,20592,2375,75979,12,9,83,50
2021-03-26T23:59:59+01:00,5,7,4559,5618,12619,18832,12155,18543,10987,22909,11491,20378,5675,6979,17635,24083,7345,14812,1,0,1402,1324,3768,5212,3281,6154,3330,8674,3880,7373,2042,2383,3523,5837,3623,9131,118395,68502,20251,2368,75898,10,8,80,50
2021-03-25T23:59:59+01:00,5,7,4483,5525,12422,18590,11954,18221,10778,22581,11250,20052,5459,6691,16603,22775,7217,14622,1,0,1393,1312,3749,5187,3247,6127,3278,8636,3831,7331,1969,2270,3086,5152,3461,8823,114425,66521,19175,2268,75549,7,8,78,49
2021-03-24T23:59:59+01:00,5,7,4400,5412,12201,18136,11735,17806,10553,22188,11017,19678,5189,6342,15560,21557,7075,14394,1,0,1370,1298,3724,5142,3211,6063,3224,8564,3779,7257,1914,2213,2777,4817,3308,8549,111308,65124,18081,2026,73780,7,8,78,46
2021-03-23T23:59:59+01:00,5,7,4343,5343,12033,17794,11532,17451,10361,21820,10788,19387,5048,6141,14916,20739,6936,14219,1,0,1353,1290,3707,5121,3189,6046,3198,8513,3738,7214,1876,2154,2545,4541,3096,8220,108920,63759,17348,1984,72509,5,8,78,46
2021-03-22T23:59:59+01:00,5,7,4291,5264,11833,17459,11345,17127,10138,21496,10574,19083,4897,5931,14297,20023,6804,14035,1,0,1340,1280,3676,5088,3157,6009,3171,8456,3701,7169,1831,2099,2348,4287,2898,7882,107050,62493,16627,1843,70847,4,8,77,45
2021-03-21T23:59:59+01:00,5,7,4218,5139,11549,17045,11062,16725,9868,21041,10316,18726,4783,5759,13601,19232,6660,13828,1,0,1331,1279,3659,5072,3136,5976,3148,8429,3682,7145,1810,2069,2179,4123,2726,7610,105160,61484,15327,1838,68993,4,7,77,42
2021-03-20T23:59:59+01:00,4,7,4189,5069,11407,16715,10939,16411,9727,20745,10141,18444,4654,5598,12972,18285,6519,13612,1,0,1330,1278,3658,5070,3133,5975,3145,8424,3676,7140,1806,2064,2147,4061,2700,7567,102962,61284,15322,1838,67070,4,7,77,42
2021-03-19T23:59:59+01:00,4,6,4143,4987,11239,16352,10754,16058,9550,20364,9921,18085,4495,5402,11944,17077,6357,13401,1,0,1322,1271,3641,5041,3103,5897,3100,8329,3571,6963,1679,1952,2071,3995,2590,7358,100252,59997,14912,1834,64894,4,7,74,42
2021-03-18T23:59:59+01:00,4,6,4055,4881,10991,15925,10491,15611,9268,19897,9696,17742,4349,5236,11317,16205,6126,13134,1,0,1318,1260,3624,5006,3083,5853,3079,8273,3544,6914,1658,1919,2035,3926,2463,7147,98443,59310,13904,1742,62509,4,7,71,40
2021-03-17T23:59:59+01:00,4,6,3876,4765,10693,15512,10233,15253,9026,19534,9442,17393,4228,5069,10500,14962,5862,12709,1,0,1317,1257,3610,4987,3075,5833,3069,8239,3527,6891,1655,1895,2011,3896,2351,6962,95782,58801,12359,1728,60850,4,5,71,38
2021-03-16T23:59:59+01:00,4,6,3731,4639,10357,15048,9964,14883,8749,19089,9145,17026,4088,4901,9679,13836,5581,12351,1,0,1304,1254,3606,4980,3065,5828,3063,8226,3518,6876,1628,1869,1972,3845,2230,6780,93450,58349,11166,1650,58388,4,4,69,38
2021-03-15T23:59:59+01:00,4,6,3584,4519,10042,14586,9672,14426,8450,18614,8855,16616,3941,4733,8961,12769,5353,12025,1,0,1294,1246,3585,4968,3053,5804,3041,8187,3498,6834,1611,1853,1953,3813,2113,6592,91473,57756,9802,1647,55814,4,3,64,36
2021-03-14T23:59:59+01:00,4,6,3512,4427,9785,14157,9421,14029,8130,18123,8573,16222,3778,4545,8153,11529,5042,11560,1,0,1280,1239,3564,4950,3032,5762,3019,8108,3470,6766,1584,1799,1892,3685,1945,6193,89141,57224,8779,1024,53013,4,1,62,36
2021-03-13T23:59:59+01:00,4,6,3430,4169,9470,13491,9171,13446,7901,17538,8362,15782,3666,4438,7958,11232,4990,11468,1,0,1280,1239,3564,4950,3031,5761,3018,8107,3467,6764,1581,1798,1890,3681,1944,6192,88464,57204,8778,1024,49217,4,1,62,35
2021-03-12T23:59:59+01:00,4,6,3364,4021,9221,12958,8933,12920,7667,16902,8002,15029,3501,4267,7570,10822,4850,11278,1,0,1276,1236,3559,4936,3028,5756,3011,8099,3463,6757,1554,1769,1868,3663,1845,6011,86668,56771,8528,1022,46058,4,1,60,34
2021-03-11T23:59:59+01:00,4,6,3205,3748,8840,12201,8628,12246,7333,16114,7653,14379,3339,4063,7007,10100,4654,10971,1,0,1257,1225,3527,4892,2983,5677,2976,7976,3411,6658,1508,1715,1784,3457,1641,5476,84199,56009,8072,121,42163,3,1,56,30
2021-03-10T23:59:59+01:00,4,6,3136,3640,8350,11696,7949,11768,7013,15620,7353,13784,3179,3901,6437,9403,4477,10694,1,0,1246,1211,3497,4835,2950,5600,2940,7838,3357,6536,1466,1672,1722,3359,1519,5189,82345,54811,7516,98,38493,0,1,55,28
2021-03-09T23:59:59+01:00,4,5,3028,3461,7675,11250,7070,11292,6595,15009,6988,13178,2943,3601,5924,8762,4319,10410,1,0,1241,1208,3474,4789,2923,5535,2923,7786,3338,6490,1452,1647,1686,3317,1407,4983,80026,54111,6146,63,35286,0,1,55,25
2021-03-08T23:59:59+01:00,4,5,2854,3222,7045,10708,6261,10812,6194,14488,6590,12608,2729,3390,5317,8024,4169,10138,1,0,1235,1201,3452,4725,2898,5458,2884,7691,3306,6415,1445,1638,1683,3307,1402,4980,77196,53634,4997,61,32311,0,1,53,25
2021-03-07T23:59:59+01:00,4,5,2741,3088,6716,10211,5853,10270,5898,14041,6345,12216,2629,3296,4555,6962,3953,9854,1,0,1231,1198,3448,4720,2893,5446,2880,7674,3298,6401,1439,1624,1660,3266,1385,4936,73937,53416,4164,58,30487,0,1,48,25
2021-03-06T23:59:59+01:00,4,5,2696,2945,6532,9764,5654,9854,5422,13181,5968,11478,2607,3268,4549,6951,3950,9851,1,0,1231,1197,3444,4714,2891,5445,2879,7673,3297,6398,1438,1621,1660,3264,1384,4936,72706,53390,4164,58,27761,0,1,47,24
2021-03-05T23:59:59+01:00,4,5,2597,2685,6319,9187,5439,9461,5244,12614,5588,10494,2378,2800,4168,6569,3812,9630,1,0,1217,1194,3428,4698,2886,5432,2869,7655,3285,6379,1424,1613,1659,3260,1379,4932,70365,53230,3928,58,24653,0,1,47,22
2021-03-04T23:59:59+01:00,4,5,2515,2475,6106,8757,5281,9121,5062,12189,5410,10117,2282,2630,3608,5743,3641,9284,1,0,1205,1178,3384,4600,2854,5364,2837,7558,3254,6304,1403,1604,1645,3246,1369,4921,68293,52652,3481,55,22409,0,1,46,19
2021-03-03T23:59:59+01:00,3,5,2456,2418,5934,8345,5111,8756,4846,11739,5221,9671,2199,2524,3200,5301,3480,8988,1,0,1184,1168,3349,4553,2816,5298,2795,7459,3205,6228,1383,1577,1625,3215,1363,4903,66856,52054,3236,51,20059,0,1,45,16
2021-03-02T23:59:59+01:00,3,5,2399,2324,5776,8013,4953,8502,4681,11339,5056,9351,2129,2434,2895,4941,3261,8662,1,0,1179,1157,3330,4531,2801,5271,2777,7410,3197,6200,1378,1567,1607,3195,1360,4898,65480,51793,2976,50,18224,0,0,44,16
2021-03-01T23:59:59+01:00,3,5,2372,2293,5670,7796,4853,8357,4595,11186,4954,9176,2072,2356,2595,4617,3070,8342,1,0,1173,1154,3315,4513,2789,5242,2760,7364,3181,6172,1372,1564,1600,3186,1357,4892,64202,51569,2752,50,17316,0,0,42,16
2021-02-28T23:59:59+01:00,2,5,2319,2247,5488,7534,4680,8136,4458,11000,4843,9045,2032,2291,2297,4314,2866,8026,1,0,1164,1148,3301,4503,2782,5235,2755,7350,3174,6158,1367,1561,1592,3166,1356,4859,63072,51407,2446,50,16023,0,0,42,15
2021-02-27T23:59:59+01:00,2,5,2229,1935,5315,7110,4581,7828,4375,10653,4769,8795,2004,2231,2266,4268,2844,7974,1,0,1160,1144,3299,4501,2777,5233,2751,7347,3169,6154,1366,1561,1591,3163,1355,4858,62831,51368,2446,47,13865,0,0,42,15
2021-02-26T23:59:59+01:00,2,5,2162,1856,5170,6876,4434,7569,4223,10386,4559,8509,1875,2123,2206,4228,2735,7791,1,0,1139,1131,3283,4467,2765,5193,2740,7295,3148,6100,1360,1550,1587,3155,1354,4856,61495,51063,2440,46,12732,0,0,42,15
2021-02-25T23:59:59+01:00,2,5,2029,1752,4846,6469,4006,7118,3938,9870,4325,8127,1816,2064,2175,4170,2618,7595,1,0,1120,1113,3243,4421,2735,5142,2694,7189,3108,6007,1348,1534,1570,3114,1340,4797,61012,50419,2333,44,9539,0,0,41,13
2021-02-24T23:59:59+01:00,2,5,1994,1686,4729,6255,3902,6906,3817,9628,4202,7968,1793,2031,2144,4127,2503,7395,1,0,1107,1108,3213,4358,2700,5077,2668,7104,3079,5936,1332,1517,1546,3064,1328,4728,60462,49822,2088,32,8496,0,0,41,12
2021-02-23T23:59:59+01:00,2,5,1764,1543,4359,5769,3620,6520,3595,9247,4044,7684,1762,1998,2099,4079,2389,7210,1,0,1088,1096,3177,4330,2672,5019,2643,7028,3043,5877,1312,1497,1519,3029,1318,4673,59993,49292,2041,18,5614,0,0,41,12
2021-02-22T23:59:59+01:00,2,5,1754,1524,4309,5710,3584,6458,3528,9151,3983,7589,1728,1971,2073,4028,2268,7012,1,0,1082,1082,3155,4286,2652,4980,2618,6969,3013,5825,1299,1482,1508,3018,1310,4664,59444,48922,1900,10,5293,0,0,40,12
2021-02-21T23:59:59+01:00,2,5,1742,1518,4279,5676,3540,6420,3488,9098,3939,7538,1717,1963,2068,4018,2144,6845,1,0,1074,1071,3134,4246,2622,4928,2603,6901,2984,5738,1286,1466,1484,2957,1281,4583,59087,48339,1894,8,4980,0,0,39,12
2021-02-20T23:59:59+01:00,2,5,1738,1517,4272,5673,3537,6418,3488,9096,3936,7537,1712,1961,2066,4014,2143,6845,1,0,1074,1071,3131,4244,2622,4928,2602,6900,2984,5738,1286,1465,1483,2957,1281,4583,59068,48330,1894,8,4960,0,0,38,12
2021-02-19T23:59:59+01:00,2,5,1709,1507,4258,5654,3526,6404,3477,9086,3927,7520,1685,1932,2045,3996,2043,6661,1,0,1073,1069,3129,4242,2621,4927,2602,6897,2981,5736,1286,1464,1483,2955,1281,4583,58643,48311,1888,8,4870,0,0,36,11
2021-02-18T23:59:59+01:00,2,5,1657,1474,4164,5542,3454,6300,3389,8921,3839,7377,1662,1897,2012,3924,1910,6460,1,0,1024,1027,2989,4024,2494,4659,2492,6559,2873,5471,1253,1421,1451,2868,1252,4428,57985,46268,1798,8,4172,0,0,34,10
2021-02-17T23:59:59+01:00,2,4,1634,1444,4067,5393,3370,6147,3271,8686,3713,7175,1607,1825,1934,3819,1784,6145,0,0,966,978,2841,3802,2378,4350,2367,6149,2744,5159,1202,1358,1403,2755,1202,4250,56742,43887,1788,7,3458,0,0,32,10
2021-02-16T23:59:59+01:00,2,4,1557,1377,3905,5203,3235,5966,3162,8453,3591,7012,1583,1799,1899,3790,1663,5934,0,0,879,947,2708,3647,2281,4140,2242,5828,2614,4907,1145,1264,1255,2450,935,3619,56045,40849,1772,4,2290,0,0,28,8
2021-02-15T23:59:59+01:00,2,4,1538,1358,3856,5118,3175,5880,3105,8339,3525,6907,1569,1783,1884,3767,1654,5911,0,0,843,924,2629,3518,2207,3961,2162,5550,2526,4697,1100,1199,1162,2271,864,3389,55573,38993,1768,2,2007,0,0,27,7
2021-02-14T23:59:59+01:00,2,4,1473,1329,3775,5044,3132,5775,3050,8186,3482,6798,1549,1751,1830,3636,1595,5652,0,0,834,918,2577,3450,2167,3893,2108,5430,2460,4591,1072,1160,1072,2094,788,3139,55331,37745,1139,2,1566,0,0,27,6
2021-02-13T23:59:59+01:00,2,4,1469,1328,3766,5038,3125,5774,3046,8184,3479,6796,1548,1747,1830,3634,1593,5652,0,0,834,918,2577,3450,2167,3892,2106,5429,2459,4591,1069,1159,1071,2094,788,3139,55308,37740,1138,0,1542,0,0,27,3
2021-02-12T23:59:59+01:00,2,3,1431,1309,3729,5005,3102,5754,3024,8151,3460,6752,1532,1737,1820,3617,1584,5631,0,0,826,911,2544,3397,2133,3847,2076,5376,2441,4560,1068,1157,1070,2092,787,3137,55082,37420,1135,0,1400,0,0,26,2
2021-02-11T23:59:59+01:00,2,3,1377,1261,3614,4835,3010,5579,2926,7843,3361,6540,1472,1677,1750,3433,1492,5285,0,0,786,846,2287,2951,1905,3372,1845,4631,2168,4029,978,1085,972,1893,728,2854,54441,33330,142,0,853,0,0,24,0
2021-02-10T23:59:59+01:00,2,3,1351,1238,3552,4731,2946,5474,2883,7693,3308,6407,1453,1659,1722,3395,1478,5246,0,0,703,786,1994,2542,1694,2928,1608,4022,1909,3570,866,939,801,1514,583,2330,53791,28789,140,0,589,0,0,21,0
2021-02-09T23:59:59+01:00,2,2,1339,1219,3497,4662,2917,5405,2862,7601,3271,6338,1445,1643,1694,3372,1468,5233,0,0,653,706,1731,2194,1502,2542,1423,3522,1737,3209,834,906,776,1436,561,2214,53480,25946,135,0,334,0,0,21,0
2021-02-08T23:59:59+01:00,2,2,1325,1215,3468,4632,2898,5367,2840,7550,3251,6309,1433,1636,1684,3346,1466,5214,0,0,638,669,1580,1958,1361,2285,1291,3214,1579,2946,794,885,728,1329,528,2039,53177,23824,110,0,331,0,0,20,0
2021-02-07T23:59:59+01:00,2,2,1192,1172,3364,4577,2844,5324,2813,7512,3226,6271,1423,1619,1675,3323,1459,5181,0,0,493,523,1312,1601,1120,1835,1079,2625,1350,2423,690,756,647,1168,482,1811,52880,19915,82,0,0,0,0,17,0
2021-02-06T23:59:59+01:00,2,2,1188,1170,3362,4575,2840,5322,2806,7509,3222,6268,1422,1617,1674,3319,1458,5180,0,0,370,372,1112,1354,984,1531,937,2217,1184,2007,602,657,619,1150,480,1808,52837,17384,82,0,0,0,0,17,0
2021-02-05T23:59:59+01:00,2,1,1176,1159,3347,4553,2833,5295,2796,7466,3204,6222,1416,1609,1671,3313,1457,5180,0,0,270,213,927,1038,838,1161,762,1768,1009,1597,486,552,592,1130,477,1804,52601,14624,82,0,0,0,0,17,0
2021-02-04T23:59:59+01:00,2,1,1160,1140,3301,4501,2793,5220,2754,7337,3156,6138,1401,1593,1657,3279,1447,5152,0,0,141,86,626,669,548,741,523,1161,668,999,305,371,486,982,432,1640,51958,10378,57,0,0,0,0,17,0
2021-02-03T23:59:59+01:00,2,1,1138,1134,3274,4459,2764,5179,2731,7289,3126,6082,1391,1582,1631,3239,1440,5099,0,0,120,70,496,517,416,598,418,914,512,752,252,291,381,767,334,1276,51493,8114,52,0,0,0,0,16,0
2021-02-02T23:59:59+01:00,2,1,1116,1120,3238,4428,2732,5126,2706,7215,3091,6019,1366,1554,1595,3184,1414,5003,0,0,111,61,414,418,345,519,368,824,459,670,232,268,335,694,306,1140,50844,7164,51,0,0,0,0,15,0
2021-02-01T23:59:59+01:00,2,1,1100,1109,3218,4376,2704,5065,2675,7089,3060,5924,1346,1525,1569,3146,1397,4938,0,0,83,46,314,313,253,392,276,617,328,505,193,219,263,554,238,893,50179,5487,51,0,0,0,0,14,0
2021-01-31T23:59:59+01:00,2,1,1093,1099,3203,4346,2679,5021,2659,7034,3047,5880,1334,1508,1546,3080,1369,4853,0,0,73,44,288,289,228,345,254,573,298,465,172,200,217,453,195,725,49689,4819,51,0,0,0,0,14,0
2021-01-30T23:59:59+01:00,2,1,1092,1099,3199,4341,2678,5020,2658,7033,3047,5879,1334,1507,1545,3080,1369,4853,0,0,72,40,279,275,215,330,249,562,294,459,171,197,216,453,195,725,49675,4732,48,0,0,0,0,14,0
2021-01-29T23:59:59+01:00,2,1,1091,1097,3197,4338,2678,5018,2658,7031,3044,5877,1334,1507,1545,3079,1369,4853,0,0,65,36,261,260,192,310,233,545,283,448,165,193,212,447,194,723,49657,4567,48,0,0,0,0,14,0
2021-01-28T23:59:59+01:00,2,1,1070,1078,3130,4236,2624,4909,2600,6875,2978,5746,1318,1485,1529,3011,1346,4727,0,0,55,19,165,156,128,187,164,360,208,284,132,150,166,284,117,433,48608,3008,45,0,0,0,0,12,0
2021-01-27T23:59:59+01:00,2,1,1024,1039,3047,4094,2543,4731,2505,6593,2894,5545,1286,1440,1488,2917,1309,4575,0,0,26,7,101,73,59,92,85,211,119,150,101,118,122,214,90,313,46986,1881,35,0,0,0,0,12,0
2021-01-26T23:59:59+01:00,1,1,947,1011,2929,3960,2464,4547,2423,6414,2824,5389,1259,1390,1398,2764,1085,4169,0,0,25,7,96,72,58,91,83,211,117,149,99,117,121,214,90,313,44942,1863,23,0,0,0,0,10,0
2021-01-25T23:59:59+01:00,1,1,929,994,2848,3832,2420,4400,2363,6219,2765,5239,1239,1368,1384,2737,1072,4133,0,0,25,7,94,71,56,89,83,211,117,147,99,116,121,214,90,313,43920,1853,15,0,0,0,0,9,0
2021-01-24T23:59:59+01:00,1,1,919,990,2827,3816,2409,4368,2337,6180,2731,5178,1226,1361,1375,2713,1058,4099,0,0,25,7,94,71,56,88,83,210,116,147,98,116,121,214,90,313,43570,1849,11,0,0,0,0,8,0
2021-01-23T23:59:59+01:00,1,1,919,990,2827,3815,2409,4367,2335,6179,2730,5178,1223,1360,1374,2713,1058,4099,0,0,25,6,94,71,56,88,83,210,116,147,98,116,121,214,90,311,43564,1846,9,0,0,0,0,5,0
2021-01-22T23:59:59+01:00,1,1,912,983,2796,3769,2375,4302,2303,6104,2709,5131,1221,1357,1373,2710,1057,4096,0,0,25,6,94,70,56,88,83,210,116,147,98,116,121,214,90,311,43189,1845,9,0,0,0,0,2,0
2021-01-21T23:59:59+01:00,1,1,896,915,2538,3358,2173,3885,2122,5493,2484,4647,1164,1311,1323,2590,1021,3938,0,0,21,6,83,64,52,72,70,170,96,134,88,100,101,154,74,235,39850,1520,9,0,0,0,0,1,0
2021-01-20T23:59:59+01:00,1,1,815,850,2228,2951,1967,3424,1891,4885,2229,4172,1050,1171,1151,2235,886,3414,0,0,21,6,83,64,52,71,69,170,95,134,88,100,101,154,72,235,35312,1515,9,0,0,0,0,0,0
2021-01-19T23:59:59+01:00,1,1,752,771,1934,2504,1728,2967,1657,4225,1985,3698,976,1074,1023,1946,778,3032,0,0,10,3,50,46,33,44,35,100,44,77,40,37,50,83,44,152,31045,848,7,0,0,0,0,0,0
2021-01-18T23:59:59+01:00,1,1,677,711,1704,2108,1489,2495,1411,3541,1733,3194,890,988,917,1730,722,2749,0,0,5,2,19,11,13,21,17,54,17,33,20,22,26,56,31,82,27057,429,4,0,0,0,0,0,0
2021-01-17T23:59:59+01:00,0,1,499,550,1387,1706,1211,1963,1157,2809,1451,2571,749,831,763,1438,598,2354,0,0,0,1,4,2,0,0,0,0,0,0,1,0,0,0,0,0,22035,8,3,0,0,0,0,0,0
2021-01-16T23:59:59+01:00,0,0,379,400,1205,1463,1091,1677,1017,2412,1293,2164,662,734,735,1421,596,2353,0,0,0,0,0,0,0,0,0,0,0,0,0,0,0,0,0,0,19600,0,2,0,0,0,0,0,0
2021-01-15T23:59:59+01:00,0,0,276,239,1020,1165,942,1332,849,1967,1116,1762,543,623,696,1386,583,2312,0,0,0,0,0,0,0,0,0,0,0,0,0,0,0,0,0,0,16810,0,1,0,0,0,0,0,0
2021-01-14T23:59:59+01:00,0,0,159,106,706,783,650,864,614,1310,752,1141,353,434,571,1199,523,2061,0,0,0,0,0,0,0,0,0,0,0,0,0,0,0,0,0,0,12226,0,0,0,0,0,0,0,0
2021-01-13T23:59:59+01:00,0,0,133,86,596,616,526,698,497,1052,595,875,297,358,482,1014,450,1756,0,0,0,0,0,0,0,0,0,0,0,0,0,0,0,0,0,0,10031,0,0,0,0,0,0,0,0
2021-01-12T23:59:59+01:00,0,0,123,70,512,525,450,597,431,921,524,769,262,309,394,817,376,1371,0,0,0,0,0,0,0,0,0,0,0,0,0,0,0,0,0,0,8451,0,0,0,0,0,0,0,0
2021-01-11T23:59:59+01:00,0,0,94,57,416,431,365,485,345,745,419,596,228,258,327,684,307,1158,0,0,0,0,0,0,0,0,0,0,0,0,0,0,0,0,0,0,6915,0,0,0,0,0,0,0,0
2021-01-10T23:59:59+01:00,0,0,79,49,352,358,298,402,292,648,349,528,199,227,262,544,245,903,0,0,0,0,0,0,0,0,0,0,0,0,0,0,0,0,0,0,5735,0,0,0,0,0,0,0,0
2021-01-09T23:59:59+01:00,0,0,78,47,336,337,274,381,284,632,341,521,198,226,261,542,245,903,0,0,0,0,0,0,0,0,0,0,0,0,0,0,0,0,0,0,5606,0,0,0,0,0,0,0,0
2021-01-08T23:59:59+01:00,0,0,72,39,301,302,229,340,255,589,314,480,180,206,236,482,224,799,0,0,0,0,0,0,0,0,0,0,0,0,0,0,0,0,0,0,5048,0,0,0,0,0,0,0,0
2021-01-07T23:59:59+01:00,0,0,58,25,211,200,160,241,196,424,244,343,150,167,181,317,150,513,0,0,0,0,0,0,0,0,0,0,0,0,0,0,0,0,0,0,3580,0,0,0,0,0,0,0,0
2021-01-06T23:59:59+01:00,0,0,46,15,164,121,113,160,145,297,179,244,118,135,139,250,107,367,0,0,0,0,0,0,0,0,0,0,0,0,0,0,0,0,0,0,2600,0,0,0,0,0,0,0,0
2021-01-05T23:59:59+01:00,0,0,28,8,98,74,59,93,88,214,118,152,108,125,130,231,106,341,0,0,0,0,0,0,0,0,0,0,0,0,0,0,0,0,0,0,1973,0,0,0,0,0,0,0,0
2021-01-04T23:59:59+01:00,0,0,26,8,97,72,56,90,88,214,118,150,108,123,129,231,106,341,0,0,0,0,0,0,0,0,0,0,0,0,0,0,0,0,0,0,1957,0,0,0,0,0,0,0,0
2021-01-03T23:59:59+01:00,0,0,26,8,97,71,56,89,88,213,117,150,107,123,129,231,106,341,0,0,0,0,0,0,0,0,0,0,0,0,0,0,0,0,0,0,1952,0,0,0,0,0,0,0,0
2021-01-02T23:59:59+01:00,0,0,26,7,97,71,56,89,87,213,116,150,107,123,129,231,106,340,0,0,0,0,0,0,0,0,0,0,0,0,0,0,0,0,0,0,1948,0,0,0,0,0,0,0,0
2021-01-01T23:59:59+01:00,0,0,26,7,97,71,56,89,87,213,115,149,107,123,129,231,106,340,0,0,0,0,0,0,0,0,0,0,0,0,0,0,0,0,0,0,1946,0,0,0,0,0,0,0,0
2020-12-31T23:59:59+01:00,0,0,26,7,97,71,56,89,87,213,114,149,107,123,129,231,106,340,0,0,0,0,0,0,0,0,0,0,0,0,0,0,0,0,0,0,1945,0,0,0,0,0,0,0,0
2020-12-30T23:59:59+01:00,0,0,26,7,97,71,55,89,86,213,114,149,107,123,129,231,105,340,0,0,0,0,0,0,0,0,0,0,0,0,0,0,0,0,0,0,1942,0,0,0,0,0,0,0,0
2020-12-29T23:59:59+01:00,0,0,14,2,65,54,33,60,50,138,64,91,53,54,74,142,65,232,0,0,0,0,0,0,0,0,0,0,0,0,0,0,0,0,0,0,1191,0,0,0,0,0,0,0,0
2020-12-28T23:59:59+01:00,0,0,5,2,36,26,20,30,21,67,25,41,23,22,27,51,34,82,0,0,0,0,0,0,0,0,0,0,0,0,0,0,0,0,0,0,512,0,0,0,0,0,0,0,0
2020-12-27T23:59:59+01:00,0,0,1,0,8,6,8,2,1,5,0,2,1,1,2,2,4,6,0,0,0,0,0,0,0,0,0,0,0,0,0,0,0,0,0,0,49,0,0,0,0,0,0,0,0
