Datum,<15_m,<15_w,15-24_1_m,15-24_1_w,25-34_1_m,25-34_1_w,35-44_1_m,35-44_1_w,45-54_1_m,45-54_1_w,55-64_1_m,55-64_1_w,65-74_1_m,65-74_1_w,75-84_1_m,75-84_1_w,>84_1_m,>84_1_w,<24_2_m,<24_2_w,25-34_2_m,25-34_2_w,35-44_2_m,35-44_2_w,45-54_2_m,45-54_2_w,55-64_2_m,55-64_2_w,65-74_2_m,65-74_2_w,75-84_2_m,75-84_2_w,>84_2_m,>84_2_w,bp_1,bp_2,mo_1,mo_2,az_1,az_2,ja,unb_1,unb_2
2021-07-28T23:59:59+02:00,6148,5840,52207,53288,95051,93485,87979,87883,86638,92484,87975,90849,53632,66820,42792,59264,10334,20788,34920,35762,75195,74152,67780,68281,73478,79309,78821,82360,50159,62430,40668,56039,9776,19475,745055,616532,128624,98392,157782,133464,61916,80,72
2021-07-27T23:59:59+02:00,6100,5803,51981,53072,94806,93291,87820,87706,86490,92344,87865,90760,53587,66757,42755,59215,10322,20753,34295,35063,73782,72940,66366,67088,72643,78480,78305,81862,49995,62230,40596,55927,9755,19440,743729,609449,128228,96971,157760,132302,61630,80,72
2021-07-26T23:59:59+02:00,6044,5753,51774,52874,94583,93110,87633,87548,86338,92214,87742,90666,53531,66681,42726,59162,10315,20735,33564,34286,72297,71645,65024,65899,71629,77545,77734,81359,49828,62021,40518,55786,9735,19397,742466,601688,127821,95461,157747,131277,61315,80,72
2021-07-25T23:59:59+02:00,6010,5711,51581,52687,94340,92894,87478,87370,86190,92092,87636,90574,53481,66619,42699,59122,10305,20706,32865,33552,70971,70457,63931,64900,70635,76646,77272,80918,49717,61842,40455,55704,9729,19366,741165,594859,127566,93903,157730,130500,60954,80,72
2021-07-24T23:59:59+02:00,5928,5659,51313,52410,94042,92592,87239,87162,86020,91944,87541,90496,53453,66585,42688,59100,10305,20700,32383,33083,70126,69778,63265,64352,69765,75952,77069,80766,49664,61800,40434,55679,9729,19364,739373,590538,127518,92976,157730,130377,60476,80,72
2021-07-23T23:59:59+02:00,5873,5605,51052,52152,93663,92326,86962,86954,85843,91769,87412,90405,53421,66540,42680,59082,10302,20694,31885,32477,69084,68943,62490,63698,68861,75113,76670,80441,49588,61703,40402,55642,9722,19350,737416,585045,127457,91821,157723,130204,60059,80,72
2021-07-22T23:59:59+02:00,5805,5542,50648,51766,93214,91899,86590,86641,85549,91487,87201,90229,53338,66449,42651,59024,10293,20669,31209,31780,67806,67966,61457,62834,67250,73778,76035,79938,49437,61501,40312,55532,9701,19312,734500,578759,127233,89087,157701,129445,59481,80,72
2021-07-21T23:59:59+02:00,5754,5492,50299,51399,92794,91498,86294,86353,85303,91254,87034,90052,53257,66368,42594,58958,10283,20642,30628,31167,66480,66939,60388,61946,65227,72100,75133,79198,49148,61194,40153,55344,9677,19258,731797,572560,127008,84802,157677,128373,59066,80,72
2021-07-20T23:59:59+02:00,5695,5431,49923,51018,92347,91043,85935,86035,85044,91013,86820,89861,53167,66238,42551,58901,10277,20617,29992,30544,65042,65781,59256,60994,64048,71048,74523,78653,48945,60964,40047,55187,9656,19197,728926,565618,126796,83150,157629,127355,58485,80,72
2021-07-19T23:59:59+02:00,5616,5358,49463,50572,91884,90580,85575,85711,84800,90801,86617,89687,53074,66122,42515,58827,10260,20581,29462,29989,63898,64743,58348,60133,62900,70022,73933,78142,48773,60770,39957,55045,9629,19152,725721,559928,126575,81358,157596,126176,58071,80,72
2021-07-18T23:59:59+02:00,5548,5292,48647,49773,90851,89565,84867,85110,84334,90382,86330,89398,52969,65976,42452,58731,10250,20550,28918,29413,62741,63687,57434,59230,61730,69002,73390,77648,48630,60611,39899,54962,9617,19124,719417,554174,126252,79340,157581,125385,57695,80,72
2021-07-17T23:59:59+02:00,5375,5107,48299,49445,90710,89432,84678,84953,84181,90248,86221,89315,52949,65950,42441,58720,10249,20547,28542,29048,62102,63095,56892,58808,60975,68269,73085,77409,48522,60494,39859,54904,9608,19114,718258,551198,126079,78377,157576,124776,56827,80,72
2021-07-16T23:59:59+02:00,5278,5017,47981,49169,90449,89216,84437,84753,83980,90066,86085,89207,52908,65919,42423,58706,10246,20542,28056,28563,61178,62192,56052,58125,59926,67237,72583,76995,48363,60307,39814,54836,9603,19105,716910,546297,125912,77063,157565,124043,55915,80,72
2021-07-15T23:59:59+02:00,5143,4889,47517,48771,90065,88852,84087,84378,83682,89792,85871,89043,52830,65830,42372,58640,10236,20516,27338,27963,59882,61158,54947,57161,58544,65967,71866,76424,48141,60052,39728,54710,9587,19050,714526,540585,125496,74960,157534,122405,54878,80,72
2021-07-14T23:59:59+02:00,5039,4776,47182,48401,89774,88573,83810,84073,83436,89558,85672,88888,52745,65723,42316,58552,10219,20486,26827,27429,58807,60171,53994,56329,57677,65123,71256,75843,47878,59774,39626,54538,9565,19006,712432,535258,125140,74048,157491,120726,54080,80,72
2021-07-13T23:59:59+02:00,4926,4659,46791,48029,89390,88221,83511,83775,83180,89306,85473,88726,52639,65621,42263,58489,10213,20467,26186,26781,57447,58995,52809,55351,56693,64218,70537,75208,47604,59455,39501,54362,9536,18956,710144,528989,124772,72954,157445,118701,53238,80,71
2021-07-12T23:59:59+02:00,4759,4490,46261,47525,88998,87888,83134,83467,82936,89059,85288,88568,52559,65528,42215,58425,10201,20452,25573,26144,55946,57654,51524,54300,55473,63084,69799,74591,47234,59028,39328,54141,9496,18891,707502,521773,124406,71930,157401,116367,52364,80,70
2021-07-11T23:59:59+02:00,4362,4122,45328,46611,88577,87462,82722,83087,82635,88776,85099,88426,52473,65440,42191,58370,10190,20435,24979,25586,54578,56403,50229,53267,54430,62055,69211,74046,46890,58646,39205,53965,9472,18849,703620,515198,123937,70927,157361,114586,51308,80,70
2021-07-10T23:59:59+02:00,4350,4107,45003,46281,88127,86983,82398,82782,82535,88679,85031,88368,52454,65417,42182,58356,10189,20431,24501,25063,53511,55479,49377,52690,53837,61492,68996,73861,46520,58231,39105,53862,9467,18840,702966,510946,123474,70844,157189,113276,49964,80,70
2021-07-09T23:59:59+02:00,4332,4094,44582,45850,87522,86437,82020,82447,82287,88495,84919,88276,52420,65388,42175,58343,10185,20422,23813,24298,52196,54247,48449,51811,53060,60643,68580,73463,46161,57826,39019,53774,9459,18828,701592,504831,122899,70441,157023,111933,48600,80,69
2021-07-08T23:59:59+02:00,4308,4068,44041,45375,86671,85739,81501,81947,82036,88257,84726,88123,52355,65321,42143,58297,10176,20405,22848,23384,50264,52700,47080,50663,51931,59524,67902,72835,45648,57274,38884,53612,9431,18759,699537,497176,122014,69181,156731,109408,47127,80,69
2021-07-07T23:59:59+02:00,4285,4041,43473,44810,85850,84979,80964,81477,81752,87967,84524,87964,52278,65223,42104,58235,10169,20385,21990,22499,48331,51033,45580,49535,50705,58353,67217,72305,44917,56538,38695,53375,9400,18701,697091,489109,121023,68072,156481,106318,45805,80,67
2021-07-06T23:59:59+02:00,4250,4021,42936,44300,85007,84259,80360,80891,81388,87640,84351,87790,52188,65142,42068,58172,10160,20360,21164,21654,46361,49253,44202,48283,49437,57015,66474,71587,44091,55771,38510,53136,9382,18645,694507,480195,120001,66993,156176,103370,44519,80,67
2021-07-05T23:59:59+02:00,4227,3985,41797,43336,83515,83180,79632,80287,80942,87223,84083,87532,52071,65005,42020,58094,10146,20333,19995,20614,44422,47666,43179,47322,48412,56062,65781,70971,43335,54911,38338,52913,9359,18606,691272,474265,118944,66127,155817,100288,41295,80,67
2021-07-04T23:59:59+02:00,4200,3964,40454,42151,81887,81875,78917,79681,80476,86801,83814,87338,51981,64879,41974,58043,10133,20304,18653,19408,42638,46157,42483,46586,47611,55207,65206,70405,42593,54066,38175,52722,9341,18559,688244,469651,117792,65201,155393,97674,37363,80,67
2021-07-03T23:59:59+02:00,3740,3549,38899,40627,81029,81224,78433,79192,80036,86324,83600,87170,51912,64778,41956,57991,10130,20298,17847,18720,41725,45471,42064,46207,47207,54812,65040,70240,42006,53338,38113,52622,9335,18549,684562,467726,116487,65103,155304,96085,34455,80,67
2021-07-02T23:59:59+02:00,3183,2982,37352,39152,80318,80496,77768,78495,79517,85818,83358,86970,51861,64691,41927,57943,10118,20285,17094,18010,40590,44517,41332,45518,46379,54033,64523,69794,41057,52133,37983,52433,9319,18530,679573,462706,115087,64645,155144,93602,32350,80,64
2021-07-01T23:59:59+02:00,2540,2439,35648,37515,79363,79649,76938,77674,78816,85180,83045,86692,51741,64533,41865,57839,10102,20257,16233,17122,39067,43294,40122,44458,45080,52910,63787,69224,40171,51000,37834,52226,9302,18498,673344,456397,113382,63004,154918,90848,30112,80,64
2021-06-30T23:59:59+02:00,2500,2408,34650,36523,77550,78160,75240,76177,78158,84632,82763,86398,51609,64369,41805,57745,10090,20230,15215,16163,37389,42070,38926,43346,43922,51856,63036,68600,39630,50325,37720,52031,9280,18463,667549,450301,111654,61669,154693,88985,27031,80,63
2021-06-29T23:59:59+02:00,2467,2377,33825,35646,75957,76680,73631,74759,77373,83921,82224,85913,51428,64151,41730,57614,10073,20194,14388,15269,36080,40931,38009,42527,42701,50808,62325,68018,38929,49392,37584,51814,9259,18420,661268,445164,109794,59833,154417,87046,24404,80,62
2021-06-28T23:59:59+02:00,2427,2343,33024,34855,74348,75276,71959,73363,76352,83139,81621,85418,51251,63924,41653,57508,10060,20160,13650,14527,35027,39919,37185,41799,41585,49818,61679,67477,38059,48311,37417,51596,9240,18373,654865,440376,107831,58325,153823,84859,22082,80,61
2021-06-27T23:59:59+02:00,2413,2328,32296,34121,72785,73908,70558,72162,74959,82023,80958,84874,51052,63711,41588,57393,10050,20131,13022,13903,34072,39170,36534,41197,40654,48972,61145,67036,37204,47288,37265,51419,9225,18342,648724,436522,105901,57563,152873,82606,19732,80,61
2021-06-26T23:59:59+02:00,1782,1724,31272,33032,72433,73591,70092,71699,74666,81715,80864,84788,51031,63681,41574,57383,10049,20128,12831,13698,33417,38633,35896,40779,40136,48637,60152,66040,36216,46158,37098,51206,9211,18309,643976,430586,104966,57513,152867,80671,19621,74,61
2021-06-25T23:59:59+02:00,1165,1128,30168,31874,71948,73069,69480,71002,74245,81273,80492,84468,50971,63595,41540,57340,10044,20115,12511,13313,32565,37837,35028,39960,39198,47801,58945,64808,35701,45462,36906,50905,9188,18265,637714,422190,103780,57068,152859,79614,19490,74,61
2021-06-24T23:59:59+02:00,566,571,28842,30578,71183,72338,68618,70126,73574,80650,80054,84110,50867,63468,41489,57271,10033,20081,11854,12623,31410,36540,33822,38698,38078,46694,57310,63434,35229,44942,36750,50718,9169,18205,630029,412914,102295,55521,152743,77727,19278,74,60
2021-06-23T23:59:59+02:00,539,538,28341,30041,70087,71364,67345,68995,72829,79963,79604,83709,50757,63294,41428,57176,10016,20051,11369,12099,30414,35296,32894,37480,37071,45818,55377,61724,34678,44380,36583,50490,9148,18140,623851,403202,100726,54461,152640,76473,18786,74,60
2021-06-22T23:59:59+02:00,516,522,27832,29467,68915,70342,66148,67968,72151,79261,79189,83343,50651,63166,41380,57092,10007,20026,11025,11703,29495,34362,31931,36596,36117,44934,53415,59893,34295,43903,36446,50249,9119,18083,617558,394706,99272,52891,152505,75361,18567,74,59
2021-06-21T23:59:59+02:00,484,488,27171,28812,67602,69176,64967,66841,71394,78482,78793,82948,50544,63057,41321,57006,9994,19984,10740,11396,28871,33785,31385,36034,35519,44347,51573,58241,33590,43104,36151,49827,9090,18007,610780,387176,97778,51697,152383,74695,18050,73,59
2021-06-20T23:59:59+02:00,399,406,26533,28156,66387,68046,63951,65900,70591,77742,78438,82613,50466,62933,41273,56937,9989,19951,10453,11137,28331,33285,30930,35542,35013,43827,49740,56460,33048,42425,35955,49496,9060,17947,604415,379795,96314,50948,152285,74236,17624,73,58
2021-06-19T23:59:59+02:00,367,372,26155,27798,65662,67478,63433,65410,69797,77092,78284,82485,50446,62908,41257,56922,9988,19951,10324,10944,28086,32968,30677,35224,34793,43568,48301,55073,32793,42081,35873,49360,9052,17919,600504,374432,95374,50936,152283,74051,17571,73,58
2021-06-18T23:59:59+02:00,340,338,25700,27342,64651,66741,62700,64801,68880,76259,77892,82147,50385,62832,41230,56886,9984,19943,10111,10710,27687,32550,30353,34815,34409,43178,46580,53421,32442,41568,35736,49148,9033,17886,595110,367633,94136,50650,152275,73840,17458,72,58
2021-06-17T23:59:59+02:00,311,307,25070,26745,63401,65744,61709,63993,67293,74860,77372,81748,50285,62680,41167,56803,9971,19915,9701,10360,26899,31867,29615,34140,33575,42481,45077,51933,31999,40942,35573,48894,9001,17836,589069,360239,91491,49513,152116,73469,16627,71,57
2021-06-16T23:59:59+02:00,278,269,24552,26174,62105,64622,60605,63010,65021,72944,76528,81092,50074,62469,41076,56690,9952,19884,9387,10110,26250,31204,28909,33520,32850,41856,44488,51371,31730,40585,35427,48696,8980,17795,582864,356564,86990,48809,151668,71984,15754,69,57
2021-06-15T23:59:59+02:00,239,238,23917,25493,60710,63423,59523,62026,63865,71861,76027,80668,49950,62320,41026,56593,9945,19854,9129,9843,25649,30471,28271,32765,32178,41134,42933,49751,31285,40033,35256,48463,8950,17731,575784,349880,85362,47917,151198,70733,15265,69,57
2021-06-14T23:59:59+02:00,217,207,23453,24912,59613,62370,58648,61180,62795,70858,75553,80279,49863,62199,40976,56522,9929,19828,8843,9544,24898,29584,27510,31935,31389,40320,41651,48417,30918,39535,35120,48239,8920,17680,569956,343763,83646,46897,150994,69058,14737,69,57
2021-06-13T23:59:59+02:00,212,192,23037,24448,58685,61466,57876,60398,61689,69890,75081,79848,49774,62082,40927,56463,9918,19799,8569,9248,24192,28749,26795,31101,30629,39469,40114,46847,30456,38930,34919,47935,8890,17591,564951,336758,81782,46122,150764,67288,14219,69,56
2021-06-12T23:59:59+02:00,199,175,22813,24185,58136,60968,57519,60119,61047,69247,74882,79734,49750,62051,40915,56449,9915,19795,8455,9132,23714,28164,26279,30533,30118,38911,39040,45877,30289,38751,34823,47770,8886,17580,562063,332571,80827,46119,150757,65402,14183,69,56
2021-06-11T23:59:59+02:00,181,159,22462,23776,57403,60157,56840,59492,60141,68317,74528,79424,49676,61978,40890,56413,9912,19789,8324,8944,23207,27495,25753,29879,29538,38279,37971,44871,30022,38397,34681,47547,8873,17554,557072,327757,79540,45860,150738,63552,14119,69,55
2021-06-10T23:59:59+02:00,166,142,21934,23222,56278,59233,55913,58673,58885,67147,73996,79016,49606,61871,40866,56361,9899,19761,8063,8698,22345,26554,24794,28944,28425,37358,36585,43712,29671,37923,34403,47115,8806,17479,551549,320894,77338,45155,150490,61257,13524,68,53
2021-06-09T23:59:59+02:00,145,129,21317,22677,55031,58142,54853,57767,57938,66243,73528,78624,49519,61771,40817,56299,9885,19731,7778,8435,21433,25690,23860,28055,27400,36413,34873,41932,29288,37425,34217,46846,8765,17389,545844,313489,75892,44430,150134,59357,12478,68,53
2021-06-08T23:59:59+02:00,123,111,20651,21997,53732,57018,53737,56796,56983,65385,72986,78190,49432,61648,40761,56206,9865,19700,7517,8202,20521,24799,22802,27192,26369,35460,33525,40633,28933,36919,33899,46395,8712,17306,539219,307201,74973,43668,149689,56897,11372,68,52
2021-06-07T23:59:59+02:00,106,93,20011,21402,52300,55770,52475,55823,55826,64402,72436,77790,49348,61542,40715,56141,9852,19672,7272,7983,19680,23978,21777,26379,25337,34594,32592,39853,28650,36531,33655,45971,8661,17215,531991,302595,74079,42852,149275,54342,10291,68,52
2021-06-06T23:59:59+02:00,99,87,19506,20869,51154,54682,51376,54850,54867,63453,71927,77386,49264,61468,40678,56078,9845,19656,7063,7785,18894,23089,20878,25509,24268,33615,31681,39042,28368,36194,33399,45581,8612,17140,525686,298046,73060,42114,148938,51415,9495,66,52
2021-06-05T23:59:59+02:00,94,79,19239,20574,50381,53929,50721,54340,54392,62957,71790,77266,49248,61450,40675,56074,9842,19656,6840,7380,18259,22026,20160,24401,23396,32385,30661,37732,28041,35735,33275,45408,8605,17120,521386,291765,73055,42076,148775,48110,9425,66,52
2021-06-04T23:59:59+02:00,84,72,18797,19997,49337,52930,49913,53472,53744,62177,71448,76938,49219,61415,40655,56059,9840,19649,6622,7071,17643,21177,19488,23418,22476,31122,29456,36405,27754,35374,33163,45236,8593,17101,514944,285391,72735,42008,148755,45405,9246,66,52
2021-06-03T23:59:59+02:00,73,61,18127,19327,47818,51634,48707,52354,52784,61167,70952,76478,49155,61313,40617,56014,9827,19625,6335,6681,16910,20138,18700,22273,21481,29711,28298,34928,27212,34599,32959,44912,8557,17026,507241,278683,71720,41265,148478,42195,8529,65,51
2021-06-02T23:59:59+02:00,68,57,17761,18827,46811,50660,47850,51615,52049,60421,70706,76265,49117,61277,40598,55986,9819,19611,6155,6445,16268,19459,17799,21526,20661,28775,27211,33531,26747,33995,32800,44662,8528,16956,501018,272457,71707,41250,148453,39510,8256,64,48
2021-06-01T23:59:59+02:00,57,51,17093,18108,44956,48924,46206,50157,50530,58976,70024,75664,49027,61165,40538,55913,9806,19563,5881,6136,15113,18565,16297,20570,19460,27542,25997,32147,26198,33306,32553,44315,8482,16852,491897,266025,70367,40686,147900,36125,6532,62,48
2021-05-31T23:59:59+02:00,55,47,16620,17628,43648,47786,45000,49057,49293,57866,69346,75150,48950,61063,40494,55844,9794,19528,5604,5817,14078,17740,14902,19657,18294,26441,24780,30812,25684,32592,32359,44019,8448,16754,485654,259767,69204,40143,147442,33218,4808,61,47
2021-05-30T23:59:59+02:00,48,46,16297,17238,42672,46854,44096,48151,48300,56870,68785,74601,48842,60908,40423,55732,9779,19485,5417,5576,13533,17044,14282,18966,17411,25477,23686,29643,24915,31645,32066,43604,8404,16666,479674,253825,68170,39344,147030,30930,4192,61,46
2021-05-29T23:59:59+02:00,48,46,16169,17122,42315,46539,43756,47887,48059,56681,68725,74541,48836,60901,40417,55729,9779,19485,5254,5336,13026,16234,13638,18117,16569,24314,22578,28347,24759,31415,32003,43511,8401,16659,477713,248250,68053,39344,147020,28336,4188,61,45
2021-05-28T23:59:59+02:00,47,44,15868,16817,41621,45911,43246,47328,47553,56139,68448,74244,48770,60819,40389,55680,9776,19480,5017,4952,12490,15320,12965,17258,15708,23089,21489,26916,24514,31051,31910,43377,8391,16642,473426,242261,67554,39239,146987,25396,4152,61,43
2021-05-27T23:59:59+02:00,44,40,15351,16298,40479,44933,42231,46447,46570,55255,67865,73812,48648,60660,40335,55608,9765,19439,4795,4616,11851,14498,12181,16323,14644,21901,20233,25410,24012,30312,31738,43117,8358,16560,467614,234943,66045,38434,146272,23345,3788,61,41
2021-05-26T23:59:59+02:00,42,39,14944,15874,39384,44017,41199,45566,45545,54379,67257,73302,48497,60481,40255,55440,9744,19391,4604,4421,11295,13738,11460,15474,13645,20769,18841,23827,23431,29533,31522,42777,8306,16459,462502,227695,64020,37577,145282,21300,3491,61,41
2021-05-25T23:59:59+02:00,42,38,14554,15473,38381,43131,40232,44712,44594,53461,66648,72772,48318,60249,40176,55308,9718,19337,4399,4219,10756,13094,10701,14693,12583,19540,17412,22323,22849,28755,31289,42460,8252,16372,457206,220371,62440,36638,144178,19392,3259,61,39
2021-05-24T23:59:59+02:00,41,38,14211,15150,37555,42397,39361,44041,43732,52680,66116,72289,48193,60072,40112,55186,9698,19293,4256,4094,10310,12635,10063,14109,11707,18709,16133,21070,22182,27925,31073,42136,8194,16286,452592,213515,61212,35699,143450,18782,2850,61,38
2021-05-23T23:59:59+02:00,37,38,14043,14977,37087,42024,38910,43637,43283,52276,65846,72063,48119,59982,40074,55141,9691,19269,4067,3955,9850,12162,9446,13504,10770,17898,14943,20010,21717,27360,30821,41850,8147,16205,449412,206560,60838,35620,143421,17724,2765,61,38
2021-05-22T23:59:59+02:00,35,36,13846,14761,36406,41459,38233,43184,42711,51870,64828,71057,47915,59726,40004,55028,9681,19247,3958,3660,9635,11750,9293,13178,10529,17454,14675,19610,21624,27243,30787,41810,8140,16196,442992,205346,60835,35618,143405,15808,2734,61,38
2021-05-21T23:59:59+02:00,34,35,13467,14360,35334,40545,37171,42256,41648,50972,63474,69774,47685,59389,39923,54881,9664,19214,3852,3564,9428,11486,9083,12913,10201,17128,14268,19242,21404,26957,30727,41720,8131,16188,433396,203409,60483,35312,143169,14818,2718,60,37
2021-05-20T23:59:59+02:00,31,35,12673,13636,33898,39094,35754,40848,40248,49775,62193,68624,47396,59047,39780,54701,9643,19163,3704,3383,8903,10885,8438,12207,9503,16283,13516,18285,20592,25845,30534,41424,8093,16103,423215,199068,58783,34468,142142,11786,2341,58,37
2021-05-19T23:59:59+02:00,31,34,12137,13072,32719,37669,34654,39468,39125,48818,60195,66858,46920,58490,39597,54440,9602,19057,3602,3253,8632,10514,8143,11833,9063,15776,12881,17625,19728,24716,30308,41121,8037,15988,412385,194841,57265,33655,141038,10551,2140,58,35
2021-05-18T23:59:59+02:00,28,34,11716,12629,31674,36650,33562,38555,38088,47884,58139,65001,46564,58041,39444,54201,9570,18998,3404,3089,8141,9911,7673,11288,8523,15111,12201,16856,18789,23490,30072,40778,8001,15883,403739,190764,55307,32816,139841,7763,1834,57,35
2021-05-17T23:59:59+02:00,26,33,11465,12353,31157,36095,33071,37995,37498,47250,56237,63295,45863,57219,39167,53804,9533,18924,3322,2980,7879,9628,7380,10990,8124,14699,11635,16253,17873,22359,29840,40459,7966,15809,396159,186400,54188,32069,139035,7148,1547,56,34
2021-05-16T23:59:59+02:00,26,33,11245,12099,30637,35592,32609,37503,36978,46680,54343,61471,45319,56521,38973,53485,9506,18869,3221,2881,7591,9339,7060,10646,7648,14238,11058,15669,16944,21212,29631,40170,7928,15741,389207,182129,53224,31224,138373,6564,1030,55,32
2021-05-15T23:59:59+02:00,26,33,11091,11896,30360,35259,32372,37183,36750,46417,52774,59994,45069,56215,38896,53347,9500,18841,3201,2863,7567,9312,7045,10625,7630,14225,11041,15648,16835,20999,29422,39865,7920,15731,383406,181149,53221,31223,138328,6515,1013,55,31
2021-05-14T23:59:59+02:00,26,33,10845,11615,29893,34753,31993,36723,36241,45945,50904,58167,44707,55714,38756,53139,9484,18801,3174,2845,7497,9242,6991,10554,7571,14168,10859,15450,16105,19934,29136,39379,7903,15691,375628,178247,52894,30884,138199,6376,963,55,31
2021-05-13T23:59:59+02:00,23,32,10563,11290,29247,34116,31394,36119,35570,45281,49435,56649,44277,55087,38585,52896,9457,18755,3106,2799,7370,9141,6904,10460,7469,14062,10534,15105,15049,18701,28751,38737,7860,15617,368543,174461,51877,30322,137449,6001,853,54,30
2021-05-12T23:59:59+02:00,23,30,10434,11148,28967,33799,31129,35827,35260,44970,49149,56341,44178,54980,38532,52814,9450,18717,3094,2773,7336,9105,6874,10425,7442,14023,10369,14949,14677,18273,28448,38261,7838,15570,365876,172428,51796,30312,137291,5957,731,54,30
2021-05-11T23:59:59+02:00,22,27,10088,10825,28115,32974,30298,35074,34401,44189,47415,54574,43726,54388,38356,52523,9412,18615,3007,2677,7093,8826,6651,10126,7228,13655,9889,14403,13700,17124,28035,37648,7801,15476,358968,168769,50091,29422,135403,4613,506,54,30
2021-05-10T23:59:59+02:00,21,27,9782,10549,27369,32274,29523,34377,33632,43425,46111,53310,43344,53877,38166,52218,9362,18502,2965,2632,6966,8703,6556,10009,7089,13474,9627,14096,13007,16266,27609,37039,7775,15396,352721,165965,48975,29043,133725,3777,397,51,28
2021-05-09T23:59:59+02:00,20,27,9551,10304,26692,31593,28857,33679,32912,42730,44593,51843,42844,53257,37966,51914,9325,18417,2917,2586,6843,8560,6450,9868,6977,13262,9312,13785,12210,15368,27246,36506,7755,15340,345661,163122,47899,28489,132604,3037,310,50,28
2021-05-08T23:59:59+02:00,20,27,9458,10236,26307,31292,28412,33365,32459,42426,43561,51015,42692,53094,37923,51852,9323,18411,2914,2582,6835,8556,6444,9860,6969,13251,9303,13773,12172,15306,26571,35561,7718,15264,341144,161261,47857,28463,132518,3024,304,50,28
2021-05-07T23:59:59+02:00,19,27,9317,10088,25836,30914,27967,32991,31954,42080,42526,50191,42421,52754,37810,51692,9311,18384,2867,2556,6782,8515,6388,9805,6918,13199,9130,13554,11542,14494,25633,34184,7671,15182,336036,157181,47550,28094,132360,2832,286,50,28
2021-05-06T23:59:59+02:00,17,26,8920,9799,24921,30146,26910,32192,30730,41264,40911,48983,42042,52210,37616,51450,9273,18311,2804,2510,6652,8369,6273,9677,6770,13013,8860,13257,10896,13634,24675,32806,7638,15121,328202,153415,46476,27141,130718,2097,275,50,28
2021-05-05T23:59:59+02:00,17,25,8555,9599,24041,29549,26047,31529,29643,40474,38936,47171,41599,51657,37408,51168,9216,18199,2764,2480,6535,8241,6173,9564,6668,12872,8615,13001,10191,12809,23665,31486,7609,15050,320358,149551,45625,26256,128609,1698,191,50,28
2021-05-04T23:59:59+02:00,17,24,8312,9372,23245,28904,25075,30790,28573,39639,37426,45708,41131,51071,37130,50821,9170,18078,2726,2459,6463,8169,6091,9499,6594,12794,8379,12782,9463,11956,22721,30245,7575,14987,313712,145847,44661,25450,125977,1494,86,50,27
2021-05-03T23:59:59+02:00,17,23,8110,9159,22548,28325,24237,30185,27666,38946,36469,44957,40784,50598,36916,50531,9120,17974,2681,2428,6394,8092,6013,9434,6506,12710,8151,12570,8721,11058,21807,29031,7544,14937,308853,142120,43884,24633,123733,1252,46,49,27
2021-05-02T23:59:59+02:00,17,23,7947,8995,21911,27750,23499,29595,26849,38325,35655,44326,40524,50267,36804,50344,9086,17917,2643,2405,6352,8050,5978,9399,6468,12670,7969,12397,8122,10324,21099,28165,7523,14919,304029,138943,43115,24358,122603,1117,39,48,27
2021-05-01T23:59:59+02:00,16,23,7795,8813,21538,27294,23017,29020,26206,37617,34831,43431,40261,49894,36707,50191,9080,17900,2637,2399,6326,8040,5963,9390,6450,12656,7952,12382,8086,10261,21060,28108,7519,14915,297936,138653,43114,24351,122497,1075,39,48,27
2021-04-30T23:59:59+02:00,16,21,7648,8635,21152,26865,22572,28455,25460,36841,33825,42468,40032,49575,36610,50038,9068,17879,2620,2386,6302,8022,5941,9373,6423,12636,7920,12349,8046,10191,21010,28025,7516,14906,291656,138344,43107,24278,122316,985,33,48,27
2021-04-29T23:59:59+02:00,15,21,7379,8396,20561,26294,21902,27773,24528,35878,32551,41132,38988,48171,36293,49565,9011,17751,2588,2353,6210,7912,5857,9271,6329,12494,7719,12076,7424,9469,20603,27510,7494,14832,282926,136288,42323,23052,120884,744,33,43,25
2021-04-28T23:59:59+02:00,14,19,7105,8179,20042,25823,21265,27175,23645,35031,31158,39682,37828,46586,35950,49070,8948,17609,2519,2306,6102,7791,5748,9141,6228,12345,7500,11806,6737,8625,20187,26935,7453,14761,274255,133850,41553,21757,119248,520,33,40,25
2021-04-27T23:59:59+02:00,13,19,6923,8001,19610,25399,20650,26639,22792,34258,29951,38365,36740,45144,35569,48500,8878,17482,2495,2281,5999,7694,5695,9045,6163,12222,7286,11608,6136,7890,19782,26438,7433,14738,266464,131759,40690,20816,117706,273,33,40,25
2021-04-26T23:59:59+02:00,12,19,6741,7837,19192,24977,20108,26116,21991,33505,28738,37134,35682,43723,35263,48017,8829,17358,2484,2272,5956,7652,5650,9006,6127,12179,7100,11444,5522,7160,19412,25990,7409,14711,258799,129803,39865,19975,116509,242,30,39,25
2021-04-25T23:59:59+02:00,12,18,6637,7704,18855,24708,19729,25779,21380,32891,27756,36179,34553,42296,34948,47589,8788,17277,2472,2265,5938,7629,5631,8989,6107,12154,7063,11417,5395,6979,19077,25526,7393,14667,251631,129182,39151,19234,116248,232,30,39,25
2021-04-24T23:59:59+02:00,12,18,6472,7528,18414,24277,19171,25242,20597,32090,26679,35135,34303,41983,34854,47424,8778,17265,2468,2259,5925,7620,5623,8978,6102,12150,7053,11410,5322,6868,18979,25385,7390,14659,245682,128729,39147,19195,115344,214,30,39,24
2021-04-23T23:59:59+02:00,12,18,6251,7330,17966,23805,18604,24633,19774,31277,25525,33943,33529,40811,34710,47187,8764,17242,2462,2241,5898,7596,5586,8939,6057,12106,7007,11358,5156,6592,18441,24760,7290,14490,238133,126887,38819,18849,114361,192,30,38,22
2021-04-22T23:59:59+02:00,11,17,6035,7122,17361,23218,17812,23852,18726,30257,24205,32513,32490,39459,34464,46831,8726,17164,2448,2226,5854,7546,5538,8855,5983,12028,6931,11288,4872,6177,17730,23888,7171,14296,229106,124736,37901,17887,113191,158,30,35,21
2021-04-21T23:59:59+02:00,11,16,5836,6942,16830,22747,17151,23249,17747,29360,22653,30922,31487,38229,34167,46395,8678,17077,2425,2209,5812,7491,5481,8780,5917,11928,6836,11208,4713,5903,17033,23041,7055,14115,220245,122652,37130,17119,112059,126,30,33,21
2021-04-20T23:59:59+02:00,10,15,5653,6749,16275,22275,16412,22593,16756,28361,21188,29456,30341,36744,33854,45965,8630,16989,2413,2195,5763,7454,5441,8735,5869,11862,6757,11145,4594,5750,16432,22267,6930,13936,211289,120975,36248,16403,110667,118,29,33,19
2021-04-19T23:59:59+02:00,10,15,5468,6592,15743,21846,15737,22036,15766,27485,19800,28058,28971,35112,33538,45492,8574,16875,2402,2182,5738,7421,5404,8702,5830,11817,6676,11069,4468,5589,15784,21558,6822,13775,202624,119335,35471,15740,108963,115,29,31,19
2021-04-18T23:59:59+02:00,9,15,5281,6451,15310,21522,15121,21475,14797,26698,18463,26920,27585,33465,33207,45074,8518,16789,2351,2136,5607,7301,5290,8589,5723,11668,6571,10950,4352,5402,15191,20892,6709,13597,194104,117701,34642,14471,107894,111,29,31,18
2021-04-17T23:59:59+02:00,9,14,5246,6416,15156,21447,14945,21390,14562,26519,18209,26699,27078,32925,33081,44926,8509,16774,2324,2096,5507,7148,5183,8430,5623,11480,6481,10817,4300,5340,14951,20598,6699,13584,192887,115946,34637,14467,106321,102,29,31,18
2021-04-16T23:59:59+02:00,9,14,5183,6362,14979,21295,14734,21229,14280,26269,17796,26288,26035,31694,32948,44713,8488,16751,2278,2046,5391,6964,5047,8249,5471,11240,6285,10596,4095,5107,14306,19813,6601,13439,189538,112718,34348,14071,105121,93,29,31,18
2021-04-15T23:59:59+02:00,7,13,5114,6285,14766,21082,14466,20941,13851,25919,17161,25660,24674,30087,32691,44390,8453,16673,2208,1962,5195,6729,4845,7928,5264,10923,6069,10312,3897,4857,13478,18731,6486,13272,184992,108900,33539,13128,103642,82,29,31,18
2021-04-14T23:59:59+02:00,7,13,5033,6215,14562,20882,14213,20718,13461,25585,16496,25043,23098,28303,32376,43986,8402,16579,2020,1842,4977,6468,4656,7679,5037,10674,5835,10027,3762,4650,12754,17815,6360,13058,180394,105817,32665,11675,101853,76,29,31,18
2021-04-13T23:59:59+02:00,7,13,4982,6168,14363,20747,13980,20537,13118,25290,15927,24541,21396,26459,32059,43564,8370,16472,1935,1790,4811,6281,4471,7460,4837,10419,5631,9795,3626,4486,12239,17200,6237,12897,176178,103442,31790,10561,99966,66,29,30,18
2021-04-12T23:59:59+02:00,7,12,4918,6103,14147,20550,13676,20274,12734,24878,15350,23988,19803,24518,31769,43204,8330,16398,1805,1699,4631,6122,4325,7284,4675,10227,5494,9637,3509,4331,11809,16691,6126,12734,171827,101763,30737,9226,98036,65,29,30,17
2021-04-11T23:59:59+02:00,7,12,4849,6027,13923,20352,13381,20063,12322,24527,14790,23479,18298,22747,31506,42865,8287,16319,1768,1663,4511,6009,4214,7161,4553,10096,5360,9508,3395,4212,11320,16082,5995,12528,167547,100020,29779,8249,96370,63,28,30,16
2021-04-10T23:59:59+02:00,7,12,4844,6019,13904,20338,13372,20053,12305,24511,14767,23460,17610,21825,31214,42447,8269,16292,1764,1651,4499,5998,4199,7147,4540,10082,5307,9443,3293,4099,10764,15248,5865,12330,166479,97880,29752,8249,94962,59,26,30,16
2021-04-09T23:59:59+02:00,7,12,4832,6002,13868,20289,13328,20006,12258,24457,14507,23209,16093,19940,30808,41801,8235,16249,1740,1641,4477,5983,4173,7120,4499,10048,5270,9394,3208,3982,9899,14260,5717,12132,163867,95446,29411,8001,92570,58,24,29,15
2021-04-08T23:59:59+02:00,7,12,4789,5974,13767,20215,13248,19926,12159,24353,14172,22851,14326,17732,30192,40793,8177,16128,1719,1628,4445,5930,4121,7036,4435,9968,5198,9317,3100,3879,9421,13660,5512,11887,160047,93603,28383,7566,90348,57,16,27,15
2021-04-07T23:59:59+02:00,7,12,4759,5946,13664,20133,13155,19841,12058,24252,13796,22495,12821,15889,29549,39827,8122,16030,1700,1616,4393,5863,4036,6962,4346,9884,5108,9218,3014,3784,8680,12568,5277,11484,155657,91064,27508,6793,89149,47,15,27,15
2021-04-06T23:59:59+02:00,7,12,4730,5920,13567,20066,13074,19781,11982,24187,13421,22144,11188,13885,28888,38857,8090,15959,1640,1562,4265,5737,3928,6838,4227,9737,5005,9089,2899,3663,7975,11639,5005,11119,151648,88684,26627,5572,87442,45,14,27,14
2021-04-05T23:59:59+02:00,7,11,4693,5893,13490,20000,13007,19713,11927,24107,13149,21890,9579,11943,28162,37808,8055,15897,1569,1493,4110,5587,3760,6682,4074,9588,4850,8961,2767,3546,7170,10678,4734,10730,148458,86319,25613,3912,85220,42,13,27,14
2021-04-04T23:59:59+02:00,7,11,4679,5875,13479,19980,12999,19696,11919,24087,13052,21820,8556,10683,27715,37166,8030,15840,1568,1491,4102,5581,3758,6677,4069,9583,4848,8953,2762,3537,6934,10214,4650,10605,146731,85363,25609,3912,83217,36,10,27,12
2021-04-03T23:59:59+02:00,7,11,4676,5865,13462,19961,12989,19686,11909,24077,13038,21802,7652,9616,26835,35925,7981,15729,1564,1487,4100,5576,3756,6674,4061,9571,4834,8940,2755,3526,6796,9953,4611,10525,144261,84761,25601,3912,81324,36,9,26,12
2021-04-02T23:59:59+02:00,7,11,4671,5847,13425,19936,12950,19643,11866,24029,12963,21734,7139,8869,25251,33825,7835,15461,1555,1471,4074,5553,3730,6633,4025,9510,4713,8654,2627,3371,6421,9560,4463,10327,139811,82946,25263,3686,80355,36,8,25,12
2021-04-01T23:59:59+02:00,6,10,4620,5788,13331,19791,12835,19491,11717,23873,12366,21288,6576,8164,23745,31854,7707,15224,1492,1425,3965,5430,3663,6562,3957,9444,4635,8551,2533,3230,5911,8877,4295,10053,135617,80691,24125,3284,78614,31,7,23,11
2021-03-31T23:59:59+02:00,6,10,4569,5733,13207,19638,12704,19337,11529,23693,12103,21028,6257,7793,22269,29900,7557,14996,1479,1414,3943,5407,3631,6534,3917,9397,4598,8498,2470,3155,5429,8235,4121,9815,131690,78930,23038,3068,77573,31,5,23,10
2021-03-30T23:59:59+02:00,6,10,4508,5669,13069,19489,12592,19162,11398,23528,11933,20890,6066,7578,20883,28173,7413,14792,1462,1378,3902,5374,3567,6464,3829,9283,4467,8327,2336,2951,5009,7681,3978,9560,128340,76712,22114,2826,76682,19,2,21,10
2021-03-29T23:59:59+02:00,6,10,4468,5630,12950,19394,12525,19079,11316,23426,11784,20755,5909,7380,19467,26495,7285,14591,1403,1337,3847,5331,3493,6394,3711,9139,4317,8138,2214,2810,4446,7015,3824,9285,124764,74061,21250,2615,76433,18,2,21,9
2021-03-28T23:59:59+02:00,6,10,4421,5566,12830,19257,12440,18985,11215,23330,11678,20654,5757,7175,18290,24991,7166,14397,1370,1293,3749,5225,3300,6169,3624,9022,4267,8082,2161,2747,3687,5995,3639,9018,121772,71012,20462,2317,75912,10,2,20,8
2021-03-27T23:59:59+01:00,6,10,4389,5515,12723,19093,12326,18819,11101,23126,11571,20505,5692,7093,18006,24645,7155,14382,1364,1290,3744,5221,3297,6162,3338,8674,4069,7784,2155,2744,3673,5962,3605,8958,119937,69709,20423,2317,75775,5,2,20,8
2021-03-26T23:59:59+01:00,6,9,4353,5462,12613,18905,12193,18619,10948,22898,11410,20296,5529,6879,17402,23856,7056,14233,1363,1289,3739,5214,3274,6144,3319,8654,3857,7339,1978,2340,3410,5678,3455,8726,116855,67457,20085,2310,75706,4,1,20,8
2021-03-25T23:59:59+01:00,6,9,4286,5375,12415,18667,11988,18290,10734,22570,11169,19969,5317,6595,16375,22549,6927,14044,1354,1279,3718,5188,3242,6116,3268,8617,3811,7296,1906,2227,2976,4997,3298,8422,112877,65496,19014,2209,75373,2,1,20,8
2021-03-24T23:59:59+01:00,6,9,4207,5264,12204,18217,11770,17878,10517,22180,10936,19597,5049,6250,15338,21333,6788,13820,1331,1266,3694,5143,3206,6054,3213,8547,3757,7223,1853,2168,2669,4663,3146,8147,109777,64104,17923,1966,73642,2,1,20,8
2021-03-23T23:59:59+01:00,6,9,4151,5201,12037,17874,11571,17528,10326,21817,10718,19310,4916,6055,14699,20519,6648,13647,1316,1260,3679,5125,3185,6037,3191,8499,3721,7180,1818,2110,2440,4393,2938,7826,107435,62783,17197,1925,72379,2,1,20,8
2021-03-22T23:59:59+01:00,6,9,4104,5123,11843,17542,11383,17201,10101,21491,10503,19008,4766,5849,14081,19805,6515,13461,1303,1251,3652,5092,3154,6001,3162,8443,3685,7135,1774,2054,2241,4143,2743,7494,105586,61532,16480,1785,70705,2,1,19,8
2021-03-21T23:59:59+01:00,6,9,4030,5000,11562,17131,11103,16794,9832,21037,10248,18658,4652,5678,13387,19015,6373,13253,1295,1250,3635,5077,3133,5968,3139,8413,3666,7113,1756,2027,2076,3982,2572,7226,103712,60538,15181,1780,68855,2,1,19,8
2021-03-20T23:59:59+01:00,5,9,4000,4931,11419,16796,10978,16477,9689,20734,10072,18376,4527,5518,12758,18065,6237,13038,1294,1249,3635,5075,3130,5967,3136,8408,3661,7109,1752,2022,2045,3921,2549,7185,101521,60348,15177,1780,66911,2,1,19,8
2021-03-19T23:59:59+01:00,5,8,3956,4851,11252,16436,10797,16122,9516,20354,9860,18017,4368,5323,11736,16855,6076,12827,1285,1242,3617,5049,3101,5891,3092,8316,3559,6935,1627,1912,1971,3859,2437,6977,98827,59084,14770,1776,64743,2,1,18,8
2021-03-18T23:59:59+01:00,5,8,3870,4749,11006,16010,10529,15679,9239,19886,9637,17676,4224,5157,11113,15989,5848,12560,1281,1231,3600,5014,3081,5847,3070,8260,3531,6889,1608,1880,1932,3789,2314,6766,97029,58397,13763,1686,62374,2,1,18,8
2021-03-17T23:59:59+01:00,5,8,3699,4634,10711,15591,10265,15320,8997,19525,9386,17328,4106,4990,10299,14746,5586,12137,1280,1229,3586,4996,3075,5827,3060,8227,3513,6866,1607,1856,1908,3761,2204,6579,94384,57892,12221,1672,60709,2,1,18,8
2021-03-16T23:59:59+01:00,5,8,3558,4509,10372,15129,9991,14950,8722,19083,9090,16965,3963,4825,9483,13624,5305,11778,1266,1226,3582,4989,3064,5823,3054,8216,3506,6852,1583,1833,1869,3710,2084,6401,92055,57456,11032,1592,58255,2,1,17,8
2021-03-15T23:59:59+01:00,5,8,3410,4393,10058,14661,9701,14492,8426,18609,8802,16552,3817,4655,8776,12562,5081,11457,1256,1218,3562,4977,3052,5799,3034,8177,3486,6809,1568,1820,1852,3677,1969,6216,90096,56872,9669,1591,55684,2,0,16,8
2021-03-14T23:59:59+01:00,5,8,3340,4304,9792,14227,9446,14089,8108,18117,8522,16157,3654,4469,7975,11328,4773,11002,1242,1212,3541,4959,3031,5758,3012,8097,3458,6741,1542,1771,1791,3550,1804,5828,87787,56347,8651,981,52865,2,0,13,8
2021-03-13T23:59:59+01:00,5,8,3266,4057,9486,13564,9205,13517,7884,17550,8320,15729,3547,4368,7784,11036,4725,10914,1242,1212,3541,4959,3031,5758,3011,8097,3457,6739,1538,1770,1789,3546,1803,5827,87135,56330,8651,981,49166,2,0,13,8
2021-03-12T23:59:59+01:00,5,8,3205,3921,9241,13025,8968,12986,7651,16914,7964,14979,3384,4198,7401,10629,4588,10728,1239,1209,3537,4945,3028,5755,3004,8089,3453,6733,1511,1741,1768,3528,1704,5652,85368,55907,8405,980,46009,2,0,13,8
2021-03-11T23:59:59+01:00,5,8,3057,3653,8865,12267,8664,12310,7318,16130,7622,14336,3227,3996,6846,9910,4400,10416,1220,1199,3503,4901,2986,5678,2969,7965,3402,6635,1467,1688,1689,3328,1506,5140,82926,55163,7960,105,42132,1,0,12,8
2021-03-10T23:59:59+01:00,5,7,2992,3546,8366,11756,7988,11826,6997,15639,7324,13745,3067,3839,6286,9218,4229,10142,1209,1185,3473,4843,2955,5603,2933,7825,3348,6513,1429,1648,1631,3232,1390,4861,81111,53989,7409,82,38441,0,0,11,8
2021-03-09T23:59:59+01:00,5,6,2887,3370,7682,11305,7091,11340,6578,15027,6961,13138,2838,3539,5778,8588,4073,9866,1204,1181,3451,4797,2928,5538,2916,7774,3330,6467,1415,1624,1596,3190,1285,4663,78818,53306,6054,48,35189,0,0,11,6
2021-03-08T23:59:59+01:00,5,6,2714,3135,7040,10761,6277,10861,6176,14498,6567,12571,2629,3328,5175,7849,3927,9599,1197,1175,3430,4731,2903,5462,2877,7680,3298,6391,1408,1615,1593,3182,1280,4660,75995,52831,4915,46,32198,0,0,10,6
2021-03-07T23:59:59+01:00,5,6,2602,3003,6709,10261,5866,10320,5881,14048,6327,12185,2532,3237,4410,6787,3710,9317,1194,1172,3427,4726,2898,5450,2873,7663,3290,6378,1403,1602,1572,3142,1265,4619,72745,52625,4084,44,30368,0,0,9,6
2021-03-06T23:59:59+01:00,5,5,2557,2861,6525,9807,5667,9903,5405,13193,5953,11446,2511,3210,4404,6776,3709,9316,1194,1171,3424,4722,2896,5449,2872,7662,3289,6375,1401,1599,1572,3140,1264,4619,71519,52600,4084,44,27641,0,0,9,6
2021-03-05T23:59:59+01:00,5,5,2466,2606,6313,9222,5453,9506,5228,12626,5569,10468,2285,2747,4025,6394,3570,9102,1182,1168,3406,4706,2892,5436,2864,7644,3278,6356,1387,1592,1571,3136,1259,4615,69193,52444,3851,44,24537,0,0,9,5
2021-03-04T23:59:59+01:00,5,5,2390,2401,6098,8787,5290,9165,5047,12205,5394,10090,2193,2577,3473,5571,3405,8764,1170,1154,3363,4608,2859,5370,2833,7546,3245,6282,1367,1585,1557,3122,1251,4604,67148,51870,3412,44,22291,0,0,9,3
2021-03-03T23:59:59+01:00,4,5,2333,2350,5928,8373,5119,8805,4835,11753,5204,9645,2111,2469,3070,5133,3246,8470,1150,1146,3329,4560,2822,5305,2793,7447,3199,6208,1347,1560,1538,3091,1245,4587,65723,51284,3169,42,19952,0,0,9,2
2021-03-02T23:59:59+01:00,4,5,2279,2262,5766,8039,4962,8550,4674,11353,5044,9327,2045,2378,2765,4776,3029,8149,1145,1137,3311,4539,2807,5279,2776,7399,3191,6180,1342,1549,1520,3074,1242,4581,64377,51029,2909,42,18112,0,0,9,2
2021-03-01T23:59:59+01:00,4,5,2253,2235,5662,7823,4863,8405,4590,11201,4945,9153,1990,2301,2469,4454,2841,7833,1139,1134,3297,4521,2795,5250,2760,7353,3176,6152,1336,1546,1513,3065,1239,4577,63115,50810,2688,42,17215,0,0,9,2
2021-02-28T23:59:59+01:00,3,5,2201,2192,5484,7565,4687,8185,4455,11016,4838,9027,1953,2239,2175,4151,2639,7524,1130,1128,3282,4511,2788,5243,2754,7339,3169,6138,1331,1543,1506,3050,1238,4545,62011,50652,2385,42,15934,0,0,9,2
2021-02-27T23:59:59+01:00,3,5,2114,1883,5307,7140,4589,7873,4372,10667,4766,8777,1925,2178,2147,4106,2619,7470,1126,1125,3280,4510,2783,5241,2750,7336,3165,6135,1329,1543,1506,3049,1237,4545,61779,50620,2385,39,13768,0,0,9,2
2021-02-26T23:59:59+01:00,3,5,2057,1805,5161,6903,4443,7613,4221,10402,4557,8495,1796,2071,2086,4069,2512,7291,1105,1112,3263,4476,2771,5202,2737,7283,3143,6081,1323,1532,1502,3041,1236,4543,60456,50311,2379,38,12646,0,0,9,2
2021-02-25T23:59:59+01:00,3,5,1940,1706,4835,6500,4015,7153,3935,9888,4322,8114,1738,2013,2053,4008,2402,7097,1089,1097,3226,4434,2741,5150,2692,7177,3103,5988,1313,1516,1488,3002,1223,4484,59979,49686,2272,36,9467,0,0,9,2
2021-02-24T23:59:59+01:00,3,5,1911,1648,4718,6286,3910,6939,3813,9647,4198,7954,1716,1981,2021,3966,2290,6899,1076,1092,3199,4372,2705,5084,2667,7093,3074,5917,1297,1499,1463,2954,1211,4415,59436,49092,2026,25,8434,0,0,9,2
2021-02-23T23:59:59+01:00,3,5,1686,1501,4347,5798,3629,6545,3592,9268,4043,7669,1687,1950,1977,3919,2177,6716,1057,1081,3161,4344,2677,5027,2643,7017,3039,5858,1277,1479,1437,2919,1201,4365,58981,48570,1979,11,5543,0,0,9,2
2021-02-22T23:59:59+01:00,3,5,1677,1482,4297,5739,3593,6482,3528,9175,3982,7574,1655,1923,1951,3868,2060,6519,1053,1068,3140,4299,2657,4988,2618,6958,3010,5806,1265,1465,1428,2909,1193,4356,58440,48206,1837,6,5227,0,0,9,2
2021-02-21T23:59:59+01:00,3,5,1665,1478,4267,5706,3550,6444,3487,9120,3938,7524,1647,1916,1946,3859,1940,6357,1048,1057,3119,4261,2628,4938,2603,6890,2981,5719,1251,1449,1408,2849,1169,4279,58097,47642,1831,6,4915,0,0,9,2
2021-02-20T23:59:59+01:00,3,5,1664,1477,4262,5703,3548,6443,3487,9119,3937,7523,1642,1915,1944,3855,1939,6357,1048,1057,3117,4259,2628,4938,2602,6889,2981,5719,1251,1448,1407,2849,1169,4279,58083,47634,1831,6,4900,0,0,9,2
2021-02-19T23:59:59+01:00,3,5,1647,1470,4250,5683,3537,6429,3476,9109,3927,7508,1616,1886,1923,3836,1839,6178,1047,1056,3116,4258,2627,4937,2602,6887,2978,5717,1251,1447,1407,2848,1169,4279,57666,47619,1826,6,4823,0,0,7,2
2021-02-18T23:59:59+01:00,3,5,1603,1439,4154,5572,3466,6327,3388,8945,3842,7368,1594,1851,1889,3766,1709,5981,1001,1013,2977,4033,2502,4666,2491,6552,2872,5455,1220,1404,1376,2763,1143,4130,57021,45591,1736,6,4138,0,0,7,2
2021-02-17T23:59:59+01:00,3,4,1581,1410,4058,5422,3381,6177,3270,8709,3715,7168,1542,1783,1817,3665,1592,5676,944,963,2824,3811,2385,4354,2364,6142,2743,5143,1172,1344,1330,2656,1096,3968,55808,43231,1725,6,3433,0,0,7,2
2021-02-16T23:59:59+01:00,3,4,1507,1343,3897,5226,3244,5996,3162,8477,3593,7002,1519,1757,1782,3635,1479,5469,858,931,2693,3655,2286,4143,2238,5822,2612,4889,1116,1253,1185,2356,842,3356,55115,40230,1708,3,2267,0,0,5,2
2021-02-15T23:59:59+01:00,3,4,1492,1325,3852,5141,3186,5909,3105,8362,3526,6896,1508,1743,1767,3612,1471,5449,824,909,2612,3527,2210,3963,2155,5544,2524,4676,1073,1189,1099,2182,778,3141,54650,38404,1706,1,1990,0,0,5,1
2021-02-14T23:59:59+01:00,3,4,1426,1297,3767,5064,3143,5800,3049,8208,3482,6787,1488,1712,1714,3485,1416,5201,815,903,2563,3459,2171,3895,2102,5424,2458,4570,1047,1153,1015,2010,707,2907,54405,37197,1095,1,1541,0,0,5,1
2021-02-13T23:59:59+01:00,3,4,1424,1296,3759,5060,3136,5799,3046,8206,3479,6785,1487,1709,1714,3483,1414,5201,815,903,2563,3459,2171,3895,2101,5424,2457,4570,1045,1152,1015,2010,707,2907,54387,37194,1094,0,1519,0,0,5,0
2021-02-12T23:59:59+01:00,3,3,1391,1280,3721,5026,3114,5779,3024,8173,3460,6741,1471,1699,1704,3466,1405,5182,808,895,2530,3406,2137,3850,2071,5370,2439,4539,1044,1151,1014,2010,706,2905,54160,36875,1092,0,1385,0,0,5,0
2021-02-11T23:59:59+01:00,3,3,1344,1237,3608,4854,3023,5604,2926,7863,3360,6529,1411,1639,1637,3288,1321,4858,771,832,2276,2962,1911,3374,1841,4626,2168,4011,961,1082,928,1818,657,2636,53529,32854,128,0,848,0,0,3,0
2021-02-10T23:59:59+01:00,3,3,1323,1215,3549,4744,2957,5499,2884,7713,3307,6398,1394,1622,1610,3247,1308,4821,695,775,1984,2554,1701,2926,1602,4019,1911,3549,851,935,765,1447,529,2147,52880,28390,126,0,589,0,0,2,0
2021-02-09T23:59:59+01:00,3,2,1310,1197,3494,4675,2927,5430,2863,7617,3270,6330,1387,1609,1582,3226,1298,4808,647,697,1724,2199,1507,2537,1418,3520,1739,3185,820,901,743,1375,508,2034,52570,25554,121,0,335,0,0,2,0
2021-02-08T23:59:59+01:00,3,2,1296,1193,3465,4645,2907,5393,2842,7565,3251,6300,1377,1602,1573,3200,1296,4790,634,663,1573,1962,1366,2284,1284,3212,1579,2925,781,880,695,1269,476,1865,52271,23448,95,0,332,0,0,2,0
2021-02-07T23:59:59+01:00,3,2,1164,1150,3358,4589,2852,5351,2815,7526,3226,6263,1367,1586,1565,3178,1291,4758,487,517,1304,1606,1126,1833,1076,2622,1352,2404,675,754,613,1110,431,1650,51975,19560,67,0,0,0,0,2,0
2021-02-06T23:59:59+01:00,3,2,1160,1148,3356,4587,2848,5348,2808,7523,3222,6259,1365,1584,1564,3175,1290,4758,363,368,1104,1354,989,1529,932,2208,1186,1985,586,652,586,1093,428,1647,51931,17010,67,0,0,0,0,2,0
2021-02-05T23:59:59+01:00,3,1,1149,1138,3340,4566,2840,5321,2797,7478,3203,6213,1359,1576,1561,3168,1289,4758,261,206,920,1036,841,1157,757,1756,1008,1576,469,546,559,1073,425,1643,51691,14233,67,0,0,0,0,2,0
2021-02-04T23:59:59+01:00,3,1,1133,1121,3295,4519,2799,5246,2755,7346,3155,6128,1345,1561,1548,3136,1280,4731,133,81,615,662,550,735,515,1145,666,985,288,363,459,927,387,1492,51055,10003,45,0,0,0,0,2,0
2021-02-03T23:59:59+01:00,3,1,1111,1115,3267,4473,2770,5201,2733,7291,3124,6071,1335,1552,1525,3095,1274,4686,115,65,490,512,419,595,414,905,511,742,240,284,359,728,303,1163,50581,7845,44,0,0,0,0,2,0
2021-02-02T23:59:59+01:00,3,1,1090,1102,3228,4442,2740,5148,2707,7215,3090,6007,1312,1524,1491,3038,1248,4595,105,56,407,414,348,517,366,818,458,660,219,261,314,658,279,1044,49936,6924,43,0,0,0,0,2,0
2021-02-01T23:59:59+01:00,3,1,1074,1091,3207,4389,2709,5086,2675,7088,3060,5910,1292,1496,1467,3002,1232,4532,78,41,310,310,256,393,273,609,324,495,180,211,248,521,217,813,49269,5279,43,0,0,0,0,2,0
2021-01-31T23:59:59+01:00,3,1,1069,1081,3192,4360,2685,5042,2660,7033,3046,5866,1281,1479,1447,2937,1209,4454,68,40,285,286,231,346,252,568,294,456,161,193,208,426,176,657,48800,4647,43,0,0,0,0,2,0
2021-01-30T23:59:59+01:00,3,1,1069,1081,3189,4356,2684,5042,2659,7032,3046,5865,1281,1478,1446,2937,1209,4454,68,37,278,272,218,330,247,557,290,450,160,190,207,426,176,657,48790,4563,40,0,0,0,0,2,0
2021-01-29T23:59:59+01:00,3,1,1068,1080,3188,4353,2684,5040,2659,7030,3043,5863,1281,1478,1446,2936,1209,4454,64,33,260,258,195,310,231,540,279,442,155,188,203,420,175,655,48774,4408,40,0,0,0,0,2,0
2021-01-28T23:59:59+01:00,3,1,1048,1061,3121,4248,2630,4929,2602,6874,2976,5732,1267,1456,1433,2870,1187,4334,55,18,163,154,129,186,161,355,204,279,124,145,157,261,102,378,47733,2871,37,0,0,0,0,2,0
2021-01-27T23:59:59+01:00,3,1,1003,1023,3035,4104,2549,4750,2507,6592,2892,5531,1237,1414,1397,2781,1154,4194,26,7,98,71,58,91,82,207,114,146,94,113,113,193,77,270,46138,1760,27,0,0,0,0,2,0
2021-01-26T23:59:59+01:00,2,1,926,994,2919,3969,2470,4565,2425,6412,2821,5376,1211,1365,1306,2628,940,3795,26,7,93,70,57,90,80,207,112,145,92,112,113,193,77,270,44107,1744,16,0,0,0,0,2,0
2021-01-25T23:59:59+01:00,2,1,911,977,2840,3840,2424,4417,2364,6216,2762,5225,1193,1343,1292,2603,930,3762,26,7,92,70,55,90,80,207,112,143,92,112,113,193,77,270,43090,1739,11,0,0,0,0,1,0
2021-01-24T23:59:59+01:00,2,1,901,973,2820,3825,2414,4385,2338,6177,2729,5165,1181,1337,1283,2581,917,3728,26,7,92,70,55,90,80,207,112,143,91,112,113,193,77,270,42748,1738,8,0,0,0,0,1,0
2021-01-23T23:59:59+01:00,2,1,901,973,2820,3824,2414,4385,2338,6177,2728,5165,1179,1336,1283,2581,917,3728,26,7,92,70,55,90,80,207,112,143,91,112,113,193,77,269,42745,1737,7,0,0,0,0,0,0
2021-01-22T23:59:59+01:00,2,1,895,966,2788,3778,2380,4320,2307,6102,2707,5118,1178,1335,1282,2580,916,3725,26,7,92,70,55,90,80,207,112,143,91,112,113,193,77,269,42373,1737,7,0,0,0,0,0,0
2021-01-21T23:59:59+01:00,2,1,880,898,2530,3362,2179,3904,2127,5494,2483,4632,1126,1287,1238,2459,886,3573,22,7,81,64,51,73,67,167,92,132,81,97,96,143,65,208,39054,1446,7,0,0,0,0,0,0
2021-01-20T23:59:59+01:00,2,1,805,836,2218,2957,1972,3438,1895,4885,2227,4155,1014,1147,1080,2113,773,3110,22,7,81,64,51,72,67,167,92,132,81,97,96,143,64,208,34621,1444,7,0,0,0,0,0,0
2021-01-19T23:59:59+01:00,2,1,745,758,1928,2514,1729,2977,1660,4228,1984,3683,941,1052,960,1840,676,2761,11,3,48,45,32,44,34,98,43,76,36,37,46,75,39,133,30433,800,6,0,0,0,0,0,0
2021-01-18T23:59:59+01:00,2,1,675,702,1699,2116,1491,2500,1411,3542,1727,3176,860,967,861,1634,624,2491,5,2,18,11,13,20,17,53,17,33,19,22,25,53,28,75,26476,411,3,0,0,0,0,0,0
2021-01-17T23:59:59+01:00,1,1,495,543,1382,1713,1210,1966,1155,2806,1449,2553,721,815,714,1355,514,2123,0,1,3,2,0,0,0,0,0,0,0,0,0,0,0,0,21514,6,2,0,0,0,0,0,0
2021-01-16T23:59:59+01:00,1,0,372,395,1200,1466,1090,1679,1014,2406,1292,2146,634,717,686,1339,512,2122,0,0,0,0,0,0,0,0,0,0,0,0,0,0,0,0,19070,0,1,0,0,0,0,0,0
2021-01-15T23:59:59+01:00,1,0,266,232,1016,1163,942,1332,845,1958,1112,1745,517,607,648,1306,501,2082,0,0,0,0,0,0,0,0,0,0,0,0,0,0,0,0,16272,0,1,0,0,0,0,0,0
2021-01-14T23:59:59+01:00,0,0,151,102,700,775,650,861,609,1300,748,1128,331,420,539,1124,451,1858,0,0,0,0,0,0,0,0,0,0,0,0,0,0,0,0,11747,0,0,0,0,0,0,0,0
2021-01-13T23:59:59+01:00,0,0,127,81,589,606,526,693,492,1044,591,863,278,346,453,957,394,1590,0,0,0,0,0,0,0,0,0,0,0,0,0,0,0,0,9630,0,0,0,0,0,0,0,0
2021-01-12T23:59:59+01:00,0,0,116,65,508,519,448,594,429,918,520,760,244,297,369,765,328,1242,0,0,0,0,0,0,0,0,0,0,0,0,0,0,0,0,8122,0,0,0,0,0,0,0,0
2021-01-11T23:59:59+01:00,0,0,87,52,415,421,364,484,343,741,413,587,210,246,309,636,269,1045,0,0,0,0,0,0,0,0,0,0,0,0,0,0,0,0,6622,0,0,0,0,0,0,0,0
2021-01-10T23:59:59+01:00,0,0,73,45,351,348,298,403,287,644,343,520,185,218,249,505,212,815,0,0,0,0,0,0,0,0,0,0,0,0,0,0,0,0,5496,0,0,0,0,0,0,0,0
2021-01-09T23:59:59+01:00,0,0,73,43,336,328,274,381,279,628,335,513,184,217,248,503,212,815,0,0,0,0,0,0,0,0,0,0,0,0,0,0,0,0,5369,0,0,0,0,0,0,0,0
2021-01-08T23:59:59+01:00,0,0,69,37,302,296,228,340,252,587,308,474,167,199,223,445,192,717,0,0,0,0,0,0,0,0,0,0,0,0,0,0,0,0,4836,0,0,0,0,0,0,0,0
2021-01-07T23:59:59+01:00,0,0,58,25,212,198,159,241,193,420,237,338,138,160,169,288,121,446,0,0,0,0,0,0,0,0,0,0,0,0,0,0,0,0,3403,0,0,0,0,0,0,0,0
2021-01-06T23:59:59+01:00,0,0,47,16,162,120,113,160,143,293,174,238,108,128,128,222,82,313,0,0,0,0,0,0,0,0,0,0,0,0,0,0,0,0,2447,0,0,0,0,0,0,0,0
2021-01-05T23:59:59+01:00,0,0,29,8,96,72,58,93,85,211,113,148,98,118,119,204,81,291,0,0,0,0,0,0,0,0,0,0,0,0,0,0,0,0,1824,0,0,0,0,0,0,0,0
2021-01-04T23:59:59+01:00,0,0,27,8,96,71,55,91,85,211,113,146,98,117,119,204,81,291,0,0,0,0,0,0,0,0,0,0,0,0,0,0,0,0,1813,0,0,0,0,0,0,0,0
2021-01-03T23:59:59+01:00,0,0,27,8,96,71,55,91,85,211,113,146,97,117,119,204,81,291,0,0,0,0,0,0,0,0,0,0,0,0,0,0,0,0,1812,0,0,0,0,0,0,0,0
2021-01-02T23:59:59+01:00,0,0,27,8,96,71,55,91,85,211,112,146,97,117,119,204,81,290,0,0,0,0,0,0,0,0,0,0,0,0,0,0,0,0,1810,0,0,0,0,0,0,0,0
2021-01-01T23:59:59+01:00,0,0,27,8,96,71,55,91,85,211,112,145,97,117,119,204,81,290,0,0,0,0,0,0,0,0,0,0,0,0,0,0,0,0,1809,0,0,0,0,0,0,0,0
2020-12-31T23:59:59+01:00,0,0,27,8,96,71,55,91,85,211,111,145,97,117,119,204,81,290,0,0,0,0,0,0,0,0,0,0,0,0,0,0,0,0,1808,0,0,0,0,0,0,0,0
2020-12-30T23:59:59+01:00,0,0,27,8,96,71,54,91,85,211,111,145,97,117,119,204,80,290,0,0,0,0,0,0,0,0,0,0,0,0,0,0,0,0,1806,0,0,0,0,0,0,0,0
2020-12-29T23:59:59+01:00,0,0,15,2,64,53,32,61,50,138,64,88,47,51,66,119,51,195,0,0,0,0,0,0,0,0,0,0,0,0,0,0,0,0,1096,0,0,0,0,0,0,0,0
2020-12-28T23:59:59+01:00,0,0,5,2,36,26,19,30,21,67,25,41,20,22,26,47,28,74,0,0,0,0,0,0,0,0,0,0,0,0,0,0,0,0,489,0,0,0,0,0,0,0,0
2020-12-27T23:59:59+01:00,0,0,0,0,7,5,7,2,1,5,0,2,0,1,2,2,4,6,0,0,0,0,0,0,0,0,0,0,0,0,0,0,0,0,44,0,0,0,0,0,0,0,0
