Datum,<15_m,<15_w,15-24_1_m,15-24_1_w,25-34_1_m,25-34_1_w,35-44_1_m,35-44_1_w,45-54_1_m,45-54_1_w,55-64_1_m,55-64_1_w,65-74_1_m,65-74_1_w,75-84_1_m,75-84_1_w,>84_1_m,>84_1_w,<24_2_m,<24_2_w,25-34_2_m,25-34_2_w,35-44_2_m,35-44_2_w,45-54_2_m,45-54_2_w,55-64_2_m,55-64_2_w,65-74_2_m,65-74_2_w,75-84_2_m,75-84_2_w,>84_2_m,>84_2_w,bp_1,bp_2,mo_1,mo_2,az_1,az_2,ja,unb_1,unb_2
2021-10-22T23:59:59+02:00,11875,11324,70263,70135,111502,108458,101034,100434,96972,102351,95518,97312,57056,70724,44632,61947,11078,22507,63824,63973,105074,101591,95738,94458,92558,97408,91961,93614,55333,68614,43466,60081,10597,21333,851036,802585,137238,131891,158742,145700,97959,222,222
2021-10-21T23:59:59+02:00,11748,11200,70079,69984,111332,108281,100869,100274,96825,102239,95433,97249,57033,70690,44622,61928,11074,22501,63616,63763,104893,101384,95589,94265,92440,97298,91891,93543,55309,68580,43458,60057,10595,21326,849516,801050,137176,131787,158738,145691,97784,222,222
2021-10-20T23:59:59+02:00,11708,11155,69964,69863,111188,108148,100760,100190,96738,102159,95375,97194,57002,70654,44604,61903,11069,22485,63431,63587,104775,101234,95478,94127,92346,97193,91821,93492,55282,68526,43434,60025,10580,21300,848473,799628,137126,131731,158737,145687,97676,222,222
2021-10-19T23:59:59+02:00,11607,11063,69826,69734,111068,108027,100677,100113,96673,102103,95321,97142,56978,70618,44594,61886,11065,22470,63219,63390,104617,101079,95365,94005,92270,97098,91771,93436,55251,68484,43419,59987,10570,21287,847436,798256,137077,131646,158735,145680,97570,222,222
2021-10-18T23:59:59+02:00,11558,11026,69709,69648,110944,107931,100589,100037,96620,102051,95274,97096,56951,70576,44569,61850,11056,22453,63080,63248,104500,100919,95270,93892,92205,97018,91713,93382,55227,68454,43407,59961,10566,21284,846632,797208,136948,131578,158732,145677,97479,222,222
2021-10-17T23:59:59+02:00,11515,10985,69564,69524,110831,107827,100491,99964,96574,101997,95236,97045,56928,70554,44563,61835,11054,22448,62851,62998,104346,100774,95146,93759,92109,96935,91658,93321,55204,68423,43398,59943,10562,21278,845778,795885,136901,131482,158731,145670,97378,222,222
2021-10-16T23:59:59+02:00,11496,10964,69509,69476,110777,107782,100467,99937,96542,101970,95219,97036,56927,70551,44562,61833,11052,22448,62759,62912,104280,100719,95098,93699,92078,96904,91636,93303,55199,68417,43396,59940,10562,21277,845452,795399,136891,131433,158731,145669,97327,222,222
2021-10-15T23:59:59+02:00,11443,10925,69399,69396,110666,107692,100400,99864,96486,101918,95192,97004,56920,70549,44561,61826,11051,22448,62622,62730,104170,100609,95007,93600,92001,96825,91588,93265,55191,68395,43390,59929,10562,21275,844770,794428,136867,131362,158730,145667,97226,222,222
2021-10-14T23:59:59+02:00,11340,10830,69225,69217,110536,107552,100287,99772,96396,101839,95141,96949,56899,70513,44549,61801,11047,22443,62331,62452,104026,100405,94866,93403,91885,96694,91515,93189,55154,68345,43373,59902,10558,21267,843538,792597,136794,131242,158728,145661,97128,222,222
2021-10-13T23:59:59+02:00,11244,10765,69090,69109,110432,107454,100203,99683,96320,101760,95092,96894,56864,70472,44534,61769,11042,22427,62173,62308,103899,100271,94762,93261,91800,96608,91457,93120,55116,68302,43353,59872,10549,21257,842557,791488,136733,131168,158726,145652,96990,222,222
2021-10-12T23:59:59+02:00,11104,10658,68912,68976,110339,107342,100110,99592,96262,101702,95052,96848,56849,70440,44525,61753,11038,22420,62016,62150,103771,100143,94649,93140,91712,96539,91398,93064,55064,68268,43341,59850,10545,21246,841503,790348,136671,131107,158723,145647,96877,221,220
2021-10-11T23:59:59+02:00,11033,10596,68774,68864,110229,107240,100025,99514,96203,101627,94997,96808,56821,70414,44506,61733,11033,22407,61849,61987,103644,100019,94554,93044,91640,96453,91349,93017,55028,68225,43326,59824,10536,21238,840569,789303,136605,131023,158720,145637,96782,221,220
2021-10-10T23:59:59+02:00,10961,10545,68618,68758,110097,107103,99935,99425,96138,101551,94954,96771,56803,70394,44500,61719,11025,22402,61666,61840,103487,99861,94450,92913,91552,96348,91272,92976,55003,68201,43317,59811,10533,21228,839646,788177,136556,130964,158716,145627,96633,221,220
2021-10-09T23:59:59+02:00,10936,10527,68533,68701,110035,107058,99896,99387,96102,101519,94939,96757,56797,70388,44499,61718,11025,22402,61580,61766,103406,99784,94394,92858,91511,96303,91251,92955,54997,68190,43312,59803,10532,21227,839270,787647,136527,130906,158714,145623,96560,221,220
2021-10-08T23:59:59+02:00,10863,10473,68393,68608,109904,106956,99825,99295,96037,101473,94892,96710,56785,70372,44496,61715,11025,22401,61413,61585,103276,99636,94280,92743,91428,96210,91203,92915,54981,68177,43306,59794,10530,21226,838451,786557,136480,130819,158713,145616,96430,221,220
2021-10-07T23:59:59+02:00,10785,10397,68196,68436,109740,106790,99693,99155,95951,101357,94820,96644,56763,70335,44482,61694,11021,22390,61136,61338,103083,99419,94133,92527,91320,96076,91129,92843,54950,68128,43291,59762,10523,21217,837109,784766,136410,130698,158711,145608,96270,221,220
2021-10-06T23:59:59+02:00,10718,10341,68030,68300,109617,106658,99604,99050,95871,101298,94775,96593,56722,70293,44469,61673,11018,22376,60958,61169,102949,99274,94023,92411,91246,95979,91053,92770,54919,68088,43278,59735,10518,21200,836081,783598,136348,130634,158710,145597,96116,221,220
2021-10-05T23:59:59+02:00,10613,10252,67861,68165,109477,106519,99495,98924,95809,101222,94730,96539,56704,70266,44460,61637,11013,22363,60764,60999,102802,99091,93909,92261,91149,95894,90992,92698,54892,68045,43263,59718,10516,21187,834942,782348,136277,130569,158709,145592,95970,221,220
2021-10-04T23:59:59+02:00,10576,10222,67700,68002,109325,106376,99408,98820,95721,101139,94679,96482,56670,70220,44446,61608,11010,22341,60616,60818,102667,98958,93780,92142,91060,95802,90933,92649,54857,68003,43239,59684,10510,21167,833916,781258,136205,130512,158707,145582,95767,220,220
2021-10-03T23:59:59+02:00,10511,10167,67500,67835,109161,106225,99295,98717,95635,101042,94615,96428,56639,70187,44438,61583,11009,22338,60423,60665,102481,98783,93642,91982,90964,95692,90859,92592,54821,67959,43222,59659,10507,21159,832796,780008,136137,130427,158703,145573,95539,220,220
2021-10-02T23:59:59+02:00,10486,10141,67399,67742,109076,106160,99232,98655,95585,100993,94594,96407,56628,70169,44438,61582,11008,22336,60305,60551,102409,98707,93575,91917,90918,95645,90833,92570,54814,67942,43221,59655,10506,21159,832267,779421,136075,130378,158701,145553,95438,220,220
2021-10-01T23:59:59+02:00,10401,10040,67248,67582,108897,106020,99115,98546,95507,100927,94542,96368,56611,70151,44436,61570,11006,22334,60111,60328,102242,98554,93446,91776,90814,95538,90772,92513,54797,67913,43218,59646,10505,21156,831225,778155,136016,130293,158699,145514,95211,220,220
2021-09-30T23:59:59+02:00,10324,9970,67029,67365,108691,105783,98940,98354,95373,100786,94450,96268,56576,70105,44419,61539,11002,22320,59861,60069,102043,98347,93261,91566,90676,95391,90684,92422,54770,67864,43203,59613,10495,21142,829632,776489,135926,130176,158693,145466,94890,220,220
2021-09-29T23:59:59+02:00,10246,9914,66837,67179,108500,105589,98792,98195,95251,100679,94368,96197,56536,70050,44402,61504,10997,22301,59689,59902,101861,98170,93127,91403,90566,95286,90613,92341,54737,67816,43184,59567,10492,21127,828255,775269,135861,130100,158689,145432,94579,220,220
2021-09-28T23:59:59+02:00,10162,9839,66654,66976,108302,105430,98648,98040,95142,100569,94284,96119,56495,70011,44390,61466,10990,22274,59503,59724,101674,98015,92995,91269,90444,95159,90534,92272,54706,67779,43167,59539,10483,21112,826893,774108,135799,130014,158687,145398,94259,220,220
2021-09-27T23:59:59+02:00,10033,9707,66417,66730,108095,105260,98516,97894,95056,100461,94208,96048,56468,69964,44377,61435,10985,22263,59303,59541,101494,97880,92858,91134,90342,95048,90464,92197,54669,67724,43145,59512,10475,21101,825508,773062,135723,129934,158686,145357,93847,220,220
2021-09-26T23:59:59+02:00,9912,9613,66181,66503,107868,105073,98350,97750,94940,100339,94124,95967,56431,69932,44363,61412,10980,22250,59068,59347,101292,97700,92713,90971,90236,94930,90391,92121,54640,67696,43131,59484,10470,21086,824092,771933,135645,129841,158680,145298,93418,220,220
2021-09-25T23:59:59+02:00,9874,9573,66066,66379,107765,104983,98276,97691,94883,100288,94093,95939,56427,69924,44361,61409,10979,22250,58958,59229,101191,97606,92632,90900,90196,94864,90354,92100,54628,67685,43127,59480,10470,21086,823544,771384,135585,129789,158680,145270,93198,220,220
2021-09-24T23:59:59+02:00,9813,9512,65909,66200,107599,104816,98130,97545,94764,100185,94024,95885,56412,69907,44353,61395,10979,22248,58744,59003,101011,97415,92506,90754,90088,94758,90271,92034,54607,67663,43124,59475,10469,21083,822533,770207,135515,129723,158680,145208,92794,220,220
2021-09-23T23:59:59+02:00,9721,9389,65594,65872,107341,104568,97938,97318,94605,100021,93922,95775,56368,69848,44329,61366,10973,22219,58453,58725,100770,97187,92319,90545,89956,94608,90176,91930,54559,67614,43102,59447,10468,21060,820760,768677,135396,129613,158674,145138,92183,220,220
2021-09-22T23:59:59+02:00,9650,9309,65260,65555,107138,104358,97742,97116,94450,99887,93795,95678,56321,69779,44295,61322,10962,22197,58275,58548,100591,97023,92142,90409,89840,94490,90069,91854,54525,67570,43074,59416,10462,21045,819023,767657,135287,129536,158669,145055,91680,220,220
2021-09-21T23:59:59+02:00,9563,9224,65037,65311,106934,104179,97571,96958,94335,99779,93715,95607,56271,69728,44277,61279,10955,22185,58086,58369,100400,96869,92003,90278,89752,94401,89980,91780,54486,67513,43053,59377,10453,21027,817578,766618,135211,129440,158666,144992,91298,220,220
2021-09-20T23:59:59+02:00,9503,9167,64754,65009,106741,103998,97411,96791,94230,99682,93650,95531,56231,69685,44257,61236,10950,22174,57896,58220,100221,96726,91851,90126,89611,94302,89901,91709,54440,67476,43027,59341,10447,21011,816169,765631,135134,129359,158661,144845,90880,220,220
2021-09-19T23:59:59+02:00,9453,9123,64477,64839,106514,103806,97262,96623,94092,99581,93547,95456,56202,69630,44247,61211,10947,22162,57655,58027,99980,96553,91666,89961,89429,94130,89784,91627,54403,67415,43008,59307,10446,20998,814850,764438,135053,129243,158658,144583,90455,220,220
2021-09-18T23:59:59+02:00,9421,9078,64383,64739,106395,103710,97152,96537,94024,99511,93513,95428,56194,69621,44243,61206,10945,22161,57535,57907,99876,96455,91544,89881,89358,94067,89748,91597,54393,67410,43001,59304,10444,20994,814280,763811,134964,129178,158656,144571,90205,220,220
2021-09-17T23:59:59+02:00,9343,8991,64190,64580,106220,103554,96984,96384,93894,99414,93441,95352,56178,69594,44232,61200,10939,22155,57332,57673,99691,96294,91392,89764,89242,93961,89671,91536,54378,67383,42993,59297,10444,20991,813187,762694,134875,129081,158652,144554,89775,220,220
2021-09-16T23:59:59+02:00,9253,8884,63918,64288,105948,103299,96753,96148,93706,99236,93339,95262,56127,69540,44219,61173,10932,22141,57083,57404,99428,96066,91199,89555,89066,93801,89570,91449,54332,67333,42971,59276,10439,20979,811406,761204,134788,128945,158641,144490,89174,220,218
2021-09-15T23:59:59+02:00,9183,8828,63571,63997,105750,103086,96546,95955,93570,99077,93237,95178,56089,69483,44184,61142,10927,22114,56910,57248,99234,95902,91030,89399,88961,93688,89467,91387,54300,67285,42946,59243,10435,20963,809668,760161,134734,128828,158637,144454,88720,220,218
2021-09-14T23:59:59+02:00,9141,8777,63282,63792,105516,102872,96349,95776,93437,98937,93121,95092,56043,69426,44159,61104,10922,22098,56709,57068,99058,95716,90863,89236,88829,93578,89385,91315,54263,67245,42924,59216,10430,20948,808141,759127,134664,128736,158629,144356,88252,220,217
2021-09-13T23:59:59+02:00,9105,8743,62990,63529,105290,102644,96179,95608,93293,98802,93034,94994,55992,69372,44142,61071,10915,22086,56502,56886,98864,95526,90709,89079,88698,93472,89299,91240,54226,67200,42904,59187,10427,20931,806644,758041,134576,128622,158619,144314,87792,220,217
2021-09-12T23:59:59+02:00,9052,8695,62686,63287,105046,102398,95970,95379,93131,98673,92938,94914,55942,69322,44126,61040,10911,22075,56303,56726,98622,95318,90542,88911,88563,93356,89202,91165,54183,67143,42882,59159,10423,20914,805126,757018,134478,128495,158615,144242,87208,220,217
2021-09-11T23:59:59+02:00,9005,8662,62565,63155,104904,102278,95867,95270,93046,98595,92899,94882,55927,69308,44121,61028,10911,22074,56156,56637,98474,95212,90444,88812,88464,93290,89165,91139,54173,67124,42878,59149,10423,20913,804442,756422,134420,128418,158615,144223,86862,220,217
2021-09-10T23:59:59+02:00,8910,8551,62329,62894,104707,102066,95695,95080,92905,98470,92805,94810,55893,69279,44107,61010,10911,22072,55915,56431,98276,95026,90261,88629,88332,93161,89081,91068,54151,67103,42865,59130,10423,20909,803065,755264,134357,128301,158612,144208,86302,220,217
2021-09-09T23:59:59+02:00,8812,8453,62020,62621,104432,101751,95462,94791,92729,98245,92670,94694,55854,69214,44086,60981,10901,22051,55666,56207,98024,94776,90038,88397,88171,93006,88939,90983,54108,67054,42844,59101,10417,20903,801110,753854,134253,128115,158608,144135,85638,220,217
2021-09-08T23:59:59+02:00,8752,8403,61804,62393,104218,101518,95274,94573,92566,98079,92556,94565,55819,69147,44052,60941,10888,22027,55508,56053,97840,94572,89881,88202,88014,92862,88820,90878,54070,66992,42808,59059,10406,20869,799651,752847,134148,127967,158599,144048,85019,220,217
2021-09-07T23:59:59+02:00,8701,8350,61567,62182,103993,101285,95090,94383,92425,97939,92454,94488,55785,69098,44023,60885,10878,22005,55313,55890,97623,94376,89696,88037,87886,92754,88722,90788,54028,66946,42783,59027,10401,20852,798174,751767,134044,127840,158595,143920,84560,220,217
2021-09-06T23:59:59+02:00,8660,8308,61363,62008,103793,101113,94951,94225,92308,97812,92366,94414,55728,69041,44001,60858,10871,21972,55144,55722,97425,94213,89529,87880,87758,92628,88623,90708,53976,66897,42762,58982,10391,20828,796948,750663,133954,127705,158584,143836,84148,220,217
2021-09-05T23:59:59+02:00,8599,8259,61153,61807,103630,100926,94796,94055,92185,97700,92289,94346,55701,69000,43991,60837,10866,21965,54940,55520,97231,94013,89341,87719,87618,92501,88539,90622,53927,66847,42745,58959,10386,20812,795768,749498,133873,127535,158581,143741,83725,220,217
2021-09-04T23:59:59+02:00,8548,8229,61035,61697,103544,100827,94695,93970,92128,97632,92254,94321,55692,68989,43985,60827,10866,21964,54814,55406,97113,93887,89225,87620,87549,92420,88490,90588,53912,66836,42739,58948,10386,20811,795174,748847,133825,127412,158577,143723,83469,220,217
2021-09-03T23:59:59+02:00,8470,8157,60846,61515,103375,100674,94548,93827,92025,97518,92182,94269,55664,68962,43977,60812,10864,21957,54608,55224,96912,93670,89033,87426,87403,92247,88397,90509,53880,66802,42728,58929,10382,20808,794080,747598,133772,127185,158569,143687,83063,220,217
2021-09-02T23:59:59+02:00,8352,8066,60595,61271,103124,100434,94352,93607,91840,97358,92065,94171,55618,68905,43954,60777,10860,21936,54342,54966,96619,93393,88788,87153,87182,92041,88254,90394,53835,66720,42697,58878,10372,20772,792441,745942,133663,126828,158558,143568,82464,220,217
2021-09-01T23:59:59+02:00,8288,7984,60386,61060,102928,100264,94204,93456,91724,97235,91961,94097,55574,68855,43936,60753,10852,21918,54087,54747,96392,93172,88593,86939,87004,91874,88114,90284,53770,66631,42659,58834,10362,20751,791200,744493,133590,126568,158542,143449,81984,220,213
2021-08-31T23:59:59+02:00,8208,7909,60182,60816,102729,100081,94027,93299,91601,97120,91838,94016,55529,68804,43910,60713,10843,21902,53834,54489,96123,92923,88376,86705,86847,91714,87953,90180,53726,66558,42633,58779,10355,20732,789848,742999,133510,126259,158530,143339,81480,220,213
2021-08-30T23:59:59+02:00,8112,7833,59979,60632,102557,99938,93910,93169,91484,97017,91771,93937,55496,68776,43894,60679,10838,21886,53583,54296,95883,92690,88166,86477,86669,91571,87827,90056,53669,66480,42592,58715,10338,20703,788744,741564,133453,125946,158523,143192,81028,220,211
2021-08-29T23:59:59+02:00,8035,7755,59702,60392,102317,99740,93725,92995,91345,96900,91682,93847,55451,68726,43870,60649,10836,21877,53231,53986,95563,92401,87875,86218,86434,91375,87673,89929,53600,66405,42562,58675,10332,20686,787383,739654,133363,125610,158508,143047,80430,220,211
2021-08-28T23:59:59+02:00,7979,7688,59565,60281,102211,99632,93622,92912,91260,96825,91637,93817,55437,68713,43862,60645,10835,21875,53053,53838,95401,92269,87741,86107,86323,91287,87604,89886,53583,66384,42553,58668,10330,20685,786764,738832,133324,125505,158504,143021,80044,220,211
2021-08-27T23:59:59+02:00,7913,7603,59378,60089,102041,99465,93481,92785,91149,96719,91551,93760,55415,68684,43853,60628,10834,21872,52806,53592,95105,91995,87520,85901,86150,91132,87497,89787,53540,66348,42538,58642,10325,20682,785778,737258,133262,125304,158467,142985,79553,220,211
2021-08-26T23:59:59+02:00,7828,7504,59141,59842,101815,99246,93263,92562,90971,96538,91444,93662,55366,68622,43820,60601,10828,21860,52470,53309,94739,91645,87185,85591,85909,90874,87339,89655,53476,66259,42492,58599,10318,20670,784309,735347,133164,124896,158444,142853,78836,220,209
2021-08-25T23:59:59+02:00,7756,7414,58913,59645,101645,99103,93112,92380,90851,96415,91335,93583,55328,68570,43786,60557,10823,21837,52169,53057,94436,91390,86961,85347,85712,90686,87206,89529,53409,66174,42444,58531,10312,20639,783096,733622,133082,124584,158434,142785,78282,219,208
2021-08-24T23:59:59+02:00,7706,7362,58693,59425,101459,98930,92946,92218,90740,96288,91250,93512,55290,68516,43759,60514,10817,21812,51848,52794,94086,91103,86661,85097,85502,90496,87055,89369,53324,66080,42396,58465,10304,20617,781958,731805,132990,124282,158427,142566,77703,219,208
2021-08-23T23:59:59+02:00,7650,7310,58490,59219,101295,98774,92816,92058,90648,96203,91174,93427,55252,68473,43730,60488,10813,21794,51526,52527,93747,90823,86413,84820,85307,90326,86920,89243,53246,65987,42361,58414,10297,20599,780818,729905,132919,123993,158417,142392,77301,219,207
2021-08-22T23:59:59+02:00,7580,7254,58295,59037,101092,98616,92658,91922,90553,96087,91095,93360,55216,68427,43716,60464,10807,21780,51154,52173,93345,90420,86105,84513,85070,90097,86751,89119,53167,65881,42329,58353,10289,20578,779795,727580,132817,123680,158405,142176,76783,219,203
2021-08-21T23:59:59+02:00,7526,7216,58161,58914,100958,98510,92553,91818,90454,96026,91038,93325,55196,68405,43708,60447,10805,21777,50821,51872,93178,90272,85936,84355,84923,89973,86665,89056,53136,65857,42319,58337,10288,20572,779118,726054,132742,123452,158404,142135,76414,219,203
2021-08-20T23:59:59+02:00,7474,7164,58006,58742,100786,98358,92402,91684,90339,95902,90962,93263,55174,68380,43698,60430,10803,21772,50489,51533,92914,90005,85673,84121,84708,89769,86532,88945,53105,65816,42296,58313,10281,20565,778163,724089,132692,123246,158398,142070,75927,219,203
2021-08-19T23:59:59+02:00,7407,7104,57758,58506,100511,98130,92194,91492,90179,95736,90834,93160,55131,68321,43673,60399,10796,21758,50045,51095,92484,89604,85264,83719,84397,89454,86318,88762,53034,65708,42258,58252,10271,20547,776797,721391,132559,122799,158390,141864,75184,219,202
2021-08-18T23:59:59+02:00,7343,7049,57577,58345,100327,97950,92049,91329,90040,95615,90733,93065,55064,68257,43644,60354,10786,21738,49694,50728,92107,89278,84943,83388,84119,89204,86128,88589,52920,65593,42187,58160,10256,20517,775644,718999,132470,122410,158383,141624,74610,218,202
2021-08-17T23:59:59+02:00,7281,6998,57388,58188,100135,97776,91883,91180,89918,95484,90637,92973,55025,68209,43619,60326,10784,21723,49201,50306,91657,88856,84540,83033,83790,88910,85921,88386,52817,65468,42129,58083,10250,20493,774530,715983,132366,122000,158370,141334,74104,217,202
2021-08-16T23:59:59+02:00,7222,6932,57206,58011,99932,97602,91735,91019,89776,95366,90522,92876,54973,68147,43590,60275,10777,21709,48634,49731,91179,88408,84071,82636,83455,88616,85690,88180,52713,65353,42071,58005,10241,20456,773361,712449,132274,121556,158363,141106,73515,217,202
2021-08-15T23:59:59+02:00,7156,6884,56985,57822,99747,97418,91577,90879,89651,95260,90433,92816,54935,68106,43570,60246,10773,21702,47510,48593,90535,87717,83514,82092,83060,88228,85403,87973,52605,65231,42027,57946,10232,20437,772277,706634,132163,120927,158355,140926,73008,217,201
2021-08-14T23:59:59+02:00,7124,6851,56863,57734,99606,97318,91473,90803,89564,95191,90382,92771,54920,68090,43565,60239,10772,21701,47357,48449,90302,87543,83300,81884,82936,88127,85333,87929,52577,65200,42018,57935,10231,20435,771752,705817,132107,120603,158350,140875,72601,217,201
2021-08-13T23:59:59+02:00,7077,6806,56707,57604,99448,97190,91345,90665,89458,95076,90301,92707,54890,68039,43551,60216,10770,21694,47052,48131,89825,87138,82900,81507,82672,87894,85162,87788,52534,65132,41996,57911,10228,20423,770916,703589,132048,120046,158343,140795,72082,215,201
2021-08-12T23:59:59+02:00,7042,6756,56503,57442,99234,97013,91171,90499,89313,94934,90206,92627,54852,67986,43525,60182,10762,21677,46637,47740,89177,86561,82320,80956,82292,87567,84934,87609,52460,65030,41943,57852,10218,20405,769852,700614,131944,119204,158330,140545,71443,215,200
2021-08-11T23:59:59+02:00,7006,6701,56316,57270,99027,96830,91011,90357,89180,94818,90095,92524,54800,67926,43494,60143,10753,21662,46221,47280,88550,85908,81738,80445,81954,87261,84663,87366,52371,64888,41871,57727,10199,20356,768718,697433,131846,118248,158307,140210,70890,212,199
2021-08-10T23:59:59+02:00,6945,6653,56131,57104,98805,96681,90854,90207,89051,94705,90011,92447,54755,67879,43478,60103,10749,21649,45784,46810,87903,85280,81129,79902,81543,86881,84418,87149,52250,64779,41811,57644,10185,20325,767654,694088,131751,117304,158288,139893,70362,212,199
2021-08-09T23:59:59+02:00,6893,6594,55958,56941,98610,96527,90699,90069,88910,94608,89900,92383,54716,67830,43453,60068,10742,21634,45217,46255,87066,84603,80439,79313,81128,86531,84125,86925,52137,64647,41755,57543,10171,20283,766627,690264,131678,116239,158278,139545,69800,212,196
2021-08-08T23:59:59+02:00,6822,6525,55731,56750,98398,96338,90520,89904,88773,94485,89805,92307,54660,67783,43427,60034,10735,21613,44611,45640,85993,83662,79531,78500,80582,86053,83794,86624,52002,64493,41691,57453,10158,20256,765403,685123,131566,115055,158258,139229,69230,212,195
2021-08-07T23:59:59+02:00,6778,6474,55586,56626,98258,96222,90391,89801,88678,94427,89742,92267,54641,67756,43424,60024,10732,21608,43770,44758,85655,83324,79054,78059,80221,85699,83612,86479,51939,64409,41670,57417,10153,20247,764730,681402,131504,113904,158254,139124,68794,212,194
2021-08-06T23:59:59+02:00,6722,6425,55394,56475,98026,96037,90238,89671,88553,94310,89644,92196,54601,67728,43415,59997,10729,21604,42848,43868,85184,82853,78465,77503,79830,85313,83421,86332,51887,64344,41644,57385,10145,20234,763765,677428,131404,112623,158247,138988,68196,212,193
2021-08-05T23:59:59+02:00,6656,6353,55072,56229,97726,95766,89976,89449,88340,94118,89474,92060,54536,67638,43386,59945,10720,21586,41606,42698,84450,82169,77685,76701,79233,84748,83064,86029,51757,64184,41584,57282,10130,20202,762106,671850,131276,110984,158235,138443,67260,212,192
2021-08-04T23:59:59+02:00,6575,6303,54832,56042,97474,95553,89791,89282,88198,93978,89356,91962,54483,67587,43348,59898,10716,21576,41130,42204,83223,81118,76341,75556,78743,84292,82743,85781,51615,64046,41527,57195,10114,20176,760814,666643,131167,109472,158221,137973,66599,212,192
2021-08-03T23:59:59+02:00,6509,6237,54574,55847,97238,95361,89614,89117,88055,93832,89210,91841,54405,67506,43311,59840,10708,21568,40691,41777,81973,79978,74916,74366,78134,83722,82198,85288,51401,63841,41426,57040,10101,20140,759434,660811,131062,107771,158196,137269,65928,212,192
2021-08-02T23:59:59+02:00,6447,6174,54336,55644,96976,95138,89391,88941,87883,93692,89066,91728,54322,67433,43278,59787,10705,21548,40211,41290,80650,78866,73365,73158,77506,83156,81654,84803,51231,63637,41351,56919,10084,20106,757998,654734,130912,106010,158174,136664,65253,211,190
2021-08-01T23:59:59+02:00,6381,6088,54068,55379,96708,94867,89153,88765,87680,93547,88902,91618,54253,67347,43241,59735,10698,21541,39691,40797,79357,77785,71951,72053,76612,82403,81068,84336,51041,63398,41263,56814,10073,20082,756385,648550,130717,104106,158149,136049,64569,208,187
2021-07-31T23:59:59+02:00,6345,6050,53946,55285,96587,94772,89052,88698,87589,93476,88857,91582,54241,67337,43235,59731,10698,21540,38731,39776,78911,77340,71414,71500,76227,82076,80952,84240,51022,63365,41247,56802,10073,20079,755903,643871,130547,103231,158146,135954,64274,208,187
2021-07-30T23:59:59+02:00,6290,6015,53768,55143,96427,94595,88894,88549,87457,93361,88774,91512,54204,67306,43222,59713,10696,21538,37724,38720,78204,76687,70660,70762,75712,81548,80551,83915,50945,63276,41213,56742,10067,20067,755003,637677,130231,102092,158142,135744,63938,207,186
2021-07-29T23:59:59+02:00,6239,5956,53532,54958,96165,94367,88682,88340,87286,93186,88634,91385,54144,67242,43199,59675,10688,21517,36475,37484,77146,75816,69609,69810,74904,80784,80013,83485,50813,63111,41146,56646,10050,20040,753756,629898,129749,100534,158126,135188,63415,206,186
2021-07-28T23:59:59+02:00,6202,5903,53332,54788,95958,94160,88531,88159,87170,93046,88522,91287,54086,67167,43165,59627,10678,21487,35861,36880,75975,74835,68332,68711,74142,80070,79522,83027,50672,62910,41076,56543,10034,19999,752578,623554,129301,99120,158109,134398,63131,206,184
2021-07-27T23:59:59+02:00,6153,5862,53098,54566,95697,93950,88348,87975,87012,92893,88398,91189,54033,67091,43123,59564,10664,21439,35207,36124,74516,73585,66879,67493,73278,79225,78978,82508,50497,62697,40996,56422,10009,19957,751166,616249,128869,97669,158086,133166,62785,206,183
2021-07-26T23:59:59+02:00,6096,5809,52878,54358,95451,93762,88149,87808,86849,92756,88268,91088,53972,67011,43094,59508,10657,21417,34439,35293,73000,72249,65506,66255,72229,78234,78387,81977,50324,62482,40918,56274,9987,19912,749819,608174,128445,96135,158069,132092,62450,205,183
2021-07-25T23:59:59+02:00,6058,5765,52670,54155,95199,93532,87972,87614,86691,92625,88160,90991,53921,66948,43066,59464,10647,21382,33733,34531,71656,71041,64388,65240,71227,77320,77908,81522,50206,62296,40853,56187,9981,19877,748413,601192,128170,94568,158048,131290,62081,205,183
2021-07-24T23:59:59+02:00,5971,5707,52395,53857,94890,93216,87725,87406,86515,92468,88060,90910,53892,66914,43054,59441,10647,21376,33228,34039,70792,70344,63717,64683,70350,76618,77703,81371,50151,62253,40831,56162,9981,19875,746531,596768,128117,93633,158047,131162,61600,205,183
2021-07-23T23:59:59+02:00,5918,5651,52121,53582,94489,92928,87426,87191,86334,92291,87920,90816,53858,66866,43046,59423,10644,21370,32708,33390,69726,69486,62936,64016,69447,75768,77300,81043,50076,62155,40799,56123,9974,19861,744475,591145,128043,92475,158041,130989,61166,205,183
2021-07-22T23:59:59+02:00,5848,5587,51703,53180,94011,92482,87040,86857,86024,91992,87710,90630,53773,66772,43017,59363,10636,21344,31999,32667,68409,68492,61885,63135,67829,74409,76646,80532,49925,61948,40707,56007,9953,19821,741428,584688,127808,89718,158016,130220,60569,204,182
2021-07-21T23:59:59+02:00,5796,5534,51332,52795,93574,92065,86733,86556,85767,91747,87536,90442,53688,66687,42958,59296,10625,21316,31385,32016,67077,67449,60797,62241,65785,72717,75741,79787,49634,61639,40546,55819,9929,19764,738615,578393,127568,85399,157986,129128,60129,204,182
2021-07-20T23:59:59+02:00,5738,5470,50941,52400,93109,91599,86367,86230,85498,91492,87313,90245,53596,66552,42909,59237,10618,21290,30726,31367,65612,66258,59663,61278,64607,71657,75129,79231,49428,61407,40440,55661,9905,19703,735644,571344,127346,83723,157930,128102,59535,204,182
2021-07-19T23:59:59+02:00,5661,5396,50469,51941,92639,91120,85994,85895,85250,91279,87106,90066,53503,66432,42873,59157,10600,21255,30182,30783,64446,65199,58745,60417,63453,70621,74530,78716,49254,61211,40348,55515,9877,19659,732368,565553,127115,81916,157895,126913,59109,204,182
2021-07-18T23:59:59+02:00,5592,5326,49642,51126,91559,90064,85262,85280,84767,90846,86812,89774,53397,66283,42810,59060,10590,21224,29627,30196,63257,64123,57820,59497,62274,69594,73979,78216,49106,61048,40290,55432,9865,19630,725892,559703,126782,79890,157878,126103,58714,203,181
2021-07-17T23:59:59+02:00,5418,5139,49289,50792,91416,89928,85067,85120,84610,90708,86705,89691,53377,66256,42799,59048,10589,21221,29239,29815,62609,63527,57264,59075,61522,68859,73673,77975,48996,60930,40251,55374,9855,19619,724710,556686,126606,78922,157873,125489,57835,203,181
2021-07-16T23:59:59+02:00,5317,5048,48966,50501,91150,89704,84821,84923,84410,90524,86566,89584,53335,66224,42781,59034,10586,21216,28742,29313,61669,62617,56417,58387,60468,67821,73171,77554,48835,60742,40205,55305,9850,19610,723332,551726,126436,77600,157864,124749,56910,202,181
2021-07-15T23:59:59+02:00,5181,4915,48492,50089,90750,89322,84460,84543,84105,90245,86344,89415,53254,66133,42726,58964,10577,21189,28013,28683,60350,61548,55290,57401,59056,66507,72437,76967,48604,60480,40116,55175,9835,19555,720855,545896,126015,75405,157829,123076,55843,201,181
2021-07-14T23:59:59+02:00,5075,4800,48137,49713,90443,89030,84173,84229,83856,90006,86144,89257,53164,66026,42668,58875,10560,21158,27481,28118,59252,60554,54319,56555,58177,65656,71828,76379,48336,60202,40010,55001,9812,19511,718686,540466,125656,74485,157783,121373,55028,200,181
2021-07-13T23:59:59+02:00,4963,4683,47733,49328,90045,88677,83868,83922,83588,89745,85938,89088,53054,65921,42613,58810,10554,21137,26818,27441,57882,59367,53128,55563,57187,64742,71102,75739,48058,59878,39880,54823,9780,19459,716320,534117,125284,73371,157727,119320,54175,199,180
2021-07-12T23:59:59+02:00,4792,4513,47181,48811,89649,88333,83472,83600,83340,89484,85748,88927,52974,65826,42565,58747,10542,21122,26188,26783,56379,58015,51842,54504,55963,63596,70357,75120,47684,59449,39704,54600,9739,19394,713596,526827,124916,72349,157664,116971,53289,199,180
2021-07-11T23:59:59+02:00,4397,4140,46230,47884,89217,87898,83058,83212,83030,89196,85550,88779,52887,65735,42540,58691,10531,21105,25584,26214,55001,56753,50546,53458,54921,62563,69761,74568,47337,59069,39579,54425,9714,19352,709625,520199,124447,71340,157624,115180,52226,196,179
2021-07-10T23:59:59+02:00,4384,4127,45900,47540,88761,87417,82725,82902,82925,89096,85484,88722,52866,65712,42531,58677,10530,21101,25096,25676,53909,55808,49683,52874,54321,61994,69545,74382,46967,58650,39479,54320,9709,19341,708955,515869,123978,71255,157447,113857,50862,195,179
2021-07-09T23:59:59+02:00,4365,4115,45482,47097,88141,86852,82348,82558,82673,88909,85370,88630,52830,65683,42524,58664,10526,21092,24392,24898,52587,54576,48741,51994,53541,61143,69123,73977,46608,58240,39391,54230,9702,19329,707535,509691,123392,70849,157284,112509,49491,194,179
2021-07-08T23:59:59+02:00,4335,4088,44930,46596,87280,86141,81816,82043,82419,88667,85175,88476,52763,65616,42492,58618,10515,21076,23403,23957,50645,52998,47356,50841,52400,60014,68431,73341,46086,57680,39254,54066,9674,19260,705408,501934,122500,69576,156994,109965,47975,193,178
2021-07-07T23:59:59+02:00,4312,4061,44345,46002,86440,85380,81263,81560,82133,88369,84966,88312,52684,65515,42449,58554,10507,21056,22512,23040,48697,51315,45837,49702,51159,58829,67730,72806,45349,56937,39059,53828,9641,19202,702888,493747,121500,68465,156736,106855,46596,190,176
2021-07-06T23:59:59+02:00,4279,4040,43800,45478,85574,84642,80649,80968,81763,88038,84790,88136,52595,65433,42411,58492,10498,21031,21673,22171,46692,49531,44451,48450,49878,57491,66982,72087,44518,56162,38873,53589,9623,19147,700235,484770,120478,67382,156436,103884,45282,188,176
2021-07-05T23:59:59+02:00,4257,4004,42638,44490,84055,83540,79920,80347,81304,87615,84515,87871,52480,65297,42360,58413,10484,21003,20480,21103,44730,47927,43429,47486,48849,56528,66285,71468,43754,55300,38698,53364,9598,19108,696909,478775,119418,66509,156071,100790,42010,187,176
2021-07-04T23:59:59+02:00,4230,3982,41275,43272,82403,82221,79193,79741,80830,87193,84242,87668,52388,65172,42317,58362,10471,20974,19126,19897,42928,46400,42729,46740,48037,55674,65700,70899,43011,54450,38535,53173,9578,19061,693784,474105,118264,65572,155648,98176,38053,187,175
2021-07-03T23:59:59+02:00,3763,3565,39701,41724,81537,81564,78708,79251,80384,86715,84023,87496,52320,65071,42299,58310,10468,20968,18315,19207,42008,45705,42311,46365,47631,55274,65534,70733,42420,53721,38472,53074,9571,19051,690032,472165,116951,65473,155564,96582,35135,187,175
2021-07-02T23:59:59+02:00,3205,2994,38145,40223,80804,80833,78036,78544,79865,86212,83782,87292,52268,64985,42271,58263,10456,20955,17545,18476,40850,44737,41576,45666,46798,54491,65012,70282,41469,52515,38342,52886,9555,19032,684984,467083,115546,65005,155412,94085,33007,186,173
2021-07-01T23:59:59+02:00,2558,2447,36424,38553,79820,79964,77196,77711,79158,85573,83467,87015,52144,64828,42208,58161,10438,20926,16661,17547,39301,43496,40360,44605,45494,53358,64269,69703,40578,51377,38193,52677,9538,19000,678640,460650,113816,63351,155188,91318,30763,186,173
2021-06-30T23:59:59+02:00,2516,2417,35412,37535,77977,78461,75495,76218,78512,85025,83181,86722,52011,64668,42148,58064,10426,20899,15627,16567,37621,42275,39160,43499,44337,52296,63513,69073,40032,50690,38075,52478,9516,18964,672771,454507,112079,62013,154974,89431,27679,186,172
2021-06-29T23:59:59+02:00,2481,2385,34572,36635,76377,76965,73883,74806,77717,84309,82635,86231,51828,64449,42072,57933,10408,20863,14791,15662,36306,41125,38248,42675,43117,51243,62795,68488,39320,49753,37939,52258,9493,18920,666411,449313,110201,60180,154705,87478,25048,186,171
2021-06-28T23:59:59+02:00,2440,2351,33745,35822,74765,75547,72202,73412,76695,83522,82031,85734,51653,64221,41995,57827,10395,20830,14039,14899,35245,40102,37427,41945,41987,50243,62144,67940,38447,48668,37772,52036,9474,18874,659936,444460,108244,58664,154109,85277,22714,186,170
2021-06-27T23:59:59+02:00,2425,2336,33007,35074,73202,74176,70795,72203,75297,82399,81354,85177,51456,64004,41930,57709,10385,20801,13402,14264,34285,39340,36771,41344,41051,49392,61601,67497,37581,47635,37620,51857,9459,18843,653725,440546,106306,57896,153156,83011,20359,185,168
2021-06-26T23:59:59+02:00,1788,1726,31964,33967,72842,73857,70329,71738,75005,82088,81261,85099,51436,63978,41916,57699,10384,20798,13208,14055,33621,38796,36124,40923,40528,49057,60609,66487,36585,46497,37452,51644,9445,18810,648927,434556,105366,57842,153152,81065,20248,183,167
2021-06-25T23:59:59+02:00,1170,1128,30840,32790,72346,73322,69718,71043,74579,81641,80885,84776,51374,63890,41882,57656,10379,20784,12874,13664,32770,38002,35255,40103,39581,48216,59395,65252,36069,45797,37261,51344,9422,18769,642590,426132,104172,57393,153145,80002,20114,183,166
2021-06-24T23:59:59+02:00,567,568,29496,31463,71566,72561,68844,70157,73906,81006,80438,84412,51268,63761,41830,57586,10368,20750,12206,12954,31594,36698,34035,38838,38450,47104,57758,63877,35590,45279,37104,51154,9403,18709,634754,416766,102684,55837,153033,78117,19895,182,165
2021-06-23T23:59:59+02:00,540,535,28992,30907,70452,71578,67572,69017,73156,80319,79987,84007,51156,63587,41770,57490,10352,20718,11711,12420,30595,35457,33100,37616,37425,46218,55811,62155,35035,44713,36937,50928,9382,18644,628510,406972,101111,54772,152927,76857,19406,182,164
2021-06-22T23:59:59+02:00,517,518,28471,30307,69279,70543,66366,67991,72478,79615,79575,83637,51048,63461,41722,57406,10343,20692,11363,12003,29682,34528,32146,36724,36467,45316,53834,60311,34650,44237,36800,50686,9353,18586,622163,398420,99648,53202,152793,75739,19184,182,162
2021-06-21T23:59:59+02:00,485,484,27802,29625,67959,69360,65177,66861,71719,78835,79181,83245,50941,63351,41663,57317,10329,20651,11069,11686,29057,33944,31594,36155,35859,44725,51985,58654,33938,43435,36502,50261,9323,18510,615331,390830,98145,52005,152670,75062,18659,181,161
2021-06-20T23:59:59+02:00,400,403,27166,28955,66730,68219,64157,65926,70915,78094,78827,82907,50864,63224,41614,57250,10324,20618,10781,11418,28509,33440,31138,35665,35346,44201,50137,56856,33396,42753,36305,49926,9293,18450,608932,383399,96682,51254,152570,74590,18229,181,157
2021-06-19T23:59:59+02:00,367,369,26779,28576,65997,67645,63629,65420,70115,77439,78676,82783,50843,63199,41598,57234,10323,20618,10646,11219,28255,33119,30883,35341,35122,43939,48692,55460,33137,42405,36221,49787,9285,18422,604959,377987,95737,51242,152570,74397,18164,181,157
2021-06-18T23:59:59+02:00,339,336,26319,28102,64981,66907,62892,64809,69194,76601,78286,82451,50780,63124,41571,57198,10319,20610,10430,10975,27855,32696,30551,34928,34730,43541,46952,53782,32783,41890,36084,49576,9266,18388,599533,371113,94496,50953,152564,74173,18046,181,156
2021-06-17T23:59:59+02:00,310,305,25674,27490,63709,65908,61889,64002,67605,75190,77759,82047,50679,62970,41508,57117,10306,20583,10013,10612,27066,31998,29810,34248,33893,42841,45440,52285,32336,41257,35920,49320,9235,18338,593425,363663,91835,49810,152402,73788,17210,180,155
2021-06-16T23:59:59+02:00,275,267,25140,26894,62406,64773,60784,63030,65337,73265,76916,81391,50465,62762,41417,57005,10287,20550,9689,10348,26416,31323,29106,33626,33164,42204,44844,51718,32065,40893,35774,49120,9214,18297,587155,359956,87324,49103,151983,72274,16325,178,155
2021-06-15T23:59:59+02:00,236,236,24487,26187,60997,63549,59703,62048,64182,72180,76409,80971,50343,62613,41366,56909,10280,20520,9419,10065,25814,30585,28470,32872,32483,41480,43282,50084,31613,40337,35602,48887,9184,18232,579990,353215,85698,48209,151529,71020,15822,178,155
2021-06-14T23:59:59+02:00,213,204,24012,25587,59886,62496,58827,61202,63105,71175,75936,80582,50255,62491,41316,56837,10265,20495,9125,9763,25063,29692,27707,32036,31694,40664,41992,48739,31243,39839,35465,48664,9154,18181,574113,347057,83981,47189,151324,69343,15289,178,154
2021-06-13T23:59:59+02:00,208,189,23593,25117,58945,61589,58053,60415,61997,70206,75472,80161,50165,62375,41265,56778,10253,20465,8840,9458,24354,28849,26996,31198,30933,39808,40431,47150,30777,39228,35262,48358,9124,18091,569090,339987,82126,46405,151098,67568,14755,178,153
2021-06-12T23:59:59+02:00,195,171,23335,24836,58386,61080,57692,60136,61355,69567,75271,80049,50140,62344,41253,56764,10250,20461,8720,9338,23878,28268,26474,30624,30404,39246,39330,46175,30608,39049,35167,48193,9120,18080,566135,335732,81172,46402,151090,65687,14711,178,153
2021-06-11T23:59:59+02:00,176,156,22966,24397,57634,60266,57015,59505,60448,68634,74925,79744,50065,62269,41227,56728,10248,20455,8580,9144,23361,27594,25941,29967,29820,38610,38250,45163,30340,38692,35024,47971,9107,18053,561090,330871,79880,46141,151076,63827,14636,177,152
2021-06-10T23:59:59+02:00,161,139,22423,23816,56492,59329,56087,58685,59185,67460,74386,79345,49993,62161,41203,56678,10233,20426,8315,8889,22488,26651,24977,29028,28697,37673,36859,43995,29983,38211,34744,47537,9040,17977,555499,323953,77671,45433,150838,61520,14018,177,150
2021-06-09T23:59:59+02:00,141,124,21789,23231,55228,58226,55011,57773,58235,66551,73924,78952,49905,62061,41151,56616,10219,20395,8019,8627,21557,25788,24048,28145,27660,36723,35139,42203,29593,37710,34557,47267,8998,17886,549698,316507,76218,44701,150485,59617,12956,176,148
2021-06-08T23:59:59+02:00,119,106,21111,22519,53914,57096,53893,56791,57282,65695,73378,78517,49816,61937,41096,56524,10201,20365,7752,8382,20657,24897,22993,27282,26625,35761,33776,40897,29236,37204,34236,46809,8947,17802,543009,310196,75288,43930,150045,57149,11842,176,146
2021-06-07T23:59:59+02:00,102,89,20458,21885,52474,55836,52633,55811,56125,64708,72826,78113,49731,61831,41050,56461,10188,20337,7496,8156,19817,24075,21971,26473,25592,34890,32841,40115,28954,36811,33985,46382,8896,17709,535714,305569,74387,43112,149637,54597,10744,176,146
2021-06-06T23:59:59+02:00,95,84,19946,21351,51329,54727,51525,54831,55158,63756,72315,77709,49644,61753,41014,56398,10180,20321,7284,7960,19036,23179,21070,25598,24521,33906,31924,39296,28664,36469,33730,45992,8845,17635,529377,301009,73365,42370,149302,51675,9917,175,143
2021-06-05T23:59:59+02:00,89,76,19676,21042,50546,53970,50872,54328,54684,63280,72184,77597,49632,61739,41010,56395,10177,20321,7053,7547,18393,22110,20344,24486,23645,32652,30886,37976,28330,36004,33606,45816,8838,17615,525026,294702,73359,42331,149221,48293,9837,175,143
2021-06-04T23:59:59+02:00,79,70,19223,20456,49482,52955,50052,53460,54029,62492,71841,77270,49605,61701,40990,56380,10175,20316,6830,7231,17767,21262,19655,23490,22705,31372,29662,36632,28041,35638,33492,45640,8826,17594,518536,288228,73031,42262,149204,45578,9631,174,142
2021-06-03T23:59:59+02:00,69,59,18542,19761,47962,51650,48834,52330,53056,61467,71337,76810,49538,61597,40952,56332,10162,20291,6538,6832,17030,20216,18854,22339,21697,29942,28493,35146,27499,34856,33286,45313,8789,17519,510761,281481,72017,41507,148930,42357,8869,172,139
2021-06-02T23:59:59+02:00,64,55,18161,19247,46938,50659,47949,51564,52305,60703,71087,76597,49499,61563,40933,56304,10154,20277,6347,6596,16389,19524,17927,21580,20849,28991,27398,33739,27033,34250,33125,45062,8760,17449,504466,275199,71999,41493,148909,39682,8515,170,133
2021-06-01T23:59:59+02:00,53,49,17482,18507,45068,48924,46291,50102,50787,59238,70409,75999,49407,61452,40874,56232,10142,20229,6067,6279,15227,18625,16413,20614,19632,27735,26166,32341,26476,33552,32874,44710,8714,17347,495356,268686,70633,40921,148360,36308,6730,166,129
2021-05-31T23:59:59+02:00,51,45,16999,18014,43757,47779,45071,48991,49546,58114,69725,75487,49324,61349,40828,56165,10130,20191,5788,5950,14180,17793,14999,19690,18450,26619,24938,30998,25957,32831,32679,44412,8680,17247,489105,262381,69469,40378,147890,33389,4937,165,128
2021-05-30T23:59:59+02:00,45,44,16669,17617,42785,46837,44163,48088,48540,57116,69167,74941,49219,61194,40756,56050,10114,20148,5597,5704,13633,17089,14369,18990,17548,25645,23836,29825,25186,31880,32380,43994,8635,17158,483150,256408,68438,39575,147481,31105,4260,164,123
2021-05-29T23:59:59+02:00,45,43,16536,17492,42420,46520,43817,47824,48300,56923,69109,74888,49213,61188,40749,56046,10114,20147,5433,5459,13122,16284,13726,18142,16702,24477,22720,28524,25027,31647,32316,43899,8632,17151,481172,250797,68315,39575,147473,28518,4251,163,122
2021-05-28T23:59:59+02:00,44,41,16232,17186,41716,45892,43305,47258,47789,56390,68832,74593,49148,61105,40722,55996,10111,20142,5190,5075,12587,15371,13046,17278,15839,23241,21617,27084,24776,31278,32221,43766,8622,17135,476872,244743,67808,39471,147447,25585,4212,163,117
2021-05-27T23:59:59+02:00,41,38,15706,16642,40562,44901,42287,46361,46799,55498,68253,74156,49026,60945,40668,55925,10100,20102,4952,4730,11940,14553,12263,16344,14767,22045,20359,25571,24274,30539,32049,43505,8588,17051,470986,237387,66290,38665,146729,23523,3844,161,113
2021-05-26T23:59:59+02:00,39,37,15294,16204,39467,43981,41247,45484,45768,54620,67647,73643,48874,60764,40584,55759,10078,20054,4759,4530,11387,13794,11543,15497,13756,20913,18959,23976,23689,29751,31832,43159,8534,16949,465835,230115,64266,37794,145739,21465,3543,161,113
2021-05-25T23:59:59+02:00,39,36,14887,15793,38462,43092,40279,44631,44816,53699,67028,73113,48691,60524,40505,55625,10052,20001,4543,4322,10846,13154,10778,14726,12684,19671,17524,22468,23100,28969,31595,42832,8477,16854,460500,222730,62686,36850,144628,19557,3298,161,110
2021-05-24T23:59:59+02:00,39,35,14541,15468,37626,42358,39411,43957,43955,52911,66498,72627,48568,60347,40442,55501,10032,19956,4399,4194,10400,12688,10143,14147,11793,18835,16237,21203,22424,28136,31378,42499,8418,16764,455887,215809,61452,35908,143881,18941,2892,160,110
2021-05-23T23:59:59+02:00,35,35,14373,15292,37159,41983,38960,43553,43505,52504,66228,72400,48485,60255,40403,55454,10025,19932,4209,4054,9934,12213,9523,13542,10848,18019,15039,20139,21951,27564,31125,42210,8367,16678,452687,208803,61071,35826,143859,17875,2804,160,109
2021-05-22T23:59:59+02:00,33,33,14176,15076,36468,41418,38272,43101,42930,52092,65209,71382,48279,59996,40331,55340,10015,19911,4098,3757,9720,11796,9370,13216,10606,17574,14769,19737,21857,27447,31091,42168,8360,16669,446217,207574,61067,35823,143845,15958,2773,160,109
2021-05-21T23:59:59+02:00,32,32,13791,14667,35401,40508,37209,42179,41863,51190,63852,70092,48050,59660,40251,55192,9998,19878,3988,3658,9514,11531,9155,12949,10271,17245,14352,19365,21636,27161,31029,42078,8351,16661,436614,205613,60707,35517,143610,14955,2756,158,105
2021-05-20T23:59:59+02:00,29,32,12984,13927,33961,39052,35790,40780,40456,49991,62557,68942,47757,59320,40106,55010,9977,19828,3837,3483,8989,10925,8505,12238,9571,16394,13596,18399,20817,26039,30834,41780,8312,16574,426372,201240,59007,34672,142590,11906,2373,157,104
2021-05-19T23:59:59+02:00,29,31,12439,13353,32785,37637,34691,39403,39327,49030,60549,67166,47274,58762,39920,54746,9934,19722,3731,3346,8711,10549,8209,11864,9132,15885,12957,17736,19951,24908,30607,41476,8255,16459,415508,196988,57488,33858,141478,10663,2169,155,100
2021-05-18T23:59:59+02:00,27,31,12016,12895,31750,36626,33611,38491,38285,48096,58481,65293,46918,58315,39765,54505,9902,19662,3530,3179,8214,9953,7739,11320,8583,15214,12276,16965,19007,23672,30370,41134,8217,16353,406825,192875,55537,33017,140285,7866,1870,152,100
2021-05-17T23:59:59+02:00,25,30,11762,12610,31231,36069,33116,37931,37692,47459,56579,63583,46214,57491,39487,54106,9865,19588,3443,3068,7947,9677,7441,11022,8179,14799,11703,16358,18084,22539,30135,40813,8182,16277,399229,188488,54407,32271,139474,7236,1578,150,96
2021-05-16T23:59:59+02:00,25,30,11544,12354,30706,35565,32653,37439,37170,46886,54678,61752,45665,56792,39293,53787,9837,19532,3345,2966,7657,9382,7117,10680,7705,14333,11121,15770,17154,21386,29925,40523,8143,16208,392250,184196,53439,31419,138810,6647,1061,148,94
2021-05-15T23:59:59+02:00,25,30,11384,12148,30428,35231,32416,37119,36942,46622,53109,60269,45415,56487,39216,53648,9831,19504,3323,2946,7632,9353,7102,10659,7686,14317,11102,15747,17043,21170,29715,40213,8135,16198,386433,183194,53435,31418,138764,6594,1044,148,93
2021-05-14T23:59:59+02:00,25,30,11136,11859,29955,34726,32036,36656,36423,46145,51228,58431,45052,55985,39076,53442,9815,19464,3295,2924,7561,9282,7044,10585,7622,14254,10919,15546,16305,20099,29429,39724,8118,16158,378609,180246,53104,31079,138630,6455,994,147,93
2021-05-13T23:59:59+02:00,22,29,10846,11523,29303,34074,31431,36051,35745,45473,49753,56914,44620,55356,38904,53195,9788,19417,3215,2874,7429,9177,6954,10490,7519,14143,10587,15197,15241,18854,29040,39082,8075,16083,371462,176416,52088,30516,137875,6066,874,145,90
2021-05-12T23:59:59+02:00,21,27,10712,11377,29015,33754,31159,35759,35431,45158,49469,56602,44525,55249,38852,53117,9781,19378,3201,2847,7396,9141,6922,10454,7488,14102,10415,15039,14860,18417,28734,38596,8053,16036,368772,174334,52001,30505,137717,6021,752,144,90
2021-05-11T23:59:59+02:00,20,24,10354,11046,28156,32933,30336,35002,34568,44371,47729,54825,44068,54650,38678,52829,9743,19275,3112,2749,7153,8861,6695,10150,7271,13733,9937,14494,13869,17268,28317,37978,8015,15942,361827,170642,50292,29607,135819,4680,526,143,90
2021-05-10T23:59:59+02:00,19,24,10043,10758,27408,32228,29561,34307,33799,43600,46420,53551,43684,54141,38490,52526,9693,19161,3069,2702,7024,8736,6598,10029,7126,13554,9668,14190,13165,16400,27887,37364,7990,15862,355561,167805,49174,29224,134124,3837,413,141,86
2021-05-09T23:59:59+02:00,18,24,9803,10504,26720,31541,28902,33614,33074,42903,44880,52067,43184,53519,38290,52222,9656,19075,3019,2654,6896,8594,6493,9889,7011,13340,9356,13878,12366,15500,27520,36823,7970,15806,348448,164937,48101,28673,132985,3095,325,137,86
2021-05-08T23:59:59+02:00,18,24,9710,10431,26337,31239,28447,33295,32606,42594,43825,51237,43031,53356,38251,52161,9653,19069,3015,2650,6886,8589,6488,9881,7003,13328,9346,13865,12329,15438,26839,35872,7933,15730,343870,163063,48061,28646,132897,3079,319,137,86
2021-05-07T23:59:59+02:00,17,24,9567,10281,25863,30855,27988,32915,32100,42241,42776,50408,42759,53013,38141,52004,9641,19042,2951,2623,6825,8545,6430,9826,6951,13275,9170,13643,11696,14627,25890,34482,7885,15648,338710,158940,47753,28276,132739,2866,300,133,86
2021-05-06T23:59:59+02:00,15,23,9161,9986,24944,30086,26924,32112,30871,41412,41160,49190,42375,52460,37946,51761,9603,18968,2879,2576,6694,8398,6312,9696,6802,13087,8897,13338,11042,13758,24920,33096,7850,15586,330840,155128,46674,27317,131071,2117,284,128,86
2021-05-05T23:59:59+02:00,15,22,8787,9783,24061,29486,26069,31459,29785,40624,39180,47370,41927,51911,37738,51477,9546,18855,2835,2543,6574,8268,6211,9581,6701,12941,8650,13078,10326,12923,23902,31770,7820,15514,322988,151214,45822,26428,128955,1710,202,128,84
2021-05-04T23:59:59+02:00,15,21,8544,9543,23278,28839,25093,30719,28713,39785,37654,45903,41453,51324,37461,51131,9495,18732,2792,2520,6502,8195,6126,9511,6624,12854,8413,12856,9591,12058,22952,30520,7786,15451,316308,147449,44851,25623,126318,1498,99,127,83
2021-05-03T23:59:59+02:00,15,20,8333,9329,22580,28257,24258,30117,27803,39086,36694,45151,41105,50853,37244,50839,9443,18630,2743,2486,6431,8118,6045,9443,6534,12771,8185,12640,8832,11157,22031,29299,7755,15400,311434,143677,44075,24798,124065,1255,60,123,81
2021-05-02T23:59:59+02:00,15,20,8167,9165,21945,27679,23524,29526,26985,38467,35878,44513,40847,50524,37130,50652,9408,18573,2706,2462,6389,8078,6007,9408,6493,12729,8003,12466,8229,10415,21319,28426,7734,15381,306613,140472,43309,24521,122926,1123,52,118,78
2021-05-01T23:59:59+02:00,14,20,8011,8978,21570,27226,23045,28958,26338,37749,35049,43618,40580,50147,37031,50498,9402,18556,2700,2454,6364,8068,5991,9399,6475,12716,7987,12449,8192,10351,21280,28369,7730,15377,300493,140180,43307,24513,122821,1081,51,118,78
2021-04-30T23:59:59+02:00,14,19,7860,8798,21182,26801,22595,28387,25582,36961,34030,42647,40348,49826,36933,50344,9390,18533,2678,2440,6340,8050,5969,9381,6446,12695,7955,12416,8152,10282,21230,28287,7727,15367,294152,139870,43299,24438,122638,987,44,117,77
2021-04-29T23:59:59+02:00,13,19,7582,8555,20587,26221,21926,27705,24651,35996,32752,41306,39302,48422,36616,49871,9332,18404,2643,2405,6249,7940,5880,9280,6352,12555,7750,12141,7525,9553,20820,27770,7703,15292,285385,137793,42513,23206,121206,741,44,112,75
2021-04-28T23:59:59+02:00,12,18,7300,8339,20066,25755,21287,27111,23767,35147,31347,39854,38135,46829,36274,49377,9270,18263,2571,2357,6134,7819,5769,9149,6249,12399,7529,11865,6832,8704,20403,27188,7663,15221,276699,135321,41734,21902,119566,513,44,108,73
2021-04-27T23:59:59+02:00,11,18,7110,8159,19638,25326,20664,26574,22907,34363,30126,38526,37042,45381,35892,48808,9200,18136,2545,2332,6033,7722,5716,9050,6183,12274,7314,11670,6226,7966,20000,26688,7643,15198,268854,133223,40866,20956,118009,266,44,108,72
2021-04-26T23:59:59+02:00,10,18,6928,7992,19216,24906,20116,26050,22096,33606,28910,37285,35982,43958,35585,48321,9149,18008,2532,2321,5987,7679,5671,9011,6145,12229,7126,11508,5613,7230,19625,26243,7620,15170,261143,131255,40041,20110,116805,234,40,107,72
2021-04-25T23:59:59+02:00,10,17,6822,7855,18881,24634,19735,25709,21483,32981,27919,36324,34846,42525,35267,47891,9107,17926,2518,2313,5969,7653,5651,8992,6125,12203,7088,11481,5485,7046,19288,25778,7604,15125,253919,130621,39325,19366,116544,223,39,105,71
2021-04-24T23:59:59+02:00,10,17,6657,7676,18439,24207,19183,25172,20696,32178,26832,35270,34595,42212,35174,47726,9097,17914,2514,2306,5957,7643,5640,8982,6120,12199,7078,11474,5410,6934,19191,25636,7601,15117,247946,130162,39320,19326,115645,206,39,105,70
2021-04-23T23:59:59+02:00,10,17,6428,7474,17990,23729,18616,24557,19867,31361,25666,34069,33813,41040,35030,47493,9083,17891,2508,2287,5930,7621,5603,8943,6075,12153,7032,11422,5246,6654,18651,25004,7501,14946,240343,128308,38990,18977,114658,184,39,104,69
2021-04-22T23:59:59+02:00,9,16,6212,7265,17383,23145,17824,23779,18814,30334,24339,32629,32773,39685,34785,47134,9043,17812,2492,2271,5884,7569,5553,8859,5996,12074,6956,11351,4959,6232,17933,24127,7380,14749,231289,126124,38067,18007,113485,149,39,101,67
2021-04-21T23:59:59+02:00,9,15,6009,7082,16853,22675,17164,23174,17822,29433,22785,31035,31765,38445,34487,46691,8994,17723,2468,2254,5840,7511,5493,8784,5930,11972,6860,11271,4797,5958,17232,23274,7264,14568,222380,124020,37291,17236,112351,117,39,100,65
2021-04-20T23:59:59+02:00,8,14,5823,6885,16289,22201,16413,22519,16823,28428,21309,29562,30611,36949,34169,46245,8940,17624,2454,2240,5791,7472,5452,8738,5881,11903,6782,11207,4680,5800,16630,22498,7138,14388,213333,122329,36403,16519,110939,109,38,99,60
2021-04-19T23:59:59+02:00,8,14,5636,6725,15755,21773,15737,21966,15825,27551,19915,28160,29222,35302,33850,45760,8880,17505,2443,2223,5767,7439,5416,8704,5842,11857,6701,11130,4551,5639,15982,21780,7030,14226,204598,120675,35623,15852,109231,106,38,94,60
2021-04-18T23:59:59+02:00,7,14,5446,6584,15322,21449,15118,21402,14851,26756,18577,27020,27829,33650,33516,45335,8818,17415,2393,2176,5636,7312,5301,8592,5736,11706,6595,11012,4431,5453,15392,21114,6914,14044,196031,119027,34789,14582,108159,102,38,92,59
2021-04-17T23:59:59+02:00,7,13,5408,6548,15169,21373,14945,21316,14614,26577,18322,26799,27322,33104,33391,45187,8809,17400,2366,2137,5535,7158,5196,8435,5636,11519,6507,10881,4378,5389,15146,20820,6904,14030,194808,117269,34784,14578,106582,94,38,92,59
2021-04-16T23:59:59+02:00,7,13,5343,6493,14990,21223,14731,21155,14327,26331,17902,26388,26276,31873,33255,44979,8788,17377,2321,2086,5421,6971,5058,8254,5485,11276,6308,10660,4176,5154,14495,20024,6807,13883,191446,114018,34497,14178,105378,87,38,92,59
2021-04-15T23:59:59+02:00,6,12,5271,6414,14776,21012,14464,20868,13897,25981,17262,25759,24905,30254,32995,44653,8752,17295,2249,2001,5224,6736,4861,7936,5279,10956,6093,10374,3974,4901,13662,18939,6693,13716,186865,110188,33686,13233,103896,78,38,91,58
2021-04-14T23:59:59+02:00,6,12,5189,6345,14572,20812,14208,20644,13511,25645,16593,25136,23321,28466,32682,44252,8697,17201,2057,1881,5005,6475,4675,7686,5052,10707,5856,10086,3839,4695,12927,18020,6565,13502,182249,107085,32813,11777,102103,72,38,89,57
2021-04-13T23:59:59+02:00,6,12,5135,6295,14366,20682,13968,20462,13167,25346,16022,24631,21606,26609,32362,43836,8667,17093,1970,1828,4838,6284,4490,7462,4852,10451,5650,9847,3697,4526,12407,17404,6440,13339,177997,104670,31937,10659,100205,62,38,88,57
2021-04-12T23:59:59+02:00,6,11,5072,6227,14147,20488,13663,20199,12777,24929,15440,24079,19996,24664,32070,43474,8625,17018,1842,1734,4655,6125,4338,7286,4690,10258,5514,9688,3578,4372,11972,16893,6328,13177,173608,102982,30883,9317,98270,60,38,86,54
2021-04-11T23:59:59+02:00,6,11,5001,6152,13925,20290,13366,19986,12359,24575,14871,23566,18485,22884,31809,43131,8580,16936,1804,1697,4535,6012,4227,7162,4567,10127,5378,9557,3462,4252,11480,16281,6195,12969,169305,101223,29923,8338,96586,58,36,83,51
2021-04-10T23:59:59+02:00,6,11,4996,6143,13907,20275,13357,19975,12341,24557,14845,23544,17793,21959,31517,42712,8562,16909,1800,1683,4520,6002,4212,7147,4554,10113,5325,9490,3357,4137,10925,15449,6065,12771,168226,99073,29896,8338,95171,56,33,83,51
2021-04-09T23:59:59+02:00,6,11,4982,6123,13867,20227,13310,19923,12292,24498,14581,23290,16269,20067,31110,42065,8528,16866,1775,1668,4497,5986,4184,7120,4510,10075,5287,9441,3270,4016,10056,14461,5916,12573,165585,96614,29557,8089,92761,54,31,81,48
2021-04-08T23:59:59+02:00,6,11,4937,6096,13766,20153,13229,19841,12191,24394,14240,22928,14494,17846,30487,41057,8465,16742,1752,1653,4467,5933,4132,7035,4445,9995,5215,9364,3160,3912,9578,13853,5709,12326,161724,94754,28524,7654,90533,53,24,78,45
2021-04-07T23:59:59+02:00,6,11,4906,6065,13655,20069,13134,19753,12082,24286,13857,22563,12970,15987,29844,40075,8411,16641,1733,1639,4413,5864,4045,6962,4356,9911,5126,9264,3069,3817,8817,12755,5469,11918,157258,92172,27645,6876,89313,46,22,77,43
2021-04-06T23:59:59+02:00,6,11,4875,6042,13556,20002,13051,19695,12007,24223,13480,22213,11330,13978,29184,39103,8379,16570,1670,1584,4282,5735,3936,6839,4236,9761,5022,9133,2953,3697,8109,11821,5195,11552,153243,89778,26767,5640,87600,45,20,75,43
2021-04-05T23:59:59+02:00,6,10,4837,6012,13480,19935,12982,19627,11951,24143,13206,21960,9714,12026,28455,38049,8343,16507,1599,1517,4127,5583,3768,6684,4082,9610,4867,9003,2822,3580,7294,10852,4923,11160,150027,87395,25749,3973,85375,42,19,73,43
2021-04-04T23:59:59+02:00,6,10,4820,5995,13469,19912,12972,19609,11944,24124,13107,21888,8686,10763,28003,37409,8318,16451,1597,1514,4119,5577,3767,6679,4077,9606,4865,8994,2817,3570,7057,10384,4839,11035,148288,86432,25745,3973,83364,36,17,72,40
2021-04-03T23:59:59+02:00,6,10,4817,5984,13452,19893,12960,19599,11934,24113,13093,21871,7778,9695,27121,36165,8268,16339,1593,1510,4117,5572,3765,6676,4069,9594,4851,8980,2810,3557,6918,10118,4800,10953,145812,85820,25736,3973,81463,35,16,71,40
2021-04-02T23:59:59+02:00,6,10,4812,5964,13416,19866,12922,19556,11888,24064,13020,21805,7264,8945,25531,34061,8122,16068,1583,1494,4091,5548,3739,6636,4033,9533,4730,8695,2682,3400,6542,9719,4650,10747,141346,83990,25395,3744,80494,35,14,71,40
2021-04-01T23:59:59+02:00,5,9,4762,5904,13322,19722,12804,19406,11739,23910,12421,21361,6699,8234,24021,32087,7994,15826,1519,1446,3979,5428,3673,6564,3965,9466,4651,8590,2585,3258,6027,9036,4472,10470,137140,81712,24254,3336,78750,31,13,69,38
2021-03-31T23:59:59+02:00,5,9,4711,5847,13198,19567,12670,19251,11550,23729,12159,21099,6376,7859,22537,30131,7841,15596,1506,1435,3954,5405,3640,6536,3926,9419,4611,8535,2521,3182,5537,8388,4293,10230,133193,79922,23160,3119,77703,31,10,69,37
2021-03-30T23:59:59+02:00,5,9,4646,5779,13060,19418,12559,19070,11420,23564,11991,20961,6185,7641,21144,28398,7696,15391,1489,1399,3913,5372,3575,6464,3837,9306,4479,8365,2384,2978,5113,7829,4147,9973,129821,77687,22231,2876,76812,19,6,67,36
2021-03-29T23:59:59+02:00,5,9,4606,5737,12941,19324,12493,18985,11339,23457,11839,20827,6026,7442,19716,26708,7569,15188,1429,1358,3858,5325,3501,6395,3718,9162,4325,8173,2261,2838,4546,7156,3990,9696,126216,75013,21364,2662,76559,18,5,67,34
2021-03-28T23:59:59+02:00,5,9,4558,5668,12819,19183,12407,18893,11237,23357,11732,20723,5874,7236,18531,25199,7449,14990,1396,1315,3759,5217,3307,6168,3630,9045,4274,8117,2208,2774,3788,6140,3805,9426,123205,71956,20567,2366,76029,11,5,64,32
2021-03-27T23:59:59+01:00,5,9,4525,5618,12710,19019,12291,18731,11121,23153,11623,20573,5807,7151,18241,24851,7438,14972,1390,1312,3754,5213,3304,6161,3343,8696,4074,7818,2202,2771,3775,6105,3768,9361,121360,70640,20527,2366,75883,7,5,63,30
2021-03-26T23:59:59+01:00,5,8,4489,5561,12598,18829,12157,18531,10969,22923,11464,20362,5642,6936,17631,24057,7339,14820,1388,1311,3749,5206,3281,6145,3324,8676,3862,7368,2023,2364,3511,5819,3615,9122,118261,68365,20186,2359,75807,7,4,63,30
2021-03-25T23:59:59+01:00,5,8,4413,5469,12400,18589,11956,18207,10759,22595,11224,20035,5427,6649,16598,22750,7212,14629,1379,1300,3729,5180,3247,6118,3272,8638,3815,7325,1952,2251,3075,5136,3452,8813,114284,66385,19113,2259,75462,5,4,62,30
2021-03-24T23:59:59+01:00,5,8,4332,5357,12179,18138,11737,17795,10536,22203,10991,19662,5157,6303,15552,21532,7070,14401,1356,1286,3705,5136,3211,6053,3218,8567,3763,7252,1898,2194,2765,4800,3301,8539,111164,64990,18022,2018,73706,4,4,62,29
2021-03-23T23:59:59+01:00,5,8,4275,5288,12011,17794,11537,17442,10345,21836,10766,19371,5018,6104,14910,20715,6930,14226,1340,1278,3689,5116,3190,6035,3192,8516,3724,7209,1860,2135,2533,4526,3089,8211,108787,63631,17290,1976,72438,4,4,62,29
2021-03-22T23:59:59+01:00,5,8,4223,5210,11812,17461,11348,17118,10121,21511,10550,19067,4867,5895,14287,19999,6797,14043,1327,1268,3658,5083,3158,5998,3165,8459,3687,7164,1815,2081,2336,4272,2891,7873,106921,62366,16570,1835,70768,3,4,59,28
2021-03-21T23:59:59+01:00,5,8,4151,5086,11534,17044,11065,16714,9849,21054,10293,18713,4754,5724,13590,19208,6653,13836,1319,1267,3641,5067,3136,5965,3142,8432,3668,7140,1795,2051,2167,4108,2719,7601,105034,61357,15268,1830,68916,3,4,59,25
2021-03-20T23:59:59+01:00,4,8,4123,5016,11392,16713,10942,16400,9709,20757,10117,18430,4626,5564,12962,18263,6513,13618,1318,1266,3641,5065,3133,5964,3139,8427,3662,7135,1791,2046,2135,4046,2694,7558,102839,61159,15263,1830,66992,3,4,59,25
2021-03-19T23:59:59+01:00,4,7,4078,4934,11224,16350,10758,16048,9534,20376,9897,18070,4467,5365,11933,17057,6350,13407,1309,1259,3624,5036,3103,5886,3093,8333,3558,6959,1665,1934,2059,3981,2581,7350,100132,59873,14851,1826,64816,3,4,56,25
2021-03-18T23:59:59+01:00,4,7,3992,4830,10975,15927,10493,15603,9252,19909,9672,17726,4320,5199,11306,16186,6119,13141,1305,1248,3607,5001,3083,5842,3072,8277,3531,6910,1645,1901,2023,3914,2455,7138,98322,59188,13842,1734,62438,3,4,55,24
2021-03-17T23:59:59+01:00,4,7,3816,4715,10678,15515,10233,15246,9008,19546,9417,17376,4199,5032,10488,14947,5856,12715,1304,1245,3594,4983,3076,5822,3062,8243,3514,6886,1642,1877,1999,3884,2343,6953,95667,58677,12294,1720,60778,3,4,55,24
2021-03-16T23:59:59+01:00,4,7,3673,4591,10341,15052,9964,14877,8733,19100,9119,17010,4059,4865,9665,13818,5575,12356,1291,1242,3590,4976,3066,5817,3056,8231,3506,6872,1616,1852,1960,3833,2222,6771,93333,58230,11100,1642,58318,3,3,55,24
2021-03-15T23:59:59+01:00,4,7,3526,4472,10031,14589,9672,14422,8435,18625,8831,16599,3913,4696,8949,12750,5347,12030,1281,1234,3569,4964,3054,5793,3034,8192,3486,6830,1601,1839,1941,3801,2105,6582,91358,57638,9737,1640,55751,3,2,50,24
2021-03-14T23:59:59+01:00,4,7,3453,4385,9772,14158,9420,14024,8117,18131,8549,16205,3751,4509,8140,11509,5036,11565,1267,1228,3548,4946,3033,5751,3012,8112,3458,6762,1574,1785,1880,3673,1936,6183,89028,57104,8715,1018,52945,3,0,47,24
2021-03-13T23:59:59+01:00,4,7,3371,4128,9457,13492,9170,13445,7889,17547,8340,15766,3640,4405,7947,11214,4984,11473,1267,1228,3548,4946,3032,5750,3011,8111,3455,6760,1570,1784,1878,3669,1935,6182,88359,57083,8715,1018,49158,3,0,47,23
2021-03-12T23:59:59+01:00,4,7,3308,3986,9209,12954,8931,12920,7655,16910,7982,15015,3477,4234,7560,10805,4843,11284,1263,1225,3543,4932,3029,5746,3004,8103,3451,6754,1543,1755,1857,3653,1837,6001,86576,56654,8463,1017,45998,3,0,47,23
2021-03-11T23:59:59+01:00,4,7,3154,3712,8826,12202,8627,12249,7321,16122,7635,14365,3316,4027,6997,10082,4648,10975,1245,1214,3511,4889,2984,5669,2969,7979,3399,6656,1498,1702,1773,3448,1633,5466,84112,55897,8004,116,42112,2,0,41,21
2021-03-10T23:59:59+01:00,4,7,3087,3605,8336,11698,7948,11771,7001,15628,7335,13772,3157,3867,6427,9384,4470,10697,1234,1200,3481,4832,2952,5592,2933,7840,3345,6533,1456,1659,1711,3349,1511,5177,82261,54694,7448,93,38445,0,0,40,19
2021-03-09T23:59:59+01:00,4,6,2980,3425,7660,11256,7068,11294,6585,15016,6970,13166,2922,3569,5914,8745,4312,10413,1229,1197,3458,4785,2925,5527,2917,7788,3327,6487,1442,1635,1675,3306,1399,4972,79943,53995,6083,58,35239,0,0,40,17
2021-03-08T23:59:59+01:00,4,6,2806,3188,7025,10715,6258,10815,6183,14495,6573,12596,2713,3360,5306,8008,4162,10142,1223,1190,3436,4721,2900,5450,2878,7693,3295,6412,1435,1626,1672,3298,1394,4969,77115,53520,4943,56,32259,0,0,38,17
2021-03-07T23:59:59+01:00,4,6,2693,3055,6696,10220,5849,10273,5887,14048,6329,12204,2613,3268,4542,6946,3945,9857,1219,1187,3433,4716,2895,5438,2874,7676,3287,6398,1429,1612,1649,3257,1377,4925,73856,53303,4110,53,30435,0,0,34,17
2021-03-06T23:59:59+01:00,4,6,2649,2912,6511,9772,5652,9859,5411,13190,5952,11466,2591,3240,4536,6935,3942,9854,1219,1186,3430,4710,2893,5437,2873,7675,3286,6395,1428,1609,1649,3255,1376,4925,72625,53278,4110,53,27715,0,0,32,16
2021-03-05T23:59:59+01:00,4,6,2553,2655,6298,9196,5438,9467,5234,12624,5573,10483,2362,2772,4156,6552,3803,9633,1206,1183,3414,4694,2888,5424,2864,7657,3274,6376,1414,1601,1648,3251,1371,4921,70285,53120,3875,53,24617,0,0,32,14
2021-03-04T23:59:59+01:00,4,6,2475,2448,6085,8761,5279,9127,5052,12201,5396,10105,2267,2602,3598,5727,3632,9285,1194,1167,3371,4595,2855,5356,2832,7560,3243,6301,1395,1593,1634,3237,1361,4910,68213,52542,3430,52,22375,0,0,32,11
2021-03-03T23:59:59+01:00,3,6,2418,2393,5914,8350,5110,8763,4837,11750,5207,9660,2184,2496,3189,5285,3472,8989,1173,1158,3336,4549,2818,5290,2791,7461,3194,6225,1375,1567,1614,3206,1355,4892,66776,51947,3185,48,20034,0,0,31,10
2021-03-02T23:59:59+01:00,3,6,2362,2299,5757,8018,4952,8508,4671,11350,5044,9340,2114,2405,2883,4926,3254,8662,1168,1148,3318,4528,2803,5263,2774,7412,3186,6197,1370,1557,1596,3186,1352,4887,65402,51689,2924,47,18197,0,0,31,10
2021-03-01T23:59:59+01:00,3,6,2335,2268,5650,7801,4853,8363,4586,11197,4942,9165,2057,2328,2584,4603,3063,8342,1162,1145,3304,4510,2791,5234,2757,7366,3172,6169,1364,1554,1589,3176,1349,4881,64125,51467,2701,47,17291,0,0,29,10
2021-02-28T23:59:59+01:00,2,6,2282,2224,5469,7541,4678,8143,4449,11011,4831,9035,2017,2263,2286,4301,2859,8026,1153,1139,3290,4500,2784,5227,2752,7352,3165,6155,1359,1551,1581,3156,1348,4848,62996,51305,2397,47,16001,0,0,29,9
2021-02-27T23:59:59+01:00,2,6,2194,1913,5297,7117,4579,7834,4367,10663,4758,8785,1989,2202,2256,4255,2837,7975,1149,1135,3288,4498,2779,5225,2748,7349,3160,6151,1358,1551,1580,3154,1347,4847,62759,51267,2397,44,13844,0,0,29,9
2021-02-26T23:59:59+01:00,2,6,2129,1836,5154,6881,4432,7575,4214,10396,4548,8501,1860,2094,2195,4215,2728,7792,1127,1122,3272,4463,2767,5185,2737,7297,3139,6097,1352,1540,1576,3146,1346,4845,61424,50960,2391,43,12714,0,0,29,9
2021-02-25T23:59:59+01:00,2,6,2000,1735,4831,6473,4004,7121,3930,9879,4315,8119,1801,2035,2164,4157,2612,7596,1109,1105,3232,4418,2736,5135,2691,7190,3100,6004,1341,1524,1559,3105,1332,4786,60943,50319,2285,41,9524,0,0,28,8
2021-02-24T23:59:59+01:00,2,6,1966,1669,4715,6259,3900,6908,3809,9637,4192,7959,1778,2002,2133,4114,2497,7395,1096,1100,3202,4356,2701,5071,2665,7105,3071,5933,1325,1507,1534,3055,1320,4717,60390,49723,2041,29,8482,0,0,28,7
2021-02-23T23:59:59+01:00,2,6,1739,1524,4343,5772,3618,6521,3590,9257,4036,7676,1748,1970,2088,4066,2383,7209,1077,1087,3166,4329,2673,5013,2640,7029,3035,5874,1305,1487,1507,3020,1310,4662,59926,49193,1994,15,5600,0,0,28,7
2021-02-22T23:59:59+01:00,2,6,1730,1506,4293,5713,3582,6457,3523,9162,3975,7580,1713,1943,2062,4015,2263,7011,1072,1073,3145,4283,2653,4974,2615,6969,3006,5821,1293,1473,1496,3009,1302,4653,59378,48822,1852,9,5278,0,0,28,7
2021-02-21T23:59:59+01:00,2,6,1718,1501,4263,5679,3538,6420,3483,9108,3931,7530,1703,1935,2057,4005,2139,6844,1065,1062,3124,4243,2624,4924,2600,6901,2978,5733,1280,1457,1473,2948,1274,4571,59024,48243,1846,8,4965,0,0,27,7
2021-02-20T23:59:59+01:00,2,6,1715,1500,4256,5676,3535,6418,3483,9106,3928,7529,1698,1933,2055,4001,2138,6844,1065,1062,3122,4241,2624,4924,2599,6900,2978,5733,1280,1456,1472,2948,1274,4571,59005,48235,1846,8,4946,0,0,26,7
2021-02-19T23:59:59+01:00,2,6,1689,1493,4242,5657,3524,6405,3472,9096,3919,7514,1671,1904,2034,3983,2037,6661,1064,1061,3121,4240,2623,4923,2599,6897,2975,5731,1280,1455,1472,2946,1274,4571,58581,48219,1840,8,4863,0,0,25,6
2021-02-18T23:59:59+01:00,2,6,1639,1461,4147,5546,3452,6301,3385,8931,3833,7373,1651,1884,2006,3922,1905,6464,1018,1019,2980,4021,2496,4654,2489,6558,2866,5466,1247,1412,1440,2859,1245,4418,57923,46176,1792,8,4168,0,0,25,5
2021-02-17T23:59:59+01:00,2,5,1617,1431,4050,5397,3369,6148,3266,8696,3707,7171,1597,1813,1928,3816,1779,6146,960,970,2831,3799,2380,4343,2365,6147,2737,5154,1195,1349,1392,2746,1195,4242,56678,43793,1782,7,3455,0,0,23,5
2021-02-16T23:59:59+01:00,2,5,1541,1363,3890,5205,3235,5966,3158,8463,3585,7005,1574,1789,1893,3787,1657,5934,873,939,2699,3644,2283,4132,2239,5825,2607,4903,1139,1256,1245,2441,929,3611,55980,40756,1766,4,2285,0,0,21,5
2021-02-15T23:59:59+01:00,2,5,1524,1344,3841,5119,3175,5880,3101,8349,3519,6900,1562,1775,1878,3764,1648,5911,837,916,2618,3515,2208,3953,2158,5547,2519,4693,1094,1191,1152,2262,858,3381,55511,38896,1763,2,2003,0,0,20,4
2021-02-14T23:59:59+01:00,2,5,1458,1316,3760,5045,3132,5774,3046,8195,3476,6791,1542,1743,1824,3633,1589,5653,828,910,2568,3447,2169,3885,2104,5428,2453,4587,1066,1152,1062,2085,783,3132,55269,37654,1135,2,1560,0,0,20,3
2021-02-13T23:59:59+01:00,2,5,1455,1315,3752,5039,3125,5773,3043,8193,3473,6789,1541,1739,1824,3631,1587,5653,828,910,2568,3447,2169,3884,2102,5427,2452,4587,1064,1151,1061,2085,783,3132,55248,37649,1134,0,1537,0,0,20,1
2021-02-12T23:59:59+01:00,2,4,1417,1297,3715,5006,3102,5753,3021,8161,3454,6744,1525,1729,1815,3614,1578,5632,820,903,2535,3393,2134,3839,2072,5374,2434,4556,1063,1150,1060,2084,782,3130,55023,37328,1132,0,1395,0,0,19,1
2021-02-11T23:59:59+01:00,2,4,1367,1251,3602,4833,3010,5579,2923,7851,3355,6532,1466,1670,1743,3430,1486,5285,781,839,2282,2947,1906,3366,1839,4626,2163,4025,973,1078,964,1885,723,2847,54382,33244,138,0,852,0,0,17,0
2021-02-10T23:59:59+01:00,2,4,1342,1227,3540,4730,2946,5474,2881,7701,3301,6399,1447,1653,1715,3392,1472,5245,700,781,1991,2537,1693,2921,1602,4017,1905,3565,861,931,793,1505,579,2323,53729,28704,136,0,590,0,0,16,0
2021-02-09T23:59:59+01:00,2,3,1329,1209,3484,4661,2917,5405,2860,7608,3264,6330,1439,1637,1687,3369,1462,5232,650,701,1726,2186,1501,2534,1417,3517,1734,3203,829,898,768,1428,557,2207,53416,25856,131,0,335,0,0,16,0
2021-02-08T23:59:59+01:00,2,3,1316,1205,3455,4631,2898,5366,2838,7557,3245,6301,1427,1630,1677,3343,1460,5213,635,666,1575,1950,1360,2277,1285,3209,1576,2940,789,878,720,1321,524,2032,53116,23737,105,0,332,0,0,14,0
2021-02-07T23:59:59+01:00,2,3,1182,1162,3351,4576,2844,5323,2811,7519,3220,6263,1417,1613,1668,3320,1453,5180,488,520,1309,1592,1118,1829,1074,2618,1348,2418,685,750,638,1159,477,1802,52820,19825,77,0,0,0,0,10,0
2021-02-06T23:59:59+01:00,2,3,1178,1160,3349,4574,2840,5321,2804,7516,3216,6260,1416,1611,1667,3317,1452,5179,365,371,1109,1344,982,1525,934,2211,1182,2002,598,654,611,1141,475,1799,52778,17303,77,0,0,0,0,10,0
2021-02-05T23:59:59+01:00,2,2,1166,1149,3334,4552,2833,5294,2794,7474,3198,6214,1410,1603,1664,3311,1451,5179,264,210,926,1027,836,1155,759,1762,1008,1591,483,549,585,1121,472,1795,52543,14543,77,0,0,0,0,10,0
2021-02-04T23:59:59+01:00,2,2,1150,1131,3288,4501,2793,5219,2752,7344,3150,6130,1396,1588,1650,3277,1441,5151,137,84,624,657,546,738,520,1156,668,994,303,368,480,974,427,1631,51901,10307,54,0,0,0,0,10,0
2021-02-03T23:59:59+01:00,2,2,1128,1125,3261,4456,2764,5179,2729,7293,3120,6074,1386,1577,1624,3236,1433,5099,117,68,494,509,415,596,417,913,512,747,250,288,375,759,330,1269,51430,8059,49,0,0,0,0,9,0
2021-02-02T23:59:59+01:00,2,2,1106,1111,3225,4425,2733,5126,2704,7219,3085,6011,1362,1549,1588,3180,1407,5002,108,59,412,412,343,518,367,823,459,665,230,265,329,686,302,1134,50780,7112,48,0,0,0,0,9,0
2021-02-01T23:59:59+01:00,2,2,1090,1100,3207,4372,2704,5065,2673,7092,3055,5916,1342,1520,1561,3142,1390,4937,80,44,311,308,252,392,275,617,328,500,192,216,258,546,234,887,50114,5440,48,0,0,0,0,8,0
2021-01-31T23:59:59+01:00,2,2,1084,1089,3192,4342,2680,5021,2657,7037,3042,5871,1330,1503,1538,3076,1363,4851,70,42,285,284,227,345,253,573,298,460,171,197,213,446,192,718,49624,4774,48,0,0,0,0,8,0
2021-01-30T23:59:59+01:00,2,2,1083,1089,3189,4338,2679,5021,2656,7036,3042,5870,1330,1502,1537,3076,1363,4851,70,38,278,270,214,330,248,562,294,454,170,194,212,446,192,718,49613,4690,45,0,0,0,0,8,0
2021-01-29T23:59:59+01:00,2,2,1082,1088,3188,4334,2679,5019,2655,7034,3039,5868,1330,1502,1537,3075,1363,4851,64,34,260,256,191,310,232,545,283,446,164,190,208,440,191,716,49595,4530,45,0,0,0,0,8,0
2021-01-28T23:59:59+01:00,2,2,1061,1069,3119,4232,2625,4910,2597,6878,2972,5737,1314,1480,1521,3007,1340,4727,54,18,164,153,127,187,163,360,208,282,131,147,162,277,114,427,48545,2974,42,0,0,0,0,6,0
2021-01-27T23:59:59+01:00,2,2,1015,1030,3037,4090,2544,4731,2503,6596,2888,5536,1281,1435,1480,2913,1303,4575,25,6,100,70,59,92,84,211,118,148,100,115,118,207,87,308,46923,1848,32,0,0,0,0,6,0
2021-01-26T23:59:59+01:00,1,2,938,1002,2920,3957,2465,4546,2421,6415,2818,5381,1255,1386,1390,2760,1079,4169,25,6,95,69,58,91,82,211,116,147,98,114,118,207,87,308,44879,1832,20,0,0,0,0,6,0
2021-01-25T23:59:59+01:00,1,2,920,985,2840,3829,2421,4399,2361,6220,2759,5231,1236,1364,1376,2733,1066,4133,25,6,94,69,56,89,82,211,116,145,98,113,118,207,87,308,43857,1824,14,0,0,0,0,5,0
2021-01-24T23:59:59+01:00,1,2,910,981,2820,3813,2411,4367,2335,6181,2726,5170,1223,1357,1367,2709,1052,4098,25,6,94,69,56,89,82,210,115,145,97,113,118,207,87,308,43508,1821,10,0,0,0,0,5,0
2021-01-23T23:59:59+01:00,1,2,910,981,2820,3812,2411,4367,2334,6180,2725,5170,1221,1356,1366,2709,1052,4098,25,6,94,69,56,89,82,210,115,145,97,113,118,207,87,306,43503,1819,9,0,0,0,0,3,0
2021-01-22T23:59:59+01:00,1,2,903,974,2789,3766,2376,4302,2302,6105,2704,5123,1219,1354,1365,2707,1051,4095,25,6,94,69,56,89,82,210,115,145,97,113,118,207,87,306,43128,1819,9,0,0,0,0,1,0
2021-01-21T23:59:59+01:00,1,2,888,907,2533,3354,2175,3887,2120,5494,2482,4638,1162,1307,1316,2582,1013,3932,21,6,83,63,52,73,69,170,95,134,87,98,99,154,73,235,39783,1512,9,0,0,0,0,1,0
2021-01-20T23:59:59+01:00,1,2,809,844,2221,2946,1967,3425,1888,4886,2226,4165,1048,1166,1146,2228,878,3406,21,6,83,63,52,72,68,170,94,134,87,98,99,154,71,235,35243,1507,9,0,0,0,0,0,0
2021-01-19T23:59:59+01:00,1,2,747,765,1927,2500,1727,2967,1654,4226,1983,3691,974,1069,1018,1939,772,3025,10,3,50,44,33,44,35,100,44,77,39,36,49,83,44,152,30980,843,7,0,0,0,0,0,0
2021-01-18T23:59:59+01:00,1,2,674,706,1698,2102,1488,2495,1409,3541,1730,3186,888,984,912,1724,716,2743,5,2,19,10,13,21,17,54,17,33,19,21,26,56,31,82,26995,426,4,0,0,0,0,0,0
2021-01-17T23:59:59+01:00,0,2,495,545,1382,1698,1210,1963,1154,2807,1449,2564,747,828,757,1431,593,2348,0,1,4,2,0,0,0,0,0,0,1,0,0,0,0,0,21970,8,3,0,0,0,0,0,0
2021-01-16T23:59:59+01:00,0,1,375,396,1200,1454,1090,1678,1014,2409,1292,2157,661,732,730,1414,591,2347,0,0,0,0,0,0,0,0,0,0,0,0,0,0,0,0,19539,0,2,0,0,0,0,0,0
2021-01-15T23:59:59+01:00,0,1,271,235,1017,1154,941,1332,846,1963,1114,1754,542,621,692,1379,578,2306,0,0,0,0,0,0,0,0,0,0,0,0,0,0,0,0,16745,0,1,0,0,0,0,0,0
2021-01-14T23:59:59+01:00,0,0,155,105,703,771,649,864,611,1307,751,1134,352,432,567,1191,518,2055,0,0,0,0,0,0,0,0,0,0,0,0,0,0,0,0,12165,0,0,0,0,0,0,0,0
2021-01-13T23:59:59+01:00,0,0,130,84,593,604,525,697,494,1050,594,869,296,356,478,1006,446,1750,0,0,0,0,0,0,0,0,0,0,0,0,0,0,0,0,9972,0,0,0,0,0,0,0,0
2021-01-12T23:59:59+01:00,0,0,120,68,510,517,448,596,429,920,523,764,261,307,390,809,372,1365,0,0,0,0,0,0,0,0,0,0,0,0,0,0,0,0,8399,0,0,0,0,0,0,0,0
2021-01-11T23:59:59+01:00,0,0,91,55,414,421,363,485,344,746,418,591,227,256,323,676,302,1152,0,0,0,0,0,0,0,0,0,0,0,0,0,0,0,0,6864,0,0,0,0,0,0,0,0
2021-01-10T23:59:59+01:00,0,0,76,47,350,348,296,403,291,649,348,523,199,225,259,537,241,896,0,0,0,0,0,0,0,0,0,0,0,0,0,0,0,0,5688,0,0,0,0,0,0,0,0
2021-01-09T23:59:59+01:00,0,0,76,45,335,327,272,381,283,633,340,516,198,224,258,535,241,896,0,0,0,0,0,0,0,0,0,0,0,0,0,0,0,0,5560,0,0,0,0,0,0,0,0
2021-01-08T23:59:59+01:00,0,0,71,37,301,294,227,340,255,590,313,477,180,204,233,475,220,793,0,0,0,0,0,0,0,0,0,0,0,0,0,0,0,0,5010,0,0,0,0,0,0,0,0
2021-01-07T23:59:59+01:00,0,0,57,25,210,196,159,241,196,424,243,340,150,165,178,310,146,507,0,0,0,0,0,0,0,0,0,0,0,0,0,0,0,0,3547,0,0,0,0,0,0,0,0
2021-01-06T23:59:59+01:00,0,0,45,15,162,117,112,160,145,297,178,241,118,133,136,243,103,362,0,0,0,0,0,0,0,0,0,0,0,0,0,0,0,0,2567,0,0,0,0,0,0,0,0
2021-01-05T23:59:59+01:00,0,0,28,7,97,70,59,93,87,214,117,149,108,124,127,224,102,336,0,0,0,0,0,0,0,0,0,0,0,0,0,0,0,0,1942,0,0,0,0,0,0,0,0
2021-01-04T23:59:59+01:00,0,0,26,7,97,69,56,90,87,214,117,147,108,122,127,224,102,336,0,0,0,0,0,0,0,0,0,0,0,0,0,0,0,0,1929,0,0,0,0,0,0,0,0
2021-01-03T23:59:59+01:00,0,0,26,7,97,69,56,90,87,213,116,147,107,122,127,224,102,336,0,0,0,0,0,0,0,0,0,0,0,0,0,0,0,0,1926,0,0,0,0,0,0,0,0
2021-01-02T23:59:59+01:00,0,0,26,7,97,69,56,90,87,213,115,147,107,122,127,224,102,335,0,0,0,0,0,0,0,0,0,0,0,0,0,0,0,0,1924,0,0,0,0,0,0,0,0
2021-01-01T23:59:59+01:00,0,0,26,7,97,69,56,90,87,213,114,146,107,122,127,224,102,335,0,0,0,0,0,0,0,0,0,0,0,0,0,0,0,0,1922,0,0,0,0,0,0,0,0
2020-12-31T23:59:59+01:00,0,0,26,7,97,69,56,90,87,213,113,146,107,122,127,224,102,335,0,0,0,0,0,0,0,0,0,0,0,0,0,0,0,0,1921,0,0,0,0,0,0,0,0
2020-12-30T23:59:59+01:00,0,0,26,7,97,69,55,90,86,213,113,146,107,122,127,224,101,335,0,0,0,0,0,0,0,0,0,0,0,0,0,0,0,0,1918,0,0,0,0,0,0,0,0
2020-12-29T23:59:59+01:00,0,0,14,2,65,52,33,60,50,138,64,88,53,53,72,135,63,227,0,0,0,0,0,0,0,0,0,0,0,0,0,0,0,0,1169,0,0,0,0,0,0,0,0
2020-12-28T23:59:59+01:00,0,0,5,2,36,24,20,30,21,67,25,41,23,22,27,51,34,82,0,0,0,0,0,0,0,0,0,0,0,0,0,0,0,0,510,0,0,0,0,0,0,0,0
2020-12-27T23:59:59+01:00,0,0,1,0,8,5,8,2,1,5,0,2,1,1,2,2,4,6,0,0,0,0,0,0,0,0,0,0,0,0,0,0,0,0,48,0,0,0,0,0,0,0,0
