Datum,<15_m,<15_w,15-24_1_m,15-24_1_w,25-34_1_m,25-34_1_w,35-44_1_m,35-44_1_w,45-54_1_m,45-54_1_w,55-64_1_m,55-64_1_w,65-74_1_m,65-74_1_w,75-84_1_m,75-84_1_w,>84_1_m,>84_1_w,<24_2_m,<24_2_w,25-34_2_m,25-34_2_w,35-44_2_m,35-44_2_w,45-54_2_m,45-54_2_w,55-64_2_m,55-64_2_w,65-74_2_m,65-74_2_w,75-84_2_m,75-84_2_w,>84_2_m,>84_2_w,bp_1,bp_2,mo_1,mo_2,az_1,az_2,ja,unb_1,unb_2
2021-08-10T23:59:59+02:00,6876,6581,54979,55639,97894,96072,90338,90004,88535,94221,89518,92048,54299,67543,43116,59757,10416,20978,44716,45518,87020,84638,80591,79607,80961,86264,83813,86592,51760,64371,41437,57209,9947,19821,760612,687386,131224,116723,158112,139281,68776,90,82
2021-08-09T23:59:59+02:00,6829,6528,54827,55481,97737,95935,90214,89880,88421,94136,89425,91990,54266,67503,43094,59733,10411,20970,44202,45000,86239,83985,79935,79042,80571,85930,83536,86371,51657,64245,41383,57118,9934,19787,759711,683742,131153,115667,158104,138958,68322,90,82
2021-08-08T23:59:59+02:00,6769,6464,54616,55303,97555,95761,90047,89726,88301,94027,89339,91922,54216,67463,43070,59702,10405,20950,43621,44419,85212,83088,79058,78247,80050,85466,83223,86082,51531,64099,41325,57033,9922,19762,758596,678816,131045,114490,158083,138656,67822,90,82
2021-08-07T23:59:59+02:00,6725,6418,54481,55181,97430,95654,89928,89628,88214,93969,89279,91885,54200,67439,43066,59692,10402,20946,42800,43553,84893,82762,78599,77814,79701,85119,83043,85945,51470,64018,41304,56998,9917,19753,757965,675185,130979,113349,158079,138549,67424,90,81
2021-08-06T23:59:59+02:00,6670,6369,54301,55041,97218,95481,89782,89502,88094,93862,89190,91818,54161,67412,43057,59669,10398,20943,41891,42681,84452,82324,78013,77264,79319,84745,82858,85799,51420,63954,41277,56968,9909,19743,757046,671291,130891,112085,158072,138415,66869,90,81
2021-08-05T23:59:59+02:00,6607,6304,54004,54816,96948,95236,89548,89302,87902,93685,89027,91693,54101,67326,43028,59618,10389,20924,40686,41544,83746,81668,77257,76483,78736,84192,82510,85499,51295,63798,41216,56870,9894,19711,755534,665832,130768,110474,158061,137881,66005,90,81
2021-08-04T23:59:59+02:00,6535,6257,53785,54650,96731,95041,89389,89150,87779,93558,88924,91608,54049,67277,42993,59575,10387,20914,40232,41074,82568,80638,75941,75349,78257,83754,82205,85259,51160,63661,41161,56789,9879,19686,754344,660722,130672,108974,158048,137428,65448,90,81
2021-08-03T23:59:59+02:00,6472,6196,53530,54463,96509,94852,89223,88997,87642,93414,88783,91487,53973,67196,42958,59517,10379,20906,39800,40670,81327,79507,74530,74160,77661,83191,81665,84772,50951,63459,41061,56634,9866,19651,753014,654978,130572,107273,158028,136725,64793,90,81
2021-08-02T23:59:59+02:00,6412,6133,53298,54271,96259,94648,89018,88832,87487,93277,88644,91377,53895,67129,42927,59469,10376,20886,39342,40207,80032,78409,72991,72952,77047,82627,81126,84298,50782,63261,40987,56516,9849,19618,751655,649000,130431,105515,158008,136127,64154,90,81
2021-08-01T23:59:59+02:00,6348,6049,53035,54013,96008,94390,88797,88665,87290,93136,88482,91269,53837,67047,42892,59419,10369,20879,38833,39720,78748,77334,71591,71857,76166,81879,80546,83842,50601,63025,40906,56413,9839,19594,750114,642889,130242,103622,157989,135522,63490,90,81
2021-07-31T23:59:59+02:00,6314,6012,52921,53924,95894,94299,88697,88596,87202,93067,88439,91234,53826,67038,42886,59415,10369,20878,37890,38717,78306,76894,71062,71307,75784,81550,80431,83746,50582,62991,40888,56402,9839,19591,749652,638266,130081,102749,157987,135426,63201,90,81
2021-07-30T23:59:59+02:00,6261,5979,52756,53791,95740,94131,88549,88453,87079,92956,88358,91165,53789,67008,42874,59397,10367,20876,36902,37679,77617,76257,70320,70580,75272,81028,80032,83425,50509,62903,40856,56342,9833,19580,748804,632159,129772,101617,157984,135219,62879,90,81
2021-07-29T23:59:59+02:00,6213,5922,52527,53614,95495,93908,88346,88248,86916,92789,88222,91045,53735,66945,42852,59365,10360,20858,35668,36473,76576,75387,69273,69629,74473,80287,79495,83005,50378,62741,40790,56248,9816,19553,747626,624488,129307,100068,157970,134663,62367,90,81
2021-07-28T23:59:59+02:00,6177,5870,52334,53453,95296,93709,88208,88072,86801,92650,88115,90955,53679,66875,42820,59317,10351,20829,35067,35897,75429,74419,68004,68524,73717,79577,79005,82552,50241,62541,40722,56146,9800,19516,746511,618224,128870,98660,157951,133887,62089,90,81
2021-07-27T23:59:59+02:00,6129,5831,52103,53234,95038,93505,88032,87889,86646,92501,87996,90857,53628,66806,42776,59256,10337,20781,34421,35175,73989,73192,66557,67314,72862,78729,78464,82045,50072,62333,40643,56026,9777,19473,745134,611049,128450,97213,157929,132655,61742,90,80
2021-07-26T23:59:59+02:00,6072,5781,51892,53034,94804,93317,87841,87726,86490,92367,87867,90761,53567,66726,42747,59202,10330,20760,33671,34379,72488,71866,65200,66082,71822,77751,77876,81519,49905,62121,40565,55881,9756,19429,743828,603080,128029,95682,157913,131599,61424,90,80
2021-07-25T23:59:59+02:00,6034,5739,51699,52844,94552,93095,87677,87546,86341,92239,87759,90667,53517,66663,42719,59158,10320,20725,32967,33642,71151,70669,64100,65073,70820,76844,77411,81074,49789,61938,40501,55794,9750,19395,742492,596185,127755,94117,157894,130809,61063,90,80
2021-07-24T23:59:59+02:00,5948,5684,51429,52559,94248,92786,87432,87334,86166,92084,87662,90588,53487,66629,42708,59135,10320,20719,32483,33173,70303,69986,63433,64522,69947,76148,77207,80922,49736,61896,40480,55769,9750,19393,740651,591846,127700,93189,157892,130686,60585,90,80
2021-07-23T23:59:59+02:00,5893,5629,51166,52294,93864,92515,87144,87120,85986,91905,87528,90493,53454,66582,42700,59117,10317,20713,31982,32562,69254,69148,62656,63861,69041,75305,76806,80597,49660,61798,40448,55732,9743,19379,738645,586323,127632,92030,157885,130511,60168,90,80
2021-07-22T23:59:59+02:00,5824,5565,50758,51903,93413,92080,86765,86799,85683,91613,87312,90314,53369,66490,42671,59059,10308,20688,31299,31861,67967,68166,61617,62988,67426,73959,76162,80093,49509,61594,40358,55622,9722,19341,735682,579991,127399,89282,157859,129750,59584,90,80
2021-07-21T23:59:59+02:00,5773,5515,50407,51535,92988,91677,86468,86508,85434,91374,87144,90134,53287,66409,42613,58993,10297,20661,30711,31242,66638,67132,60541,62097,65392,72278,75259,79351,49219,61286,40199,55434,9698,19286,732965,573761,127167,84993,157834,128667,59161,90,80
2021-07-20T23:59:59+02:00,5714,5453,50028,51152,92537,91220,86108,86189,85174,91128,86928,89941,53197,66277,42570,58936,10291,20636,30071,30618,65194,65964,59403,61145,64209,71220,74648,78799,49015,61054,40093,55277,9676,19225,730078,566779,126953,83339,157784,127647,58574,90,80
2021-07-19T23:59:59+02:00,5635,5379,49568,50704,92071,90756,85745,85864,84927,90916,86724,89766,53104,66160,42534,58858,10274,20600,29541,30061,64044,64916,58489,60282,63059,70187,74055,78286,48841,60860,40003,55135,9649,19180,726857,561053,126729,81545,157750,126464,58159,90,80
2021-07-18T23:59:59+02:00,5567,5312,48749,49903,91023,89734,85030,85260,84460,90497,86435,89477,53000,66013,42471,58762,10264,20569,28995,29484,62879,63854,57568,59371,61888,69162,73511,77789,48696,60700,39945,55052,9637,19152,720514,555260,126405,79526,157734,125666,57783,90,80
2021-07-17T23:59:59+02:00,5393,5126,48400,49575,90880,89601,84836,85101,84306,90362,86326,89394,52978,65987,42460,58750,10263,20566,28618,29117,62241,63261,57023,58945,61130,68428,73205,77548,48587,60582,39905,54994,9627,19141,719346,552277,126229,78560,157727,125048,56912,90,80
2021-07-16T23:59:59+02:00,5296,5035,48081,49295,90616,89383,84592,84900,84104,90178,86188,89285,52937,65956,42441,58736,10260,20561,28131,28629,61312,62354,56178,58261,60077,67393,72702,77131,48428,60395,39860,54926,9622,19132,717981,547360,126060,77241,157716,124309,55997,90,80
2021-07-15T23:59:59+02:00,5161,4906,47612,48894,90229,89017,84239,84524,83806,89903,85971,89120,52859,65866,42388,58668,10250,20535,27408,28022,60007,61307,55063,57282,58680,66094,71980,76550,48206,60137,39774,54800,9606,19077,715578,541625,125642,75059,157683,122656,54955,90,80
2021-07-14T23:59:59+02:00,5055,4793,47274,48522,89938,88734,83958,84217,83558,89668,85771,88965,52771,65758,42332,58580,10233,20505,26895,27484,58930,60320,54105,56449,57810,65251,71369,75969,47941,59859,39672,54627,9584,19033,713469,536289,125286,74145,157636,120974,54151,90,80
2021-07-13T23:59:59+02:00,4942,4676,46881,48151,89551,88380,83657,83916,83296,89416,85572,88803,52664,65656,42278,58517,10227,20486,26253,26835,57564,59143,52915,55468,56822,64342,70648,75334,47667,59539,39544,54451,9555,18983,711172,530005,124917,73047,157589,118945,53301,90,79
2021-07-12T23:59:59+02:00,4775,4507,46346,47646,89159,88048,83275,83604,83052,89167,85385,88645,52584,65563,42230,58453,10215,20471,25636,26196,56063,57799,51624,54415,55599,63207,69909,74717,47297,59112,39369,54230,9514,18918,708518,522771,124549,72021,157543,116608,52425,90,78
2021-07-11T23:59:59+02:00,4377,4139,45409,46731,88738,87621,82862,83221,82748,88882,85195,88501,52499,65473,42205,58398,10204,20454,25040,25636,54689,56544,50327,53378,54555,62176,69321,74170,46952,58730,39246,54054,9490,18876,704616,516175,124079,71015,157503,114824,51369,90,78
2021-07-10T23:59:59+02:00,4365,4124,45082,46398,88287,87141,82533,82913,82646,88784,85127,88443,52480,65450,42196,58384,10203,20450,24559,25110,53619,55613,49472,52797,53962,61610,69106,73984,46582,58313,39146,53951,9485,18867,703955,511908,123615,70932,157328,113507,50018,90,78
2021-07-09T23:59:59+02:00,4347,4111,44660,45968,87676,86593,82157,82575,82397,88599,85015,88350,52445,65421,42189,58371,10199,20441,23868,24341,52302,54378,48538,51915,53182,60759,68686,73586,46223,57907,39060,53862,9477,18855,702571,505763,123039,70528,157160,112163,48654,90,77
2021-07-08T23:59:59+02:00,4322,4084,44117,45489,86821,85893,81638,82069,82145,88360,84821,88197,52380,65354,42157,58325,10190,20424,22901,23426,50370,52826,47165,50767,52048,59639,68007,72956,45710,57354,38925,53700,9449,18786,700496,498097,122153,69265,156868,109632,47179,90,77
2021-07-07T23:59:59+02:00,4299,4057,43549,44921,85999,85134,81099,81595,81861,88069,84619,88037,52302,65256,42117,58263,10183,20404,22042,22539,48432,51157,45662,49633,50818,58465,67320,72426,44979,56617,38736,53463,9418,18728,698041,490008,121159,68154,156618,106537,45857,89,75
2021-07-06T23:59:59+02:00,4265,4037,43011,44407,85154,84409,80493,81006,81496,87741,84446,87863,52213,65174,42080,58200,10174,20379,21216,21691,46457,49372,44279,48382,49548,57126,66576,71707,44152,55848,38551,53224,9400,18672,695442,481077,120136,67076,156314,103583,44568,88,75
2021-07-05T23:59:59+02:00,4242,4001,41872,43440,83662,83327,79765,80397,81047,87323,84176,87605,52096,65037,42032,58122,10160,20352,20046,20651,44516,47783,43254,47420,48523,56170,65882,71090,43395,54988,38379,53001,9377,18633,692196,475135,119076,66209,155951,100499,41345,88,75
2021-07-04T23:59:59+02:00,4215,3980,40528,42253,82030,82018,79048,79789,80577,86899,83907,87410,52006,64911,41986,58071,10147,20323,18702,19445,42728,46271,42559,46682,47721,55313,65304,70522,42651,54143,38216,52811,9359,18586,689153,470512,117924,65282,155527,97883,37406,88,75
2021-07-03T23:59:59+02:00,3752,3563,38971,40726,81174,81365,78562,79298,80136,86421,83692,87241,51937,64810,41968,58019,10144,20317,17896,18757,41814,45581,42139,46301,47315,54917,65138,70357,42063,53415,38154,52711,9352,18576,685460,468579,116612,65184,155441,96292,34495,88,75
2021-07-02T23:59:59+02:00,3192,2992,37422,39247,80460,80637,77892,78595,79616,85914,83452,87041,51886,64723,41939,57971,10132,20304,17142,18048,40678,44627,41406,45611,46485,54135,64618,69911,41113,52209,38024,52522,9336,18557,680447,463549,115205,64725,155283,93806,32392,88,72
2021-07-01T23:59:59+02:00,2547,2448,35712,37602,79494,79785,77061,77768,78910,85276,83136,86762,51765,64566,41877,57867,10113,20276,16280,17156,39149,43396,40193,44548,45181,53010,63882,69340,40226,51076,37874,52315,9319,18525,674174,457218,113498,63079,155055,91048,30150,88,72
2021-06-30T23:59:59+02:00,2506,2417,34709,36602,77671,78285,75353,76265,78252,84727,82853,86469,51634,64405,41817,57773,10101,20249,15260,16195,37469,42171,38996,43434,44022,51956,63130,68713,39684,50396,37759,52120,9297,18490,668332,451115,111763,61741,154836,89173,27069,88,71
2021-06-29T23:59:59+02:00,2473,2385,33881,35723,76073,76802,73738,74848,77465,84012,82310,85982,51453,64186,41742,57642,10084,20213,14432,15300,36157,41030,38077,42613,42798,50907,62419,68130,38979,49463,37623,51903,9276,18447,662025,445966,109894,59903,154564,87229,24441,88,70
2021-06-28T23:59:59+02:00,2433,2351,33078,34931,74458,75394,72060,73449,76443,83227,81705,85484,51274,63958,41665,57535,10071,20179,13692,14557,35105,40017,37253,41885,41678,49916,61772,67588,38107,48379,37456,51683,9256,18400,655591,441167,107928,58393,153970,85038,22118,88,69
2021-06-27T23:59:59+02:00,2419,2336,32348,34193,72890,74026,70657,72245,75048,82108,81032,84935,51074,63742,41600,57419,10061,20150,13063,13931,34148,39267,36600,41283,40747,49069,61235,67145,37249,47353,37304,51506,9241,18369,649419,437296,105990,57630,153018,82783,19768,88,69
2021-06-26T23:59:59+02:00,1787,1729,31319,33099,72539,73709,70190,71780,74754,81797,80936,84851,51052,63714,41586,57408,10060,20147,12873,13725,33489,38727,35961,40865,40229,48733,60242,66146,36261,46220,37137,51293,9227,18336,644653,431348,105053,57579,153012,80846,19657,82,69
2021-06-25T23:59:59+02:00,1168,1131,30209,31940,72054,73182,69575,71082,74331,81354,80560,84529,50991,63627,41552,57365,10055,20134,12551,13340,32637,37930,35093,40043,39291,47897,59031,64914,35746,45523,36945,50993,9204,18292,638366,422944,103863,57133,153003,79789,19525,82,69
2021-06-24T23:59:59+02:00,568,572,28881,30633,71286,72442,68702,70200,73658,80728,80115,84165,50886,63498,41500,57295,10044,20100,11895,12649,31477,36631,33881,38779,38168,46790,57396,63537,35273,45004,36789,50806,9185,18232,630619,413650,102370,55584,152889,77901,19313,82,68
2021-06-23T23:59:59+02:00,541,538,28380,30094,70183,71464,67426,69065,72912,80040,79664,83763,50775,63324,41439,57199,10027,20069,11408,12125,30480,35385,32952,37556,37160,45914,55463,61827,34722,44440,36622,50579,9164,18167,624418,403926,100795,54524,152787,76646,18821,82,68
2021-06-22T23:59:59+02:00,518,522,27869,29515,69011,70439,66226,68034,72235,79337,79249,83397,50669,63196,41391,57115,10018,20044,11064,11728,29560,34450,31989,36671,36200,45025,53499,59994,34337,43964,36485,50338,9135,18110,618111,395419,99338,52952,152652,75527,18602,82,67
2021-06-21T23:59:59+02:00,486,488,27207,28858,67695,69271,65044,66904,71475,78558,78853,83003,50562,63087,41332,57029,10005,20002,10775,11419,28935,33870,31440,36105,35603,44437,51656,58339,33631,43165,36190,49916,9106,18034,611321,387876,97843,51756,152531,74856,18083,81,67
2021-06-20T23:59:59+02:00,401,406,26570,28201,66478,68140,64026,65962,70672,77818,78497,82667,50484,62962,41284,56960,10000,19969,10489,11159,28389,33369,30984,35613,35095,43915,49820,56557,33089,42486,35993,49583,9076,17974,604950,380485,96377,51004,152433,74393,17656,81,65
2021-06-19T23:59:59+02:00,369,372,26192,27840,65750,67571,63507,65468,69875,77166,78343,82540,50464,62937,41268,56945,9999,19969,10360,10966,28143,33051,30730,35294,34873,43655,48379,55167,32831,42140,35911,49446,9068,17946,601024,375105,95436,50992,152431,74207,17603,81,65
2021-06-18T23:59:59+02:00,342,338,25735,27382,64739,66834,62770,64855,68957,76331,77952,82203,50403,62861,41241,56909,9995,19961,10146,10732,27744,32633,30405,34884,34488,43265,46655,53510,32480,41627,35774,49235,9049,17913,595621,368295,94195,50706,152423,73997,17489,80,65
2021-06-17T23:59:59+02:00,313,307,25106,26782,63487,65837,61779,64045,67367,74931,77429,81803,50303,62709,41178,56826,9982,19933,9735,10382,26953,31947,29666,34206,33652,42565,45152,52020,32036,41000,35611,48981,9017,17863,589570,360889,91546,49567,152265,73621,16657,79,64
2021-06-16T23:59:59+02:00,279,269,24587,26209,62189,64713,60671,63064,65094,73012,76583,81146,50092,62498,41087,56714,9963,19902,9418,10131,26303,31279,28959,33583,32925,41935,44562,51457,31767,40641,35465,48782,8996,17822,583351,357205,87041,48862,151821,72122,15782,77,64
2021-06-15T23:59:59+02:00,240,238,23952,25527,60792,63513,59589,62080,63939,71927,76081,80722,49968,62349,41037,56617,9956,19872,9159,9864,25702,30546,28320,32827,32250,41213,43006,49836,31322,40089,35294,48549,8966,17758,576265,350516,85413,47970,151351,70868,15293,77,64
2021-06-14T23:59:59+02:00,218,206,23488,24945,59689,62457,58712,61233,62867,70921,75606,80330,49880,62228,40987,56546,9940,19846,8873,9565,24950,29658,27557,31993,31459,40398,41723,48501,30956,39591,35157,48325,8936,17707,570416,344393,83695,46947,151147,69190,14764,77,64
2021-06-13T23:59:59+02:00,213,191,23072,24481,58760,61551,57937,60449,61761,69952,75136,79899,49791,62111,40938,56487,9929,19817,8598,9269,24242,28819,26841,31156,30698,39546,40179,46928,30494,38985,34956,48021,8906,17618,565409,337371,81830,46169,150916,67419,14243,77,63
2021-06-12T23:59:59+02:00,200,174,22847,24217,58211,61051,57580,60169,61118,69309,74937,79785,49767,62080,40926,56473,9926,19813,8484,9153,23764,28233,26324,30587,30186,38987,39105,45956,30327,38806,34860,47856,8902,17607,562517,333179,80874,46166,150908,65531,14207,77,63
2021-06-11T23:59:59+02:00,182,158,22496,23806,57475,60240,56902,59542,60213,68379,74584,79475,49693,62007,40901,56437,9923,19807,8353,8964,23255,27563,25796,29932,29606,38355,38035,44949,30059,38452,34718,47633,8889,17581,557522,328358,79585,45907,150893,63678,14143,77,62
2021-06-10T23:59:59+02:00,167,141,21968,23249,56349,59315,55973,58725,58956,67205,74050,79068,49622,61900,40877,56385,9910,19779,8093,8717,22391,26621,24835,28996,28490,37430,36647,43788,29708,37977,34440,47201,8822,17506,551988,321484,77380,45201,150648,61379,13546,77,60
2021-06-09T23:59:59+02:00,146,128,21351,22703,55098,58222,54912,57816,58008,66301,73585,78676,49535,61800,40827,56323,9896,19749,7807,8454,21475,25755,23899,28105,27461,36483,34931,42007,29325,37478,34255,46931,8781,17416,546275,314068,75933,44475,150294,59473,12497,77,58
2021-06-08T23:59:59+02:00,124,110,20683,22024,53795,57094,53794,56844,57053,65442,73040,78242,49448,61676,40772,56231,9876,19718,7543,8221,20562,24860,22841,27242,26430,35530,33582,40704,28969,36970,33935,46479,8728,17333,539639,307775,75014,43711,149851,57007,11385,77,57
2021-06-07T23:59:59+02:00,107,92,20041,21427,52360,55842,52530,55870,55895,64459,72490,77841,49363,61570,40726,56167,9863,19690,7297,8001,19720,24038,21816,26428,25398,34661,32648,39924,28684,36582,33691,46052,8677,17242,532396,303163,74119,42894,149439,54447,10302,77,57
2021-06-06T23:59:59+02:00,100,86,19534,20894,51214,54755,51430,54897,54934,63508,71982,77439,49279,61496,40689,56104,9856,19674,7089,7803,18932,23148,20916,25556,24327,33679,31736,39109,28402,36245,33435,45662,8628,17167,526088,298606,73098,42156,149104,51513,9506,75,57
2021-06-05T23:59:59+02:00,94,78,19269,20602,50445,54004,50777,54392,54459,63013,71845,77323,49264,61479,40686,56100,9853,19674,6864,7394,18293,22080,20197,24442,23455,32448,30715,37794,28074,35784,33311,45489,8621,17147,521784,292321,73093,42118,148969,48180,9436,75,57
2021-06-04T23:59:59+02:00,84,71,18826,20023,49400,53002,49965,53522,53812,62231,71500,76994,49235,61443,40666,56085,9851,19667,6647,7085,17675,21231,19523,23458,22530,31181,29509,36466,27787,35422,33199,45315,8609,17128,515322,285933,72772,42049,148951,45472,9257,75,57
2021-06-03T23:59:59+02:00,73,60,18155,19353,47883,51705,48759,52403,52849,61221,71004,76534,49171,61342,40628,56040,9838,19643,6359,6695,16941,20190,18733,22312,21534,29769,28350,34988,27245,34646,32995,44990,8573,17053,507616,279217,71757,41304,148675,42260,8539,74,56
2021-06-02T23:59:59+02:00,68,56,17788,18852,46873,50728,47900,51662,52111,60474,70757,76322,49134,61306,40609,56012,9830,19629,6178,6457,16296,19511,17829,21562,20708,28832,27262,33589,26779,34042,32836,44740,8544,16983,501380,272971,71742,41289,148651,39573,8265,73,53
2021-06-01T23:59:59+02:00,57,50,17120,18133,45018,48991,46254,50204,50591,59029,70076,75723,49044,61194,40549,55939,9817,19581,5904,6148,15140,18612,16325,20604,19507,27597,26045,32201,26229,33352,32589,44393,8498,16879,492259,266525,70402,40724,148098,36183,6540,71,53
2021-05-31T23:59:59+02:00,55,46,16647,17652,43709,47854,45048,49106,49353,57919,69399,75212,48967,61093,40505,55869,9805,19546,5627,5829,14102,17784,14928,19688,18341,26492,24827,30864,25713,32637,32395,44097,8464,16781,486019,260253,69239,40180,147641,33270,4816,70,52
2021-05-30T23:59:59+02:00,48,45,16324,17260,42733,46920,44143,48201,48360,56923,68838,74666,48859,60938,40434,55756,9790,19503,5440,5588,13556,17086,14307,18994,17456,25528,23732,29692,24945,31689,32102,43681,8419,16692,480036,254303,68204,39381,147233,30977,4198,70,50
2021-05-29T23:59:59+02:00,48,45,16194,17144,42374,46604,43801,47936,48119,56734,68779,74608,48853,60931,40428,55753,9790,19503,5277,5348,13048,16275,13662,18146,16613,24363,22623,28393,24789,31458,32039,43588,8416,16685,478074,248718,68083,39381,147223,28383,4194,70,49
2021-05-28T23:59:59+02:00,47,43,15894,16839,41679,45976,43291,47376,47614,56193,68503,74311,48788,60849,40400,55704,9787,19498,5038,4964,12512,15359,12987,17284,15750,23132,21530,26959,24543,31093,31945,43454,8406,16668,473792,242708,67583,39276,147191,25439,4156,70,47
2021-05-27T23:59:59+02:00,44,39,15377,16320,40534,44998,42275,46495,46630,55307,67918,73879,48667,60689,40346,55632,9776,19457,4815,4628,11872,14531,12203,16349,14683,21943,20273,25452,24040,30353,31773,43192,8373,16586,467979,235378,66072,38472,146471,23382,3791,70,45
2021-05-26T23:59:59+02:00,42,38,14970,15895,39439,44080,41242,45613,45606,54431,67312,73370,48515,60511,40266,55464,9755,19409,4624,4433,11315,13771,11482,15500,13681,20811,18879,23866,23457,29573,31557,42850,8321,16485,462865,228124,64046,37615,145483,21329,3494,70,45
2021-05-25T23:59:59+02:00,42,37,14580,15493,38436,43192,40275,44758,44656,53514,66703,72840,48336,60278,40187,55332,9729,19355,4418,4230,10774,13126,10723,14718,12616,19578,17446,22361,22875,28794,31322,42531,8263,16397,457569,220775,62466,36676,144376,19418,3262,70,43
2021-05-24T23:59:59+02:00,41,36,14238,15170,37607,42458,39404,44088,43794,52732,66172,72357,48211,60101,40123,55210,9709,19311,4275,4105,10328,12666,10083,14134,11736,18747,16161,21104,22205,27964,31105,42203,8204,16307,452952,213892,61238,35736,143649,18806,2853,70,42
2021-05-23T23:59:59+02:00,37,36,14070,14997,37137,42085,38954,43685,43344,52328,65902,72130,48137,60011,40085,55164,9702,19287,4085,3966,9868,12193,9463,13528,10797,17934,14970,20043,21740,27399,30853,41916,8156,16225,449770,206926,60862,35656,143621,17746,2768,70,42
2021-05-22T23:59:59+02:00,35,34,13874,14781,36452,41521,38277,43232,42773,51920,64884,71121,47933,59755,40015,55051,9692,19266,3974,3671,9652,11780,9310,13200,10556,17490,14701,19643,21647,27282,30819,41876,8149,16216,443343,205707,60859,35653,143607,15829,2737,70,42
2021-05-21T23:59:59+02:00,34,33,13495,14380,35380,40605,37216,42303,41709,51023,63529,69839,47703,59418,39934,54904,9675,19233,3868,3575,9445,11516,9100,12936,10227,17163,14293,19274,21427,26996,30759,41786,8140,16208,433746,203769,60506,35347,143371,14838,2721,69,40
2021-05-20T23:59:59+02:00,31,33,12701,13656,33941,39150,35795,40896,40307,49826,62246,68688,47414,59076,39791,54724,9654,19182,3720,3394,8919,10914,8455,12228,9529,16318,13539,18315,20613,25883,30565,41489,8101,16122,423555,199419,58805,34502,142340,11801,2344,67,40
2021-05-19T23:59:59+02:00,31,32,12164,13092,32762,37727,34692,39515,39183,48869,60249,66922,46938,58519,39608,54463,9613,19076,3617,3262,8646,10541,8160,11854,9087,15810,12902,17654,19749,24755,30339,41186,8045,16007,412726,195181,57288,33689,141232,10566,2142,67,38
2021-05-18T23:59:59+02:00,28,32,11742,12649,31718,36707,33601,38600,38143,47934,58191,65065,46583,58070,39454,54224,9581,19017,3419,3099,8152,9937,7689,11309,8546,15144,12221,16885,18810,23524,30102,40843,8008,15902,404073,191097,55328,32847,140037,7774,1836,65,38
2021-05-17T23:59:59+02:00,26,31,11491,12373,31201,36151,33108,38040,37553,47300,56289,63357,45883,57248,39177,53827,9544,18943,3337,2990,7890,9655,7396,11010,8145,14732,11651,16282,17894,22393,29870,40524,7973,15828,396494,186728,54205,32100,139230,7158,1549,64,37
2021-05-16T23:59:59+02:00,26,31,11269,12119,30680,35647,32646,37548,37030,46728,54396,61533,45339,56550,38983,53508,9517,18888,3236,2891,7602,9365,7075,10665,7669,14270,11072,15698,16965,21246,29661,40234,7935,15759,389540,182452,53237,31254,138566,6572,1032,63,35
2021-05-15T23:59:59+02:00,26,31,11115,11916,30402,35314,32409,37228,36801,46465,52826,60055,45089,56244,38906,53370,9511,18860,3215,2873,7577,9336,7060,10644,7651,14257,11055,15677,16856,21032,29452,39927,7927,15749,383736,181467,53234,31253,138520,6521,1015,63,34
2021-05-14T23:59:59+02:00,26,31,10868,11636,29934,34808,32030,36767,36289,45992,50955,58227,44727,55743,38766,53163,9495,18820,3188,2855,7507,9265,7006,10572,7592,14199,10873,15479,16126,19966,29166,39441,7910,15709,375951,178561,52907,30914,138391,6382,965,63,34
2021-05-13T23:59:59+02:00,23,30,10585,11311,29286,34168,31431,36163,35616,45326,49486,56710,44296,55116,38596,52920,9468,18774,3120,2809,7380,9164,6919,10478,7488,14091,10547,15133,15069,18732,28780,38798,7867,15635,368860,174765,51889,30352,137639,6007,855,62,33
2021-05-12T23:59:59+02:00,23,28,10456,11168,29005,33851,31164,35870,35305,45013,49201,56402,44197,55012,38543,52841,9461,18736,3108,2783,7346,9128,6889,10443,7461,14052,10380,14977,14697,18301,28477,38318,7845,15588,366194,172723,51808,30342,137480,5963,733,61,33
2021-05-11T23:59:59+02:00,22,25,10110,10845,28152,33025,30333,35116,34444,44232,47467,54634,43743,54419,38367,52550,9423,18634,3021,2686,7102,8848,6666,10144,7246,13682,9900,14429,13719,17152,28064,37701,7808,15493,359283,169058,50103,29450,135587,4614,507,61,33
2021-05-10T23:59:59+02:00,21,25,9804,10568,27407,32325,29557,34415,33675,43465,46162,53369,43361,53908,38178,52245,9373,18521,2979,2640,6975,8725,6571,10027,7107,13500,9636,14122,13025,16293,27637,37091,7782,15413,353035,166248,48986,29070,133902,3777,398,58,31
2021-05-09T23:59:59+02:00,20,25,9572,10323,26726,31642,28891,33714,32953,42769,44641,51898,42861,53287,37978,51941,9336,18436,2932,2594,6852,8582,6464,9885,6995,13288,9320,13811,12227,15395,27274,36556,7762,15357,345960,163402,47911,28514,132775,3037,311,56,31
2021-05-08T23:59:59+02:00,20,25,9479,10255,26340,31341,28445,33400,32500,42465,43609,51070,42709,53124,37937,51879,9334,18430,2929,2590,6844,8577,6458,9877,6987,13277,9311,13799,12189,15333,26598,35607,7725,15281,341443,161536,47869,28487,132689,3024,305,56,31
2021-05-07T23:59:59+02:00,19,25,9338,10107,25869,30962,28000,33026,31995,42117,42571,50244,42438,52784,37824,51719,9322,18403,2882,2564,6791,8536,6402,9822,6936,13225,9138,13578,11558,14521,25659,34228,7678,15199,336327,157452,47562,28118,132531,2830,287,56,31
2021-05-06T23:59:59+02:00,17,24,8940,9818,24952,30193,26940,32226,30767,41301,40954,49036,42059,52238,37629,51476,9284,18330,2818,2518,6661,8390,6287,9693,6788,13038,8868,13281,10910,13660,24699,32847,7645,15138,328484,153676,46487,27165,130882,2094,276,55,31
2021-05-05T23:59:59+02:00,17,23,8574,9618,24072,29594,26076,31562,29679,40511,38976,47224,41616,51686,37420,51194,9227,18218,2777,2487,6544,8262,6185,9579,6686,12897,8623,13024,10203,12833,23688,31525,7616,15067,320635,149801,45636,26279,128769,1694,192,55,31
2021-05-04T23:59:59+02:00,17,22,8331,9391,23276,28947,25104,30823,28608,39676,37465,45759,41148,51101,37142,50848,9181,18097,2738,2466,6472,8190,6102,9513,6612,12817,8387,12804,9474,11979,22743,30283,7582,15004,313988,146087,44671,25473,126135,1490,87,55,30
2021-05-03T23:59:59+02:00,17,21,8128,9177,22577,28367,24266,30218,27701,38981,36507,45008,40800,50629,36928,50558,9131,17993,2693,2435,6402,8113,6023,9448,6523,12733,8159,12592,8731,11080,21829,29068,7551,14954,309126,142355,43895,24653,123885,1250,47,54,30
2021-05-02T23:59:59+02:00,17,21,7965,9013,21939,27790,23527,29627,26883,38359,35693,44374,40541,50300,36815,50372,9097,17936,2655,2412,6360,8072,5988,9413,6483,12693,7977,12419,8131,10344,21121,28201,7530,14936,304299,139173,43126,24378,122751,1116,40,53,29
2021-05-01T23:59:59+02:00,16,21,7813,8831,21566,27333,23045,29052,26240,37650,34869,43479,40279,49926,36718,50219,9091,17919,2649,2406,6334,8062,5973,9404,6465,12679,7960,12404,8094,10280,21082,28144,7526,14932,298204,138882,43125,24371,122645,1073,40,53,29
2021-04-30T23:59:59+02:00,16,20,7665,8653,21179,26904,22600,28487,25492,36874,33862,42516,40050,49606,36621,50066,9079,17898,2631,2393,6310,8044,5951,9387,6438,12659,7928,12370,8054,10210,21032,28061,7523,14923,291920,138571,43118,24298,122464,983,34,52,29
2021-04-29T23:59:59+02:00,15,20,7396,8413,20586,26332,21929,27804,24560,35909,32587,41180,39006,48203,36303,49592,9022,17770,2599,2359,6218,7934,5867,9285,6344,12517,7727,12095,7431,9487,20626,27545,7501,14849,283182,136511,42334,23071,121030,742,34,47,27
2021-04-28T23:59:59+02:00,14,18,7121,8195,20065,25859,21292,27205,23674,35062,31193,39729,37846,46617,35960,49098,8959,17628,2530,2311,6110,7813,5758,9155,6242,12367,7508,11825,6743,8642,20210,26971,7460,14778,274502,134069,41563,21776,119393,518,34,43,27
2021-04-27T23:59:59+02:00,13,18,6939,8017,19632,25435,20675,26668,22821,34286,29982,38409,36758,45175,35579,48528,8889,17501,2505,2286,6007,7716,5705,9058,6176,12244,7293,11627,6142,7905,19805,26474,7440,14755,266701,131974,40699,20833,117848,271,34,43,27
2021-04-26T23:59:59+02:00,12,18,6757,7852,19214,25011,20133,26143,22018,33531,28768,37176,35700,43753,35273,48045,8840,17377,2493,2276,5964,7674,5660,9019,6140,12200,7107,11462,5528,7174,19434,26026,7416,14728,259026,130015,39874,19989,116648,240,31,42,27
2021-04-25T23:59:59+02:00,12,17,6652,7719,18876,24741,19754,25804,21407,32915,27785,36221,34571,42325,34958,47616,8798,17295,2481,2269,5946,7650,5641,9002,6120,12175,7070,11435,5401,6993,19099,25562,7400,14684,251847,129394,39160,19248,116387,230,30,42,27
2021-04-24T23:59:59+02:00,12,17,6488,7543,18434,24309,19195,25267,20624,32114,26704,35173,34321,42012,34864,47451,8788,17283,2477,2263,5933,7640,5633,8991,6115,12171,7060,11428,5328,6882,19001,25421,7397,14676,245890,128940,39155,19209,115482,212,30,42,26
2021-04-23T23:59:59+02:00,12,17,6265,7344,17986,23836,18627,24656,19799,31300,25548,33980,33546,40839,34720,47215,8774,17260,2471,2245,5906,7616,5596,8952,6070,12127,7014,11376,5162,6606,18463,24795,7297,14507,238329,127097,38827,18863,114497,190,30,41,24
2021-04-22T23:59:59+02:00,11,16,6050,7136,17381,23247,17834,23874,18749,30278,24229,32548,32505,39486,34475,46859,8736,17182,2457,2230,5862,7565,5548,8868,5995,12049,6938,11306,4878,6188,17751,23922,7178,14313,229292,124940,37910,17900,113326,156,30,38,23
2021-04-21T23:59:59+02:00,11,15,5851,6955,16850,22776,17173,23271,17768,29381,22675,30957,31500,38255,34178,46421,8688,17094,2433,2213,5820,7510,5490,8793,5929,11949,6843,11226,4719,5913,17054,23073,7062,14132,220419,122852,37140,17131,112194,124,30,36,23
2021-04-20T23:59:59+02:00,10,14,5668,6762,16295,22303,16433,22614,16773,28380,21207,29488,30354,36769,33862,45988,8637,17004,2420,2198,5771,7473,5450,8748,5881,11883,6764,11161,4600,5760,16453,22299,6936,13953,211440,121169,36258,16415,110798,117,29,36,21
2021-04-19T23:59:59+02:00,10,14,5482,6605,15763,21873,15757,22057,15783,27502,19816,28088,28981,35136,33545,45511,8579,16886,2409,2184,5746,7440,5413,8715,5842,11838,6683,11085,4474,5599,15805,21589,6828,13792,202753,119527,35479,15752,109093,114,29,34,21
2021-04-18T23:59:59+02:00,9,14,5295,6464,15330,21549,15140,21496,14813,26715,18479,26950,27594,33489,33214,45093,8522,16799,2358,2138,5615,7319,5299,8602,5735,11687,6578,10966,4358,5412,15212,20923,6715,13613,194229,117889,34650,14483,108023,110,29,34,20
2021-04-17T23:59:59+02:00,9,13,5259,6429,15176,21474,14964,21411,14578,26536,18225,26729,27087,32948,33088,44945,8513,16784,2331,2098,5515,7165,5192,8443,5635,11499,6488,10833,4306,5350,14971,20629,6705,13600,193011,116132,34645,14479,106449,101,29,34,20
2021-04-16T23:59:59+02:00,9,13,5196,6375,14999,21323,14753,21251,14296,26288,17810,26318,26044,31717,32955,44734,8492,16761,2285,2048,5399,6979,5056,8262,5483,11257,6292,10611,4101,5117,14325,19840,6607,13455,189665,112895,34357,14082,105249,92,29,34,20
2021-04-15T23:59:59+02:00,7,12,5127,6298,14786,21109,14485,20961,13867,25938,17175,25688,24683,30110,32698,44410,8456,16682,2215,1964,5203,6743,4854,7941,5276,10940,6076,10327,3903,4867,13496,18758,6492,13288,185112,109075,33548,13139,103769,81,29,34,20
2021-04-14T23:59:59+02:00,7,12,5047,6227,14582,20909,14231,20737,13477,25604,16509,25070,23107,28325,32385,44007,8404,16588,2026,1844,4985,6481,4665,7691,5049,10691,5842,10042,3767,4658,12770,17840,6365,13074,180512,105983,32674,11684,101979,75,29,34,20
2021-04-13T23:59:59+02:00,7,12,4995,6180,14383,20774,13997,20556,13134,25308,15940,24567,21403,26482,32069,43586,8372,16481,1941,1792,4818,6294,4480,7471,4848,10436,5638,9808,3631,4492,12254,17224,6242,12913,176294,103600,31799,10569,100091,65,29,33,20
2021-04-12T23:59:59+02:00,7,11,4931,6114,14167,20577,13691,20293,12749,24896,15362,24014,19810,24541,31779,43226,8332,16407,1811,1701,4638,6135,4332,7295,4686,10244,5501,9650,3514,4337,11823,16715,6131,12750,171940,101920,30745,9233,98160,64,29,33,18
2021-04-11T23:59:59+02:00,7,11,4862,6039,13943,20379,13396,20082,12336,24545,14801,23505,18304,22767,31518,42888,8289,16328,1774,1665,4518,6022,4221,7172,4564,10113,5367,9520,3400,4218,11332,16105,6000,12543,167659,100173,29786,8255,96495,62,28,32,17
2021-04-10T23:59:59+02:00,7,11,4857,6031,13924,20365,13387,20071,12319,24528,14778,23486,17616,21845,31227,42470,8271,16301,1770,1653,4506,6011,4206,7158,4551,10099,5314,9455,3298,4105,10775,15271,5871,12345,166592,98032,29759,8255,95085,59,26,32,17
2021-04-09T23:59:59+02:00,7,11,4844,6014,13887,20315,13343,20023,12272,24474,14519,23234,16099,19958,30822,41824,8237,16258,1746,1643,4484,5996,4180,7131,4510,10065,5276,9406,3213,3986,9908,14283,5723,12147,163978,95593,29418,8007,92690,58,24,31,16
2021-04-08T23:59:59+02:00,7,11,4801,5986,13786,20241,13263,19943,12172,24370,14184,22875,14332,17749,30205,40815,8179,16137,1725,1630,4452,5943,4128,7046,4446,9985,5204,9329,3105,3883,9430,13683,5518,11902,160154,93749,28390,7572,90467,57,16,29,16
2021-04-07T23:59:59+02:00,7,11,4771,5957,13682,20159,13170,19858,12069,24268,13806,22518,12825,15898,29561,39845,8124,16039,1706,1618,4400,5876,4043,6972,4357,9901,5114,9229,3018,3788,8686,12588,5283,11499,155752,91202,27515,6799,89257,47,15,29,16
2021-04-06T23:59:59+02:00,7,11,4742,5931,13585,20092,13088,19797,11993,24203,13430,22167,11192,13893,28900,38875,8092,15968,1646,1564,4272,5749,3935,6848,4238,9753,5011,9100,2903,3667,7981,11659,5011,11134,151740,88820,26633,5578,87550,45,14,29,15
2021-04-05T23:59:59+02:00,7,10,4704,5903,13508,20026,13021,19729,11937,24123,13158,21913,9582,11949,28173,37826,8057,15906,1575,1495,4117,5599,3767,6692,4085,9604,4856,8972,2771,3550,7175,10698,4740,10745,148546,86455,25617,3917,85327,42,13,29,15
2021-04-04T23:59:59+02:00,7,10,4690,5885,13497,20006,13013,19712,11929,24103,13061,21843,8559,10689,27726,37185,8032,15849,1573,1493,4109,5593,3765,6687,4080,9599,4854,8964,2766,3541,6939,10232,4656,10620,146820,85496,25613,3917,83324,36,10,29,13
2021-04-03T23:59:59+02:00,7,10,4687,5875,13480,19986,13003,19702,11919,24093,13047,21825,7655,9621,26844,35943,7983,15737,1569,1489,4107,5588,3763,6684,4072,9587,4840,8951,2759,3530,6801,9970,4617,10540,144345,84893,25605,3917,81430,36,9,28,13
2021-04-02T23:59:59+02:00,7,10,4682,5857,13443,19961,12964,19659,11876,24045,12972,21758,7142,8874,25260,33844,7837,15469,1560,1473,4081,5565,3737,6643,4036,9526,4719,8664,2631,3375,6426,9576,4468,10339,139896,83072,25267,3691,80462,36,8,27,13
2021-04-01T23:59:59+02:00,6,9,4634,5798,13349,19816,12848,19508,11727,23889,12375,21310,6579,8169,23756,31873,7710,15232,1494,1427,3972,5441,3670,6572,3968,9460,4641,8561,2537,3234,5915,8892,4299,10065,135707,80812,24130,3287,78719,31,7,25,12
2021-03-31T23:59:59+02:00,6,9,4583,5743,13225,19663,12716,19354,11539,23709,12112,21050,6260,7798,22281,29920,7560,15004,1481,1416,3949,5418,3638,6544,3928,9413,4604,8508,2474,3159,5433,8247,4125,9827,131781,79048,23043,3070,77678,31,5,25,11
2021-03-30T23:59:59+02:00,6,9,4519,5678,13087,19514,12603,19179,11408,23544,11942,20911,6070,7583,20895,28193,7416,14801,1464,1380,3908,5385,3574,6474,3840,9299,4473,8337,2339,2955,5013,7692,3982,9571,128428,76827,22118,2828,76787,19,2,23,11
2021-03-29T23:59:59+02:00,6,9,4479,5639,12968,19419,12536,19096,11326,23442,11793,20776,5913,7385,19479,26514,7288,14600,1405,1339,3853,5342,3500,6404,3722,9155,4323,8147,2217,2814,4450,7026,3828,9295,124852,74174,21253,2617,76538,18,2,23,10
2021-03-28T23:59:59+02:00,6,9,4432,5575,12847,19282,12451,19002,11225,23346,11687,20675,5762,7179,18302,25008,7169,14405,1372,1295,3755,5235,3307,6179,3635,9038,4273,8091,2163,2750,3691,6005,3643,9027,121859,71121,20464,2318,76015,10,2,22,9
2021-03-27T23:59:59+01:00,6,9,4400,5524,12740,19118,12337,18837,11111,23141,11580,20526,5697,7097,18017,24662,7158,14390,1366,1292,3750,5231,3304,6172,3349,8689,4075,7793,2157,2747,3677,5972,3609,8966,120023,69816,20425,2318,75878,5,2,22,9
2021-03-26T23:59:59+01:00,6,8,4364,5471,12630,18928,12204,18636,10958,22912,11419,20315,5534,6883,17414,23871,7059,14241,1365,1291,3745,5224,3281,6154,3330,8669,3863,7346,1980,2343,3413,5688,3458,8733,116934,67559,20087,2311,75809,4,1,22,9
2021-03-25T23:59:59+01:00,6,8,4297,5383,12432,18689,11999,18307,10744,22584,11178,19988,5322,6599,16386,22565,6931,14052,1356,1281,3724,5198,3247,6126,3279,8632,3817,7302,1908,2230,2979,5006,3300,8428,112957,65592,19015,2210,75475,2,1,22,9
2021-03-24T23:59:59+01:00,6,8,4217,5272,12220,18237,11781,17894,10524,22194,10945,19616,5054,6253,15348,21348,6792,13828,1333,1268,3700,5153,3211,6064,3224,8562,3763,7229,1855,2171,2672,4672,3148,8153,109852,64200,17924,1967,73738,2,1,22,9
2021-03-23T23:59:59+01:00,6,8,4161,5209,12053,17894,11582,17543,10332,21830,10726,19329,4921,6057,14708,20533,6652,13655,1318,1262,3685,5135,3190,6046,3199,8511,3726,7186,1820,2112,2443,4402,2940,7832,107505,62871,17198,1925,72473,2,1,22,9
2021-03-22T23:59:59+01:00,6,8,4114,5132,11857,17561,11394,17215,10107,21504,10511,19025,4771,5851,14090,19820,6519,13469,1305,1253,3658,5102,3159,6010,3170,8455,3690,7141,1776,2056,2244,4152,2745,7499,105655,61619,16481,1785,70796,2,1,21,9
2021-03-21T23:59:59+01:00,6,8,4040,5009,11575,17150,11113,16808,9838,21050,10255,18674,4657,5680,13394,19029,6378,13261,1297,1252,3641,5086,3138,5977,3147,8425,3670,7119,1758,2029,2079,3990,2573,7231,103778,60621,15182,1780,68943,2,1,21,9
2021-03-20T23:59:59+01:00,5,8,4010,4940,11432,16815,10988,16491,9695,20747,10079,18392,4531,5520,12764,18079,6241,13046,1296,1251,3641,5084,3135,5976,3144,8420,3665,7115,1754,2024,2048,3929,2550,7190,101585,60431,15178,1780,66998,2,1,21,9
2021-03-19T23:59:59+01:00,5,7,3966,4860,11265,16455,10806,16135,9522,20367,9866,18033,4372,5325,11741,16867,6080,12835,1287,1244,3623,5057,3105,5900,3099,8327,3563,6941,1629,1914,1974,3867,2438,6982,98889,59163,14769,1776,64828,2,1,20,9
2021-03-18T23:59:59+01:00,5,7,3879,4757,11019,16029,10538,15690,9244,19899,9643,17691,4228,5159,11117,16001,5852,12568,1283,1233,3606,5022,3085,5856,3077,8271,3536,6895,1610,1881,1935,3797,2315,6772,97090,58477,13762,1686,62453,2,1,20,9
2021-03-17T23:59:59+01:00,5,7,3708,4642,10724,15609,10273,15331,9002,19537,9392,17343,4109,4992,10303,14758,5590,12145,1282,1230,3592,5004,3079,5836,3067,8238,3518,6872,1609,1857,1911,3768,2205,6585,94444,57970,12220,1672,60785,2,1,20,9
2021-03-16T23:59:59+01:00,5,7,3566,4517,10385,15146,9999,14961,8727,19094,9096,16980,3966,4827,9486,13634,5309,11786,1268,1227,3588,4997,3068,5832,3061,8227,3511,6858,1585,1834,1872,3717,2085,6407,92112,57534,11031,1592,58328,2,1,19,9
2021-03-15T23:59:59+01:00,5,7,3418,4401,10071,14678,9708,14502,8431,18620,8808,16567,3820,4657,8779,12570,5085,11465,1258,1219,3568,4985,3056,5808,3041,8188,3491,6815,1570,1821,1855,3684,1970,6222,90152,56950,9668,1591,55755,2,0,17,9
2021-03-14T23:59:59+01:00,5,7,3348,4312,9805,14245,9453,14100,8113,18128,8528,16172,3657,4471,7978,11334,4777,11010,1244,1213,3547,4967,3035,5767,3019,8108,3463,6747,1544,1771,1794,3557,1805,5834,87842,56424,8650,981,52937,2,0,14,9
2021-03-13T23:59:59+01:00,5,7,3272,4061,9494,13578,9210,13522,7888,17557,8326,15740,3550,4369,7787,11041,4729,10922,1244,1213,3547,4967,3035,5767,3018,8108,3462,6745,1540,1770,1792,3553,1804,5833,87189,56407,8650,981,49205,2,0,14,9
2021-03-12T23:59:59+01:00,5,7,3210,3924,9248,13038,8972,12991,7655,16921,7970,14989,3387,4199,7404,10633,4591,10734,1241,1210,3542,4953,3032,5764,3011,8100,3458,6739,1513,1741,1771,3535,1704,5655,85416,55979,8404,980,46044,2,0,14,9
2021-03-11T23:59:59+01:00,5,7,3059,3656,8872,12279,8668,12315,7322,16138,7628,14346,3230,3997,6849,9914,4402,10422,1222,1200,3508,4909,2990,5687,2976,7976,3407,6641,1469,1688,1692,3335,1506,5143,82971,55235,7959,105,42166,1,0,13,9
2021-03-10T23:59:59+01:00,5,7,2994,3549,8373,11768,7991,11832,7001,15647,7329,13755,3070,3840,6289,9220,4231,10148,1211,1186,3478,4851,2959,5611,2940,7836,3353,6519,1431,1648,1634,3239,1390,4864,81155,54060,7408,82,38474,0,0,12,9
2021-03-09T23:59:59+01:00,5,6,2889,3373,7689,11316,7094,11345,6582,15035,6965,13148,2841,3540,5781,8589,4075,9872,1206,1182,3456,4805,2932,5546,2923,7784,3335,6473,1416,1624,1599,3196,1285,4666,78861,53374,6052,48,35220,0,0,12,7
2021-03-08T23:59:59+01:00,5,6,2716,3138,7047,10772,6280,10866,6181,14506,6571,12581,2632,3329,5178,7850,3929,9604,1199,1176,3435,4739,2907,5470,2884,7690,3303,6397,1409,1615,1596,3188,1280,4663,76037,52899,4915,46,32228,0,0,11,7
2021-03-07T23:59:59+01:00,5,6,2604,3006,6716,10271,5869,10325,5885,14056,6331,12192,2534,3238,4413,6787,3712,9321,1196,1173,3432,4734,2902,5458,2880,7673,3295,6384,1404,1602,1575,3148,1265,4622,72784,52693,4084,44,30393,0,0,10,7
2021-03-06T23:59:59+01:00,5,5,2559,2864,6532,9817,5670,9908,5409,13200,5957,11452,2513,3211,4407,6776,3711,9319,1196,1172,3429,4729,2900,5457,2879,7672,3294,6381,1402,1599,1575,3146,1264,4622,71556,52667,4084,44,27665,0,0,10,7
2021-03-05T23:59:59+01:00,5,5,2467,2609,6320,9232,5456,9511,5232,12633,5573,10474,2287,2748,4028,6394,3572,9104,1184,1169,3411,4713,2895,5444,2871,7654,3283,6362,1388,1592,1574,3142,1259,4618,69229,52510,3851,44,24560,0,0,10,6
2021-03-04T23:59:59+01:00,5,5,2391,2404,6105,8796,5293,9170,5051,12212,5398,10095,2195,2578,3475,5570,3406,8766,1172,1155,3368,4615,2862,5378,2839,7556,3250,6288,1368,1585,1560,3128,1251,4607,67181,51935,3411,44,22313,0,0,10,4
2021-03-03T23:59:59+01:00,4,5,2334,2353,5935,8382,5122,8810,4838,11760,5208,9649,2113,2470,3072,5132,3247,8472,1152,1147,3334,4567,2825,5313,2799,7457,3204,6215,1348,1560,1541,3097,1245,4590,65756,51350,3168,42,19972,0,0,10,3
2021-03-02T23:59:59+01:00,4,5,2280,2265,5773,8048,4965,8554,4675,11358,5047,9331,2047,2379,2767,4775,3030,8151,1147,1138,3316,4546,2810,5287,2782,7408,3196,6187,1343,1549,1523,3080,1242,4584,64404,51094,2908,42,18132,0,0,10,3
2021-03-01T23:59:59+01:00,4,5,2254,2238,5669,7832,4866,8409,4591,11206,4948,9157,1992,2302,2471,4453,2842,7835,1141,1135,3302,4528,2798,5258,2766,7362,3181,6159,1337,1546,1516,3071,1239,4580,63142,50875,2687,42,17235,0,0,10,3
2021-02-28T23:59:59+01:00,3,5,2202,2195,5491,7573,4690,8188,4455,11020,4841,9031,1955,2240,2176,4151,2639,7526,1132,1129,3287,4518,2791,5251,2760,7348,3174,6145,1332,1543,1509,3055,1238,4548,62033,50716,2385,42,15953,0,0,10,3
2021-02-27T23:59:59+01:00,3,5,2115,1886,5314,7148,4592,7876,4372,10671,4769,8781,1927,2179,2148,4106,2619,7472,1128,1125,3285,4517,2786,5249,2756,7345,3169,6142,1330,1543,1509,3054,1237,4548,61801,50682,2385,39,13787,0,0,10,3
2021-02-26T23:59:59+01:00,3,5,2058,1808,5167,6911,4445,7617,4221,10406,4560,8499,1798,2072,2087,4069,2512,7292,1107,1112,3268,4483,2774,5209,2743,7292,3147,6088,1324,1532,1505,3046,1236,4546,60477,50372,2379,38,12664,0,0,10,3
2021-02-25T23:59:59+01:00,3,5,1941,1709,4841,6509,4017,7157,3935,9892,4325,8118,1740,2014,2054,4008,2402,7098,1091,1097,3231,4440,2744,5157,2697,7185,3107,5995,1314,1516,1491,3006,1223,4487,60001,49743,2272,36,9485,0,0,10,3
2021-02-24T23:59:59+01:00,3,5,1912,1649,4724,6295,3912,6942,3813,9651,4201,7958,1718,1982,2022,3966,2290,6900,1078,1092,3204,4378,2708,5091,2672,7101,3078,5924,1298,1499,1466,2958,1211,4418,59457,49149,2026,25,8450,0,0,10,3
2021-02-23T23:59:59+01:00,3,5,1687,1502,4350,5807,3631,6548,3592,9272,4046,7673,1689,1951,1978,3919,2177,6717,1059,1081,3166,4350,2680,5034,2648,7025,3043,5865,1278,1479,1440,2923,1201,4368,59002,48627,1979,11,5556,0,0,10,3
2021-02-22T23:59:59+01:00,3,5,1678,1483,4299,5748,3595,6485,3528,9179,3985,7578,1657,1924,1952,3868,2060,6520,1055,1068,3145,4305,2660,4995,2623,6966,3014,5812,1266,1465,1431,2913,1193,4359,58461,48262,1837,6,5239,0,0,10,3
2021-02-21T23:59:59+01:00,3,5,1666,1479,4269,5715,3552,6447,3487,9125,3941,7528,1649,1917,1947,3859,1940,6358,1050,1057,3124,4267,2631,4945,2608,6897,2985,5725,1252,1449,1411,2853,1169,4282,58119,47697,1831,6,4927,0,0,10,3
2021-02-20T23:59:59+01:00,3,5,1665,1478,4264,5712,3550,6446,3487,9124,3940,7527,1644,1915,1945,3855,1939,6358,1050,1057,3122,4265,2631,4945,2607,6896,2985,5725,1252,1448,1410,2853,1169,4282,58104,47689,1831,6,4912,0,0,10,3
2021-02-19T23:59:59+01:00,3,5,1648,1471,4251,5692,3539,6432,3476,9114,3930,7512,1618,1886,1924,3836,1839,6178,1049,1056,3121,4264,2630,4944,2607,6894,2982,5723,1252,1447,1410,2852,1169,4282,57685,47674,1826,6,4835,0,0,8,3
2021-02-18T23:59:59+01:00,3,5,1604,1440,4155,5581,3468,6330,3388,8950,3845,7371,1596,1851,1890,3766,1709,5981,1003,1013,2982,4039,2504,4672,2496,6559,2876,5459,1221,1404,1378,2767,1143,4133,57040,45642,1736,6,4149,0,0,8,2
2021-02-17T23:59:59+01:00,3,4,1582,1411,4059,5431,3383,6179,3270,8715,3718,7170,1544,1783,1818,3665,1592,5676,946,963,2829,3817,2387,4360,2369,6148,2747,5147,1172,1344,1332,2660,1096,3971,55830,43280,1725,6,3440,0,0,8,2
2021-02-16T23:59:59+01:00,3,4,1508,1344,3898,5234,3246,5998,3162,8483,3596,7004,1520,1757,1783,3635,1479,5469,860,931,2698,3660,2288,4149,2243,5826,2616,4893,1116,1253,1187,2359,842,3359,55140,40275,1708,3,2269,0,0,6,2
2021-02-15T23:59:59+01:00,3,4,1493,1326,3853,5148,3188,5911,3105,8368,3529,6898,1509,1743,1768,3612,1471,5449,825,909,2617,3531,2212,3969,2159,5548,2528,4680,1073,1189,1101,2185,778,3144,54675,38446,1706,1,1991,0,0,6,1
2021-02-14T23:59:59+01:00,3,4,1427,1298,3768,5071,3145,5802,3049,8214,3485,6789,1489,1712,1716,3485,1416,5202,816,903,2568,3463,2173,3901,2105,5428,2462,4573,1047,1153,1016,2013,707,2909,54432,37235,1095,1,1542,0,0,6,1
2021-02-13T23:59:59+01:00,3,4,1425,1297,3760,5066,3138,5801,3046,8212,3482,6787,1488,1709,1716,3483,1414,5202,816,903,2568,3463,2173,3901,2104,5428,2461,4573,1045,1152,1016,2013,707,2909,54413,37232,1094,0,1520,0,0,6,0
2021-02-12T23:59:59+01:00,3,3,1392,1281,3722,5032,3116,5781,3024,8179,3463,6742,1472,1699,1706,3466,1405,5183,809,895,2535,3410,2139,3856,2074,5374,2443,4542,1044,1151,1015,2013,706,2907,54186,36913,1092,0,1385,0,0,6,0
2021-02-11T23:59:59+01:00,3,3,1345,1238,3609,4860,3025,5607,2926,7868,3363,6530,1412,1639,1639,3288,1321,4859,772,832,2281,2966,1913,3379,1843,4630,2172,4014,961,1082,929,1821,657,2638,53555,32890,128,0,848,0,0,4,0
2021-02-10T23:59:59+01:00,3,3,1324,1216,3550,4750,2959,5502,2884,7718,3310,6400,1395,1622,1612,3248,1308,4822,695,775,1989,2557,1703,2930,1604,4023,1915,3552,851,935,766,1450,529,2148,52908,28422,126,0,589,0,0,3,0
2021-02-09T23:59:59+01:00,3,2,1311,1198,3495,4681,2929,5433,2864,7622,3273,6332,1388,1609,1584,3226,1298,4809,647,697,1729,2201,1509,2541,1419,3524,1743,3188,820,901,744,1378,508,2035,52598,25584,121,0,335,0,0,3,0
2021-02-08T23:59:59+01:00,3,2,1297,1194,3466,4651,2909,5396,2843,7570,3254,6302,1378,1602,1575,3200,1296,4791,634,663,1578,1964,1368,2287,1285,3216,1583,2928,781,880,696,1272,476,1866,52299,23477,95,0,332,0,0,3,0
2021-02-07T23:59:59+01:00,3,2,1165,1151,3359,4595,2854,5354,2816,7531,3229,6265,1368,1586,1567,3178,1291,4759,487,517,1309,1608,1128,1837,1077,2625,1355,2407,675,754,614,1113,431,1650,52003,19587,67,0,0,0,0,3,0
2021-02-06T23:59:59+01:00,3,2,1161,1149,3357,4593,2850,5351,2809,7528,3225,6261,1366,1584,1566,3175,1290,4759,363,368,1109,1356,991,1533,933,2211,1189,1988,586,652,586,1096,428,1647,51959,17036,67,0,0,0,0,3,0
2021-02-05T23:59:59+01:00,3,1,1150,1138,3341,4572,2843,5324,2798,7483,3206,6215,1360,1576,1563,3168,1289,4759,261,206,925,1038,842,1161,758,1759,1011,1579,469,546,559,1076,425,1643,51719,14258,67,0,0,0,0,3,0
2021-02-04T23:59:59+01:00,3,1,1134,1121,3296,4524,2802,5248,2755,7351,3158,6131,1346,1561,1550,3136,1280,4732,133,81,620,664,551,739,516,1148,669,987,288,363,459,930,387,1492,51081,10027,45,0,0,0,0,3,0
2021-02-03T23:59:59+01:00,3,1,1112,1115,3269,4479,2773,5206,2733,7297,3128,6074,1336,1552,1527,3096,1274,4687,115,65,494,513,420,597,415,908,513,743,240,284,359,730,303,1163,50615,7862,44,0,0,0,0,3,0
2021-02-02T23:59:59+01:00,3,1,1091,1102,3230,4448,2743,5153,2707,7221,3094,6010,1313,1524,1493,3039,1248,4596,105,56,411,415,348,519,367,820,460,661,219,261,314,660,279,1044,49970,6939,43,0,0,0,0,3,0
2021-02-01T23:59:59+01:00,3,1,1075,1091,3209,4395,2712,5092,2676,7094,3064,5913,1293,1496,1469,3003,1232,4533,78,41,314,310,256,394,274,611,326,496,180,211,248,523,217,813,49305,5292,43,0,0,0,0,3,0
2021-01-31T23:59:59+01:00,3,1,1070,1081,3194,4366,2688,5048,2661,7038,3050,5869,1282,1479,1449,2939,1209,4455,68,40,288,286,231,347,253,570,296,457,161,193,208,427,176,657,48836,4658,43,0,0,0,0,3,0
2021-01-30T23:59:59+01:00,3,1,1070,1081,3191,4362,2687,5048,2660,7037,3050,5868,1282,1478,1448,2939,1209,4455,68,37,281,272,218,331,248,559,292,451,160,190,207,427,176,657,48826,4574,40,0,0,0,0,3,0
2021-01-29T23:59:59+01:00,3,1,1069,1080,3190,4358,2687,5046,2660,7035,3047,5866,1282,1478,1448,2938,1209,4455,64,33,263,258,195,311,232,542,281,443,155,188,203,421,175,655,48809,4419,40,0,0,0,0,3,0
2021-01-28T23:59:59+01:00,3,1,1049,1061,3123,4253,2633,4935,2603,6879,2980,5735,1268,1456,1434,2872,1187,4335,55,18,166,154,129,187,162,357,206,280,124,145,157,262,102,378,47768,2882,37,0,0,0,0,2,0
2021-01-27T23:59:59+01:00,3,1,1004,1023,3037,4109,2552,4756,2508,6596,2896,5534,1238,1414,1398,2783,1154,4195,26,7,100,71,58,92,83,209,116,147,94,113,113,193,77,270,46172,1769,27,0,0,0,0,2,0
2021-01-26T23:59:59+01:00,2,1,927,994,2921,3974,2473,4571,2426,6416,2825,5379,1212,1365,1307,2630,940,3796,26,7,95,70,57,91,81,209,114,146,92,112,113,193,77,270,44141,1753,16,0,0,0,0,2,0
2021-01-25T23:59:59+01:00,2,1,911,977,2842,3845,2427,4423,2365,6219,2766,5228,1194,1343,1293,2605,930,3763,26,7,94,70,55,91,81,209,114,144,92,112,113,193,77,270,43122,1748,11,0,0,0,0,1,0
2021-01-24T23:59:59+01:00,2,1,901,973,2822,3830,2417,4391,2339,6180,2733,5167,1182,1337,1284,2583,917,3729,26,7,94,70,55,91,81,209,113,144,91,112,113,193,77,270,42779,1746,8,0,0,0,0,1,0
2021-01-23T23:59:59+01:00,2,1,901,973,2822,3829,2417,4391,2339,6180,2732,5167,1180,1336,1284,2583,917,3729,26,7,94,70,55,91,81,209,113,144,91,112,113,193,77,269,42776,1745,7,0,0,0,0,0,0
2021-01-22T23:59:59+01:00,2,1,895,966,2790,3783,2383,4326,2308,6105,2711,5120,1179,1335,1283,2582,916,3726,26,7,94,70,55,91,81,209,113,144,91,112,113,193,77,269,42404,1745,7,0,0,0,0,0,0
2021-01-21T23:59:59+01:00,2,1,880,898,2532,3367,2182,3909,2128,5496,2487,4634,1127,1287,1239,2461,886,3574,22,7,83,64,51,74,68,169,93,133,81,97,96,143,65,208,39083,1454,7,0,0,0,0,0,0
2021-01-20T23:59:59+01:00,2,1,805,836,2220,2961,1975,3443,1896,4887,2231,4157,1015,1147,1081,2115,773,3111,22,7,83,64,51,73,68,169,93,133,81,97,96,143,64,208,34649,1452,7,0,0,0,0,0,0
2021-01-19T23:59:59+01:00,2,1,745,758,1930,2516,1732,2981,1660,4231,1988,3685,942,1052,961,1842,676,2762,11,3,50,45,32,45,35,100,44,77,36,37,46,75,39,133,30458,808,6,0,0,0,0,0,0
2021-01-18T23:59:59+01:00,2,1,675,702,1702,2118,1494,2505,1412,3545,1732,3179,861,967,862,1636,624,2492,5,2,19,11,13,20,17,54,17,33,19,22,25,53,28,75,26506,413,3,0,0,0,0,0,0
2021-01-17T23:59:59+01:00,1,1,495,542,1385,1715,1213,1971,1156,2809,1453,2556,722,815,714,1357,514,2123,0,1,3,2,0,0,0,0,0,0,0,0,0,0,0,0,21540,6,2,0,0,0,0,0,0
2021-01-16T23:59:59+01:00,1,0,372,395,1203,1468,1093,1684,1015,2409,1296,2149,635,717,686,1341,512,2122,0,0,0,0,0,0,0,0,0,0,0,0,0,0,0,0,19097,0,1,0,0,0,0,0,0
2021-01-15T23:59:59+01:00,1,0,266,232,1019,1166,944,1337,846,1961,1116,1748,518,607,648,1308,501,2082,0,0,0,0,0,0,0,0,0,0,0,0,0,0,0,0,16299,0,1,0,0,0,0,0,0
2021-01-14T23:59:59+01:00,0,0,151,102,703,778,652,866,610,1303,751,1130,332,420,539,1126,451,1858,0,0,0,0,0,0,0,0,0,0,0,0,0,0,0,0,11772,0,0,0,0,0,0,0,0
2021-01-13T23:59:59+01:00,0,0,127,81,592,608,528,698,493,1047,593,865,279,346,453,958,394,1590,0,0,0,0,0,0,0,0,0,0,0,0,0,0,0,0,9652,0,0,0,0,0,0,0,0
2021-01-12T23:59:59+01:00,0,0,116,65,511,520,449,596,430,919,522,762,245,297,369,766,328,1242,0,0,0,0,0,0,0,0,0,0,0,0,0,0,0,0,8137,0,0,0,0,0,0,0,0
2021-01-11T23:59:59+01:00,0,0,87,52,417,421,365,485,344,742,415,589,211,246,309,637,269,1045,0,0,0,0,0,0,0,0,0,0,0,0,0,0,0,0,6634,0,0,0,0,0,0,0,0
2021-01-10T23:59:59+01:00,0,0,73,45,352,348,299,404,288,645,345,522,185,218,249,505,212,814,0,0,0,0,0,0,0,0,0,0,0,0,0,0,0,0,5504,0,0,0,0,0,0,0,0
2021-01-09T23:59:59+01:00,0,0,73,43,337,328,275,382,280,629,337,515,184,217,248,503,212,814,0,0,0,0,0,0,0,0,0,0,0,0,0,0,0,0,5377,0,0,0,0,0,0,0,0
2021-01-08T23:59:59+01:00,0,0,69,37,303,296,229,341,253,588,310,476,167,199,223,445,192,716,0,0,0,0,0,0,0,0,0,0,0,0,0,0,0,0,4844,0,0,0,0,0,0,0,0
2021-01-07T23:59:59+01:00,0,0,58,25,213,198,160,242,194,421,239,340,138,160,169,288,121,445,0,0,0,0,0,0,0,0,0,0,0,0,0,0,0,0,3411,0,0,0,0,0,0,0,0
2021-01-06T23:59:59+01:00,0,0,47,16,163,120,113,161,144,294,176,240,108,128,128,222,82,312,0,0,0,0,0,0,0,0,0,0,0,0,0,0,0,0,2454,0,0,0,0,0,0,0,0
2021-01-05T23:59:59+01:00,0,0,29,8,97,72,58,94,86,212,115,149,98,118,119,204,81,291,0,0,0,0,0,0,0,0,0,0,0,0,0,0,0,0,1831,0,0,0,0,0,0,0,0
2021-01-04T23:59:59+01:00,0,0,27,8,97,71,55,92,86,212,115,147,98,117,119,204,81,291,0,0,0,0,0,0,0,0,0,0,0,0,0,0,0,0,1820,0,0,0,0,0,0,0,0
2021-01-03T23:59:59+01:00,0,0,27,8,97,71,55,92,86,212,114,147,97,117,119,204,81,291,0,0,0,0,0,0,0,0,0,0,0,0,0,0,0,0,1818,0,0,0,0,0,0,0,0
2021-01-02T23:59:59+01:00,0,0,27,8,97,71,55,92,86,212,113,147,97,117,119,204,81,290,0,0,0,0,0,0,0,0,0,0,0,0,0,0,0,0,1816,0,0,0,0,0,0,0,0
2021-01-01T23:59:59+01:00,0,0,27,8,97,71,55,92,86,212,113,146,97,117,119,204,81,290,0,0,0,0,0,0,0,0,0,0,0,0,0,0,0,0,1815,0,0,0,0,0,0,0,0
2020-12-31T23:59:59+01:00,0,0,27,8,97,71,55,92,86,212,112,146,97,117,119,204,81,290,0,0,0,0,0,0,0,0,0,0,0,0,0,0,0,0,1814,0,0,0,0,0,0,0,0
2020-12-30T23:59:59+01:00,0,0,27,8,97,71,54,92,86,212,112,146,97,117,119,204,80,290,0,0,0,0,0,0,0,0,0,0,0,0,0,0,0,0,1812,0,0,0,0,0,0,0,0
2020-12-29T23:59:59+01:00,0,0,15,2,65,53,32,61,50,138,64,89,47,51,66,119,51,195,0,0,0,0,0,0,0,0,0,0,0,0,0,0,0,0,1098,0,0,0,0,0,0,0,0
2020-12-28T23:59:59+01:00,0,0,5,2,36,26,19,30,21,67,25,41,20,22,26,47,28,74,0,0,0,0,0,0,0,0,0,0,0,0,0,0,0,0,489,0,0,0,0,0,0,0,0
2020-12-27T23:59:59+01:00,0,0,0,0,7,5,7,2,1,5,0,2,0,1,2,2,4,6,0,0,0,0,0,0,0,0,0,0,0,0,0,0,0,0,44,0,0,0,0,0,0,0,0
