Datum,<15_m,<15_w,15-24_1_m,15-24_1_w,25-34_1_m,25-34_1_w,35-44_1_m,35-44_1_w,45-54_1_m,45-54_1_w,55-64_1_m,55-64_1_w,65-74_1_m,65-74_1_w,75-84_1_m,75-84_1_w,>84_1_m,>84_1_w,<24_2_m,<24_2_w,25-34_2_m,25-34_2_w,35-44_2_m,35-44_2_w,45-54_2_m,45-54_2_w,55-64_2_m,55-64_2_w,65-74_2_m,65-74_2_w,75-84_2_m,75-84_2_w,>84_2_m,>84_2_w,bp_1,bp_2,mo_1,mo_2,az_1,az_2,ja,unb_1,unb_2
2021-08-05T23:59:59+02:00,6582,6270,53893,54739,96823,95114,89400,89205,87807,93596,88935,91618,54054,67285,43009,59562,10377,20895,40609,41473,83631,81560,77115,76385,78628,84085,82409,85414,51236,63747,41192,56805,9879,19684,754810,665172,130665,110413,158012,137749,65588,89,80
2021-08-04T23:59:59+02:00,6515,6228,53686,54579,96617,94930,89251,89061,87692,93472,88839,91541,54009,67240,42981,59528,10375,20887,40168,41013,82469,80539,75808,75261,78160,83655,82111,85183,51108,63612,41141,56730,9864,19662,753670,660107,130578,108916,157999,137313,65095,89,80
2021-08-03T23:59:59+02:00,6456,6174,53453,54406,96409,94754,89109,88921,87568,93341,88712,91434,53945,67165,42949,59480,10368,20883,39747,40618,81244,79417,74419,74087,77576,83103,81587,84708,50912,63415,41044,56584,9852,19630,752404,654382,130482,107221,157981,136622,64571,89,80
2021-08-02T23:59:59+02:00,6399,6113,53234,54224,96173,94562,88926,88772,87433,93213,88595,91332,53876,67102,42920,59437,10366,20864,39296,40168,79963,78327,72902,72893,76982,82546,81067,84241,50751,63221,40972,56469,9836,19598,751107,648448,130347,105465,157963,136028,64035,89,80
2021-08-01T23:59:59+02:00,6339,6037,52992,53976,95934,94307,88726,88608,87242,93084,88443,91234,53825,67027,42888,59391,10360,20858,38795,39684,78690,77254,71519,71802,76107,81808,80494,83793,50576,62992,40894,56370,9827,19575,749631,642361,130161,103573,157945,135423,63445,89,80
2021-07-31T23:59:59+02:00,6305,6002,52878,53889,95820,94219,88626,88541,87155,93015,88400,91199,53814,67018,42882,59387,10360,20857,37855,38683,78250,76815,70990,71251,75725,81479,80380,83697,50557,62958,40876,56359,9827,19572,749175,637747,130003,102700,157944,135328,63156,89,80
2021-07-30T23:59:59+02:00,6252,5969,52717,53759,95669,94054,88478,88398,87033,92906,88319,91131,53777,66989,42870,59370,10358,20855,36868,37645,77564,76180,70248,70525,75214,80959,79982,83377,50484,62870,40844,56299,9821,19561,748342,631653,129698,101571,157941,135121,62834,89,80
2021-07-29T23:59:59+02:00,6204,5912,52495,53583,95426,93839,88278,88198,86871,92744,88185,91014,53723,66928,42848,59339,10351,20837,35635,36441,76526,75312,69202,69577,74416,80220,79446,82957,50353,62708,40778,56205,9804,19534,747193,623995,129242,100024,157927,134565,62324,89,80
2021-07-28T23:59:59+02:00,6168,5860,52303,53422,95229,93645,88143,88022,86756,92605,88078,90924,53667,66859,42816,59291,10342,20808,35035,35868,75380,74345,67935,68473,73660,79511,78956,82504,50216,62508,40710,56103,9788,19497,746089,617738,128806,98618,157908,133790,62046,89,80
2021-07-27T23:59:59+02:00,6120,5821,52072,53203,94974,93443,87970,87840,86601,92458,87961,90827,53618,66790,42773,59231,10328,20760,34392,35146,73941,73119,66494,67263,72805,78665,78416,81998,50047,62300,40631,55983,9765,19454,744726,610570,128385,97171,157886,132561,61704,89,79
2021-07-26T23:59:59+02:00,6063,5771,51862,53002,94741,93257,87779,87677,86446,92325,87834,90732,53557,66710,42744,59177,10321,20739,33649,34353,72444,71804,65139,66042,71768,77696,77831,81482,49880,62088,40553,55841,9745,19410,743420,602668,127971,95641,157871,131504,61386,89,79
2021-07-25T23:59:59+02:00,6026,5729,51669,52812,94494,93037,87618,87497,86297,92197,87726,90639,53507,66648,42717,59136,10311,20710,32945,33616,71108,70610,64042,65036,70767,76790,77367,81037,49765,61906,40489,55755,9739,19377,742095,595788,127708,94079,157853,130713,61025,89,79
2021-07-24T23:59:59+02:00,5941,5674,51399,52528,94193,92733,87373,87284,86125,92046,87629,90561,53478,66614,42706,59114,10311,20704,32463,33147,70262,69928,63376,64486,69895,76094,77163,80885,49712,61864,40468,55730,9739,19375,740269,591456,127656,93152,157852,130590,60547,89,79
2021-07-23T23:59:59+02:00,5886,5619,51136,52263,93811,92464,87089,87071,85946,91867,87496,90468,53446,66567,42698,59096,10308,20698,31962,32538,69215,69090,62600,63826,68989,75251,76763,80559,49636,61766,40436,55693,9732,19361,738275,585938,127590,91994,157845,130415,60130,89,79
2021-07-22T23:59:59+02:00,5817,5555,50728,51872,93361,92032,86714,86751,85645,91579,87283,90290,53361,66475,42669,59038,10299,20673,31280,31839,67929,68110,61563,62956,67375,73908,76123,80055,49485,61562,40346,55583,9711,19323,735319,579615,127360,89247,157820,129655,59554,89,79
2021-07-21T23:59:59+02:00,5766,5505,50377,51503,92938,91628,86418,86461,85398,91341,87115,90110,53279,66394,42611,58972,10288,20646,30692,31221,66601,67078,60487,62065,65345,72228,75219,79314,49195,61254,40187,55395,9687,19268,732607,573390,127128,84960,157795,128574,59131,89,79
2021-07-20T23:59:59+02:00,5707,5444,49998,51120,92486,91172,86058,86142,85138,91095,86899,89917,53189,66263,42568,58915,10282,20621,30055,30597,65159,65912,59351,61113,64162,71170,74609,78763,48991,61023,40081,55238,9665,19207,729720,566417,126914,83307,157745,127554,58546,89,79
2021-07-19T23:59:59+02:00,5628,5371,49538,50674,92021,90708,85696,85819,84891,90882,86695,89743,53096,66147,42532,58839,10265,20585,29525,30040,64009,64868,58441,60250,63012,70142,74018,78251,48817,60829,39991,55096,9638,19162,726508,560702,126690,81515,157711,126373,58132,89,79
2021-07-18T23:59:59+02:00,5560,5305,48720,49873,90981,89686,84984,85217,84425,90462,86406,89455,52992,66000,42469,58743,10255,20554,28979,29464,62846,63807,57523,59340,61841,69119,73474,77755,48672,60669,39933,55013,9626,19134,720181,554918,126366,79496,157695,125577,57756,89,79
2021-07-17T23:59:59+02:00,5386,5119,48370,49544,90839,89553,84793,85058,84271,90327,86297,89373,52972,65974,42458,58731,10254,20551,28603,29098,62207,63214,56979,58915,61083,68386,73168,77514,48564,60552,39893,54955,9617,19124,719012,551938,126193,78530,157690,124963,56886,89,79
2021-07-16T23:59:59+02:00,5289,5028,48051,49266,90576,89336,84550,84857,84069,90143,86159,89263,52931,65943,42439,58717,10251,20546,28116,28610,61278,62307,56135,58232,60030,67353,72665,77098,48405,60365,39848,54887,9612,19115,717653,547024,126024,77211,157677,124226,55971,89,79
2021-07-15T23:59:59+02:00,5154,4900,47585,48866,90190,88971,84198,84482,83771,89867,85944,89098,52853,65854,42386,58649,10241,20520,27393,28005,59973,61261,55021,57257,58634,66055,71943,76517,48183,60109,39762,54761,9596,19060,715258,541298,125606,75030,157644,122573,54932,89,79
2021-07-14T23:59:59+02:00,5048,4787,47249,48494,89899,88692,83917,84176,83523,89632,85743,88943,52765,65746,42330,58561,10224,20490,26881,27467,58896,60274,54066,56424,57766,65212,71333,75936,47918,59831,39660,54589,9574,19016,713155,535968,125250,74116,157597,120893,54128,89,79
2021-07-13T23:59:59+02:00,4935,4670,46857,48122,89514,88339,83617,83877,83265,89381,85545,88781,52658,65644,42276,58498,10218,20471,26239,26819,57533,59097,52877,55446,56782,64304,70612,75301,47644,59511,39534,54413,9545,18966,710862,529689,124881,73018,157550,118866,53286,89,78
2021-07-12T23:59:59+02:00,4768,4501,46322,47617,89123,88007,83235,83566,83020,89134,85359,88623,52578,65551,42228,58434,10206,20456,25624,26180,56032,57754,51588,54393,55560,63169,69873,74684,47274,59084,39360,54192,9504,18901,708210,522460,124513,71994,157506,116529,52410,89,77
2021-07-11T23:59:59+02:00,4370,4133,45387,46702,88703,87580,82822,83184,82716,88850,85169,88480,52492,65462,42203,58379,10195,20439,25028,25621,54658,56501,50292,53356,54517,62139,69285,74138,46931,58702,39237,54016,9480,18859,704315,515871,124042,70989,157466,114747,51354,89,77
2021-07-10T23:59:59+02:00,4358,4118,45060,46372,88254,87100,82493,82876,82614,88753,85101,88422,52473,65440,42194,58365,10194,20435,24547,25098,53588,55571,49437,52776,53924,61574,69070,73952,46561,58286,39137,53913,9475,18850,703656,511607,123579,70906,157292,113431,50006,89,77
2021-07-09T23:59:59+02:00,4340,4105,44638,45942,87645,86551,82117,82538,82365,88568,84989,88329,52438,65411,42187,58352,10190,20426,23857,24329,52271,54336,48505,51895,53144,60723,68650,73554,46202,57880,39051,53824,9467,18838,702274,505467,123003,70502,157124,112087,48641,89,76
2021-07-08T23:59:59+02:00,4315,4079,44095,45463,86790,85851,81598,82034,82113,88329,84796,88177,52373,65344,42155,58306,10181,20409,22890,23415,50339,52787,47134,50747,52012,59603,67971,72926,45689,57328,38916,53662,9439,18769,700202,497805,122118,69241,156832,109560,47167,89,76
2021-07-07T23:59:59+02:00,4292,4052,43527,44896,85969,85092,81059,81561,81829,88039,84594,88017,52296,65246,42115,58244,10174,20389,22031,22528,48403,51118,45632,49613,50783,58429,67286,72396,44958,56591,38727,53425,9408,18711,697751,489721,121125,68131,156582,106465,45845,88,74
2021-07-06T23:59:59+02:00,4257,4032,42989,44382,85124,84368,80453,80973,81464,87711,84421,87843,52207,65164,42078,58181,10165,20364,21204,21680,46430,49334,44252,48361,49513,57090,66542,71677,44132,55822,38542,53186,9390,18655,695154,480794,120102,67052,156278,103514,44555,87,74
2021-07-05T23:59:59+02:00,4234,3996,41850,43415,83632,83286,79726,80367,81015,87294,84151,87584,52090,65027,42030,58103,10151,20337,20033,20640,44490,47745,43228,47399,48489,56135,65849,71060,43375,54962,38370,52963,9367,18616,691911,474855,119044,66186,155915,100431,41331,87,74
2021-07-04T23:59:59+02:00,4207,3975,40507,42228,82001,81979,79010,79760,80546,86872,83882,87389,52000,64901,41984,58052,10138,20308,18689,19434,42703,46234,42532,46661,47688,55278,65272,70492,42631,54117,38207,52773,9349,18569,688878,470235,117893,65259,155489,97815,37392,87,74
2021-07-03T23:59:59+02:00,3746,3559,38950,40703,81144,81328,78526,79271,80106,86395,83668,87220,51931,64800,41966,58000,10135,20302,17882,18746,41790,45544,42112,46280,47284,54883,65106,70327,42044,53389,38145,52673,9342,18559,685194,468304,116585,65161,155402,96225,34482,87,74
2021-07-02T23:59:59+02:00,3189,2991,37402,39226,80432,80600,77859,78572,79586,85888,83428,87020,51880,64713,41937,57952,10123,20289,17128,18037,40654,44588,41380,45590,46455,54102,64587,69881,41094,52184,38015,52484,9326,18540,680199,463277,115183,64702,155241,93740,32377,87,71
2021-07-01T23:59:59+02:00,2545,2448,35696,37585,79469,79748,77027,77747,78883,85250,83113,86741,51759,64556,41875,57848,10104,20261,16267,17145,39127,43360,40167,44528,45151,52977,63851,69310,40207,51050,37865,52277,9309,18508,673942,456952,113478,63056,155013,90982,30135,87,71
2021-06-30T23:59:59+02:00,2504,2417,34693,36585,77647,78249,75321,76246,78225,84701,82830,86448,51628,64393,41815,57754,10092,20234,15247,16185,37449,42135,38971,43414,43992,51923,63100,68683,39665,50372,37751,52082,9287,18473,668106,450853,111743,61719,154792,89110,27054,87,70
2021-06-29T23:59:59+02:00,2471,2385,33867,35707,76050,76766,73706,74829,77438,83987,82288,85961,51447,64174,41740,57623,10075,20198,14419,15290,36137,40994,38053,42593,42770,50874,62390,68100,38961,49439,37615,51865,9266,18430,661804,445709,109877,59881,154518,87166,24426,87,69
2021-06-28T23:59:59+02:00,2431,2351,33064,34915,74436,75359,72031,73431,76416,83203,81684,85465,51268,63946,41663,57516,10062,20164,13679,14547,35085,39981,37229,41865,41652,49883,61743,67558,38089,48356,37448,51645,9246,18383,655379,440912,107911,58372,153925,84975,22103,87,68
2021-06-27T23:59:59+02:00,2417,2336,32335,34177,72868,73990,70628,72228,75021,82084,81011,84918,51068,63731,41598,57400,10052,20135,13050,13921,34129,39232,36577,41263,40721,49036,61208,67116,37231,47331,37296,51468,9231,18352,649210,437046,105973,57609,152973,82721,19754,87,68
2021-06-26T23:59:59+02:00,1785,1731,31306,33084,72516,73673,70161,71763,74727,81773,80915,84833,51046,63702,41584,57389,10051,20132,12860,13715,33472,38694,35937,40845,40203,48700,60215,66118,36243,46198,37129,51255,9217,18319,644445,431102,105036,57558,152966,80784,19643,81,68
2021-06-25T23:59:59+02:00,1166,1133,30196,31925,72031,73148,69547,71065,74306,81330,80539,84512,50985,63615,41550,57346,10046,20119,12540,13330,32620,37898,35069,40025,39264,47864,59004,64886,35728,45501,36937,50955,9194,18275,638162,422703,103848,57111,152957,79727,19511,81,68
2021-06-24T23:59:59+02:00,566,574,28868,30618,71264,72409,68675,70183,73634,80705,80095,84148,50880,63486,41498,57276,10035,20085,11884,12638,31460,36601,33857,38761,38141,46757,57369,63510,35256,44982,36780,50768,9175,18215,630419,413410,102356,55562,152843,77839,19300,81,67
2021-06-23T23:59:59+02:00,539,540,28366,30081,70161,71433,67399,69048,72888,80018,79644,83746,50769,63312,41437,57180,10018,20054,11398,12114,30463,35355,32928,37539,37133,45881,55436,61800,34705,44419,36612,50541,9154,18150,624220,403688,100783,54502,152741,76584,18808,81,67
2021-06-22T23:59:59+02:00,516,524,27856,29502,68989,70408,66200,68019,72211,79316,79229,83380,50663,63184,41389,57096,10009,20029,11053,11717,29543,34421,31965,36655,36176,44993,53474,59967,34321,43943,36475,50300,9125,18093,617916,395183,99328,52930,152606,75471,18589,81,66
2021-06-21T23:59:59+02:00,484,490,27195,28845,67675,69240,65018,66889,71451,78537,78833,82986,50556,63075,41330,57010,9996,19987,10766,11409,28919,33844,31417,36089,35578,44405,51631,58312,33615,43144,36180,49878,9096,18017,611129,387645,97833,51734,152485,74802,18070,80,66
2021-06-20T23:59:59+02:00,400,408,26558,28189,66459,68108,64002,65947,70648,77797,78477,82650,50478,62951,41282,56941,9991,19954,10480,11150,28374,33343,30962,35597,35070,43885,49797,56530,33073,42465,35983,49545,9066,17957,604762,380258,96367,50982,152387,74341,17644,80,64
2021-06-19T23:59:59+02:00,368,374,26180,27829,65732,67539,63483,65453,69853,77145,78323,82522,50458,62926,41266,56926,9990,19954,10351,10957,28129,33025,30708,35279,34848,43626,48357,55142,32817,42120,35901,49409,9058,17929,600838,374888,95427,50970,152385,74155,17591,80,64
2021-06-18T23:59:59+02:00,341,340,25723,27371,64721,66802,62748,64841,68935,76310,77931,82185,50397,62850,41239,56890,9986,19946,10137,10723,27730,32607,30383,34869,34463,43236,46635,53487,32466,41607,35764,49198,9039,17896,595437,368082,94186,50684,152377,73945,17477,79,64
2021-06-17T23:59:59+02:00,312,309,25093,26773,63469,65805,61757,64032,67345,74911,77410,81785,50297,62698,41176,56807,9973,19918,9726,10373,26939,31921,29644,34191,33628,42535,45132,51999,32022,40981,35601,48944,9007,17846,589388,360677,91540,49546,152219,73570,16645,78,63
2021-06-16T23:59:59+02:00,279,271,24575,26200,62172,64682,60649,63050,65070,72993,76565,81128,50086,62487,41085,56694,9954,19887,9411,10123,26289,31256,28938,33570,32904,41908,44542,51437,31753,40622,35455,48746,8986,17805,583172,357000,87036,48841,151771,72079,15772,76,63
2021-06-15T23:59:59+02:00,240,240,23940,25518,60776,63482,59567,62066,63915,71908,76063,80704,49962,62338,41035,56597,9947,19857,9152,9856,25688,30523,28299,32815,32229,41186,42987,49816,31308,40070,35284,48513,8956,17741,576087,350312,85408,47949,151301,70826,15283,76,63
2021-06-14T23:59:59+02:00,218,208,23476,24937,59673,62425,58690,61219,62843,70904,75588,80313,49874,62217,40985,56526,9931,19831,8866,9557,24936,29636,27536,31982,31438,40372,41704,48481,30942,39572,35147,48289,8926,17690,570242,344191,83690,46926,151096,69149,14754,76,63
2021-06-13T23:59:59+02:00,213,193,23060,24473,58744,61518,57916,60436,61737,69936,75119,79882,49785,62100,40936,56467,9920,19802,8591,9261,24228,28799,26821,31146,30677,39521,40161,46910,30480,38967,34946,47985,8896,17601,565236,337174,81826,46150,150864,67378,14235,76,62
2021-06-12T23:59:59+02:00,200,176,22836,24209,58195,61019,57559,60156,61094,69293,74920,79768,49761,62069,40924,56453,9917,19798,8476,9145,23750,28214,26305,30577,30165,38962,39087,45939,30313,38788,34850,47820,8892,17590,562346,332982,80870,46147,150856,65492,14199,76,62
2021-06-11T23:59:59+02:00,182,160,22485,23798,57459,60208,56881,59529,60189,68363,74567,79458,49687,61996,40899,56417,9914,19792,8345,8956,23242,27545,25777,29922,29584,38330,38017,44932,30046,38434,34708,47597,8879,17564,557351,328164,79581,45888,150841,63638,14135,76,61
2021-06-10T23:59:59+02:00,167,143,21958,23242,56333,59284,55952,58711,58933,67190,74034,79050,49616,61889,40875,56365,9901,19764,8085,8709,22378,26603,24817,28987,28468,37406,36630,43771,29695,37959,34430,47165,8812,17489,551820,321294,77377,45182,150596,61339,13538,76,59
2021-06-09T23:59:59+02:00,146,130,21341,22696,55083,58191,54891,57803,57987,66286,73567,78658,49529,61789,40825,56303,9887,19734,7799,8446,21464,25738,23883,28098,27441,36460,34916,41991,29312,37461,34245,46896,8771,17399,546107,313887,75929,44457,150242,59434,12492,76,58
2021-06-08T23:59:59+02:00,124,112,20673,22016,53782,57065,53773,56832,57032,65427,73022,78223,49442,61665,40769,56211,9867,19703,7535,8213,20552,24846,22825,27235,26410,35507,33567,40690,28957,36954,33926,46444,8718,17316,539472,307597,75010,43694,149798,56971,11382,76,57
2021-06-07T23:59:59+02:00,107,94,20032,21420,52347,55814,52509,55858,55874,64444,72472,77823,49357,61559,40723,56147,9854,19675,7289,7993,19710,24024,21800,26421,25378,34638,32634,39910,28672,36566,33682,46019,8667,17225,532233,302986,74115,42877,149386,54413,10299,76,57
2021-06-06T23:59:59+02:00,100,88,19525,20887,51201,54727,51410,54885,54913,63493,71964,77420,49273,61485,40686,56084,9847,19659,7081,7795,18923,23134,20901,25549,24308,33657,31722,39096,28390,36229,33426,45629,8618,17150,525925,298430,73094,42139,149050,51482,9504,74,57
2021-06-05T23:59:59+02:00,94,80,19260,20593,50431,53976,50757,54379,54438,62998,71827,77303,49257,61468,40683,56080,9844,19659,6856,7389,18286,22069,20182,24437,23436,32426,30701,37784,28062,35768,33302,45456,8611,17130,521624,292146,73089,42101,148906,48161,9434,74,57
2021-06-04T23:59:59+02:00,84,73,18817,20014,49387,52975,49946,53510,53791,62216,71482,76975,49228,61432,40663,56065,9842,19652,6639,7080,17668,21220,19508,23453,22514,31162,29495,36457,27775,35406,33190,45283,8599,17111,515167,285765,72768,42033,148888,45453,9255,74,57
2021-06-03T23:59:59+02:00,73,62,18146,19344,47869,51679,48740,52392,52829,61206,70986,76515,49164,61331,40625,56020,9829,19628,6352,6690,16934,20179,18719,22308,21518,29750,28337,34979,27233,34630,32986,44959,8563,17036,507463,279052,71753,41289,148612,42242,8537,73,56
2021-06-02T23:59:59+02:00,68,58,17779,18843,46860,50702,47881,51652,52092,60459,70741,76302,49127,61295,40606,55992,9821,19614,6171,6452,16289,19500,17817,21558,20695,28814,27249,33582,26767,34026,32827,44709,8534,16966,501229,272813,71739,41274,148588,39555,8264,72,53
2021-06-01T23:59:59+02:00,57,52,17111,18124,45006,48966,46236,50195,50572,59014,70060,75703,49037,61183,40546,55919,9808,19566,5897,6143,15133,18602,16315,20600,19494,27579,26033,32194,26217,33336,32580,44362,8488,16862,492110,266368,70399,40709,148036,36167,6540,70,53
2021-05-31T23:59:59+02:00,55,48,16638,17643,43697,47829,45030,49097,49334,57904,69383,75192,48960,61082,40502,55850,9796,19531,5620,5824,14096,17775,14918,19684,18328,26474,24815,30856,25702,32621,32386,44066,8454,16764,485871,260098,69236,40165,147579,33254,4816,69,52
2021-05-30T23:59:59+02:00,48,47,16315,17252,42721,46896,44125,48192,48341,56908,68822,74646,48852,60927,40431,55737,9781,19488,5433,5583,13550,17077,14297,18990,17443,25510,23720,29685,24934,31674,32093,43651,8410,16676,479890,254152,68201,39366,147171,30962,4198,69,50
2021-05-29T23:59:59+02:00,48,47,16185,17136,42363,46580,43783,47927,48100,56719,68763,74588,48846,60920,40425,55734,9781,19488,5270,5343,13042,16266,13652,18142,16600,24346,22611,28386,24778,31443,32030,43558,8407,16669,477929,248568,68080,39366,147161,28368,4194,69,49
2021-05-28T23:59:59+02:00,47,45,15885,16831,41668,45952,43273,47367,47594,56177,68487,74291,48781,60838,40397,55685,9778,19483,5031,4959,12506,15350,12977,17280,15738,23118,21518,26953,24532,31079,31936,43424,8397,16652,473645,242564,67580,39261,147129,25424,4156,69,47
2021-05-27T23:59:59+02:00,44,41,15369,16312,40524,44975,42257,46486,46611,55292,67903,73859,48660,60678,40343,55613,9767,19442,4808,4623,11866,14522,12193,16345,14672,21929,20262,25446,24029,30340,31764,43163,8364,16570,467833,235238,66070,38457,146413,23367,3791,69,45
2021-05-26T23:59:59+02:00,42,40,14962,15887,39429,44058,41225,45604,45587,54416,67296,73351,48509,60500,40263,55445,9746,19394,4617,4428,11309,13762,11472,15496,13671,20797,18869,23861,23446,29560,31548,42823,8312,16469,462720,227987,64045,37600,145426,21316,3494,69,45
2021-05-25T23:59:59+02:00,42,39,14572,15485,38426,43170,40259,44749,44637,53499,66687,72821,48330,60267,40184,55313,9720,19340,4411,4226,10769,13118,10713,14715,12608,19566,17439,22356,22864,28782,31315,42506,8257,16382,457426,220656,62464,36661,144319,19407,3262,69,43
2021-05-24T23:59:59+02:00,41,38,14229,15162,37597,42436,39388,44078,43775,52716,66156,72338,48205,60090,40120,55191,9700,19296,4268,4101,10323,12659,10075,14131,11731,18736,16156,21100,22196,27952,31098,42182,8198,16295,452806,213790,61236,35722,143592,18796,2853,69,42
2021-05-23T23:59:59+02:00,37,38,14061,14989,37127,42063,38939,43675,43325,52312,65886,72111,48131,60000,40082,55145,9693,19272,4078,3962,9863,12186,9456,13525,10793,17924,14965,20039,21731,27387,30846,41896,8151,16214,449625,206828,60860,35643,143564,17737,2768,69,42
2021-05-22T23:59:59+02:00,35,36,13865,14773,36443,41499,38262,43222,42754,51905,64868,71104,47927,59744,40012,55032,9683,19251,3968,3667,9647,11773,9303,13197,10552,17480,14696,19639,21638,27270,30812,41856,8144,16205,443202,205610,60857,35640,143550,15820,2737,69,42
2021-05-21T23:59:59+02:00,34,35,13486,14372,35371,40584,37201,42294,41690,51008,63513,69822,47697,59407,39931,54885,9666,19218,3862,3571,9440,11509,9093,12933,10223,17153,14288,19270,21418,26984,30752,41766,8135,16197,433607,203672,60504,35334,143314,14829,2721,68,40
2021-05-20T23:59:59+02:00,31,35,12692,13648,33933,39130,35780,40886,40288,49811,62230,68671,47408,59065,39787,54705,9645,19167,3714,3390,8915,10908,8448,12225,9525,16308,13534,18311,20605,25871,30559,41470,8097,16112,423415,199328,58803,34490,142284,11792,2344,66,40
2021-05-19T23:59:59+02:00,31,34,12156,13084,32754,37707,34677,39505,39165,48854,60233,66906,46932,58508,39604,54444,9604,19061,3611,3259,8642,10536,8153,11851,9083,15800,12897,17650,19741,24742,30333,41167,8041,15997,412588,195091,57286,33677,141177,10557,2142,66,38
2021-05-18T23:59:59+02:00,28,34,11734,12641,31709,36688,33586,38592,38126,47919,58176,65049,46577,58059,39451,54205,9572,19002,3413,3096,8150,9932,7682,11306,8542,15135,12216,16881,18802,23515,30096,40824,8005,15892,403939,191010,55327,32837,139981,7768,1836,65,38
2021-05-17T23:59:59+02:00,26,33,11483,12365,31192,36133,33094,38032,37536,47285,56274,63341,45876,57237,39174,53808,9535,18928,3331,2987,7888,9649,7389,11007,8141,14723,11647,16278,17885,22384,29864,40505,7970,15818,396360,186640,54204,32090,139175,7152,1549,64,37
2021-05-16T23:59:59+02:00,26,33,11262,12111,30671,35629,32632,37540,37013,46714,54381,61517,45332,56539,38980,53489,9508,18873,3230,2888,7600,9360,7068,10663,7665,14261,11068,15694,16956,21237,29655,40216,7932,15750,389406,182366,53237,31244,138512,6568,1032,63,35
2021-05-15T23:59:59+02:00,26,33,11108,11908,30393,35296,32395,37220,36784,46451,52811,60040,45082,56233,38903,53351,9502,18845,3210,2870,7575,9331,7053,10642,7647,14248,11051,15673,16847,21023,29446,39909,7924,15740,383603,181381,53234,31243,138466,6518,1015,63,34
2021-05-14T23:59:59+02:00,26,33,10862,11627,29925,34790,32016,36759,36274,45979,50941,58212,44720,55732,38763,53144,9486,18805,3183,2852,7505,9260,6999,10570,7588,14190,10869,15475,16117,19957,29160,39423,7907,15700,375822,178475,52907,30904,138337,6379,965,63,34
2021-05-13T23:59:59+02:00,23,32,10579,11302,29277,34151,31416,36155,35603,45314,49472,56695,44290,55105,38593,52901,9459,18759,3115,2806,7378,9159,6912,10476,7485,14082,10543,15129,15060,18724,28774,38780,7864,15626,368733,174681,51889,30342,137587,6004,855,62,33
2021-05-12T23:59:59+02:00,23,30,10450,11160,28996,33834,31150,35862,35292,45001,49187,56387,44191,55000,38540,52821,9452,18721,3103,2780,7344,9123,6882,10441,7458,14043,10377,14973,14688,18294,28471,38301,7842,15579,366067,172642,51808,30332,137428,5960,733,61,33
2021-05-11T23:59:59+02:00,22,27,10104,10837,28143,33008,30319,35109,34431,44220,47453,54619,43737,54407,38364,52530,9414,18619,3016,2684,7100,8843,6659,10142,7243,13673,9897,14425,13711,17145,28058,37684,7805,15484,359157,168978,50103,29440,135535,4612,507,61,33
2021-05-10T23:59:59+02:00,21,27,9798,10560,27398,32308,29543,34410,33662,43453,46148,53354,43355,53896,38174,52225,9364,18506,2974,2639,6973,8720,6564,10025,7104,13492,9634,14118,13017,16287,27632,37074,7779,15404,352908,166171,48986,29061,133852,3776,398,58,31
2021-05-09T23:59:59+02:00,20,27,9566,10315,26718,31626,28877,33709,32940,42757,44627,51885,42855,53275,37974,51921,9327,18421,2927,2593,6850,8577,6458,9883,6992,13280,9318,13807,12219,15389,27269,36539,7759,15348,345835,163325,47911,28506,132727,3036,311,56,31
2021-05-08T23:59:59+02:00,20,27,9473,10247,26333,31325,28431,33395,32487,42453,43595,51057,42703,53112,37933,51859,9325,18415,2924,2589,6842,8572,6452,9875,6984,13269,9309,13795,12181,15327,26593,35590,7722,15272,341319,161459,47869,28479,132641,3023,305,56,31
2021-05-07T23:59:59+02:00,19,27,9332,10099,25862,30947,27986,33021,31982,42106,42557,50231,42432,52772,37820,51699,9313,18388,2877,2563,6789,8531,6396,9820,6933,13217,9136,13575,11550,14515,25655,34211,7675,15190,336205,157376,47562,28110,132483,2830,287,56,31
2021-05-06T23:59:59+02:00,17,26,8934,9810,24945,30178,26927,32221,30756,41290,40942,49023,42053,52228,37625,51457,9275,18315,2813,2517,6659,8385,6281,9692,6785,13030,8866,13278,10902,13654,24695,32831,7642,15129,328368,153602,46488,27157,130835,2094,276,55,31
2021-05-05T23:59:59+02:00,17,25,8568,9610,24065,29580,26064,31557,29668,40500,38966,47211,41610,51675,37416,51175,9218,18203,2772,2486,6542,8257,6180,9578,6683,12889,8621,13021,10196,12828,23685,31509,7613,15058,320522,149731,45637,26271,128722,1694,192,55,31
2021-05-04T23:59:59+02:00,17,24,8325,9383,23269,28933,25092,30818,28597,39665,37456,45748,41142,51090,37138,50829,9172,18082,2734,2465,6470,8185,6097,9512,6609,12810,8385,12801,9467,11974,22740,30267,7579,14995,313877,146019,44672,25465,126089,1490,87,55,30
2021-05-03T23:59:59+02:00,17,23,8122,9170,22570,28353,24254,30213,27690,38970,36499,44997,40794,50618,36924,50539,9122,17978,2689,2434,6400,8108,6019,9447,6521,12726,8157,12589,8725,11075,21826,29053,7548,14945,309015,142289,43896,24647,123841,1250,47,54,30
2021-05-02T23:59:59+02:00,17,23,7959,9006,21933,27776,23516,29622,26873,38348,35685,44364,40535,50289,36811,50353,9088,17921,2651,2411,6358,8067,5984,9412,6482,12686,7975,12416,8125,10339,21118,28186,7527,14927,304190,139108,43127,24372,122709,1116,40,53,29
2021-05-01T23:59:59+02:00,16,23,7807,8824,21560,27319,23034,29047,26230,37639,34861,43469,40272,49915,36714,50200,9082,17904,2645,2405,6332,8057,5969,9403,6464,12672,7958,12401,8089,10275,21079,28129,7523,14923,298095,138817,43126,24365,122602,1074,40,53,29
2021-04-30T23:59:59+02:00,16,21,7659,8646,21173,26890,22589,28482,25482,36863,33854,42506,40043,49595,36617,50047,9070,17883,2627,2392,6308,8039,5947,9386,6437,12652,7926,12367,8049,10205,21029,28046,7520,14914,291810,138506,43119,24292,122421,984,34,52,29
2021-04-29T23:59:59+02:00,15,21,7390,8406,20580,26319,21919,27799,24550,35899,32580,41170,38999,48192,36298,49574,9013,17755,2595,2358,6216,7929,5863,9284,6343,12510,7725,12092,7426,9482,20623,27530,7498,14840,283076,136446,42334,23065,120988,743,34,47,27
2021-04-28T23:59:59+02:00,14,19,7115,8188,20059,25848,21282,27200,23665,35052,31186,39720,37839,46607,35955,49080,8950,17613,2526,2310,6108,7808,5754,9154,6241,12360,7506,11822,6738,8637,20207,26957,7457,14769,274400,134005,41563,21770,119352,519,34,43,27
2021-04-27T23:59:59+02:00,13,19,6933,8010,19626,25424,20667,26663,22812,34276,29976,38400,36751,45165,35574,48510,8880,17486,2502,2285,6005,7711,5701,9057,6175,12237,7291,11624,6137,7901,19802,26460,7437,14746,266600,131911,40700,20828,117808,272,34,43,27
2021-04-26T23:59:59+02:00,12,19,6751,7845,19208,25001,20125,26138,22011,33521,28762,37167,35693,43742,35268,48027,8831,17362,2491,2275,5962,7669,5656,9018,6139,12193,7105,11459,5523,7171,19431,26012,7413,14719,258926,129953,39875,19985,116609,241,31,42,27
2021-04-25T23:59:59+02:00,12,18,6646,7712,18870,24731,19746,25799,21400,32906,27779,36212,34564,42315,34953,47599,8790,17281,2479,2268,5944,7645,5637,9001,6119,12168,7068,11432,5396,6990,19096,25548,7397,14675,251752,129332,39161,19244,116348,231,30,42,27
2021-04-24T23:59:59+02:00,12,18,6482,7536,18428,24299,19187,25262,20616,32105,26698,35164,34314,42002,34859,47434,8780,17269,2475,2262,5931,7635,5629,8990,6114,12164,7058,11425,5323,6879,18998,25407,7394,14667,245795,128878,39156,19205,115442,213,30,42,26
2021-04-23T23:59:59+02:00,12,18,6259,7338,17980,23826,18619,24651,19792,31292,25542,33972,33539,40830,34715,47198,8766,17246,2469,2244,5904,7611,5592,8951,6069,12120,7012,11373,5157,6603,18460,24781,7294,14498,238238,127035,38828,18859,114458,191,30,41,24
2021-04-22T23:59:59+02:00,11,17,6044,7130,17375,23237,17826,23869,18742,30270,24223,32540,32499,39478,34470,46842,8728,17168,2455,2229,5860,7561,5544,8867,5994,12042,6936,11303,4873,6186,17748,23908,7175,14304,229203,124880,37911,17896,113287,157,30,38,23
2021-04-21T23:59:59+02:00,11,16,5845,6950,16844,22766,17165,23266,17762,29373,22669,30949,31494,38248,34173,46406,8680,17080,2431,2212,5818,7506,5486,8792,5928,11942,6841,11223,4714,5911,17050,23061,7059,14123,220335,122793,37141,17127,112155,125,30,36,23
2021-04-20T23:59:59+02:00,10,15,5662,6757,16289,22293,16426,22609,16768,28372,21203,29481,30348,36763,33859,45975,8632,16992,2418,2197,5769,7469,5446,8747,5880,11876,6762,11159,4595,5758,16449,22287,6933,13944,211370,121112,36259,16411,110760,117,29,36,21
2021-04-19T23:59:59+02:00,10,15,5477,6600,15757,21864,15751,22052,15778,27496,19813,28082,28977,35130,33542,45502,8574,16877,2407,2183,5744,7436,5409,8714,5841,11831,6681,11083,4469,5597,15801,21578,6825,13783,202699,119471,35480,15748,109055,114,29,34,21
2021-04-18T23:59:59+02:00,9,15,5290,6459,15324,21540,15134,21491,14808,26709,18476,26944,27591,33483,33211,45084,8518,16791,2356,2137,5613,7315,5295,8601,5734,11680,6576,10964,4353,5410,15208,20912,6712,13604,194177,117833,34651,14479,107986,110,29,34,20
2021-04-17T23:59:59+02:00,9,14,5254,6424,15170,21465,14958,21406,14573,26530,18222,26723,27084,32942,33085,44936,8509,16776,2329,2097,5513,7161,5188,8442,5634,11492,6486,10831,4301,5348,14967,20618,6702,13591,192959,116076,34646,14475,106412,101,29,34,20
2021-04-16T23:59:59+02:00,9,14,5191,6370,14993,21314,14747,21246,14291,26281,17807,26312,26041,31711,32952,44725,8488,16753,2283,2047,5397,6975,5052,8261,5482,11251,6290,10609,4096,5115,14321,19829,6604,13446,189612,112840,34358,14078,105212,92,29,34,20
2021-04-15T23:59:59+02:00,7,13,5122,6293,14780,21101,14479,20957,13862,25931,17172,25682,24680,30104,32695,44402,8453,16675,2213,1963,5201,6739,4850,7940,5275,10934,6074,10325,3898,4865,13492,18747,6489,13279,185064,109020,33549,13135,103732,81,29,34,20
2021-04-14T23:59:59+02:00,7,13,5041,6222,14576,20901,14225,20733,13473,25597,16506,25064,23104,28319,32382,43999,8402,16581,2025,1843,4983,6477,4661,7690,5048,10685,5840,10040,3762,4656,12766,17830,6362,13065,180465,105930,32675,11680,101942,75,29,34,20
2021-04-13T23:59:59+02:00,7,13,4990,6175,14377,20766,13991,20551,13130,25302,15936,24561,21400,26475,32066,43578,8370,16474,1940,1791,4816,6290,4476,7471,4847,10430,5636,9806,3626,4491,12250,17214,6239,12904,176247,103549,31799,10565,100054,65,29,33,20
2021-04-12T23:59:59+02:00,7,12,4926,6110,14161,20569,13686,20288,12745,24890,15358,24008,19807,24534,31776,43218,8330,16400,1810,1700,4636,6131,4328,7295,4685,10238,5499,9648,3509,4336,11819,16705,6128,12741,171894,101869,30746,9229,98123,64,29,33,18
2021-04-11T23:59:59+02:00,7,12,4857,6034,13937,20371,13391,20077,12332,24539,14797,23499,18301,22760,31515,42880,8287,16321,1773,1664,4516,6018,4217,7172,4563,10107,5365,9518,3395,4217,11328,16095,5997,12534,167613,100122,29786,8251,96458,62,28,32,17
2021-04-10T23:59:59+02:00,7,12,4852,6026,13918,20357,13382,20067,12315,24523,14774,23480,17613,21838,31223,42462,8269,16294,1769,1652,4504,6007,4202,7158,4550,10093,5312,9453,3293,4104,10772,15261,5868,12336,166545,97982,29759,8251,95050,59,26,32,17
2021-04-09T23:59:59+02:00,7,12,4839,6009,13882,20308,13338,20020,12268,24469,14514,23228,16096,19952,30818,41816,8235,16251,1745,1642,4482,5992,4176,7131,4509,10059,5275,9404,3208,3985,9906,14273,5720,12138,163932,95545,29418,8003,92657,58,24,31,16
2021-04-08T23:59:59+02:00,7,12,4796,5981,13781,20234,13258,19940,12168,24365,14179,22869,14329,17743,30201,40807,8177,16130,1724,1629,4450,5939,4124,7047,4445,9979,5203,9327,3100,3882,9428,13673,5515,11893,160108,93702,28390,7568,90434,57,16,29,16
2021-04-07T23:59:59+02:00,7,12,4766,5952,13677,20152,13165,19855,12066,24263,13802,22512,12822,15895,29558,39838,8122,16032,1705,1617,4398,5872,4039,6973,4356,9895,5113,9227,3014,3787,8685,12579,5280,11490,155708,91158,27515,6795,89229,47,15,29,16
2021-04-06T23:59:59+02:00,7,12,4737,5926,13580,20085,13084,19794,11990,24198,13427,22161,11189,13890,28897,38867,8090,15961,1645,1563,4270,5745,3931,6849,4237,9747,5010,9098,2899,3666,7980,11651,5008,11125,151696,88777,26633,5574,87523,45,14,29,15
2021-04-05T23:59:59+02:00,7,11,4700,5898,13503,20019,13017,19726,11935,24118,13155,21907,9579,11947,28171,37818,8055,15899,1574,1494,4115,5595,3763,6693,4084,9598,4855,8970,2767,3549,7175,10690,4737,10736,148505,86412,25618,3914,85300,42,13,29,15
2021-04-04T23:59:59+02:00,7,11,4686,5880,13492,19999,13009,19709,11927,24098,13058,21837,8556,10687,27724,37177,8030,15842,1572,1492,4107,5589,3761,6688,4079,9593,4853,8962,2762,3540,6939,10225,4653,10611,146779,85454,25614,3914,83297,36,10,29,13
2021-04-03T23:59:59+02:00,7,11,4683,5870,13475,19979,12999,19699,11917,24088,13044,21819,7652,9619,26842,35935,7981,15730,1568,1488,4105,5584,3759,6685,4071,9581,4839,8949,2755,3529,6801,9964,4614,10531,144304,84852,25606,3914,81403,36,9,28,13
2021-04-02T23:59:59+02:00,7,11,4678,5852,13438,19954,12960,19656,11874,24040,12969,21752,7139,8872,25258,33836,7835,15462,1559,1472,4079,5561,3733,6644,4035,9520,4718,8662,2627,3374,6426,9571,4466,10333,139855,83036,25268,3688,80435,36,8,27,13
2021-04-01T23:59:59+02:00,6,10,4630,5793,13344,19809,12844,19505,11725,23884,12372,21305,6576,8167,23753,31865,7708,15225,1493,1426,3970,5438,3666,6573,3967,9454,4640,8559,2533,3233,5915,8887,4297,10059,135666,80777,24130,3284,78693,31,7,25,12
2021-03-31T23:59:59+02:00,6,10,4579,5738,13220,19656,12713,19351,11537,23704,12109,21045,6257,7796,22278,29912,7558,14997,1480,1415,3948,5415,3634,6545,3927,9407,4603,8506,2470,3158,5433,8244,4123,9821,131741,79015,23043,3068,77652,31,5,25,11
2021-03-30T23:59:59+02:00,6,10,4516,5673,13082,19507,12601,19176,11406,23539,11939,20906,6066,7581,20892,28185,7414,14794,1463,1379,3907,5382,3570,6475,3839,9293,4472,8335,2336,2954,5013,7689,3980,9565,128388,76795,22119,2826,76761,19,2,23,11
2021-03-29T23:59:59+02:00,6,10,4476,5634,12963,19412,12534,19093,11324,23437,11790,20770,5909,7383,19476,26507,7286,14593,1404,1338,3852,5339,3496,6405,3721,9149,4322,8146,2214,2813,4450,7023,3826,9290,124812,74144,21254,2615,76512,18,2,23,10
2021-03-28T23:59:59+02:00,6,10,4429,5570,12842,19275,12449,18999,11223,23341,11684,20669,5757,7178,18299,25001,7167,14398,1371,1294,3754,5232,3303,6180,3634,9032,4272,8090,2161,2749,3691,6003,3641,9023,121818,71093,20466,2317,75989,10,2,22,9
2021-03-27T23:59:59+01:00,6,10,4397,5519,12735,19111,12335,18834,11109,23136,11577,20520,5692,7096,18014,24655,7156,14383,1365,1291,3749,5228,3300,6173,3348,8683,4074,7792,2155,2746,3677,5970,3607,8963,119982,69789,20427,2317,75852,5,2,22,9
2021-03-26T23:59:59+01:00,6,9,4361,5466,12625,18921,12202,18633,10956,22907,11416,20309,5529,6882,17411,23864,7057,14234,1364,1290,3744,5221,3277,6155,3329,8663,3862,7345,1978,2342,3413,5686,3457,8731,116893,67534,20089,2310,75783,4,1,22,9
2021-03-25T23:59:59+01:00,6,9,4294,5378,12427,18683,11997,18304,10742,22579,11175,19982,5317,6598,16383,22558,6929,14045,1355,1280,3723,5195,3243,6127,3278,8626,3816,7301,1906,2229,2979,5004,3299,8427,112916,65568,19017,2209,75450,2,1,22,9
2021-03-24T23:59:59+01:00,6,9,4215,5267,12216,18231,11779,17891,10524,22189,10942,19610,5049,6252,15344,21341,6790,13821,1332,1267,3699,5150,3207,6065,3223,8556,3762,7228,1853,2170,2672,4670,3147,8152,109812,64176,17925,1966,73716,2,1,22,9
2021-03-23T23:59:59+01:00,6,9,4159,5204,12049,17888,11580,17541,10332,21826,10723,19323,4916,6057,14704,20526,6650,13648,1317,1261,3684,5132,3186,6047,3198,8507,3726,7185,1818,2112,2443,4400,2939,7831,107468,62850,17199,1925,72451,2,1,22,9
2021-03-22T23:59:59+01:00,6,9,4112,5126,11853,17556,11392,17213,10107,21500,10508,19020,4766,5851,14086,19813,6517,13462,1304,1252,3657,5099,3155,6011,3169,8451,3690,7140,1774,2056,2244,4150,2744,7499,105618,61599,16482,1785,70775,2,1,21,9
2021-03-21T23:59:59+01:00,6,9,4038,5003,11571,17145,11111,16806,9838,21046,10252,18669,4652,5680,13390,19022,6376,13254,1296,1251,3640,5083,3134,5978,3146,8421,3670,7118,1756,2029,2079,3988,2572,7231,103741,60601,15183,1780,68922,2,1,21,9
2021-03-20T23:59:59+01:00,5,9,4008,4934,11428,16810,10986,16489,9695,20743,10076,18387,4527,5520,12761,18072,6240,13039,1295,1250,3640,5081,3131,5977,3143,8416,3665,7114,1752,2024,2048,3927,2549,7190,101550,60411,15179,1780,66978,2,1,21,9
2021-03-19T23:59:59+01:00,5,8,3964,4854,11261,16450,10804,16133,9521,20363,9864,18028,4368,5325,11738,16860,6079,12828,1286,1243,3622,5055,3102,5901,3099,8324,3563,6940,1627,1914,1974,3865,2437,6982,98855,59147,14770,1776,64807,2,1,20,9
2021-03-18T23:59:59+01:00,5,8,3878,4751,11015,16024,10536,15689,9243,19895,9641,17686,4224,5159,11115,15994,5851,12561,1282,1232,3605,5020,3082,5857,3077,8268,3535,6894,1608,1881,1935,3795,2314,6771,97057,58459,13763,1686,62434,2,1,20,9
2021-03-17T23:59:59+01:00,5,8,3707,4636,10720,15604,10271,15330,9001,19533,9390,17338,4106,4992,10301,14751,5589,12138,1281,1229,3591,5002,3076,5837,3067,8235,3517,6871,1607,1857,1911,3766,2204,6584,94412,57952,12221,1672,60766,2,1,20,9
2021-03-16T23:59:59+01:00,5,8,3565,4511,10381,15141,9997,14960,8726,19090,9094,16975,3963,4827,9485,13628,5308,11779,1267,1226,3587,4995,3065,5833,3061,8224,3510,6857,1583,1834,1872,3715,2084,6406,92081,57516,11032,1592,58310,2,1,19,9
2021-03-15T23:59:59+01:00,5,8,3417,4395,10067,14673,9706,14501,8430,18616,8806,16562,3817,4657,8778,12565,5084,11458,1257,1218,3567,4983,3053,5809,3041,8185,3490,6814,1568,1821,1855,3682,1969,6221,90121,56932,9669,1591,55738,2,0,17,9
2021-03-14T23:59:59+01:00,5,8,3347,4306,9801,14240,9451,14099,8112,18124,8526,16167,3654,4471,7977,11331,4776,11003,1243,1212,3546,4965,3032,5768,3019,8105,3462,6746,1542,1771,1794,3555,1804,5833,87812,56406,8651,981,52921,2,0,14,9
2021-03-13T23:59:59+01:00,5,8,3271,4058,9491,13575,9208,13522,7888,17554,8324,15736,3547,4369,7786,11039,4728,10915,1243,1212,3546,4965,3032,5768,3018,8105,3461,6744,1538,1770,1792,3551,1803,5832,87160,56389,8651,981,49199,2,0,14,9
2021-03-12T23:59:59+01:00,5,8,3209,3922,9245,13035,8970,12991,7655,16918,7968,14985,3384,4199,7403,10632,4591,10729,1240,1209,3541,4951,3029,5765,3011,8097,3457,6738,1511,1741,1771,3533,1704,5655,85392,55963,8405,980,46038,2,0,14,9
2021-03-11T23:59:59+01:00,5,8,3058,3654,8869,12276,8666,12315,7322,16135,7626,14342,3227,3997,6848,9913,4402,10417,1221,1199,3507,4907,2987,5688,2976,7973,3406,6640,1467,1688,1692,3333,1506,5143,82947,55219,7960,105,42160,1,0,13,9
2021-03-10T23:59:59+01:00,5,7,2993,3547,8370,11765,7989,11832,7001,15644,7327,13751,3067,3840,6288,9220,4231,10143,1210,1185,3477,4849,2956,5612,2940,7833,3352,6518,1429,1648,1634,3237,1390,4864,81132,54044,7409,82,38467,0,0,12,9
2021-03-09T23:59:59+01:00,5,6,2888,3371,7686,11314,7092,11345,6582,15032,6963,13144,2838,3540,5780,8589,4075,9867,1205,1181,3455,4803,2929,5547,2923,7782,3334,6472,1415,1624,1599,3194,1285,4666,78838,53360,6053,48,35214,0,0,12,7
2021-03-08T23:59:59+01:00,5,6,2715,3136,7044,10769,6278,10866,6181,14503,6569,12577,2629,3329,5177,7850,3929,9600,1198,1175,3434,4737,2904,5471,2884,7688,3302,6396,1408,1615,1596,3186,1280,4663,76015,52885,4915,46,32222,0,0,11,7
2021-03-07T23:59:59+01:00,5,6,2603,3004,6713,10268,5867,10325,5885,14053,6329,12188,2532,3238,4412,6788,3712,9318,1195,1172,3431,4732,2899,5459,2880,7671,3294,6383,1403,1602,1575,3146,1265,4622,72764,52679,4084,44,30388,0,0,10,7
2021-03-06T23:59:59+01:00,5,5,2558,2862,6529,9814,5668,9908,5409,13197,5955,11449,2511,3211,4406,6777,3711,9317,1195,1171,3428,4727,2897,5458,2879,7670,3293,6380,1401,1599,1575,3144,1264,4622,71538,52653,4084,44,27660,0,0,10,7
2021-03-05T23:59:59+01:00,5,5,2466,2607,6317,9229,5454,9511,5232,12630,5571,10471,2285,2748,4027,6395,3572,9103,1183,1168,3410,4711,2893,5445,2871,7652,3282,6361,1387,1592,1574,3140,1259,4618,69212,52497,3851,44,24555,0,0,10,6
2021-03-04T23:59:59+01:00,5,5,2390,2402,6102,8793,5291,9170,5051,12209,5396,10092,2193,2578,3475,5571,3406,8765,1171,1154,3367,4613,2860,5379,2839,7554,3249,6287,1367,1585,1560,3126,1251,4607,67164,51922,3412,44,22308,0,0,10,4
2021-03-03T23:59:59+01:00,4,5,2333,2351,5932,8379,5120,8810,4838,11757,5206,9646,2111,2470,3072,5133,3247,8471,1151,1146,3333,4565,2823,5314,2799,7455,3203,6214,1347,1560,1541,3095,1245,4590,65739,51337,3169,42,19967,0,0,10,3
2021-03-02T23:59:59+01:00,4,5,2279,2263,5770,8045,4963,8554,4675,11356,5046,9328,2045,2379,2767,4776,3030,8150,1146,1137,3315,4544,2808,5288,2782,7407,3195,6186,1342,1549,1523,3078,1242,4584,64389,51082,2909,42,18127,0,0,10,3
2021-03-01T23:59:59+01:00,4,5,2253,2236,5666,7829,4864,8409,4591,11204,4947,9154,1990,2302,2471,4454,2842,7834,1140,1134,3301,4526,2796,5259,2766,7361,3180,6158,1336,1546,1516,3069,1239,4580,63127,50863,2688,42,17230,0,0,10,3
2021-02-28T23:59:59+01:00,3,5,2201,2193,5488,7570,4688,8188,4455,11018,4840,9028,1953,2240,2176,4151,2639,7525,1131,1128,3286,4516,2789,5252,2760,7347,3173,6144,1331,1543,1509,3053,1238,4548,62018,50704,2385,42,15948,0,0,10,3
2021-02-27T23:59:59+01:00,3,5,2114,1884,5311,7145,4590,7876,4372,10669,4768,8778,1925,2179,2148,4106,2619,7471,1127,1125,3284,4515,2784,5250,2756,7344,3168,6141,1329,1543,1509,3052,1237,4548,61786,50671,2385,39,13782,0,0,10,3
2021-02-26T23:59:59+01:00,3,5,2057,1806,5164,6908,4444,7617,4221,10404,4559,8496,1796,2072,2087,4069,2512,7291,1106,1112,3267,4481,2772,5210,2743,7291,3146,6087,1323,1532,1505,3044,1236,4546,60463,50361,2379,38,12659,0,0,10,3
2021-02-25T23:59:59+01:00,3,5,1940,1707,4838,6506,4016,7157,3935,9890,4324,8115,1738,2014,2054,4008,2402,7097,1090,1097,3230,4438,2742,5158,2697,7184,3106,5994,1313,1516,1491,3005,1223,4487,59987,49733,2272,36,9480,0,0,10,3
2021-02-24T23:59:59+01:00,3,5,1911,1648,4721,6292,3911,6943,3813,9649,4200,7955,1716,1982,2022,3966,2290,6899,1077,1092,3203,4376,2706,5092,2672,7100,3077,5923,1297,1499,1466,2957,1211,4418,59443,49139,2026,25,8447,0,0,10,3
2021-02-23T23:59:59+01:00,3,5,1686,1501,4349,5804,3630,6549,3592,9270,4045,7670,1687,1951,1978,3919,2177,6716,1058,1081,3165,4348,2678,5035,2648,7024,3042,5864,1277,1479,1440,2922,1201,4368,58988,48617,1979,11,5555,0,0,10,3
2021-02-22T23:59:59+01:00,3,5,1677,1482,4298,5745,3594,6486,3528,9177,3984,7575,1655,1924,1952,3868,2060,6519,1054,1068,3144,4303,2658,4996,2623,6965,3013,5811,1265,1465,1431,2912,1193,4359,58447,48252,1837,6,5238,0,0,10,3
2021-02-21T23:59:59+01:00,3,5,1665,1478,4268,5712,3551,6448,3487,9123,3940,7525,1647,1917,1947,3859,1940,6357,1049,1057,3123,4265,2629,4946,2608,6896,2984,5724,1251,1449,1411,2852,1169,4282,58105,47687,1831,6,4926,0,0,10,3
2021-02-20T23:59:59+01:00,3,5,1664,1477,4263,5709,3549,6447,3487,9122,3939,7524,1642,1915,1945,3855,1939,6357,1049,1057,3121,4263,2629,4946,2607,6895,2984,5724,1251,1448,1410,2852,1169,4282,58090,47679,1831,6,4911,0,0,10,3
2021-02-19T23:59:59+01:00,3,5,1647,1470,4250,5689,3538,6433,3476,9112,3929,7509,1616,1886,1924,3836,1839,6178,1048,1056,3120,4262,2628,4945,2607,6893,2981,5722,1251,1447,1410,2851,1169,4282,57672,47664,1826,6,4834,0,0,8,3
2021-02-18T23:59:59+01:00,3,5,1603,1439,4154,5578,3467,6331,3388,8948,3844,7368,1594,1851,1890,3766,1709,5981,1002,1013,2981,4037,2503,4673,2496,6558,2875,5458,1220,1404,1378,2766,1143,4133,57027,45633,1736,6,4148,0,0,8,2
2021-02-17T23:59:59+01:00,3,4,1581,1410,4058,5428,3382,6180,3270,8713,3717,7167,1542,1783,1818,3665,1592,5676,945,963,2828,3815,2386,4361,2369,6147,2746,5146,1172,1344,1332,2659,1096,3971,55817,43272,1725,6,3439,0,0,8,2
2021-02-16T23:59:59+01:00,3,4,1507,1343,3897,5231,3245,5999,3162,8480,3595,7001,1519,1757,1783,3635,1479,5469,859,931,2697,3659,2287,4150,2243,5825,2615,4892,1116,1253,1187,2359,842,3359,55127,40269,1708,3,2268,0,0,6,2
2021-02-15T23:59:59+01:00,3,4,1492,1325,3852,5145,3187,5912,3105,8366,3528,6895,1508,1743,1768,3612,1471,5449,825,909,2616,3530,2211,3970,2159,5547,2527,4679,1073,1189,1101,2185,778,3144,54663,38441,1706,1,1990,0,0,6,1
2021-02-14T23:59:59+01:00,3,4,1426,1297,3767,5068,3144,5803,3049,8212,3484,6786,1488,1712,1716,3485,1416,5202,816,903,2567,3462,2172,3902,2105,5427,2461,4573,1047,1153,1016,2013,707,2909,54420,37231,1095,1,1541,0,0,6,1
2021-02-13T23:59:59+01:00,3,4,1424,1296,3759,5063,3137,5802,3046,8210,3481,6784,1487,1709,1716,3483,1414,5202,816,903,2567,3462,2172,3902,2104,5427,2460,4573,1045,1152,1016,2013,707,2909,54401,37228,1094,0,1519,0,0,6,0
2021-02-12T23:59:59+01:00,3,3,1391,1280,3721,5029,3115,5782,3024,8177,3462,6740,1471,1699,1706,3466,1405,5183,809,895,2534,3409,2138,3857,2074,5373,2442,4542,1044,1151,1015,2013,706,2907,54174,36909,1092,0,1385,0,0,6,0
2021-02-11T23:59:59+01:00,3,3,1344,1237,3608,4857,3024,5608,2926,7866,3362,6528,1411,1639,1639,3288,1321,4859,772,832,2280,2965,1912,3380,1843,4629,2171,4014,961,1082,929,1821,657,2638,53543,32886,128,0,848,0,0,4,0
2021-02-10T23:59:59+01:00,3,3,1323,1215,3549,4747,2958,5503,2884,7716,3309,6398,1394,1622,1612,3248,1308,4822,695,775,1988,2556,1702,2931,1604,4022,1914,3552,851,935,766,1450,529,2148,52896,28418,126,0,589,0,0,3,0
2021-02-09T23:59:59+01:00,3,2,1310,1197,3494,4678,2928,5434,2864,7620,3272,6330,1387,1609,1584,3226,1298,4809,647,697,1728,2200,1508,2542,1419,3523,1742,3188,820,901,744,1378,508,2035,52586,25580,121,0,335,0,0,3,0
2021-02-08T23:59:59+01:00,3,2,1296,1193,3465,4648,2908,5397,2843,7568,3253,6300,1377,1602,1575,3200,1296,4791,634,663,1577,1963,1367,2288,1285,3215,1582,2928,781,880,696,1272,476,1866,52287,23473,95,0,332,0,0,3,0
2021-02-07T23:59:59+01:00,3,2,1164,1150,3358,4592,2853,5355,2816,7529,3228,6263,1367,1586,1567,3178,1291,4759,487,517,1308,1607,1127,1837,1077,2624,1354,2407,675,754,614,1113,431,1650,51991,19582,67,0,0,0,0,3,0
2021-02-06T23:59:59+01:00,3,2,1160,1148,3356,4590,2849,5352,2809,7526,3224,6259,1365,1584,1566,3175,1290,4759,363,368,1108,1355,990,1533,933,2210,1188,1988,586,652,586,1096,428,1647,51947,17031,67,0,0,0,0,3,0
2021-02-05T23:59:59+01:00,3,1,1149,1138,3340,4569,2842,5325,2798,7481,3205,6213,1359,1576,1563,3168,1289,4759,261,206,924,1037,841,1161,758,1758,1010,1579,469,546,559,1076,425,1643,51708,14253,67,0,0,0,0,3,0
2021-02-04T23:59:59+01:00,3,1,1133,1121,3295,4521,2801,5249,2755,7349,3157,6129,1345,1561,1550,3136,1280,4732,133,81,619,663,550,739,516,1147,668,987,288,363,459,930,387,1492,51070,10022,45,0,0,0,0,3,0
2021-02-03T23:59:59+01:00,3,1,1111,1115,3268,4476,2772,5207,2733,7295,3127,6072,1335,1552,1527,3096,1274,4687,115,65,493,512,419,597,415,907,512,743,240,284,359,730,303,1163,50604,7857,44,0,0,0,0,3,0
2021-02-02T23:59:59+01:00,3,1,1090,1102,3229,4445,2742,5154,2707,7219,3093,6008,1312,1524,1493,3039,1248,4596,105,56,410,414,348,519,367,820,459,661,219,261,314,660,279,1044,49959,6936,43,0,0,0,0,3,0
2021-02-01T23:59:59+01:00,3,1,1074,1091,3208,4392,2711,5092,2676,7092,3063,5911,1292,1496,1469,3003,1232,4533,78,41,313,310,256,394,274,611,325,496,180,211,248,523,217,813,49293,5290,43,0,0,0,0,3,0
2021-01-31T23:59:59+01:00,3,1,1069,1081,3193,4363,2687,5048,2661,7036,3049,5867,1281,1479,1449,2939,1209,4455,68,40,288,286,231,347,253,570,295,457,161,193,208,427,176,657,48824,4657,43,0,0,0,0,3,0
2021-01-30T23:59:59+01:00,3,1,1069,1081,3190,4359,2686,5048,2660,7035,3049,5866,1281,1478,1448,2939,1209,4455,68,37,281,272,218,331,248,559,291,451,160,190,207,427,176,657,48814,4573,40,0,0,0,0,3,0
2021-01-29T23:59:59+01:00,3,1,1068,1080,3189,4356,2686,5046,2660,7033,3046,5864,1281,1478,1448,2938,1209,4455,64,33,263,258,195,311,232,542,280,443,155,188,203,421,175,655,48798,4418,40,0,0,0,0,3,0
2021-01-28T23:59:59+01:00,3,1,1048,1061,3122,4251,2632,4935,2603,6877,2979,5733,1267,1456,1434,2872,1187,4335,55,18,166,154,129,187,162,357,205,280,124,145,157,262,102,378,47757,2881,37,0,0,0,0,2,0
2021-01-27T23:59:59+01:00,3,1,1003,1023,3036,4107,2551,4756,2508,6594,2895,5532,1237,1414,1398,2783,1154,4195,26,7,100,71,58,92,83,209,115,147,94,113,113,193,77,270,46161,1768,27,0,0,0,0,2,0
2021-01-26T23:59:59+01:00,2,1,926,994,2920,3972,2472,4571,2426,6414,2824,5377,1211,1365,1307,2630,940,3796,26,7,95,70,57,91,81,209,113,146,92,112,113,193,77,270,44130,1752,16,0,0,0,0,2,0
2021-01-25T23:59:59+01:00,2,1,911,977,2841,3843,2426,4423,2365,6217,2765,5226,1193,1343,1293,2605,930,3763,26,7,94,70,55,91,81,209,113,144,92,112,113,193,77,270,43112,1747,11,0,0,0,0,1,0
2021-01-24T23:59:59+01:00,2,1,901,973,2821,3828,2416,4391,2339,6178,2732,5166,1181,1337,1284,2583,917,3729,26,7,94,70,55,91,81,209,113,144,91,112,113,193,77,270,42770,1746,8,0,0,0,0,1,0
2021-01-23T23:59:59+01:00,2,1,901,973,2821,3827,2416,4391,2339,6178,2731,5166,1179,1336,1284,2583,917,3729,26,7,94,70,55,91,81,209,113,144,91,112,113,193,77,269,42767,1745,7,0,0,0,0,0,0
2021-01-22T23:59:59+01:00,2,1,895,966,2789,3781,2382,4326,2308,6103,2710,5119,1178,1335,1283,2582,916,3726,26,7,94,70,55,91,81,209,113,144,91,112,113,193,77,269,42395,1745,7,0,0,0,0,0,0
2021-01-21T23:59:59+01:00,2,1,880,898,2531,3365,2181,3909,2128,5494,2486,4633,1126,1287,1239,2461,886,3574,22,7,83,64,51,74,68,169,93,133,81,97,96,143,65,208,39074,1454,7,0,0,0,0,0,0
2021-01-20T23:59:59+01:00,2,1,805,836,2219,2959,1974,3443,1896,4885,2230,4156,1014,1147,1081,2115,773,3111,22,7,83,64,51,73,68,169,93,133,81,97,96,143,64,208,34640,1452,7,0,0,0,0,0,0
2021-01-19T23:59:59+01:00,2,1,745,758,1929,2515,1731,2982,1660,4229,1987,3684,941,1052,961,1842,676,2762,11,3,50,45,32,45,35,100,44,77,36,37,46,75,39,133,30451,808,6,0,0,0,0,0,0
2021-01-18T23:59:59+01:00,2,1,675,702,1701,2117,1493,2506,1412,3544,1731,3178,860,967,862,1636,624,2492,5,2,19,11,13,20,17,54,17,33,19,22,25,53,28,75,26500,413,3,0,0,0,0,0,0
2021-01-17T23:59:59+01:00,1,1,495,542,1384,1714,1212,1971,1156,2808,1452,2555,721,815,714,1357,514,2123,0,1,3,2,0,0,0,0,0,0,0,0,0,0,0,0,21533,6,2,0,0,0,0,0,0
2021-01-16T23:59:59+01:00,1,0,372,395,1202,1467,1092,1684,1015,2408,1295,2148,634,717,686,1341,512,2122,0,0,0,0,0,0,0,0,0,0,0,0,0,0,0,0,19090,0,1,0,0,0,0,0,0
2021-01-15T23:59:59+01:00,1,0,266,232,1018,1165,943,1337,846,1960,1115,1747,517,607,648,1308,501,2082,0,0,0,0,0,0,0,0,0,0,0,0,0,0,0,0,16292,0,1,0,0,0,0,0,0
2021-01-14T23:59:59+01:00,0,0,151,102,702,777,651,866,610,1302,750,1129,331,420,539,1126,451,1858,0,0,0,0,0,0,0,0,0,0,0,0,0,0,0,0,11765,0,0,0,0,0,0,0,0
2021-01-13T23:59:59+01:00,0,0,127,81,591,607,527,698,493,1046,592,864,278,346,453,958,394,1590,0,0,0,0,0,0,0,0,0,0,0,0,0,0,0,0,9645,0,0,0,0,0,0,0,0
2021-01-12T23:59:59+01:00,0,0,116,65,510,519,449,596,430,919,521,761,244,297,369,766,328,1242,0,0,0,0,0,0,0,0,0,0,0,0,0,0,0,0,8132,0,0,0,0,0,0,0,0
2021-01-11T23:59:59+01:00,0,0,87,52,416,421,365,485,344,742,414,588,210,246,309,637,269,1045,0,0,0,0,0,0,0,0,0,0,0,0,0,0,0,0,6630,0,0,0,0,0,0,0,0
2021-01-10T23:59:59+01:00,0,0,73,45,352,348,299,404,288,645,344,521,185,218,249,505,212,814,0,0,0,0,0,0,0,0,0,0,0,0,0,0,0,0,5502,0,0,0,0,0,0,0,0
2021-01-09T23:59:59+01:00,0,0,73,43,337,328,275,382,280,629,336,514,184,217,248,503,212,814,0,0,0,0,0,0,0,0,0,0,0,0,0,0,0,0,5375,0,0,0,0,0,0,0,0
2021-01-08T23:59:59+01:00,0,0,69,37,303,296,229,341,253,588,309,475,167,199,223,445,192,716,0,0,0,0,0,0,0,0,0,0,0,0,0,0,0,0,4842,0,0,0,0,0,0,0,0
2021-01-07T23:59:59+01:00,0,0,58,25,213,198,160,242,194,421,238,339,138,160,169,288,121,445,0,0,0,0,0,0,0,0,0,0,0,0,0,0,0,0,3409,0,0,0,0,0,0,0,0
2021-01-06T23:59:59+01:00,0,0,47,16,163,120,113,161,144,294,175,239,108,128,128,222,82,312,0,0,0,0,0,0,0,0,0,0,0,0,0,0,0,0,2452,0,0,0,0,0,0,0,0
2021-01-05T23:59:59+01:00,0,0,29,8,97,72,58,94,86,212,114,149,98,118,119,204,81,291,0,0,0,0,0,0,0,0,0,0,0,0,0,0,0,0,1830,0,0,0,0,0,0,0,0
2021-01-04T23:59:59+01:00,0,0,27,8,97,71,55,92,86,212,114,147,98,117,119,204,81,291,0,0,0,0,0,0,0,0,0,0,0,0,0,0,0,0,1819,0,0,0,0,0,0,0,0
2021-01-03T23:59:59+01:00,0,0,27,8,97,71,55,92,86,212,114,147,97,117,119,204,81,291,0,0,0,0,0,0,0,0,0,0,0,0,0,0,0,0,1818,0,0,0,0,0,0,0,0
2021-01-02T23:59:59+01:00,0,0,27,8,97,71,55,92,86,212,113,147,97,117,119,204,81,290,0,0,0,0,0,0,0,0,0,0,0,0,0,0,0,0,1816,0,0,0,0,0,0,0,0
2021-01-01T23:59:59+01:00,0,0,27,8,97,71,55,92,86,212,113,146,97,117,119,204,81,290,0,0,0,0,0,0,0,0,0,0,0,0,0,0,0,0,1815,0,0,0,0,0,0,0,0
2020-12-31T23:59:59+01:00,0,0,27,8,97,71,55,92,86,212,112,146,97,117,119,204,81,290,0,0,0,0,0,0,0,0,0,0,0,0,0,0,0,0,1814,0,0,0,0,0,0,0,0
2020-12-30T23:59:59+01:00,0,0,27,8,97,71,54,92,86,212,112,146,97,117,119,204,80,290,0,0,0,0,0,0,0,0,0,0,0,0,0,0,0,0,1812,0,0,0,0,0,0,0,0
2020-12-29T23:59:59+01:00,0,0,15,2,65,53,32,61,50,138,64,89,47,51,66,119,51,195,0,0,0,0,0,0,0,0,0,0,0,0,0,0,0,0,1098,0,0,0,0,0,0,0,0
2020-12-28T23:59:59+01:00,0,0,5,2,36,26,19,30,21,67,25,41,20,22,26,47,28,74,0,0,0,0,0,0,0,0,0,0,0,0,0,0,0,0,489,0,0,0,0,0,0,0,0
2020-12-27T23:59:59+01:00,0,0,0,0,7,5,7,2,1,5,0,2,0,1,2,2,4,6,0,0,0,0,0,0,0,0,0,0,0,0,0,0,0,0,44,0,0,0,0,0,0,0,0
