Datum,<15_1_m,<15_1_w,15-24_1_m,15-24_1_w,25-34_1_m,25-34_1_w,35-44_1_m,35-44_1_w,45-54_1_m,45-54_1_w,55-64_1_m,55-64_1_w,65-74_1_m,65-74_1_w,75-84_1_m,75-84_1_w,>84_1_m,>84_1_w,<15_2_m,<15_2_w,15-24_2_m,15-24_2_w,25-34_2_m,25-34_2_w,35-44_2_m,35-44_2_w,45-54_2_m,45-54_2_w,55-64_2_m,55-64_2_w,65-74_2_m,65-74_2_w,75-84_2_m,75-84_2_w,>84_2_m,>84_2_w,bp_1,bp_2,mo_1,mo_2,az_1,az_2,ja,unb_1,unb_2
2021-11-07T23:59:59+01:00,12930,12225,73643,73314,115405,111377,103911,102720,99163,104167,96753,98305,57404,71134,44751,62146,11100,22578,10476,10094,66483,66606,107419,103548,97336,96000,93790,98584,92798,94360,55666,69011,43598,60365,10642,21447,875185,818665,138354,132933,158827,145880,100497,243,248
2021-11-06T23:59:59+01:00,12842,12155,73398,73070,115099,111168,103698,102525,98997,104037,96678,98237,57391,71114,44744,62133,11099,22578,10451,10070,66398,66520,107306,103478,97265,95940,93750,98536,92771,94341,55662,69002,43595,60358,10640,21446,873286,818097,138292,132906,158824,145880,100398,243,248
2021-11-05T23:59:59+01:00,12733,12046,73151,72847,114832,110919,103468,102309,98814,103880,96576,98147,57374,71086,44736,62119,11099,22576,10373,10005,66293,66419,107200,103372,97182,95853,93681,98461,92725,94305,55652,68989,43591,60353,10639,21444,871213,817258,138223,132862,158820,145877,100292,243,248
2021-11-04T23:59:59+01:00,12631,11946,72967,72607,114579,110689,103263,102104,98632,103724,96473,98052,57337,71047,44726,62092,11096,22568,10279,9920,66160,66289,107081,103215,97090,95725,93593,98373,92656,94233,55623,68959,43578,60320,10635,21436,869189,816037,138156,132799,158816,145873,100208,243,248
2021-11-03T23:59:59+01:00,12570,11890,72811,72460,114343,110496,103111,101969,98528,103597,96386,97981,57309,71019,44714,62070,11093,22557,10235,9881,66018,66179,106969,103093,96998,95623,93517,98322,92602,94180,55605,68927,43561,60287,10629,21420,867681,815046,138111,132746,158814,145871,100135,242,248
2021-11-02T23:59:59+01:00,12533,11853,72610,72323,114093,110296,102911,101833,98375,103490,96298,97899,57283,70982,44701,62050,11089,22542,10115,9788,65842,66045,106815,102954,96901,95508,93434,98244,92542,94118,55579,68897,43548,60252,10625,21403,866125,813803,138038,132674,158812,145863,100022,242,248
2021-11-01T23:59:59+01:00,12450,11778,72393,72167,113855,110110,102696,101688,98209,103372,96216,97844,57261,70946,44688,62030,11086,22534,10054,9726,65685,65898,106673,102816,96787,95410,93354,98158,92480,94063,55556,68862,43535,60232,10622,21392,864509,812707,137947,132597,158809,145858,99893,242,248
2021-10-31T23:59:59+01:00,12413,11755,72266,72084,113699,110035,102544,101599,98120,103315,96177,97814,57249,70939,44686,62026,11086,22533,10021,9707,65595,65858,106588,102760,96724,95372,93316,98134,92457,94047,55548,68857,43533,60230,10619,21388,863688,812312,137903,132564,158808,145854,99776,242,248
2021-10-30T23:59:59+02:00,12382,11736,72152,72004,113504,109945,102409,101511,98008,103214,96115,97786,57237,70921,44680,62020,11085,22530,9991,9700,65516,65802,106503,102702,96654,95323,93272,98086,92432,94036,55542,68852,43531,60226,10616,21385,862742,811899,137866,132512,158807,145851,99659,242,248
2021-10-29T23:59:59+02:00,12343,11696,71972,71877,113254,109773,102185,101363,97849,103117,96030,97734,57224,70910,44675,62010,11085,22526,9954,9669,65386,65690,106356,102600,96542,95235,93182,98010,92375,93993,55528,68839,43528,60221,10616,21385,861408,811109,137799,132457,158805,145849,99446,242,248
2021-10-28T23:59:59+02:00,12252,11638,71760,71702,112958,109527,101956,101196,97678,102973,95926,97651,57202,70877,44664,61993,11083,22520,9886,9612,65190,65482,106160,102399,96383,95067,93064,97891,92292,93946,55502,68789,43520,60202,10615,21378,859705,809738,137718,132381,158801,145844,99167,242,248
2021-10-27T23:59:59+02:00,12200,11579,71601,71541,112767,109330,101791,101058,97557,102862,95838,97593,57176,70835,44644,61968,11081,22515,9805,9546,65037,65322,106028,102271,96272,94971,92977,97802,92235,93890,55470,68750,43508,60179,10609,21366,858326,808660,137638,132288,158799,145834,99008,242,248
2021-10-26T23:59:59+02:00,12128,11495,71378,71327,112540,109131,101606,100929,97419,102754,95765,97529,57143,70809,44632,61950,11080,22507,9735,9461,64845,65129,105858,102119,96142,94833,92882,97720,92162,93824,55447,68713,43493,60147,10606,21354,856798,807358,137546,132214,158796,145833,98817,242,248
2021-10-25T23:59:59+02:00,12086,11473,71259,71236,112423,109028,101516,100855,97339,102688,95731,97497,57137,70801,44631,61942,11077,22504,9720,9446,64767,65063,105793,102072,96108,94801,92843,97694,92139,93811,55441,68706,43492,60145,10606,21350,856029,807003,137509,132191,158795,145830,98725,242,248
2021-10-24T23:59:59+02:00,12014,11411,71078,71067,112160,108851,101339,100693,97189,102561,95651,97419,57109,70763,44619,61934,11076,22501,9659,9391,64573,64874,105598,101914,95963,94675,92739,97593,92083,93753,55410,68669,43484,60121,10604,21346,854566,805804,137444,132104,158794,145827,98466,242,248
2021-10-23T23:59:59+02:00,11989,11384,70975,70983,112035,108753,101243,100611,97129,102512,95605,97395,57097,70750,44618,61933,11076,22501,9624,9352,64494,64786,105502,101853,95901,94621,92684,97540,92051,93725,55393,68658,43483,60118,10603,21346,853882,805261,137398,132049,158793,145825,98351,242,248
2021-10-22T23:59:59+02:00,11915,11342,70816,70851,111817,108599,101086,100495,97015,102414,95545,97342,57086,70733,44616,61925,11076,22499,9535,9267,64325,64608,105323,101711,95772,94504,92588,97455,91998,93672,55380,68647,43480,60105,10602,21344,852752,804152,137336,131973,158793,145818,98125,242,248
2021-10-21T23:59:59+02:00,11787,11216,70627,70697,111647,108419,100922,100332,96867,102303,95460,97279,57063,70700,44601,61902,11071,22486,9439,9148,64107,64390,105135,101496,95620,94308,92466,97344,91925,93600,55355,68611,43467,60076,10600,21334,851212,802559,137270,131864,158789,145808,97942,242,248
2021-10-20T23:59:59+02:00,11744,11170,70507,70570,111503,108285,100815,100247,96779,102223,95400,97225,57033,70663,44586,61883,11066,22470,9319,9052,63915,64208,105011,101337,95510,94170,92370,97239,91851,93548,55326,68557,43441,60043,10584,21305,850167,801102,137220,131804,158788,145804,97828,242,248
2021-10-19T23:59:59+02:00,11643,11078,70368,70437,111376,108162,100731,100169,96714,102166,95346,97173,57010,70628,44576,61863,11062,22455,9225,8959,63697,64007,104846,101177,95396,94048,92291,97143,91801,93491,55294,68515,43423,60002,10574,21290,849119,799699,137169,131719,158786,145797,97717,242,247
2021-10-18T23:59:59+02:00,11595,11041,70252,70350,111250,108064,100641,100093,96661,102116,95301,97128,56985,70601,44558,61839,11055,22443,9174,8909,63553,63859,104727,101014,95301,93933,92225,97063,91743,93434,55269,68483,43410,59976,10570,21287,848312,798617,137087,131647,158783,145794,97625,242,247
2021-10-17T23:59:59+02:00,11552,11001,70106,70222,111131,107954,100542,100020,96614,102063,95265,97077,56962,70579,44552,61824,11053,22438,9120,8857,63321,63605,104566,100872,95176,93799,92129,96980,91687,93373,55246,68451,43401,59958,10566,21281,847444,797280,137040,131551,158782,145787,97523,242,247
2021-10-16T23:59:59+02:00,11533,10980,70050,70174,111077,107910,100518,99995,96581,102036,95247,97068,56961,70576,44551,61822,11051,22438,9091,8825,63227,63518,104501,100817,95128,93737,92098,96949,91666,93355,55241,68445,43399,59955,10566,21280,847114,796788,137030,131501,158782,145786,97476,242,247
2021-10-15T23:59:59+02:00,11478,10940,69939,70089,110966,107820,100451,99921,96525,101983,95219,97036,56954,70574,44551,61816,11050,22438,9041,8749,63090,63333,104391,100703,95036,93637,92020,96867,91618,93317,55232,68423,43394,59944,10566,21278,846423,795806,137007,131429,158781,145784,97373,242,247
2021-10-14T23:59:59+02:00,11376,10844,69761,69910,110835,107678,100339,99828,96433,101904,95167,96980,56933,70539,44538,61791,11047,22433,8915,8611,62793,63050,104241,100491,94893,93439,91899,96736,91544,93240,55194,68372,43376,59917,10562,21270,845189,793941,136931,131307,158779,145778,97270,242,247
2021-10-13T23:59:59+02:00,11277,10777,69621,69799,110728,107575,100253,99736,96354,101824,95118,96926,56899,70499,44523,61761,11042,22417,8877,8574,62630,62903,104108,100351,94788,93295,91814,96650,91484,93169,55156,68329,43355,59887,10553,21260,844193,792808,136865,131232,158777,145769,97127,242,247
2021-10-12T23:59:59+02:00,11136,10669,69443,69666,110633,107464,100160,99645,96295,101766,95077,96879,56884,70467,44513,61745,11038,22410,8815,8527,62470,62741,103978,100223,94672,93175,91727,96580,91425,93113,55104,68295,43343,59865,10549,21248,843136,791659,136801,131171,158773,145763,97013,241,244
2021-10-11T23:59:59+02:00,11065,10607,69299,69550,110521,107361,100075,99567,96235,101691,95022,96839,56856,70440,44494,61725,11033,22397,8777,8494,62296,62573,103853,100098,94578,93077,91655,96493,91375,93066,55068,68252,43328,59839,10540,21240,842189,790602,136733,131084,158770,145754,96918,241,244
2021-10-10T23:59:59+02:00,10994,10556,69143,69439,110385,107224,99984,99478,96169,101614,94977,96803,56838,70419,44488,61712,11025,22392,8741,8460,62109,62425,103693,99940,94474,92943,91565,96388,91298,93024,55042,68228,43319,59826,10537,21231,841258,789466,136684,131024,158766,145744,96765,241,244
2021-10-09T23:59:59+02:00,10969,10539,69058,69381,110320,107180,99946,99438,96133,101582,94962,96789,56832,70413,44487,61711,11025,22392,8706,8419,62020,62347,103608,99864,94417,92885,91523,96343,91277,93003,55036,68217,43314,59818,10536,21230,840882,788925,136655,130965,158764,145740,96689,241,244
2021-10-08T23:59:59+02:00,10895,10485,68916,69284,110185,107076,99876,99345,96069,101535,94916,96743,56820,70397,44484,61708,11025,22391,8645,8332,61850,62159,103475,99714,94304,92767,91439,96249,91229,92963,55019,68204,43308,59809,10534,21229,840060,787822,136607,130878,158763,145733,96552,241,244
2021-10-07T23:59:59+02:00,10816,10409,68720,69107,110017,106907,99744,99204,95982,101417,94844,96676,56798,70361,44471,61687,11021,22379,8515,8208,61568,61906,103281,99495,94156,92551,91332,96114,91156,92890,54987,68155,43293,59777,10527,21219,838705,786018,136537,130754,158761,145725,96389,241,244
2021-10-06T23:59:59+02:00,10748,10353,68551,68965,109888,106764,99650,99097,95897,101357,94798,96627,56761,70319,44458,61666,11018,22365,8472,8158,61384,61735,103146,99348,94045,92435,91257,96014,91081,92814,54956,68114,43279,59750,10522,21202,837647,784833,136473,130689,158760,145714,96232,241,244
2021-10-05T23:59:59+02:00,10642,10265,68379,68826,109742,106619,99538,98968,95834,101278,94753,96574,56744,70292,44449,61630,11013,22352,8438,8115,61187,61562,102996,99162,93930,92285,91162,95929,91020,92743,54929,68070,43265,59733,10520,21189,836482,783574,136402,130623,158759,145709,96085,241,244
2021-10-04T23:59:59+02:00,10604,10236,68207,68658,109579,106469,99445,98860,95741,101192,94699,96516,56708,70246,44435,61600,11012,22330,8405,8082,61032,61380,102853,99025,93797,92164,91072,95835,90958,92693,54893,68028,43241,59699,10514,21169,835417,782471,136330,130563,158757,145698,95864,240,244
2021-10-03T23:59:59+02:00,10540,10181,67998,68476,109411,106313,99322,98753,95654,101093,94634,96462,56677,70212,44427,61575,11012,22325,8344,8047,60831,61224,102665,98849,93659,92005,90975,95724,90883,92636,54857,67984,43224,59674,10512,21161,834252,781210,136257,130477,158753,145689,95634,240,244
2021-10-02T23:59:59+02:00,10515,10155,67895,68377,109322,106243,99258,98691,95603,101045,94612,96441,56666,70194,44427,61574,11011,22323,8304,8013,60714,61109,102592,98775,93592,91939,90928,95676,90857,92614,54850,67967,43223,59670,10511,21161,833706,780620,136194,130430,158751,145669,95532,240,244
2021-10-01T23:59:59+02:00,10430,10053,67741,68211,109136,106099,99134,98578,95522,100976,94557,96401,56649,70176,44424,61562,11009,22321,8192,7904,60515,60880,102423,98620,93462,91796,90822,95567,90796,92557,54833,67938,43220,59661,10510,21158,832621,779332,136136,130344,158749,145630,95304,240,244
2021-09-30T23:59:59+02:00,10352,9981,67514,67990,108929,105864,98959,98386,95387,100833,94464,96299,56614,70130,44406,61531,11005,22306,8083,7783,60262,60615,102218,98410,93275,91586,90683,95418,90707,92463,54805,67889,43205,59628,10500,21143,831011,777644,136046,130226,158743,145581,94978,240,244
2021-09-29T23:59:59+02:00,10274,9925,67316,67800,108733,105664,98806,98224,95262,100722,94380,96228,56573,70075,44390,61496,11000,22287,8026,7724,60084,60447,102030,98231,93139,91421,90570,95310,90636,92382,54771,67841,43186,59582,10497,21128,829598,776404,135981,130147,158739,145546,94665,240,243
2021-09-28T23:59:59+02:00,10190,9849,67128,67593,108529,105499,98658,98069,95152,100612,94295,96149,56533,70036,44378,61458,10993,22260,7976,7677,59896,60263,101842,98078,93006,91287,90447,95181,90557,92313,54740,67804,43169,59554,10488,21113,828211,775232,135919,130061,158737,145513,94342,240,243
2021-09-27T23:59:59+02:00,10061,9717,66884,67344,108318,105326,98524,97919,95065,100502,94217,96077,56505,69989,44364,61428,10988,22249,7938,7623,59689,60076,101659,97943,92868,91149,90345,95068,90486,92237,54703,67748,43147,59528,10480,21102,826808,774166,135834,129981,158736,145472,93927,240,243
2021-09-26T23:59:59+02:00,9940,9623,66645,67112,108088,105133,98357,97773,94946,100378,94133,95996,56467,69955,44350,61405,10983,22236,7885,7577,59449,59879,101457,97761,92722,90985,90238,94950,90413,92161,54674,67720,43133,59500,10475,21087,825370,773030,135754,129886,158730,145413,93494,240,243
2021-09-25T23:59:59+02:00,9902,9582,66526,66989,107985,105043,98283,97713,94889,100325,94102,95967,56463,69947,44348,61402,10982,22236,7845,7538,59337,59762,101355,97668,92641,90915,90198,94884,90377,92139,54662,67709,43129,59496,10475,21087,824815,772481,135693,129834,158730,145385,93274,240,243
2021-09-24T23:59:59+02:00,9841,9521,66365,66806,107815,104871,98136,97564,94769,100221,94034,95913,56448,69930,44340,61389,10982,22234,7747,7428,59119,59532,101171,97475,92513,90768,90089,94777,90294,92073,54641,67687,43126,59491,10474,21084,823791,771292,135622,129768,158730,145323,92863,240,243
2021-09-23T23:59:59+02:00,9749,9398,66041,66471,107550,104617,97943,97334,94609,100057,93931,95803,56403,69871,44316,61360,10976,22205,7631,7308,58823,59250,100927,97244,92325,90559,89954,94626,90197,91968,54592,67638,43104,59463,10473,21061,821994,769747,135501,129658,158724,145254,92241,240,243
2021-09-22T23:59:59+02:00,9679,9318,65707,66147,107345,104401,97746,97128,94453,99922,93802,95705,56356,69802,44282,61316,10965,22183,7575,7267,58645,59071,100748,97076,92146,90422,89838,94508,90090,91892,54558,67593,43076,59431,10467,21046,820241,768720,135388,129581,158719,145171,91734,240,243
2021-09-21T23:59:59+02:00,9592,9230,65478,65900,107137,104221,97573,96970,94338,99813,93722,95635,56306,69751,44263,61273,10958,22169,7537,7231,58452,58888,100556,96919,92005,90290,89750,94419,90000,91818,54519,67536,43055,59392,10458,21028,818786,767670,135306,129486,158716,145108,91346,240,243
2021-09-20T23:59:59+02:00,9531,9173,65194,65592,106939,104038,97414,96802,94232,99714,93656,95559,56266,69708,44242,61230,10953,22158,7480,7176,58261,58735,100373,96775,91854,90137,89609,94320,89921,91747,54473,67499,43028,59356,10452,21012,817365,766677,135227,129404,158710,144961,90923,240,243
2021-09-19T23:59:59+02:00,9480,9129,64914,65418,106710,103845,97264,96634,94092,99613,93553,95483,56237,69655,44232,61206,10951,22147,7442,7134,58020,58540,100129,96600,91669,89970,89425,94149,89804,91665,54436,67438,43010,59322,10451,20999,816040,765479,135144,129286,158706,144698,90497,240,243
2021-09-18T23:59:59+02:00,9447,9084,64820,65315,106591,103749,97154,96546,94025,99543,93519,95455,56229,69646,44228,61201,10949,22146,7402,7094,57898,58420,100023,96501,91547,89889,89355,94086,89768,91635,54426,67433,43003,59319,10449,20995,815467,764846,135053,129221,158704,144686,90247,240,243
2021-09-17T23:59:59+02:00,9368,8997,64623,65154,106414,103591,96985,96393,93896,99445,93447,95379,56213,69619,44217,61195,10943,22140,7311,6995,57691,58184,99835,96340,91392,89770,89238,93980,89691,91573,54411,67407,42995,59312,10449,20992,814363,763714,134964,129124,158700,144669,89816,240,243
2021-09-16T23:59:59+02:00,9278,8889,64344,64853,106135,103334,96751,96156,93709,99268,93345,95288,56162,69564,44204,61167,10936,22126,7220,6884,57440,57913,99564,96110,91199,89558,89063,93818,89589,91486,54365,67356,42973,59291,10444,20981,812557,762209,134875,128988,158690,144606,89210,240,241
2021-09-15T23:59:59+02:00,9208,8834,63991,64560,105935,103122,96544,95963,93575,99107,93243,95202,56125,69507,44169,61137,10931,22099,7171,6835,57264,57754,99371,95949,91029,89402,88959,93706,89485,91421,54333,67309,42948,59259,10440,20961,810813,761157,134820,128871,158686,144572,88755,240,241
2021-09-14T23:59:59+02:00,9166,8785,63702,64351,105697,102906,96347,95783,93443,98968,93127,95116,56079,69449,44144,61100,10926,22083,7129,6799,57061,57572,99192,95763,90861,89239,88826,93595,89405,91349,54296,67269,42926,59232,10435,20946,809280,760116,134750,128780,158678,144473,88286,240,240
2021-09-13T23:59:59+02:00,9130,8751,63406,64086,105468,102675,96178,95616,93299,98833,93041,95019,56028,69395,44127,61067,10919,22071,7097,6762,56855,57388,98994,95572,90708,89083,88693,93489,89319,91275,54259,67224,42906,59203,10432,20929,807774,759022,134660,128666,158668,144431,87829,240,240
2021-09-12T23:59:59+02:00,9077,8703,63096,63841,105221,102427,95967,95388,93138,98705,92944,94938,55977,69345,44110,61036,10915,22060,7059,6732,56656,57227,98751,95364,90540,88914,88561,93373,89222,91199,54216,67167,42884,59175,10428,20912,806238,757995,134561,128538,158664,144360,87247,240,240
2021-09-11T23:59:59+02:00,9030,8670,62976,63709,105077,102309,95864,95278,93053,98627,92905,94906,55962,69331,44105,61024,10915,22059,7006,6706,56508,57137,98600,95259,90441,88816,88463,93307,89185,91173,54206,67148,42880,59165,10428,20911,805554,757401,134506,128458,158663,144341,86899,240,240
2021-09-10T23:59:59+02:00,8936,8559,62735,63445,104877,102097,95692,95088,92908,98501,92811,94834,55928,69302,44091,61006,10915,22057,6926,6628,56261,56928,98402,95074,90259,88632,88330,93178,89101,91102,54184,67127,42867,59146,10428,20907,804166,756239,134443,128341,158661,144326,86334,240,240
2021-09-09T23:59:59+02:00,8838,8459,62419,63168,104600,101777,95455,94800,92732,98276,92676,94719,55888,69237,44070,60977,10905,22036,6823,6525,56007,56704,98149,94825,90031,88400,88170,93024,88958,91018,54141,67078,42846,59117,10422,20901,802192,754825,134338,128155,158657,144252,85667,240,240
2021-09-08T23:59:59+02:00,8778,8408,62197,62933,104378,101541,95263,94578,92564,98106,92562,94587,55853,69170,44036,60937,10892,22012,6792,6495,55847,56547,97959,94618,89871,88205,88012,92881,88839,90913,54103,67016,42810,59076,10410,20867,800699,753810,134230,128007,158648,144164,85040,240,240
2021-09-07T23:59:59+02:00,8727,8355,61958,62715,104155,101303,95079,94388,92420,97965,92461,94510,55819,69120,44007,60881,10882,21989,6746,6459,55651,56380,97742,94423,89685,88042,87882,92771,88742,90823,54061,66970,42785,59044,10405,20848,799208,752724,134124,127879,158643,144036,84581,240,239
2021-09-06T23:59:59+02:00,8686,8312,61750,62539,103950,101130,94940,94228,92302,97833,92372,94434,55761,69061,43985,60852,10875,21956,6703,6422,55478,56212,97541,94258,89516,87885,87755,92644,88643,90742,54008,66921,42764,58999,10395,20824,797959,751613,134033,127744,158633,143951,84163,240,239
2021-09-05T23:59:59+02:00,8625,8262,61535,62335,103782,100943,94784,94058,92179,97719,92295,94366,55734,69020,43975,60831,10870,21949,6650,6366,55273,56010,97343,94059,89328,87722,87613,92517,88560,90656,53960,66872,42747,58976,10390,20808,796765,750446,133952,127573,158630,143855,83737,240,239
2021-09-04T23:59:59+02:00,8574,8232,61418,62225,103693,100845,94682,93971,92122,97651,92260,94341,55724,69009,43968,60821,10870,21948,6622,6322,55148,55895,97223,93933,89211,87623,87545,92436,88511,90622,53945,66861,42741,58965,10390,20807,796167,749795,133904,127450,158626,143837,83479,240,239
2021-09-03T23:59:59+02:00,8496,8157,61226,62040,103521,100690,94530,93824,92016,97538,92188,94290,55696,68982,43960,60806,10868,21940,6555,6256,54940,55710,97023,93716,89020,87428,87400,92265,88418,90544,53913,66827,42730,58946,10386,20804,795047,748543,133850,127223,158618,143801,83075,240,239
2021-09-02T23:59:59+02:00,8375,8067,60970,61792,103265,100445,94331,93603,91830,97371,92069,94189,55648,68925,43937,60771,10863,21918,6457,6174,54671,55451,96725,93434,88775,87155,87178,92056,88274,90428,53868,66745,42699,58895,10376,20767,793380,746878,133739,126866,158607,143681,82464,240,239
2021-09-01T23:59:59+02:00,8310,7985,60758,61578,103067,100274,94181,93450,91712,97245,91963,94115,55604,68875,43919,60747,10855,21900,6400,6111,54415,55229,96497,93213,88579,86941,87000,91890,88134,90318,53803,66656,42661,58851,10366,20746,792124,745425,133663,126607,158591,143562,81981,240,235
2021-08-31T23:59:59+02:00,8228,7910,60550,61327,102862,100088,94004,93291,91589,97129,91839,94033,55559,68823,43893,60707,10844,21884,6338,6041,54161,54969,96226,92966,88362,86708,86843,91730,87972,90213,53759,66583,42635,58796,10358,20727,790746,743927,133583,126300,158580,143453,81472,240,235
2021-08-30T23:59:59+02:00,8132,7834,60346,61141,102684,99944,93884,93157,91471,97026,91770,93954,55526,68795,43877,60673,10839,21868,6266,5976,53910,54775,95983,92733,88148,86479,86664,91587,87845,90088,53701,66504,42594,58733,10341,20698,789628,742485,133525,125987,158573,143305,81015,240,233
2021-08-29T23:59:59+02:00,8056,7756,60070,60899,102445,99747,93701,92983,91333,96909,91680,93864,55481,68745,43853,60643,10837,21859,6158,5865,53558,54465,95665,92441,87859,86221,86430,91391,87692,89962,53633,66429,42564,58693,10335,20681,788267,740576,133434,125651,158558,143160,80422,240,233
2021-08-28T23:59:59+02:00,7999,7689,59930,60787,102337,99638,93598,92899,91248,96834,91635,93834,55467,68732,43845,60639,10836,21857,6119,5798,53380,54316,95503,92308,87725,86110,86319,91303,87623,89919,53616,66408,42555,58686,10333,20680,787643,739756,133395,125546,158554,143134,80032,240,233
2021-08-27T23:59:59+02:00,7933,7604,59746,60593,102165,99470,93457,92772,91136,96727,91548,93776,55445,68703,43836,60622,10835,21854,6040,5727,53137,54068,95207,92030,87503,85903,86143,91146,87515,89820,53574,66372,42540,58660,10328,20677,786652,738174,133333,125345,158516,143097,79541,240,233
2021-08-26T23:59:59+02:00,7847,7505,59504,60344,101935,99251,93237,92547,90956,96546,91443,93679,55395,68639,43803,60595,10829,21842,5968,5660,52796,53780,94838,91677,87165,85593,85901,90887,87358,89688,53509,66283,42494,58617,10321,20665,785164,736243,133235,124937,158493,142964,78825,240,231
2021-08-25T23:59:59+02:00,7774,7415,59273,60147,101763,99110,93085,92365,90836,96424,91334,93599,55356,68587,43769,60551,10824,21819,5896,5600,52490,53530,94535,91421,86940,85347,85703,90699,87225,89562,53442,66198,42446,58549,10315,20635,783945,734510,133153,124627,158483,142895,78271,239,230
2021-08-24T23:59:59+02:00,7724,7363,59053,59928,101577,98937,92919,92203,90724,96297,91249,93528,55318,68533,43742,60508,10818,21794,5851,5533,52166,53269,94184,91137,86639,85097,85493,90510,87073,89402,53357,66103,42398,58483,10307,20613,782806,732694,133061,124324,158476,142674,77693,239,230
2021-08-23T23:59:59+02:00,7668,7309,58845,59719,101407,98779,92789,92042,90629,96212,91173,93443,55280,68490,43713,60482,10814,21776,5788,5471,51843,52998,93843,90855,86394,84821,85298,90339,86938,89275,53279,66012,42364,58433,10300,20595,781649,730794,132988,124036,158466,142499,77288,239,229
2021-08-22T23:59:59+02:00,7596,7253,58651,59535,101203,98618,92630,91906,90534,96096,91094,93376,55244,68444,43699,60458,10808,21762,5707,5388,51473,52646,93440,90454,86085,84515,85061,90112,86768,89150,53200,65906,42332,58372,10292,20574,780619,728475,132885,123722,158454,142283,76770,239,225
2021-08-21T23:59:59+02:00,7543,7215,58515,59411,101067,98513,92524,91802,90435,96035,91036,93341,55224,68422,43691,60441,10806,21759,5515,5200,51137,52344,93272,90305,85915,84357,84914,89986,86682,89087,53169,65882,42322,58356,10291,20568,779940,726944,132809,123493,158453,142241,76399,239,225
2021-08-20T23:59:59+02:00,7491,7163,58359,59236,100895,98359,92375,91668,90320,95911,90960,93279,55202,68397,43681,60424,10804,21754,5389,5098,50801,51995,93010,90033,85651,84123,84699,89781,86548,88975,53138,65841,42299,58332,10284,20561,778988,724969,132759,123284,158447,142175,75905,239,225
2021-08-19T23:59:59+02:00,7424,7102,58109,59001,100619,98132,92168,91476,90161,95745,90832,93176,55159,68338,43656,60393,10797,21740,5272,4973,50358,51555,92578,89629,85245,83716,84387,89466,86333,88792,53067,65733,42260,58270,10274,20543,777621,722258,132626,122839,158440,141968,75162,239,224
2021-08-18T23:59:59+02:00,7360,7047,57921,58840,100432,97951,92021,91313,90022,95623,90731,93080,55092,68274,43627,60348,10787,21720,5177,4873,50003,51182,92199,89298,84921,83384,84108,89216,86142,88619,52953,65618,42189,58178,10259,20514,776459,719851,132537,122448,158433,141728,74582,238,224
2021-08-17T23:59:59+02:00,7298,6996,57732,58681,100238,97775,91854,91163,89900,95492,90634,92988,55053,68227,43603,60320,10785,21705,5057,4740,49506,50757,91748,88876,84519,83026,83778,88921,85935,88416,52850,65493,42131,58101,10253,20490,775338,716821,132433,122038,158420,141438,74076,237,224
2021-08-16T23:59:59+02:00,7238,6930,57548,58502,100034,97600,91706,91003,89758,95374,90519,92891,55001,68165,43573,60269,10778,21691,4847,4556,48936,50175,91272,88421,84050,82626,83444,88627,85705,88211,52746,65379,42072,58023,10244,20452,774162,713269,132342,121595,158413,141212,73486,237,224
2021-08-15T23:59:59+02:00,7172,6882,57325,58311,99849,97416,91548,90860,89633,95268,90431,92832,54964,68124,43553,60240,10774,21684,4448,4157,47814,49028,90629,87731,83493,82081,83051,88239,85418,88005,52638,65257,42028,57964,10235,20433,773074,707449,132230,120965,158405,141032,72980,237,223
2021-08-14T23:59:59+02:00,7140,6849,57202,58221,99706,97315,91441,90783,89545,95199,90380,92787,54949,68108,43548,60233,10773,21683,4419,4134,47658,48884,90397,87557,83278,81873,82926,88138,85348,87961,52610,65226,42019,57953,10234,20431,772542,706630,132173,120641,158400,140982,72570,237,223
2021-08-13T23:59:59+02:00,7093,6804,57046,58087,99547,97187,91311,90645,89439,95083,90299,92723,54919,68057,43534,60209,10771,21676,4360,4073,47350,48561,89914,87150,82875,81495,82662,87903,85176,87820,52567,65158,41997,57928,10231,20419,771703,704387,132114,120082,158393,140902,72045,235,223
2021-08-12T23:59:59+02:00,7058,6754,56840,57923,99332,97010,91136,90480,89294,94940,90204,92642,54881,68004,43508,60175,10763,21659,4308,4010,46929,48166,89263,86579,82292,80945,82284,87575,84947,87640,52493,65055,41944,57869,10221,20401,770633,701399,132010,119244,158381,140652,71404,235,222
2021-08-11T23:59:59+02:00,7022,6699,56652,57752,99121,96830,90978,90340,89162,94823,90093,92540,54830,67944,43477,60136,10753,21644,4234,3961,46510,47703,88632,85926,81708,80436,81947,87267,84676,87397,52405,64913,41872,57744,10202,20352,769503,698210,131912,118287,158358,140316,70851,232,221
2021-08-10T23:59:59+02:00,6961,6651,56465,57585,98899,96680,90821,90189,89034,94709,90009,92463,54786,67897,43461,60096,10749,21631,4169,3896,46070,47225,87984,85294,81100,79892,81536,86886,84430,87178,52284,64804,41812,57661,10188,20321,768436,694844,131817,117344,158339,139999,70322,232,221
2021-08-09T23:59:59+02:00,6909,6592,56292,57424,98706,96523,90666,90052,88894,94611,89899,92399,54746,67848,43436,60061,10742,21616,4100,3818,45500,46657,87150,84617,80412,79304,81122,86535,84138,86954,52171,64671,41756,57560,10174,20279,767404,690998,131744,116282,158329,139652,69768,231,218
2021-08-08T23:59:59+02:00,6838,6523,56068,57235,98494,96334,90486,89886,88757,94489,89804,92324,54691,67800,43410,60027,10735,21596,4044,3757,44896,46042,86080,83676,79509,78493,80577,86057,83805,86653,52037,64517,41692,57470,10161,20253,766181,685861,131630,115097,158309,139339,69205,231,217
2021-08-07T23:59:59+02:00,6794,6472,55924,57111,98353,96218,90356,89784,88662,94431,89742,92284,54672,67773,43407,60017,10732,21591,3583,3382,44054,45149,85740,83335,79031,78052,80215,85705,83624,86508,51974,64433,41671,57434,10156,20244,765509,682120,131568,113950,158305,139235,68769,231,216
2021-08-06T23:59:59+02:00,6738,6423,55732,56960,98122,96032,90203,89653,88535,94316,89644,92213,54632,67745,43398,59990,10729,21587,3199,2983,43131,44258,85269,82866,78445,77496,79825,85321,83433,86361,51922,64368,41645,57402,10148,20231,764539,678142,131469,112673,158298,139099,68174,231,215
2021-08-05T23:59:59+02:00,6671,6351,55412,56710,97818,95761,89938,89432,88320,94124,89473,92077,54567,67655,43369,59938,10720,21569,2682,2535,41882,43083,84530,82180,77659,76694,79227,84755,83074,86059,51791,64209,41585,57299,10133,20198,762869,672539,131341,111031,158285,138553,67238,231,214
2021-08-04T23:59:59+02:00,6590,6301,55166,56519,97553,95547,89748,89264,88178,93985,89354,91978,54514,67604,43331,59891,10716,21559,2610,2475,41395,42586,83286,81131,76309,75552,78736,84298,82754,85811,51650,64070,41527,57211,10117,20172,761567,667321,131233,109517,158271,138083,66555,231,214
2021-08-03T23:59:59+02:00,6524,6235,54907,56324,97318,95352,89570,89098,88034,93840,89207,91856,54437,67524,43294,59833,10708,21551,2555,2433,40954,42153,82041,79993,74883,74361,78126,83730,82207,85318,51437,63867,41426,57055,10104,20136,760180,661483,131128,107817,158246,137379,65886,231,214
2021-08-02T23:59:59+02:00,6462,6172,54669,56122,97055,95128,89346,88923,87862,93698,89063,91743,54354,67451,43261,59780,10705,21531,2504,2369,40470,41649,80710,78880,73329,73151,77495,83165,81665,84834,51267,63663,41351,56934,10087,20102,758742,655373,130978,106057,158224,136773,65210,230,212
2021-08-01T23:59:59+02:00,6395,6087,54399,55856,96788,94859,89109,88747,87657,93552,88898,91633,54285,67365,43224,59728,10698,21524,2425,2316,39949,41150,79415,77798,71915,72048,76599,82413,81079,84369,51076,63424,41262,56829,10076,20078,757132,649179,130782,104154,158198,136158,64522,227,208
2021-07-31T23:59:59+02:00,6359,6049,54276,55762,96666,94764,89007,88680,87566,93480,88853,91597,54273,67355,43218,59724,10698,21523,1901,1866,38987,40121,78964,77356,71378,71493,76215,82085,80964,84273,51057,63390,41246,56817,10076,20075,756647,644487,130612,103280,158195,136063,64226,227,208
2021-07-30T23:59:59+02:00,6305,6014,54097,55615,96507,94587,88848,88531,87434,93365,88770,91527,54236,67324,43205,59706,10696,21521,1434,1416,37973,39058,78255,76698,70618,70758,75701,81558,80563,83948,50980,63301,41212,56757,10070,20063,755742,638271,130296,102141,158190,135853,63891,226,207
2021-07-29T23:59:59+02:00,6254,5955,53858,55431,96246,94359,88634,88322,87262,93190,88630,91400,54176,67260,43182,59667,10687,21500,947,950,36721,37814,77196,75825,69566,69808,74893,80795,80025,83519,50848,63136,41146,56661,10053,20036,754492,630484,129814,100585,158173,135297,63366,225,207
2021-07-28T23:59:59+02:00,6217,5902,53654,55261,96037,94152,88482,88140,87149,93049,88518,91303,54118,67185,43148,59619,10677,21470,906,900,36107,37204,76025,74846,68287,68707,74130,80078,79534,83058,50706,62934,41078,56557,10037,19995,753307,624128,129368,99169,158156,134505,63082,225,205
2021-07-27T23:59:59+02:00,6167,5860,53418,55038,95776,93942,88298,87954,86991,92894,88394,91205,54065,67109,43107,59556,10663,21422,845,844,35447,36432,74560,73596,66833,67488,73264,79232,78991,82537,50532,62721,40999,56436,10012,19953,751886,616794,128937,97715,158133,133274,62735,225,204
2021-07-26T23:59:59+02:00,6110,5807,53197,54830,95531,93750,88102,87785,86827,92757,88265,91103,54005,67029,43078,59499,10656,21400,790,786,34676,35590,73040,72263,65462,66249,72218,78239,78398,82005,50360,62506,40921,56286,9990,19908,750535,608703,128513,96184,158115,132195,62401,224,204
2021-07-25T23:59:59+02:00,6072,5763,52989,54625,95276,93520,87925,87591,86669,92626,88157,91005,53954,66966,43050,59455,10646,21365,678,677,33972,34825,71691,71054,64351,65237,71218,77326,77922,81550,50242,62319,40856,56198,9984,19873,749126,601720,128238,94625,158093,131394,62030,224,204
2021-07-24T23:59:59+02:00,5985,5705,52714,54328,94966,93207,87679,87382,86494,92469,88057,90924,53925,66932,43038,59432,10646,21359,629,626,33461,34326,70821,70356,63684,64679,70339,76626,77718,81399,50187,62276,40834,56173,9984,19871,747248,597282,128185,93689,158092,131265,61549,224,204
2021-07-23T23:59:59+02:00,5932,5649,52440,54056,94562,92919,87377,87165,86312,92291,87915,90831,53890,66884,43030,59414,10643,21353,576,581,32929,33663,69754,69493,62904,64009,69435,75776,77316,81070,50112,62178,40802,56134,9977,19857,745185,591629,128111,92530,158086,131090,61113,224,204
2021-07-22T23:59:59+02:00,5862,5586,52021,53654,94079,92470,86990,86827,86001,91993,87704,90644,53805,66790,43001,59354,10635,21327,501,518,32213,32927,68438,68497,61856,63130,67818,74419,76660,80556,49960,61970,40710,56018,9956,19817,742123,585147,127877,89776,158060,130322,60516,223,203
2021-07-21T23:59:59+02:00,5809,5532,51648,53268,93643,92053,86681,86528,85746,91748,87530,90456,53720,66705,42942,59287,10624,21299,451,460,31592,32266,67103,67454,60765,62236,65777,72725,75754,79810,49670,61661,40550,55830,9932,19761,739310,578842,127638,85449,158029,129229,60074,223,203
2021-07-20T23:59:59+02:00,5750,5468,51258,52873,93179,91584,86314,86201,85479,91492,87307,90259,53628,66571,42893,59229,10617,21274,404,416,30927,31601,65636,66258,59635,61271,64600,71664,75137,79252,49464,61430,40444,55671,9908,19700,736337,571770,127416,83765,157974,128199,59481,223,203
2021-07-19T23:59:59+02:00,5673,5394,50786,52412,92708,91106,85943,85868,85231,91279,87101,90080,53535,66450,42857,59149,10599,21239,360,363,30378,31013,64471,65201,58717,60412,63448,70628,74535,78735,49290,61233,40353,55525,9880,19656,733061,565975,127187,81957,157939,127008,59055,223,203
2021-07-18T23:59:59+02:00,5604,5324,49961,51596,91632,90051,85211,85254,84750,90846,86807,89788,53429,66303,42794,59053,10589,21208,324,319,29831,30423,63281,64131,57793,59494,62272,69600,73985,78236,49142,61070,40295,55441,9868,19627,726587,560133,126856,79928,157922,126202,58668,222,201
2021-07-17T23:59:59+02:00,5430,5137,49607,51262,91489,89915,85016,85095,84591,90708,86699,89706,53409,66276,42783,59041,10588,21205,272,264,29440,30035,62637,63530,57234,59071,61518,68864,73677,77995,49031,60952,40256,55383,9858,19616,725407,557099,126678,78960,157918,125587,57786,222,201
2021-07-16T23:59:59+02:00,5329,5046,49281,50965,91225,89690,84768,84898,84392,90524,86561,89599,53367,66243,42765,59027,10585,21200,237,229,28937,29527,61694,62615,56388,58383,60465,67828,73176,77574,48869,60763,40209,55314,9853,19607,724023,552124,126505,77639,157911,124845,56859,221,201
2021-07-15T23:59:59+02:00,5193,4912,48802,50551,90823,89306,84409,84519,84089,90246,86338,89430,53285,66152,42711,58957,10575,21172,188,196,28208,28894,60377,61545,55256,57397,59052,66515,72439,76984,48636,60500,40120,55183,9837,19552,721538,546285,126086,75434,157876,123170,55789,220,201
2021-07-14T23:59:59+02:00,5087,4797,48445,50175,90518,89010,84118,84204,83840,90008,86138,89272,53196,66045,42653,58868,10558,21142,169,173,27672,28319,59279,60548,54287,56551,58176,65663,71830,76395,48368,60222,40014,55008,9814,19508,719364,540844,125727,74510,157832,121470,54971,219,201
2021-07-13T23:59:59+02:00,4975,4680,48035,49791,90121,88654,83812,83895,83570,89746,85931,89104,53086,65940,42598,58804,10552,21121,153,163,27001,27635,57906,59360,53094,55560,57187,64750,71103,75756,48090,59898,39885,54829,9782,19456,716986,534483,125354,73393,157776,119413,54119,218,200
2021-07-12T23:59:59+02:00,4804,4510,47479,49270,89725,88313,83415,83575,83320,89484,85741,88943,53006,65845,42550,58741,10540,21106,144,155,26365,26970,56403,58007,51807,54498,55964,63604,70358,75134,47715,59469,39709,54606,9740,19391,714253,527174,124986,72371,157714,117061,53234,218,199
2021-07-11T23:59:59+02:00,4410,4136,46529,48342,89294,87879,83000,83188,83010,89195,85544,88795,52919,65753,42524,58685,10529,21089,132,147,25761,26403,55026,56746,50511,53453,54923,62571,69764,74583,47368,59088,39584,54431,9715,19349,710283,520548,124515,71364,157674,115272,52173,214,198
2021-07-10T23:59:59+02:00,4397,4123,46197,47994,88841,87397,82669,82877,82904,89095,85478,88738,52898,65730,42515,58671,10528,21085,129,139,25271,25863,53934,55798,49649,52868,54323,62003,69549,74397,47000,58670,39484,54326,9710,19338,709610,516219,124047,71279,157498,113949,50806,213,198
2021-07-09T23:59:59+02:00,4377,4111,45774,47550,88219,86835,82291,82532,82655,88906,85364,88646,52862,65701,42508,58658,10524,21076,123,124,24565,25086,52606,54565,48705,51988,53543,61153,69127,73991,46641,58260,39396,54236,9703,19326,708182,510030,123460,70873,157334,112599,49438,212,198
2021-07-08T23:59:59+02:00,4347,4084,45221,47046,87356,86124,81756,82015,82402,88662,85171,88492,52795,65634,42476,58611,10513,21060,115,107,23568,24136,50662,52985,47319,50835,52403,60025,68437,73355,46120,57701,39259,54072,9675,19258,706046,502261,122566,69595,157045,110058,47921,211,197
2021-07-07T23:59:59+02:00,4324,4057,44639,46449,86511,85359,81200,81532,82117,88365,84962,88328,52717,65534,42433,58547,10505,21040,103,92,22670,23216,48708,51295,45801,49699,51161,58843,67732,72820,45381,56958,39064,53834,9642,19200,703514,494053,121565,68484,156790,106943,46544,208,195
2021-07-06T23:59:59+02:00,4291,4036,44090,45923,85643,84621,80584,80938,81746,88034,84785,88152,52628,65454,42395,58485,10496,21015,94,82,21828,22336,46701,49514,44413,48448,49878,57503,66989,72101,44550,56183,38879,53595,9624,19145,700846,485056,120545,67404,156490,103977,45231,206,195
2021-07-05T23:59:59+02:00,4269,4000,42927,44925,84124,83517,79857,80318,81289,87610,84508,87887,52513,65318,42344,58407,10482,20987,83,70,20634,21262,44738,47906,43393,47487,48850,56540,66290,71483,43786,55321,38704,53370,9599,19105,697502,479046,119490,66532,156125,100886,41962,205,195
2021-07-04T23:59:59+02:00,4242,3977,41561,43694,82480,82206,79131,79715,80815,87186,84234,87683,52421,65193,42301,58355,10469,20958,80,63,19278,20052,42945,46388,42693,46743,48038,55686,65710,70913,43042,54468,38541,53179,9579,19058,694365,474381,118335,65596,155702,98269,38016,205,194
2021-07-03T23:59:59+02:00,3775,3562,39977,42126,81610,81546,78647,79229,80371,86709,84017,87511,52353,65092,42283,58303,10466,20952,76,62,18468,19357,42025,45693,42276,46366,47632,55286,65546,70747,42453,53739,38478,53080,9572,19048,690585,472440,117027,65497,155617,96676,35097,205,194
2021-07-02T23:59:59+02:00,3217,2990,38419,40621,80875,80820,77979,78522,79852,86207,83776,87307,52302,65006,42255,58256,10454,20939,67,54,17695,18622,40866,44728,41540,45667,46797,54504,65025,70296,41499,52533,38348,52892,9556,19029,685523,467345,115625,65028,155467,94172,32980,204,193
2021-07-01T23:59:59+02:00,2568,2443,36694,38949,79892,79948,77140,77689,79148,85570,83461,87031,52178,64850,42192,58154,10436,20909,56,42,16803,17681,39321,43490,40326,44606,45495,53371,64281,69715,40607,51392,38198,52683,9539,18997,679163,460891,113896,63378,155246,91397,30745,204,192
2021-06-30T23:59:59+02:00,2526,2413,35677,37924,78046,78447,75443,76200,78502,85022,83176,86738,52046,64690,42132,58057,10424,20882,47,32,15761,16690,37642,42265,39128,43501,44340,52307,63526,69083,40063,50705,38080,52483,9517,18961,673291,454733,112157,62038,155032,89507,27663,204,190
2021-06-29T23:59:59+02:00,2490,2381,34841,37014,76441,76957,73830,74788,77703,84305,82630,86245,51863,64471,42056,57926,10407,20846,34,23,14925,15777,36326,41121,38217,42677,43120,51252,62809,68498,39351,49767,37944,52264,9495,18917,666913,449532,110281,60205,154763,87556,25035,204,189
2021-06-28T23:59:59+02:00,2449,2347,34011,36188,74823,75545,72147,73391,76682,83519,82028,85747,51688,64243,41979,57820,10394,20814,25,18,14172,15012,35269,40095,37396,41947,41993,50256,62155,67950,38474,48681,37777,52041,9476,18872,660418,444671,108321,58691,154167,85351,22707,204,189
2021-06-27T23:59:59+02:00,2434,2332,33271,35435,73258,74175,70741,72184,75286,82398,81350,85192,51491,64027,41914,57702,10384,20785,20,18,13532,14372,34309,39335,36739,41347,41056,49406,61613,67508,37609,47648,37625,51862,9461,18841,654202,440751,106389,57923,153213,83087,20353,203,187
2021-06-26T23:59:59+02:00,1797,1724,32225,34319,72896,73853,70275,71720,74994,82087,81256,85114,51471,64001,41900,57692,10383,20782,20,17,13337,14160,33640,38791,36092,40924,40534,49071,60621,66498,36612,46511,37457,51649,9447,18808,649387,434751,105451,57868,153209,81142,20242,201,186
2021-06-25T23:59:59+02:00,1177,1128,31096,33129,72393,73320,69663,71027,74568,81640,80876,84789,51409,63913,41867,57649,10378,20768,17,16,13000,13767,32786,37997,35225,40104,39581,48231,59407,65264,36096,45811,37265,51348,9424,18767,643022,426318,104257,57419,153203,80076,20108,201,185
2021-06-24T23:59:59+02:00,565,570,29747,31798,71606,72560,68790,70144,73895,81007,80428,84426,51301,63783,41815,57579,10367,20735,14,13,12327,13050,31604,36702,34005,38838,38446,47115,57769,63889,35616,45294,37108,51158,9405,18708,635165,416942,102771,55858,153091,78187,19890,200,184
2021-06-23T23:59:59+02:00,538,537,29237,31234,70490,71576,67520,69003,73145,80318,79977,84022,51189,63609,41757,57483,10351,20703,12,12,11827,12512,30608,35462,33069,37615,37422,46234,55823,62170,35063,44728,36940,50932,9384,18643,628910,407140,101190,54797,152988,76934,19402,200,183
2021-06-22T23:59:59+02:00,515,520,28712,30627,69315,70543,66313,67975,72467,79614,79564,83651,51082,63483,41710,57399,10342,20677,10,11,11475,12090,29692,34531,32114,36721,36462,45329,53844,60330,34679,44252,36802,50690,9355,18585,622551,398574,99726,53225,152854,75814,19179,200,180
2021-06-21T23:59:59+02:00,483,486,28039,29934,67997,69362,65125,66845,71710,78834,79169,83258,50975,63372,41652,57311,10328,20636,9,11,11179,11769,29068,33945,31565,36152,35854,44738,51998,58671,33969,43450,36504,50267,9326,18509,615707,390986,98225,52028,152731,75136,18655,199,179
2021-06-20T23:59:59+02:00,398,405,27403,29262,66770,68222,64109,65912,70904,78094,78819,82920,50898,63244,41603,57244,10323,20603,5,10,10888,11500,28516,33442,31109,35661,35340,44215,50150,56873,33426,42768,36307,49933,9296,18449,609313,383547,96765,51277,152632,74664,18225,199,175
2021-06-19T23:59:59+02:00,366,370,27014,28885,66037,67652,63582,65405,70105,77440,78668,82796,50877,63218,41587,57228,10322,20603,5,9,10753,11299,28262,33121,30853,35336,35115,43953,48702,55479,33166,42420,36223,49794,9288,18421,605344,378132,95823,51265,152632,74469,18158,199,175
2021-06-18T23:59:59+02:00,338,336,26551,28407,65019,66911,62843,64793,69182,76603,78280,82464,50814,63143,41560,57192,10318,20595,5,9,10534,11055,27864,32696,30522,34924,34723,43554,46960,53798,32812,41905,36086,49583,9269,18387,599904,371254,94581,50975,152626,74243,18040,199,174
2021-06-17T23:59:59+02:00,308,305,25904,27784,63747,65914,61843,63984,67594,75194,77756,82059,50713,62989,41497,57111,10305,20568,5,9,10114,10690,27073,31997,29780,34244,33887,42850,45444,52299,32363,41272,35922,49327,9238,18337,593784,363789,91924,49829,152464,73854,17206,198,173
2021-06-16T23:59:59+02:00,273,266,25366,27174,62443,64780,60734,63017,65329,73266,76912,81403,50500,62781,41406,56999,10286,20535,5,7,9788,10421,26421,31323,29076,33621,33157,42214,44848,51732,32090,40907,35776,49128,9217,18296,587488,360073,87411,49121,152050,72334,16326,196,173
2021-06-15T23:59:59+02:00,234,235,24711,26447,61033,63551,59656,62035,64174,72179,76405,80984,50377,62632,41356,56904,10279,20506,5,7,9515,10137,25816,30586,28440,32866,32476,41490,43288,50098,31639,40350,35604,48895,9187,18231,580302,353333,85784,48222,151596,71080,15822,195,173
2021-06-14T23:59:59+02:00,211,203,24229,25839,59925,62504,58782,61191,63097,71174,75931,80593,50289,62509,41306,56833,10264,20481,4,7,9218,9835,25066,29698,27680,32030,31688,40675,41998,48753,31268,39850,35468,48674,9157,18179,574415,347174,84069,47204,151391,69406,15292,195,172
2021-06-13T23:59:59+02:00,206,188,23816,25368,58981,61599,58009,60404,61989,70206,75466,80171,50199,62394,41255,56773,10253,20451,4,7,8932,9528,24356,28854,26973,31191,30929,39819,40437,47164,30801,39236,35267,48368,9127,18089,569400,340100,82214,46423,151163,67631,14757,195,171
2021-06-12T23:59:59+02:00,193,170,23551,25078,58418,61091,57650,60124,61344,69569,75265,80059,50174,62363,41243,56759,10250,20447,4,7,8811,9408,23879,28276,26451,30615,30399,39257,39337,46190,30632,39057,35172,48203,9123,18078,566429,335844,81258,46420,151155,65752,14712,195,171
2021-06-11T23:59:59+02:00,174,155,23175,24635,57666,60272,56975,59495,60435,68638,74919,79754,50099,62288,41217,56723,10248,20441,4,6,8665,9210,23362,27602,25919,29958,29812,38619,38259,45178,30366,38700,35029,47982,9110,18051,561374,330980,79968,46161,151142,63889,14632,194,170
2021-06-10T23:59:59+02:00,159,138,22631,24045,56523,59333,56047,58678,59172,67465,74379,79355,50027,62181,41193,56674,10233,20412,4,6,8398,8954,22489,26660,24957,29017,28689,37680,36869,44011,30009,38219,34749,47548,9043,17975,555778,324062,77757,45454,150902,61578,14015,194,168
2021-06-09T23:59:59+02:00,139,123,21995,23440,55264,58227,54969,57764,58221,66555,73917,78962,49939,62081,41141,56612,10219,20381,4,5,8098,8691,21558,25793,24027,28136,27654,36725,35147,42218,29619,37719,34562,47278,9001,17884,549961,316605,76295,44721,150550,59675,12951,193,167
2021-06-08T23:59:59+02:00,117,105,21312,22714,53953,57096,53852,56782,57264,65700,73372,78527,49850,61957,41086,56520,10201,20351,3,4,7831,8440,20664,24905,22974,27274,26616,35762,33784,40910,29263,37213,34242,46819,8950,17800,543260,310296,75359,43949,150110,57207,11837,193,165
2021-06-07T23:59:59+02:00,100,88,20654,22072,52510,55837,52593,55803,56109,64712,72819,78122,49764,61850,41040,56457,10188,20325,2,3,7572,8214,19826,24087,21953,26466,25583,34889,32848,40124,28980,36818,33993,46393,8899,17709,535951,305661,74455,43130,149701,54660,10743,193,165
2021-06-06T23:59:59+02:00,93,83,20140,21537,51362,54725,51482,54824,55143,63759,72308,77718,49676,61771,41004,56394,10180,20309,2,3,7357,8017,19043,23192,21054,25593,24512,33903,31931,39306,28691,36476,33739,46002,8848,17635,529610,301106,73429,42389,149365,51735,9912,192,162
2021-06-05T23:59:59+02:00,87,75,19863,21223,50576,53966,50828,54320,54670,63283,72178,77606,49665,61758,41000,56391,10177,20309,2,3,7125,7604,18400,22130,20331,24481,23640,32648,30893,37986,28356,36010,33614,45827,8841,17615,525240,294809,73423,42351,149288,48352,9832,192,162
2021-06-04T23:59:59+02:00,77,69,19407,20635,49507,52949,50007,53454,54014,62495,71836,77279,49637,61721,40980,56376,10175,20304,2,2,6898,7284,17773,21281,19642,23483,22700,31366,29669,36644,28067,35642,33500,45651,8829,17594,518744,288330,73094,42282,149272,45633,9621,191,161
2021-06-03T23:59:59+02:00,67,58,18720,19934,47984,51648,48788,52320,53040,61468,71333,76819,49569,61618,40942,56329,10162,20279,2,2,6604,6887,17036,20231,18841,22334,21694,29935,28501,35155,27524,34857,33294,45323,8792,17519,510951,281581,72079,41527,148999,42405,8860,189,158
2021-06-02T23:59:59+02:00,62,54,18335,19411,46961,50653,47905,51554,52287,60705,71082,76606,49530,61583,40923,56300,10154,20265,1,2,6414,6650,16398,19538,17917,21574,20847,28983,27406,33747,27058,34251,33133,45072,8763,17449,504640,275301,72061,41513,148980,39734,8503,186,152
2021-06-01T23:59:59+02:00,52,48,17647,18663,45095,48918,46250,50095,50770,59242,70403,76006,49437,61471,40865,56228,10142,20217,1,1,6133,6331,15244,18638,16405,20609,19631,27729,26179,32350,26499,33553,32883,44720,8717,17347,495518,268794,70691,40941,148433,36361,6726,181,148
2021-05-31T23:59:59+02:00,50,44,17162,18164,43788,47771,45034,48982,49531,58115,69718,75495,49354,61369,40820,56162,10130,20179,1,1,5855,5995,14200,17804,14998,19684,18450,26610,24949,31007,25978,32834,32688,44422,8683,17246,489261,262487,69527,40396,147966,33442,4934,180,146
2021-05-30T23:59:59+02:00,44,43,16827,17769,42821,46830,44127,48079,48525,57116,69164,74950,49248,61214,40748,56046,10114,20136,1,1,5662,5750,13651,17096,14369,18984,17548,25636,23848,29835,25207,31883,32389,44003,8638,17157,483314,256512,68497,39593,147556,31158,4255,179,140
2021-05-29T23:59:59+02:00,44,42,16693,17641,42456,46510,43783,47813,48285,56924,69106,74897,49242,61208,40741,56042,10114,20135,1,1,5498,5506,13143,16295,13723,18136,16704,24469,22731,28535,25048,31650,32324,43908,8635,17150,481329,250910,68374,39593,147549,28570,4246,178,138
2021-05-28T23:59:59+02:00,43,40,16390,17332,41747,45882,43271,47246,47775,56391,68828,74603,49176,61125,40714,55992,10111,20130,1,1,5252,5119,12609,15380,13043,17272,15841,23233,21628,27095,24796,31283,32229,43775,8625,17134,477019,244855,67867,39489,147525,25632,4207,178,133
2021-05-27T23:59:59+02:00,40,37,15859,16778,40593,44892,42252,46351,46786,55499,68250,74165,49054,60965,40660,55921,10100,20091,1,1,5009,4770,11966,14558,12259,16338,14771,22040,20369,25582,24292,30545,32057,43514,8591,17051,471115,237497,66353,38683,146806,23562,3843,176,129
2021-05-26T23:59:59+02:00,38,36,15445,16337,39494,43968,41214,45477,45756,54620,67643,73653,48902,60784,40576,55756,10078,20043,1,1,4815,4568,11410,13797,11541,15491,13759,20907,18969,23988,23706,29757,31840,43168,8537,16949,465950,230222,64332,37811,145818,21498,3544,176,129
2021-05-25T23:59:59+02:00,38,35,15039,15918,38487,43080,40246,44627,44804,53695,67024,73121,48719,60544,40497,55622,10053,19990,1,1,4595,4361,10869,13153,10776,14722,12686,19666,17535,22482,23118,28977,31603,42841,8480,16854,460606,222845,62752,36867,144708,19585,3297,176,126
2021-05-24T23:59:59+02:00,38,34,14691,15590,37649,42341,39378,43953,43944,52905,66489,72637,48595,60367,40434,55498,10033,19945,1,1,4447,4232,10425,12685,10140,14142,11797,18832,16246,21215,22442,28142,31385,42509,8421,16765,455982,215923,61513,35924,143965,18968,2886,175,126
2021-05-23T23:59:59+02:00,34,34,14524,15410,37183,41966,38926,43550,43495,52499,66219,72410,48511,60275,40395,55451,10026,19921,1,1,4258,4091,9958,12209,9520,13539,10850,18015,15048,20150,21968,27570,31131,42217,8370,16679,452782,208909,61131,35842,143943,17901,2798,175,125
2021-05-22T23:59:59+02:00,32,32,14327,15194,36489,41400,38239,43094,42920,52085,65201,71392,48304,60016,40323,55337,10016,19900,1,1,4146,3794,9742,11791,9367,13215,10608,17570,14776,19748,21874,27453,31097,42175,8363,16670,446304,207677,61127,35839,143928,15983,2767,175,125
2021-05-21T23:59:59+02:00,31,31,13940,14781,35420,40491,37180,42173,41851,51182,63844,70101,48074,59680,40243,55188,9999,19867,1,1,4035,3695,9535,11526,9152,12947,10272,17239,14360,19376,21653,27167,31035,42084,8354,16662,436695,205711,60766,35533,143692,14979,2750,173,121
2021-05-20T23:59:59+02:00,28,31,13128,14036,33980,39046,35762,40777,40447,49981,62548,68951,47781,59340,40096,55006,9978,19817,1,1,3877,3517,9008,10920,8502,12239,9571,16388,13606,18411,20833,26045,30840,41786,8315,16575,426458,201335,59063,34686,142672,11925,2369,171,120
2021-05-19T23:59:59+02:00,28,30,12584,13458,32803,37637,34663,39399,39316,49019,60541,67179,47300,58782,39909,54741,9935,19711,1,1,3771,3377,8727,10548,8206,11866,9131,15881,12968,17747,19966,24914,30613,41482,8258,16460,415594,197088,57548,33872,141559,10676,2165,169,116
2021-05-18T23:59:59+02:00,26,30,12155,12996,31762,36625,33584,38486,38274,48085,58475,65311,46944,58336,39754,54500,9903,19651,1,1,3568,3209,8230,9954,7737,11324,8581,15209,12287,16978,19023,23680,30376,41139,8220,16354,406904,192976,55594,33030,140366,7882,1867,166,116
2021-05-17T23:59:59+02:00,24,29,11899,12711,31242,36069,33090,37924,37680,47452,56577,63601,46241,57512,39476,54101,9866,19578,1,1,3481,3099,7963,9677,7439,11026,8178,14795,11713,16371,18099,22545,30141,40818,8185,16279,399309,188588,54465,32284,139557,7252,1577,164,110
2021-05-16T23:59:59+02:00,24,29,11679,12455,30713,35567,32627,37432,37159,46878,54679,61769,45692,56815,39282,53783,9838,19522,1,1,3382,2996,7673,9380,7116,10684,7708,14328,11131,15783,17169,21392,29930,40527,8146,16210,392333,184293,53496,31433,138890,6661,1062,162,108
2021-05-15T23:59:59+02:00,24,29,11518,12247,30434,35235,32389,37112,36930,46615,53109,60289,45441,56510,39205,53644,9832,19494,1,1,3360,2976,7648,9350,7101,10663,7689,14313,11112,15758,17057,21176,29719,40217,8138,16200,386514,183288,53492,31432,138844,6608,1045,162,106
2021-05-14T23:59:59+02:00,24,29,11265,11956,29958,34722,32009,36650,36410,46139,51225,58449,45079,56008,39065,53438,9816,19454,1,1,3331,2950,7577,9278,7043,10588,7625,14251,10929,15557,16320,20105,29433,39728,8121,16160,378672,180337,53160,31093,138708,6467,995,161,106
2021-05-13T23:59:59+02:00,22,28,10971,11618,29307,34072,31404,36047,35731,45463,49745,56930,44646,55381,38893,53191,9789,19407,1,1,3251,2899,7446,9172,6953,10493,7522,14140,10596,15209,15257,18860,29046,39087,8078,16085,371510,176508,52144,30530,137955,6078,877,159,103
2021-05-12T23:59:59+02:00,21,26,10837,11470,29019,33750,31136,35752,35414,45147,49461,56618,44550,55274,38841,53114,9782,19368,1,0,3237,2872,7412,9136,6921,10457,7490,14099,10425,15051,14876,18423,28739,38601,8056,16038,368812,174423,52056,30519,137798,6033,756,158,103
2021-05-11T23:59:59+02:00,20,23,10471,11135,28157,32930,30313,34995,34551,44360,47719,54842,44093,54673,38667,52826,9744,19265,1,0,3145,2775,7169,8857,6692,10155,7273,13730,9945,14504,13884,17273,28320,37982,8018,15944,361856,170723,50345,29620,135897,4692,529,157,103
2021-05-10T23:59:59+02:00,19,23,10159,10845,27414,32228,29538,34300,33781,43589,46413,53568,43707,54165,38479,52523,9694,19151,1,0,3101,2728,7039,8732,6595,10035,7128,13550,9676,14200,13181,16404,27890,37366,7993,15863,355593,167882,49225,29237,134207,3848,416,155,99
2021-05-09T23:59:59+02:00,18,23,9914,10589,26724,31536,28879,33606,33059,42892,44873,52083,43206,53541,38281,52218,9657,19065,1,0,3053,2680,6912,8594,6490,9896,7013,13336,9364,13888,12382,15503,27523,36824,7973,15807,348468,165011,48154,28686,133061,3113,330,151,99
2021-05-08T23:59:59+02:00,18,23,9821,10516,26342,31235,28424,33287,32590,42583,43819,51253,43053,53378,38242,52158,9654,19059,1,0,3048,2676,6902,8589,6485,9888,7004,13324,9354,13875,12345,15440,26842,35871,7936,15731,343893,163133,48114,28659,132973,3096,324,151,99
2021-05-07T23:59:59+02:00,17,23,9673,10365,25867,30851,27966,32908,32083,42230,42773,50423,42782,53035,38132,52002,9642,19032,1,0,2979,2646,6838,8543,6429,9833,6952,13271,9180,13653,11712,14630,25893,34478,7889,15649,338733,159009,47806,28287,132814,2877,304,147,99
2021-05-06T23:59:59+02:00,15,22,9263,10068,24952,30082,26903,32106,30855,41400,41156,49206,42396,52483,37936,51760,9604,18958,1,0,2903,2597,6708,8399,6309,9703,6803,13083,8906,13348,11057,13759,24924,33092,7854,15587,330864,155191,46729,27328,131143,2127,288,141,99
2021-05-05T23:59:59+02:00,15,21,8884,9866,24068,29477,26048,31455,29771,40609,39173,47387,41948,51934,37728,51476,9547,18845,1,0,2859,2564,6587,8267,6209,9589,6702,12937,8660,13086,10341,12924,23905,31764,7825,15515,323001,151273,45877,26438,129026,1720,207,141,97
2021-05-04T23:59:59+02:00,15,20,8642,9622,23285,28830,25073,30718,28699,39769,37647,45918,41475,51347,37451,51131,9496,18722,1,0,2816,2541,6515,8195,6124,9519,6625,12850,8422,12863,9605,12059,22957,30514,7791,15452,316323,147507,44905,25632,126388,1510,104,140,96
2021-05-03T23:59:59+02:00,15,19,8427,9407,22589,28251,24240,30116,27791,39069,36688,45166,41127,50877,37235,50840,9444,18620,1,0,2767,2506,6443,8117,6043,9450,6535,12767,8194,12646,8845,11157,22035,29294,7760,15401,311451,143730,44131,24808,124138,1266,65,136,92
2021-05-02T23:59:59+02:00,15,19,8258,9242,21954,27674,23508,29524,26974,38449,35870,44529,40869,50548,37123,50653,9409,18563,1,0,2730,2482,6402,8076,6004,9415,6494,12725,8013,12472,8243,10415,21323,28424,7739,15382,306630,140530,43364,24531,123000,1133,57,130,89
2021-05-01T23:59:59+02:00,14,19,8101,9055,21578,27223,23028,28953,26331,37730,35042,43635,40602,50171,37024,50500,9403,18546,1,0,2724,2475,6377,8066,5988,9406,6476,12712,7997,12455,8206,10351,21284,28367,7735,15378,300512,140238,43362,24524,122895,1091,56,130,89
2021-04-30T23:59:59+02:00,14,18,7950,8871,21190,26799,22578,28383,25576,36941,34025,42662,40371,49849,36926,50346,9391,18523,1,0,2700,2461,6352,8048,5966,9387,6447,12691,7964,12422,8165,10282,21234,28285,7732,15368,294168,139927,43355,24448,122712,994,49,129,87
2021-04-29T23:59:59+02:00,13,18,7666,8629,20593,26220,21911,27703,24647,35976,32748,41319,39325,48445,36609,49873,9333,18395,1,0,2664,2423,6260,7939,5877,9286,6353,12551,7760,12147,7538,9553,20824,27769,7708,15293,285403,137851,42568,23217,121279,745,49,124,84
2021-04-28T23:59:59+02:00,12,17,7381,8411,20073,25756,21272,27109,23764,35128,31348,39865,38158,46852,36267,49379,9271,18253,1,0,2592,2374,6144,7817,5766,9154,6249,12395,7539,11871,6843,8703,20406,27186,7668,15222,276717,135373,41790,21910,119638,517,49,122,81
2021-04-27T23:59:59+02:00,11,17,7190,8230,19649,25326,20648,26572,22905,34345,30131,38537,37063,45406,35885,48809,9201,18126,1,0,2565,2350,6043,7719,5713,9056,6182,12269,7325,11676,6236,7968,20005,26684,7648,15199,268875,133280,40922,20961,118083,270,49,122,79
2021-04-26T23:59:59+02:00,10,17,7006,8060,19229,24904,20101,26048,22095,33588,28917,37299,36002,43983,35577,48321,9150,17998,1,0,2552,2339,5997,7677,5668,9017,6144,12224,7137,11514,5623,7233,19630,26239,7625,15171,261168,131314,40097,20115,116876,238,45,119,79
2021-04-25T23:59:59+02:00,10,16,6898,7924,18893,24633,19722,25708,21484,32963,27926,36339,34863,42550,35258,47891,9108,17916,1,0,2537,2331,5979,7650,5649,8998,6124,12198,7098,11487,5495,7049,19293,25774,7609,15126,253945,130678,39380,19371,116615,226,44,118,79
2021-04-24T23:59:59+02:00,10,16,6731,7743,18451,24208,19169,25172,20698,32161,26838,35284,34613,42237,35165,47726,9098,17904,1,0,2533,2324,5967,7640,5638,8988,6119,12194,7088,11480,5420,6935,19196,25632,7606,15118,247973,130216,39375,19331,115714,210,44,118,78
2021-04-23T23:59:59+02:00,10,16,6501,7540,18004,23729,18602,24558,19869,31345,25673,34082,33831,41066,35021,47493,9084,17881,1,0,2527,2305,5940,7619,5601,8948,6072,12148,7042,11428,5256,6657,18656,25001,7506,14948,240374,128363,39044,18983,114725,188,44,118,77
2021-04-22T23:59:59+02:00,9,15,6284,7331,17396,23141,17809,23777,18820,30320,24347,32642,32789,39710,34776,47135,9044,17802,1,0,2511,2289,5892,7566,5551,8862,5993,12069,6966,11357,4969,6234,17939,24125,7385,14752,231317,126179,38118,18010,113553,153,44,115,75
2021-04-21T23:59:59+02:00,9,14,6083,7147,16867,22670,17151,23172,17829,29419,22793,31047,31781,38470,34478,46693,8995,17713,1,0,2487,2272,5848,7508,5491,8787,5927,11967,6870,11277,4808,5961,17238,23272,7269,14569,222411,124078,37343,17236,112419,121,44,114,73
2021-04-20T23:59:59+02:00,8,13,5896,6950,16304,22196,16401,22519,16829,28415,21318,29574,30627,36975,34160,46247,8941,17614,1,0,2473,2258,5799,7469,5449,8741,5880,11898,6792,11213,4691,5804,16634,22496,7142,14388,213368,122385,36454,16518,111009,113,43,113,69
2021-04-19T23:59:59+02:00,8,13,5709,6788,15774,21770,15724,21966,15830,27538,19923,28168,29239,35326,33841,45761,8881,17496,1,0,2462,2241,5775,7435,5412,8708,5841,11852,6711,11136,4562,5643,15987,21778,7034,14226,204629,120731,35673,15851,109302,110,43,108,69
2021-04-18T23:59:59+02:00,7,13,5520,6646,15341,21446,15103,21403,14856,26741,18586,27029,27847,33674,33506,45335,8819,17406,1,0,2412,2194,5643,7309,5296,8595,5735,11700,6605,11018,4442,5457,15397,21112,6918,14044,196056,119081,34840,14581,108232,106,43,107,67
2021-04-17T23:59:59+02:00,7,12,5483,6610,15187,21371,14928,21318,14621,26563,18330,26808,27341,33128,33381,45187,8810,17391,1,0,2385,2155,5543,7155,5191,8439,5635,11513,6517,10887,4389,5394,15151,20818,6908,14030,194833,117326,34835,14577,106658,98,43,107,67
2021-04-16T23:59:59+02:00,7,12,5418,6554,15005,21217,14716,21157,14333,26316,17912,26395,26295,31897,33245,44978,8790,17368,1,0,2341,2105,5429,6968,5051,8258,5485,11270,6316,10663,4186,5159,14500,20024,6811,13885,191464,114074,34549,14178,105452,91,43,107,66
2021-04-15T23:59:59+02:00,6,11,5346,6474,14790,21006,14448,20872,13902,25965,17272,25764,24925,30279,32986,44652,8755,17286,1,0,2268,2020,5233,6732,4855,7942,5279,10950,6102,10377,3984,4907,13667,18942,6696,13718,186884,110249,33738,13234,103968,82,43,106,65
2021-04-14T23:59:59+02:00,6,11,5265,6404,14584,20805,14194,20648,13517,25631,16604,25141,23341,28490,32673,44252,8700,17192,1,0,2076,1900,5013,6471,4669,7693,5053,10701,5869,10089,3849,4701,12934,18022,6568,13504,182273,107148,32865,11781,102173,76,43,104,65
2021-04-13T23:59:59+02:00,6,11,5210,6354,14378,20675,13954,20466,13173,25332,16031,24636,21626,26633,32354,43835,8670,17083,1,0,1989,1847,4844,6281,4482,7468,4853,10447,5661,9850,3706,4532,12414,17408,6442,13341,178022,104727,31986,10665,100272,66,43,104,65
2021-04-12T23:59:59+02:00,6,10,5148,6285,14159,20480,13650,20204,12783,24915,15450,24084,20013,24685,32063,43472,8628,17008,1,0,1861,1752,4661,6121,4330,7291,4691,10254,5524,9691,3586,4377,11980,16897,6330,13179,173634,103034,30931,9323,98333,64,43,102,62
2021-04-11T23:59:59+02:00,6,10,5077,6209,13938,20282,13352,19992,12366,24561,14883,23570,18501,22902,31802,43129,8583,16926,1,0,1822,1713,4541,6009,4219,7165,4568,10123,5388,9560,3470,4256,11486,16286,6197,12971,169331,101272,29971,8342,96647,62,41,99,58
2021-04-10T23:59:59+02:00,6,10,5072,6200,13920,20267,13343,19981,12348,24543,14857,23548,17810,21978,31511,42710,8565,16899,1,0,1817,1699,4526,5998,4203,7150,4555,10109,5335,9492,3365,4141,10930,15455,6066,12773,168252,99117,29944,8342,95235,60,38,99,58
2021-04-09T23:59:59+02:00,6,10,5057,6180,13879,20219,13295,19927,12298,24484,14592,23293,16286,20084,31105,42063,8531,16856,1,0,1791,1680,4503,5982,4176,7123,4510,10071,5298,9444,3278,4020,10062,14467,5916,12574,165610,96654,29604,8093,92819,58,36,96,55
2021-04-08T23:59:59+02:00,6,10,5011,6152,13778,20144,13214,19846,12196,24380,14252,22932,14509,17865,30484,41057,8468,16732,1,0,1766,1665,4473,5928,4125,7037,4445,9991,5226,9367,3169,3915,9583,13859,5710,12326,161755,94790,28571,7658,90587,57,29,94,52
2021-04-07T23:59:59+02:00,6,10,4978,6120,13666,20059,13117,19758,12088,24272,13869,22567,12982,16006,29838,40074,8414,16631,1,0,1747,1651,4419,5859,4038,6963,4356,9907,5137,9267,3078,3820,8822,12760,5470,11919,157278,92207,27691,6880,89367,50,27,92,50
2021-04-06T23:59:59+02:00,6,10,4947,6096,13566,19993,13034,19701,12010,24208,13491,22217,11343,13998,29177,39103,8382,16560,1,0,1684,1596,4288,5730,3930,6840,4237,9757,5032,9135,2962,3700,8114,11827,5196,11554,153260,89814,26812,5646,87655,48,25,90,50
2021-04-05T23:59:59+02:00,6,9,4909,6066,13492,19926,12964,19631,11953,24128,13216,21964,9727,12044,28450,38051,8347,16497,1,0,1613,1528,4134,5577,3761,6683,4083,9606,4877,9005,2831,3583,7298,10858,4925,11162,150042,87430,25797,3979,85435,45,21,85,50
2021-04-04T23:59:59+02:00,6,9,4891,6048,13481,19901,12954,19612,11946,24109,13117,21891,8701,10781,27999,37410,8322,16441,1,0,1610,1525,4126,5571,3760,6678,4078,9602,4875,8996,2826,3574,7060,10390,4842,11037,148299,86467,25792,3978,83425,39,19,84,48
2021-04-03T23:59:59+02:00,6,9,4888,6038,13464,19882,12942,19602,11936,24099,13103,21873,7792,9713,27118,36165,8272,16329,1,0,1606,1521,4124,5566,3759,6675,4070,9590,4861,8982,2819,3560,6919,10123,4803,10955,145822,85852,25784,3978,81524,38,18,83,48
2021-04-02T23:59:59+02:00,6,9,4883,6018,13428,19856,12904,19557,11890,24050,13030,21807,7279,8965,25529,34061,8127,16059,1,0,1596,1505,4099,5542,3734,6635,4034,9529,4739,8697,2690,3403,6544,9723,4654,10749,141362,84023,25443,3750,80554,38,16,83,47
2021-04-01T23:59:59+02:00,5,9,4833,5958,13333,19713,12786,19405,11742,23896,12431,21362,6715,8253,24021,32089,7999,15818,1,0,1532,1457,3987,5422,3668,6563,3966,9462,4661,8592,2593,3261,6028,9039,4476,10472,137160,81745,24305,3341,78807,34,15,81,45
2021-03-31T23:59:59+02:00,5,9,4781,5901,13209,19558,12652,19249,11553,23716,12171,21100,6393,7879,22536,30131,7847,15588,1,0,1519,1446,3962,5398,3635,6535,3928,9415,4621,8536,2529,3185,5538,8391,4297,10233,133214,79955,23210,3124,77761,34,12,81,44
2021-03-30T23:59:59+02:00,5,9,4715,5833,13072,19408,12540,19068,11424,23551,12003,20962,6203,7665,21144,28395,7702,15382,1,0,1502,1410,3921,5364,3570,6463,3838,9302,4489,8366,2390,2981,5114,7832,4153,9977,129841,77720,22282,2881,76872,22,7,79,43
2021-03-29T23:59:59+02:00,5,9,4674,5790,12951,19313,12473,18984,11344,23444,11851,20828,6044,7466,19714,26709,7575,15179,1,0,1444,1369,3866,5317,3496,6394,3719,9158,4334,8174,2267,2841,4548,7159,3996,9700,126235,75048,21415,2667,76618,21,6,79,41
2021-03-28T23:59:59+02:00,5,9,4626,5721,12829,19171,12389,18891,11242,23343,11743,20723,5892,7258,18529,25201,7455,14982,1,0,1411,1327,3767,5209,3302,6167,3631,9040,4281,8118,2214,2777,3791,6141,3810,9429,123223,71988,20618,2369,76087,14,6,75,39
2021-03-27T23:59:59+01:00,5,9,4593,5671,12720,19007,12273,18729,11125,23139,11634,20576,5825,7174,18240,24853,7444,14964,1,0,1404,1324,3762,5205,3299,6160,3345,8690,4081,7820,2208,2774,3778,6106,3773,9364,121384,70672,20578,2369,75939,10,6,74,37
2021-03-26T23:59:59+01:00,5,8,4554,5614,12608,18816,12138,18529,10973,22909,11471,20362,5659,6960,17630,24060,7345,14813,1,0,1402,1322,3757,5198,3276,6143,3325,8670,3868,7370,2029,2368,3515,5820,3621,9125,118279,68398,20237,2362,75860,8,5,73,37
2021-03-25T23:59:59+01:00,5,8,4478,5521,12411,18574,11937,18207,10764,22581,11231,20036,5444,6672,16599,22754,7217,14622,1,0,1393,1310,3738,5173,3242,6116,3273,8632,3821,7328,1957,2255,3079,5135,3459,8817,114309,66419,19162,2262,75513,6,5,72,37
2021-03-24T23:59:59+01:00,5,8,4395,5409,12190,18120,11718,17793,10540,22189,10998,19662,5173,6324,15554,21537,7075,14394,1,0,1370,1296,3713,5129,3206,6052,3219,8560,3769,7255,1902,2198,2770,4800,3306,8543,111191,65024,18069,2020,73747,6,5,72,34
2021-03-23T23:59:59+01:00,5,8,4338,5340,12022,17778,11515,17439,10349,21820,10771,19371,5034,6125,14911,20719,6935,14219,1,0,1353,1288,3697,5108,3185,6035,3193,8509,3730,7212,1865,2140,2538,4525,3094,8214,108808,63665,17336,1978,72478,5,5,72,34
2021-03-22T23:59:59+01:00,5,8,4286,5265,11822,17444,11327,17115,10125,21495,10557,19068,4883,5916,14292,20004,6803,14035,1,0,1340,1278,3666,5076,3153,5998,3166,8452,3693,7167,1820,2085,2341,4272,2896,7876,106943,62401,16616,1837,70815,4,5,71,33
2021-03-21T23:59:59+01:00,5,8,4213,5140,11540,17030,11046,16713,9855,21040,10300,18712,4769,5744,13596,19213,6659,13828,1,0,1331,1277,3649,5060,3132,5965,3143,8425,3674,7143,1800,2055,2172,4109,2724,7604,105059,61394,15316,1832,68961,4,4,71,30
2021-03-20T23:59:59+01:00,4,8,4185,5070,11397,16701,10923,16398,9715,20744,10125,18430,4641,5584,12967,18269,6518,13611,1,0,1330,1276,3648,5058,3129,5964,3140,8420,3668,7138,1796,2050,2140,4047,2698,7561,102866,61194,15311,1832,67038,4,4,71,30
2021-03-19T23:59:59+01:00,4,7,4140,4988,11229,16339,10738,16045,9537,20363,9905,18071,4483,5388,11939,17065,6355,13400,1,0,1321,1269,3631,5029,3099,5886,3095,8325,3564,6961,1671,1939,2064,3982,2586,7352,100163,59909,14901,1828,64861,4,4,67,30
2021-03-18T23:59:59+01:00,4,7,4052,4882,10981,15913,10475,15599,9256,19896,9680,17728,4337,5222,11312,16194,6124,13133,1,0,1317,1258,3614,4994,3079,5842,3074,8269,3537,6912,1651,1906,2028,3915,2459,7140,98355,59223,13893,1736,62477,4,4,66,29
2021-03-17T23:59:59+01:00,4,7,3876,4766,10683,15501,10216,15240,9013,19533,9426,17378,4216,5055,10495,14952,5860,12708,1,0,1316,1255,3601,4977,3072,5822,3064,8235,3520,6889,1648,1882,2004,3885,2347,6955,95695,58714,12347,1722,60817,4,4,66,29
2021-03-16T23:59:59+01:00,4,7,3731,4640,10347,15037,9947,14870,8737,19088,9129,17011,4075,4887,9674,13825,5579,12350,1,0,1303,1252,3597,4970,3062,5817,3058,8223,3512,6875,1621,1856,1965,3834,2226,6773,93362,58265,11152,1644,58357,4,3,64,29
2021-03-15T23:59:59+01:00,4,7,3584,4520,10033,14575,9655,14414,8439,18613,8839,16600,3928,4718,8956,12758,5351,12024,1,0,1293,1244,3576,4958,3050,5793,3036,8184,3492,6833,1606,1843,1946,3802,2109,6584,91384,57673,9788,1642,55785,4,2,59,29
2021-03-14T23:59:59+01:00,4,7,3512,4428,9775,14146,9404,14017,8119,18121,8557,16206,3767,4531,8148,11518,5040,11560,1,0,1279,1237,3555,4940,3029,5751,3014,8105,3464,6765,1579,1789,1885,3674,1940,6185,89055,57140,8765,1019,52983,4,0,57,29
2021-03-13T23:59:59+01:00,4,7,3429,4171,9460,13481,9156,13436,7890,17536,8347,15766,3655,4426,7953,11221,4988,11468,1,0,1279,1237,3555,4940,3028,5750,3013,8104,3461,6763,1576,1788,1883,3670,1939,6184,88379,57120,8765,1019,49193,4,0,57,28
2021-03-12T23:59:59+01:00,4,7,3364,4022,9212,12947,8918,12910,7656,16899,7987,15014,3490,4254,7565,10811,4848,11278,1,0,1275,1234,3550,4926,3025,5745,3006,8096,3457,6757,1549,1759,1861,3654,1842,6003,86585,56691,8514,1017,46031,4,0,56,28
2021-03-11T23:59:59+01:00,4,7,3205,3749,8831,12190,8613,12237,7322,16112,7639,14363,3327,4048,7002,10089,4652,10970,1,0,1256,1223,3518,4882,2980,5668,2971,7973,3405,6658,1503,1705,1777,3449,1638,5468,84117,55931,8058,117,42135,3,0,50,24
2021-03-10T23:59:59+01:00,4,7,3136,3641,8341,11686,7936,11760,7003,15618,7341,13770,3170,3888,6435,9394,4475,10693,1,0,1245,1209,3488,4825,2948,5591,2935,7835,3351,6535,1461,1663,1715,3351,1516,5181,82275,54734,7502,94,38472,0,0,49,22
2021-03-09T23:59:59+01:00,4,6,3029,3462,7666,11242,7060,11284,6586,15006,6975,13164,2933,3588,5922,8755,4318,10409,1,0,1240,1206,3465,4779,2921,5526,2918,7783,3332,6489,1447,1639,1679,3309,1404,4975,79953,54034,6138,59,35269,0,0,49,20
2021-03-08T23:59:59+01:00,4,6,2855,3223,7036,10700,6252,10805,6184,14485,6577,12593,2719,3377,5315,8019,4168,10138,1,0,1234,1199,3443,4715,2896,5449,2879,7688,3300,6414,1440,1630,1676,3300,1399,4972,77127,53558,4990,57,32293,0,0,46,20
2021-03-07T23:59:59+01:00,4,6,2742,3089,6707,10204,5844,10263,5890,14038,6332,12201,2619,3285,4551,6957,3952,9854,1,0,1230,1196,3439,4710,2891,5437,2875,7671,3292,6400,1434,1616,1653,3259,1382,4928,73869,53340,4157,54,30470,0,0,42,20
2021-03-06T23:59:59+01:00,4,6,2697,2946,6523,9757,5645,9847,5415,13180,5955,11465,2597,3257,4545,6946,3949,9851,1,0,1230,1195,3436,4704,2889,5436,2874,7670,3291,6397,1433,1613,1653,3257,1381,4928,72638,53315,4157,54,27750,0,0,40,19
2021-03-05T23:59:59+01:00,4,6,2598,2686,6310,9180,5431,9455,5237,12613,5576,10481,2368,2789,4165,6565,3811,9630,1,0,1216,1192,3420,4688,2884,5423,2865,7652,3279,6378,1419,1605,1652,3253,1376,4924,70300,53156,3922,54,24643,0,0,40,17
2021-03-04T23:59:59+01:00,4,6,2516,2476,6097,8750,5272,9115,5055,12190,5399,10104,2273,2620,3606,5739,3641,9284,1,0,1204,1176,3376,4590,2852,5355,2833,7555,3248,6303,1399,1597,1638,3239,1366,4913,68233,52578,3475,53,22399,0,0,40,14
2021-03-03T23:59:59+01:00,3,6,2457,2419,5925,8338,5103,8750,4839,11740,5211,9658,2190,2514,3198,5298,3480,8988,1,0,1183,1166,3341,4544,2815,5289,2791,7456,3199,6227,1379,1571,1618,3208,1360,4895,66797,51981,3230,49,20051,0,0,39,13
2021-03-02T23:59:59+01:00,3,6,2400,2325,5769,8006,4945,8496,4674,11340,5048,9338,2121,2425,2893,4938,3261,8662,1,0,1178,1155,3323,4522,2800,5262,2774,7407,3191,6199,1374,1561,1600,3188,1357,4890,65424,51721,2970,48,18217,0,0,39,13
2021-03-01T23:59:59+01:00,3,6,2373,2294,5663,7790,4845,8351,4589,11187,4946,9163,2064,2347,2593,4614,3070,8342,1,0,1172,1152,3308,4504,2788,5233,2758,7361,3177,6171,1368,1558,1593,3178,1354,4884,64147,51499,2746,48,17310,0,0,37,13
2021-02-28T23:59:59+01:00,2,6,2320,2249,5482,7529,4672,8131,4451,11001,4835,9033,2024,2282,2296,4312,2866,8026,1,0,1163,1146,3294,4494,2781,5226,2753,7347,3170,6157,1363,1555,1585,3158,1353,4851,63019,51337,2441,48,16020,0,0,37,12
2021-02-27T23:59:59+01:00,2,6,2230,1937,5308,7105,4573,7823,4369,10653,4762,8783,1996,2221,2266,4266,2844,7974,1,0,1159,1142,3292,4492,2776,5224,2749,7344,3165,6153,1362,1555,1584,3155,1352,4850,62780,51298,2441,45,13860,0,0,37,12
2021-02-26T23:59:59+01:00,2,6,2163,1858,5163,6869,4426,7564,4217,10387,4552,8497,1867,2113,2206,4226,2735,7791,1,0,1138,1129,3276,4458,2764,5184,2738,7292,3144,6099,1356,1544,1580,3147,1351,4848,61445,50993,2435,44,12725,0,0,37,12
2021-02-25T23:59:59+01:00,2,6,2030,1754,4839,6463,3999,7112,3932,9870,4319,8115,1808,2054,2175,4168,2618,7595,1,0,1119,1111,3236,4412,2732,5133,2692,7186,3105,6006,1345,1528,1563,3106,1337,4789,60963,50348,2329,42,9531,0,0,36,11
2021-02-24T23:59:59+01:00,2,6,1996,1688,4722,6250,3895,6900,3811,9628,4196,7956,1785,2021,2144,4125,2503,7395,1,0,1106,1106,3206,4350,2697,5069,2666,7101,3076,5935,1329,1511,1539,3056,1325,4720,60413,49753,2084,30,8490,0,0,36,10
2021-02-23T23:59:59+01:00,2,6,1766,1544,4352,5764,3614,6514,3591,9248,4040,7674,1754,1988,2099,4077,2389,7210,1,0,1087,1094,3170,4322,2669,5011,2641,7025,3040,5876,1309,1491,1512,3021,1315,4665,59948,49223,2037,16,5611,0,0,36,10
2021-02-22T23:59:59+01:00,2,6,1756,1525,4302,5705,3578,6453,3524,9152,3979,7579,1720,1961,2073,4026,2268,7011,1,0,1081,1080,3148,4278,2649,4972,2616,6966,3010,5823,1297,1477,1501,3010,1307,4656,59399,48853,1896,9,5290,0,0,35,10
2021-02-21T23:59:59+01:00,2,6,1744,1519,4272,5672,3534,6415,3484,9099,3935,7528,1710,1953,2068,4016,2144,6844,1,0,1073,1069,3127,4238,2620,4922,2601,6898,2981,5736,1284,1461,1477,2949,1278,4575,59044,48272,1890,8,4977,0,0,34,10
2021-02-20T23:59:59+01:00,2,6,1740,1518,4265,5669,3531,6413,3484,9097,3932,7527,1705,1951,2066,4012,2143,6844,1,0,1073,1069,3125,4236,2620,4922,2600,6897,2981,5736,1284,1460,1476,2949,1278,4575,59025,48264,1890,8,4957,0,0,33,10
2021-02-19T23:59:59+01:00,2,6,1711,1508,4251,5650,3521,6399,3473,9087,3923,7512,1678,1922,2045,3994,2043,6661,1,0,1072,1067,3124,4235,2619,4921,2600,6894,2978,5734,1284,1459,1476,2947,1278,4575,58601,48247,1884,8,4869,0,0,32,9
2021-02-18T23:59:59+01:00,2,6,1659,1475,4157,5538,3449,6295,3385,8922,3835,7370,1655,1887,2012,3922,1910,6460,1,0,1023,1025,2984,4017,2492,4654,2490,6555,2870,5469,1251,1416,1444,2860,1249,4420,57943,46204,1794,8,4172,0,0,30,8
2021-02-17T23:59:59+01:00,2,5,1636,1445,4060,5389,3366,6142,3267,8687,3709,7168,1601,1817,1934,3817,1784,6145,0,0,965,976,2836,3795,2376,4345,2366,6145,2741,5157,1200,1353,1396,2747,1199,4242,56704,43824,1784,7,3458,0,0,28,8
2021-02-16T23:59:59+01:00,2,5,1559,1378,3898,5199,3231,5961,3158,8454,3587,7005,1578,1793,1899,3788,1663,5933,0,0,878,945,2704,3640,2279,4135,2241,5824,2611,4905,1143,1259,1249,2442,933,3612,56008,40790,1768,4,2290,0,0,25,6
2021-02-15T23:59:59+01:00,2,5,1540,1359,3849,5113,3171,5875,3101,8340,3521,6900,1566,1779,1884,3765,1654,5910,0,0,842,922,2624,3511,2205,3956,2160,5546,2523,4695,1098,1194,1156,2263,862,3382,55538,38932,1765,2,2007,0,0,24,5
2021-02-14T23:59:59+01:00,2,5,1475,1330,3767,5039,3128,5770,3046,8187,3478,6791,1546,1747,1830,3634,1595,5651,0,0,833,916,2574,3443,2165,3888,2106,5426,2457,4589,1070,1155,1066,2086,786,3132,55296,37686,1136,2,1565,0,0,24,4
2021-02-13T23:59:59+01:00,2,5,1471,1329,3759,5033,3121,5769,3043,8185,3475,6789,1545,1743,1830,3632,1593,5651,0,0,833,916,2574,3443,2165,3887,2104,5425,2456,4589,1067,1154,1065,2086,786,3132,55275,37681,1135,0,1541,0,0,24,1
2021-02-12T23:59:59+01:00,2,4,1433,1310,3722,5000,3098,5749,3021,8153,3456,6745,1529,1733,1820,3615,1584,5630,0,0,825,909,2541,3390,2131,3842,2074,5372,2438,4558,1066,1153,1064,2085,785,3130,55050,37362,1132,0,1399,0,0,23,1
2021-02-11T23:59:59+01:00,2,4,1379,1262,3607,4831,3006,5575,2923,7844,3357,6533,1469,1673,1750,3431,1492,5284,0,0,785,844,2285,2944,1903,3368,1843,4626,2166,4027,976,1081,966,1887,726,2847,54409,33274,139,0,853,0,0,21,0
2021-02-10T23:59:59+01:00,2,4,1353,1238,3545,4727,2943,5470,2880,7694,3303,6400,1450,1656,1722,3393,1478,5245,0,0,702,784,1992,2535,1692,2924,1606,4017,1908,3567,864,935,795,1507,581,2323,53757,28732,137,0,589,0,0,20,0
2021-02-09T23:59:59+01:00,2,3,1341,1219,3489,4658,2914,5401,2859,7602,3266,6331,1442,1640,1694,3370,1468,5232,0,0,652,704,1730,2187,1500,2538,1421,3517,1737,3206,832,902,770,1429,559,2207,53445,25891,132,0,334,0,0,20,0
2021-02-08T23:59:59+01:00,2,3,1327,1215,3460,4627,2895,5362,2838,7551,3246,6302,1430,1633,1684,3344,1466,5213,0,0,637,667,1579,1951,1359,2281,1289,3209,1579,2943,792,881,722,1322,526,2032,53143,23769,106,0,331,0,0,18,0
2021-02-07T23:59:59+01:00,2,3,1194,1172,3356,4572,2841,5319,2811,7513,3221,6264,1420,1616,1675,3320,1459,5180,0,0,493,521,1312,1594,1118,1832,1077,2621,1350,2419,688,752,641,1161,480,1804,52846,19863,78,0,0,0,0,14,0
2021-02-06T23:59:59+01:00,2,3,1190,1170,3354,4570,2837,5317,2804,7510,3217,6261,1419,1614,1674,3316,1458,5179,0,0,370,370,1112,1347,982,1528,936,2215,1184,2003,601,655,614,1143,478,1801,52803,17339,78,0,0,0,0,14,0
2021-02-05T23:59:59+01:00,2,2,1178,1159,3339,4548,2830,5290,2794,7468,3199,6215,1413,1606,1671,3310,1457,5179,0,0,270,211,927,1032,836,1158,762,1766,1009,1593,486,550,588,1123,475,1797,52568,14583,78,0,0,0,0,14,0
2021-02-04T23:59:59+01:00,2,2,1162,1140,3293,4497,2790,5215,2752,7339,3151,6131,1399,1591,1657,3276,1447,5151,0,0,141,85,626,664,546,740,523,1160,668,995,305,369,483,976,430,1633,51926,10344,55,0,0,0,0,14,0
2021-02-03T23:59:59+01:00,2,2,1140,1134,3266,4454,2761,5174,2729,7290,3121,6075,1389,1580,1631,3236,1440,5098,0,0,120,69,496,514,414,597,418,914,512,748,252,289,378,761,332,1269,51459,8083,50,0,0,0,0,13,0
2021-02-02T23:59:59+01:00,2,2,1118,1120,3230,4423,2729,5121,2704,7217,3086,6012,1364,1552,1595,3180,1414,5001,0,0,111,60,414,415,343,519,368,824,459,666,232,266,332,688,304,1134,50809,7135,49,0,0,0,0,12,0
2021-02-01T23:59:59+01:00,2,2,1102,1109,3210,4371,2701,5060,2673,7091,3055,5917,1344,1523,1569,3142,1397,4936,0,0,83,45,314,310,251,392,276,617,328,501,193,217,261,548,236,887,50144,5459,49,0,0,0,0,11,0
2021-01-31T23:59:59+01:00,2,2,1095,1099,3195,4341,2677,5016,2657,7036,3042,5873,1332,1506,1546,3076,1369,4851,0,0,73,43,288,286,226,345,254,573,298,461,172,198,215,447,193,719,49655,4791,49,0,0,0,0,11,0
2021-01-30T23:59:59+01:00,2,2,1094,1099,3192,4337,2676,5016,2656,7035,3042,5872,1332,1505,1545,3076,1369,4851,0,0,72,39,279,272,213,330,249,562,294,455,171,195,214,447,193,719,49644,4704,46,0,0,0,0,11,0
2021-01-29T23:59:59+01:00,2,2,1093,1097,3191,4334,2676,5014,2656,7033,3039,5870,1332,1505,1545,3075,1369,4851,0,0,65,35,261,257,190,310,233,545,283,446,165,191,210,441,192,717,49627,4541,46,0,0,0,0,11,0
2021-01-28T23:59:59+01:00,2,2,1071,1078,3124,4232,2622,4905,2598,6877,2973,5740,1316,1483,1529,3007,1346,4725,0,0,55,18,165,153,127,187,164,360,208,282,132,148,164,278,115,428,48578,2984,43,0,0,0,0,9,0
2021-01-27T23:59:59+01:00,2,2,1025,1039,3041,4090,2541,4726,2504,6595,2889,5539,1284,1438,1488,2913,1309,4573,0,0,26,6,101,70,59,92,85,211,119,148,101,116,120,208,88,308,46956,1858,33,0,0,0,0,9,0
2021-01-26T23:59:59+01:00,1,2,948,1011,2924,3956,2462,4542,2422,6415,2819,5384,1257,1388,1398,2760,1085,4168,0,0,25,6,96,69,58,91,83,211,117,147,99,115,119,208,88,308,44914,1840,21,0,0,0,0,7,0
2021-01-25T23:59:59+01:00,1,2,930,994,2843,3828,2418,4395,2362,6220,2760,5234,1238,1366,1384,2733,1072,4132,0,0,25,6,94,69,56,89,83,211,117,145,99,114,119,208,88,308,43892,1831,14,0,0,0,0,6,0
2021-01-24T23:59:59+01:00,1,2,920,990,2823,3812,2407,4363,2336,6181,2727,5173,1225,1359,1375,2709,1058,4098,0,0,25,6,94,69,56,88,83,210,116,145,98,114,119,208,88,308,43543,1827,10,0,0,0,0,6,0
2021-01-23T23:59:59+01:00,1,2,920,990,2823,3811,2407,4363,2335,6180,2726,5173,1222,1358,1374,2709,1058,4098,0,0,25,6,94,69,56,88,83,210,116,145,98,114,119,208,88,306,43538,1825,9,0,0,0,0,3,0
2021-01-22T23:59:59+01:00,1,2,913,983,2792,3765,2373,4298,2303,6105,2705,5126,1220,1356,1373,2707,1057,4095,0,0,25,6,94,69,56,88,83,210,116,145,98,114,119,208,88,306,43164,1825,9,0,0,0,0,1,0
2021-01-21T23:59:59+01:00,1,2,897,915,2535,3354,2172,3883,2122,5495,2481,4641,1163,1309,1322,2582,1019,3932,0,0,21,6,83,63,52,72,70,170,96,134,88,99,100,154,74,235,39815,1517,9,0,0,0,0,1,0
2021-01-20T23:59:59+01:00,1,2,816,850,2225,2947,1966,3422,1891,4887,2226,4166,1049,1169,1150,2228,884,3408,0,0,21,6,83,63,52,71,69,170,95,134,88,99,100,154,72,235,35278,1512,9,0,0,0,0,0,0
2021-01-19T23:59:59+01:00,1,2,753,771,1931,2500,1726,2965,1657,4227,1983,3692,975,1072,1022,1939,776,3026,0,0,10,3,50,45,33,44,35,100,44,77,40,37,50,83,44,152,31011,847,7,0,0,0,0,0,0
2021-01-18T23:59:59+01:00,1,2,678,711,1701,2104,1488,2493,1411,3543,1730,3188,889,986,916,1724,720,2743,0,0,5,2,19,11,13,21,17,54,17,33,20,22,26,56,31,82,27024,429,4,0,0,0,0,0,0
2021-01-17T23:59:59+01:00,0,2,500,550,1385,1701,1210,1962,1157,2811,1448,2566,748,829,762,1432,596,2348,0,0,0,1,4,2,0,0,0,0,0,0,1,0,0,0,0,0,22004,8,3,0,0,0,0,0,0
2021-01-16T23:59:59+01:00,0,1,380,400,1203,1457,1090,1676,1017,2413,1291,2159,662,733,734,1415,594,2347,0,0,0,0,0,0,0,0,0,0,0,0,0,0,0,0,0,0,19570,0,2,0,0,0,0,0,0
2021-01-15T23:59:59+01:00,0,1,277,239,1018,1159,941,1331,849,1968,1114,1757,543,622,695,1380,581,2306,0,0,0,0,0,0,0,0,0,0,0,0,0,0,0,0,0,0,16780,0,1,0,0,0,0,0,0
2021-01-14T23:59:59+01:00,0,0,159,106,705,777,649,863,614,1310,751,1136,353,433,570,1193,521,2055,0,0,0,0,0,0,0,0,0,0,0,0,0,0,0,0,0,0,12195,0,0,0,0,0,0,0,0
2021-01-13T23:59:59+01:00,0,0,133,86,595,610,525,697,497,1052,594,871,297,357,481,1008,448,1750,0,0,0,0,0,0,0,0,0,0,0,0,0,0,0,0,0,0,10001,0,0,0,0,0,0,0,0
2021-01-12T23:59:59+01:00,0,0,123,70,512,521,449,596,431,921,523,766,262,308,393,811,374,1365,0,0,0,0,0,0,0,0,0,0,0,0,0,0,0,0,0,0,8425,0,0,0,0,0,0,0,0
2021-01-11T23:59:59+01:00,0,0,94,57,416,427,364,485,346,745,419,593,228,257,326,678,305,1152,0,0,0,0,0,0,0,0,0,0,0,0,0,0,0,0,0,0,6892,0,0,0,0,0,0,0,0
2021-01-10T23:59:59+01:00,0,0,79,49,352,354,297,402,293,648,349,525,199,226,261,538,243,897,0,0,0,0,0,0,0,0,0,0,0,0,0,0,0,0,0,0,5712,0,0,0,0,0,0,0,0
2021-01-09T23:59:59+01:00,0,0,78,47,336,333,273,381,285,632,341,518,198,225,260,536,243,897,0,0,0,0,0,0,0,0,0,0,0,0,0,0,0,0,0,0,5583,0,0,0,0,0,0,0,0
2021-01-08T23:59:59+01:00,0,0,72,39,301,298,228,340,256,589,314,478,180,205,235,476,222,794,0,0,0,0,0,0,0,0,0,0,0,0,0,0,0,0,0,0,5027,0,0,0,0,0,0,0,0
2021-01-07T23:59:59+01:00,0,0,58,25,211,197,159,241,197,424,244,341,150,166,180,311,148,508,0,0,0,0,0,0,0,0,0,0,0,0,0,0,0,0,0,0,3560,0,0,0,0,0,0,0,0
2021-01-06T23:59:59+01:00,0,0,46,15,164,118,112,160,146,297,179,242,118,134,138,244,105,362,0,0,0,0,0,0,0,0,0,0,0,0,0,0,0,0,0,0,2580,0,0,0,0,0,0,0,0
2021-01-05T23:59:59+01:00,0,0,28,7,98,71,59,93,88,214,118,150,108,124,129,225,104,336,0,0,0,0,0,0,0,0,0,0,0,0,0,0,0,0,0,0,1952,0,0,0,0,0,0,0,0
2021-01-04T23:59:59+01:00,0,0,26,7,97,70,56,90,88,214,118,148,108,122,128,225,104,336,0,0,0,0,0,0,0,0,0,0,0,0,0,0,0,0,0,0,1937,0,0,0,0,0,0,0,0
2021-01-03T23:59:59+01:00,0,0,26,7,97,70,56,89,88,213,117,148,107,122,128,225,104,336,0,0,0,0,0,0,0,0,0,0,0,0,0,0,0,0,0,0,1933,0,0,0,0,0,0,0,0
2021-01-02T23:59:59+01:00,0,0,26,7,97,70,56,89,87,213,116,148,107,122,128,225,104,335,0,0,0,0,0,0,0,0,0,0,0,0,0,0,0,0,0,0,1930,0,0,0,0,0,0,0,0
2021-01-01T23:59:59+01:00,0,0,26,7,97,70,56,89,87,213,115,147,107,122,128,225,104,335,0,0,0,0,0,0,0,0,0,0,0,0,0,0,0,0,0,0,1928,0,0,0,0,0,0,0,0
2020-12-31T23:59:59+01:00,0,0,26,7,97,70,56,89,87,213,114,147,107,122,128,225,104,335,0,0,0,0,0,0,0,0,0,0,0,0,0,0,0,0,0,0,1927,0,0,0,0,0,0,0,0
2020-12-30T23:59:59+01:00,0,0,26,7,97,70,55,89,86,213,114,147,107,122,128,225,103,335,0,0,0,0,0,0,0,0,0,0,0,0,0,0,0,0,0,0,1924,0,0,0,0,0,0,0,0
2020-12-29T23:59:59+01:00,0,0,14,2,65,53,33,60,50,138,64,89,53,53,73,136,63,227,0,0,0,0,0,0,0,0,0,0,0,0,0,0,0,0,0,0,1173,0,0,0,0,0,0,0,0
2020-12-28T23:59:59+01:00,0,0,5,2,36,25,20,30,21,67,25,41,23,22,27,51,34,82,0,0,0,0,0,0,0,0,0,0,0,0,0,0,0,0,0,0,511,0,0,0,0,0,0,0,0
2020-12-27T23:59:59+01:00,0,0,1,0,8,5,8,2,1,5,0,2,1,1,2,2,4,6,0,0,0,0,0,0,0,0,0,0,0,0,0,0,0,0,0,0,48,0,0,0,0,0,0,0,0
