Datum,<15_m,<15_w,15-24_1_m,15-24_1_w,25-34_1_m,25-34_1_w,35-44_1_m,35-44_1_w,45-54_1_m,45-54_1_w,55-64_1_m,55-64_1_w,65-74_1_m,65-74_1_w,75-84_1_m,75-84_1_w,>84_1_m,>84_1_w,<24_2_m,<24_2_w,25-34_2_m,25-34_2_w,35-44_2_m,35-44_2_w,45-54_2_m,45-54_2_w,55-64_2_m,55-64_2_w,65-74_2_m,65-74_2_w,75-84_2_m,75-84_2_w,>84_2_m,>84_2_w,bp_1,bp_2,mo_1,mo_2,az_1,az_2,ja,unb_1,unb_2
2021-08-22T23:59:59+02:00,7500,7202,57196,57617,100247,98072,92247,91762,90156,95653,90674,93022,54801,68130,43362,60144,10485,21121,50090,50812,92473,89777,85597,84226,84566,89534,86228,88599,52728,65501,41974,57958,10055,20089,773314,720968,132309,123087,158301,141673,75374,93,83
2021-08-21T23:59:59+02:00,7447,7164,57067,57498,100117,97969,92144,91659,90061,95595,90618,92987,54781,68109,43354,60128,10483,21118,49766,50514,92315,89636,85428,84077,84422,89414,86144,88541,52697,65479,41964,57944,10054,20083,772646,719479,132238,122861,158300,141633,75022,93,83
2021-08-20T23:59:59+02:00,7398,7111,56916,57329,99948,97816,91995,91525,89945,95475,90544,92927,54759,68087,43344,60110,10481,21114,49446,50190,92061,89378,85172,83839,84209,89212,86015,88434,52666,65438,41942,57920,10047,20077,771705,717581,132192,122656,158296,141566,74538,93,83
2021-08-19T23:59:59+02:00,7333,7051,56687,57106,99695,97596,91804,91346,89786,95319,90420,92827,54720,68033,43322,60081,10476,21103,49017,49768,91652,88990,84778,83444,83910,88910,85805,88253,52596,65337,41905,57864,10038,20061,770423,714974,132070,122222,158291,141366,73828,93,83
2021-08-18T23:59:59+02:00,7272,6997,56512,56951,99519,97429,91666,91191,89653,95202,90319,92732,54654,67971,43294,60037,10467,21083,48679,49413,91283,88676,84468,83117,83636,88657,85618,88087,52485,65227,41837,57775,10024,20031,769316,712649,131988,121834,158284,141133,73268,93,83
2021-08-17T23:59:59+02:00,7211,6946,56332,56799,99330,97257,91509,91051,89533,95074,90223,92643,54618,67925,43272,60010,10465,21068,48200,49009,90841,88256,84071,82766,83309,88371,85416,87889,52383,65106,41783,57701,10018,20009,768242,709699,131887,121430,158270,140847,72774,93,83
2021-08-16T23:59:59+02:00,7154,6880,56157,56634,99143,97089,91364,90900,89399,94960,90113,92548,54566,67864,43244,59962,10457,21055,47651,48451,90383,87831,83612,82374,82985,88081,85192,87692,52282,64993,41727,57623,10009,19973,767115,706265,131801,120990,158263,140621,72217,93,83
2021-08-15T23:59:59+02:00,7091,6831,55947,56454,98968,96918,91212,90766,89276,94858,90024,92490,54531,67823,43225,59933,10453,21049,46547,47357,89750,87156,83069,81850,82594,87696,84907,87488,52175,64871,41686,57566,10000,19953,766089,700579,131693,120362,158254,140445,71720,93,83
2021-08-14T23:59:59+02:00,7061,6802,55830,56364,98829,96819,91109,90691,89190,94790,89974,92446,54516,67807,43220,59926,10452,21048,46401,47221,89528,86980,82861,81648,82472,87599,84840,87444,52147,64841,41677,57555,9999,19951,765575,699799,131638,120045,158250,140393,71318,93,83
2021-08-13T23:59:59+02:00,7018,6758,55684,56243,98679,96696,90987,90560,89090,94678,89898,92386,54488,67758,43206,59904,10450,21042,46108,46915,89068,86593,82475,81279,82215,87365,84677,87308,52105,64775,41656,57531,9996,19940,764787,697637,131581,119502,158243,140319,70821,93,83
2021-08-12T23:59:59+02:00,6983,6708,55481,56086,98480,96521,90816,90403,88947,94541,89808,92310,54451,67706,43181,59870,10442,21024,45707,46535,88452,86037,81910,80747,81844,87051,84451,87140,52033,64676,41606,57472,9986,19924,763764,694771,131475,118690,158232,140076,70194,93,83
2021-08-11T23:59:59+02:00,6948,6654,55296,55922,98281,96345,90666,90271,88819,94435,89699,92209,54400,67649,43150,59832,10432,21009,45300,46088,87851,85385,81341,80244,81518,86754,84187,86903,51950,64543,41534,57352,9969,19881,762673,691684,131380,117752,158211,139746,69660,93,83
2021-08-10T23:59:59+02:00,6888,6608,55115,55766,98081,96208,90509,90126,88696,94328,89616,92136,54356,67605,43134,59796,10428,20998,44877,45632,87216,84784,80746,79716,81116,86380,83947,86694,51829,64438,41478,57267,9956,19851,761667,688432,131287,116818,158192,139436,69155,93,83
2021-08-09T23:59:59+02:00,6839,6552,54951,55605,97897,96066,90367,89993,88567,94236,89512,92077,54320,67560,43109,59764,10421,20984,44330,45088,86392,84116,80064,79138,80706,86038,83655,86474,51722,64308,41422,57168,9942,19811,760732,684683,131216,115764,158183,139096,68596,93,83
2021-08-08T23:59:59+02:00,6774,6486,54733,55424,97704,95887,90198,89834,88437,94125,89420,92004,54267,67515,43084,59730,10414,20963,43739,44491,85349,83204,79180,78336,80176,85570,83333,86179,51593,64157,41362,57078,9930,19785,759586,679688,131107,114588,158163,138790,68050,93,83
2021-08-07T23:59:59+02:00,6730,6438,54596,55302,97571,95779,90072,89734,88344,94067,89358,91964,54249,67489,43080,59720,10411,20959,42915,43626,85021,82876,78712,77901,79823,85222,83150,86038,51530,64074,41341,57043,9925,19776,758946,676045,131043,113445,158159,138685,67622,93,82
2021-08-06T23:59:59+02:00,6676,6388,54410,55160,97350,95602,89924,89606,88220,93956,89265,91896,54210,67462,43071,59694,10408,20955,42002,42751,84569,82425,78122,77346,79436,84844,82961,85891,51480,64010,41315,57011,9917,19764,758017,672138,130955,112168,158152,138551,67036,93,82
2021-08-05T23:59:59+02:00,6612,6320,54102,54927,97071,95351,89682,89400,88016,93776,89099,91769,54147,67375,43042,59642,10399,20936,40785,41608,83852,81764,77355,76559,78841,84285,82607,85588,51350,63853,41254,56912,9902,19732,756477,666654,130832,110552,158141,138010,66123,93,82
2021-08-04T23:59:59+02:00,6532,6269,53872,54748,96841,95148,89512,89237,87879,93638,88984,91675,54094,67323,43006,59597,10396,20926,40327,41131,82663,80727,76034,75418,78353,83840,82291,85342,51213,63716,41198,56829,9886,19707,755232,661531,130729,109054,158128,137557,65495,93,82
2021-08-03T23:59:59+02:00,6468,6207,53617,54560,96616,94960,89343,89078,87740,93494,88841,91555,54017,67242,42971,59539,10388,20918,39892,40725,81421,79596,74617,74230,77753,83277,81751,84854,51004,63514,41098,56674,9873,19672,753887,655765,130628,107358,158105,136853,64841,93,82
2021-08-02T23:59:59+02:00,6408,6144,53379,54364,96366,94750,89134,88909,87578,93350,88700,91440,53935,67172,42940,59491,10385,20898,39431,40261,80121,78498,73075,73025,77132,82710,81212,84376,50835,63314,41024,56555,9856,19639,752497,649779,130484,105599,158084,136255,64185,93,82
2021-08-01T23:59:59+02:00,6344,6059,53115,54104,96112,94483,88904,88743,87374,93207,88537,91330,53874,67090,42904,59440,10378,20891,38917,39771,78834,77423,71674,71929,76248,81961,80631,83916,50651,63079,40942,56451,9846,19615,750929,643657,130294,103703,158064,135649,63509,93,82
2021-07-31T23:59:59+02:00,6309,6021,53000,54013,95997,94391,88803,88675,87285,93136,88493,91294,53863,67081,42898,59436,10378,20890,37973,38767,78391,76985,71143,71377,75868,81634,80515,83820,50632,63046,40925,56440,9846,19612,750458,639032,130130,102831,158062,135554,63220,93,82
2021-07-30T23:59:59+02:00,6256,5986,52833,53876,95843,94220,88653,88531,87158,93023,88412,91225,53826,67051,42886,59418,10376,20888,36980,37727,77702,76348,70398,70647,75356,81112,80116,83499,50558,62958,40893,56380,9840,19601,749593,632912,129818,101699,158059,135347,62898,93,82
2021-07-29T23:59:59+02:00,6205,5928,52604,53696,95595,93997,88441,88325,86994,92851,88274,91104,53771,66988,42863,59385,10369,20870,35741,36516,76658,75476,69349,69697,74555,80367,79578,83076,50425,62796,40827,56286,9823,19574,748384,625213,129353,100151,158045,134791,62385,93,82
2021-07-28T23:59:59+02:00,6167,5876,52411,53534,95391,93797,88297,88148,86878,92712,88166,91014,53715,66918,42831,59337,10360,20841,35138,35938,75508,74510,68078,68592,73798,79658,79088,82626,50289,62596,40759,56184,9807,19536,747252,618949,128915,98745,158027,134010,62106,93,82
2021-07-27T23:59:59+02:00,6119,5837,52180,53313,95132,93591,88121,87966,86723,92564,88047,90917,53663,66848,42787,59276,10346,20793,34489,35215,74065,73280,66635,67383,72939,78809,78546,82117,50118,62388,40679,56064,9784,19493,745872,611764,128496,97296,158005,132777,61757,93,81
2021-07-26T23:59:59+02:00,6062,5786,51968,53111,94896,93399,87931,87802,86565,92430,87917,90819,53603,66768,42758,59222,10339,20772,33736,34418,72563,71953,65277,66150,71899,77831,77958,81590,49949,62176,40601,55918,9762,19448,744554,603782,128075,95773,157989,131714,61437,93,81
2021-07-25T23:59:59+02:00,6024,5744,51772,52920,94645,93174,87766,87619,86416,92302,87810,90723,53553,66705,42730,59178,10329,20736,33032,33679,71226,70753,64171,65142,70898,76927,77492,81145,49833,61993,40537,55831,9756,19414,743206,596880,127801,94209,157971,130923,61075,93,81
2021-07-24T23:59:59+02:00,5937,5688,51501,52633,94342,92864,87523,87407,86240,92148,87711,90644,53523,66671,42719,59155,10329,20730,32548,33205,70375,70068,63501,64591,70024,76230,77288,80994,49779,61951,40516,55806,9756,19412,741360,592527,127746,93279,157968,130800,60598,93,81
2021-07-23T23:59:59+02:00,5885,5633,51237,52365,93955,92589,87236,87194,86060,91967,87577,90549,53490,66624,42711,59137,10326,20724,32046,32590,69324,69227,62723,63929,69119,75386,76888,80669,49704,61853,40484,55768,9749,19398,739349,586997,127676,92120,157962,130623,60179,93,81
2021-07-22T23:59:59+02:00,5816,5569,50828,51971,93503,92156,86857,86869,85756,91671,87361,90371,53405,66531,42682,59079,10317,20699,31362,31887,68030,68242,61683,63052,67502,74038,76244,80164,49553,61650,40394,55658,9728,19360,736374,580650,127444,89369,157937,129860,59593,93,81
2021-07-21T23:59:59+02:00,5765,5518,50472,51599,93076,91751,86557,86572,85503,91431,87192,90190,53323,66450,42624,59013,10306,20671,30768,31263,66700,67205,60605,62158,65468,72354,75340,79421,49264,61342,40235,55469,9704,19305,733632,574409,127212,85072,157912,128776,59164,93,81
2021-07-20T23:59:59+02:00,5707,5455,50088,51214,92621,91293,86194,86253,85241,91184,86977,89998,53233,66317,42580,58955,10300,20646,30119,30638,65252,66032,59469,61205,64285,71297,74730,78869,49058,61109,40129,55312,9682,19244,730729,567413,126994,83413,157863,127755,58577,93,81
2021-07-19T23:59:59+02:00,5628,5381,49628,50766,92152,90826,85832,85926,84992,90973,86773,89823,53140,66199,42544,58878,10283,20610,29587,30078,64097,64981,58555,60343,63134,70262,74136,78355,48884,60913,40039,55168,9654,19199,727501,561676,126772,81612,157830,126571,58158,93,81
2021-07-18T23:59:59+02:00,5560,5312,48808,49961,91104,89801,85113,85320,84523,90550,86483,89533,53033,66051,42481,58782,10273,20579,29042,29500,62929,63915,57632,59432,61961,69239,73590,77858,48738,60752,39981,55085,9642,19171,721135,555873,126444,79595,157814,125769,57781,93,81
2021-07-17T23:59:59+02:00,5386,5126,48458,49633,90961,89668,84918,85162,84368,90416,86374,89450,53011,66024,42470,58770,10272,20576,28665,29132,62291,63322,57085,59008,61203,68504,73285,77617,48628,60635,39941,55027,9632,19160,719963,552889,126268,78628,157808,125151,56911,93,81
2021-07-16T23:59:59+02:00,5289,5035,48139,49353,90698,89450,84675,84960,84163,90232,86236,89341,52970,65993,42451,58756,10269,20571,28177,28644,61362,62417,56241,58323,60149,67471,72783,77200,48469,60448,39896,54959,9627,19151,718597,547971,126099,77308,157796,124417,55996,93,81
2021-07-15T23:59:59+02:00,5154,4905,47665,48948,90312,89083,84319,84581,83866,89958,86016,89173,52891,65903,42397,58688,10259,20544,27453,28036,60058,61369,55128,57342,58751,66166,72059,76619,48248,60190,39810,54833,9611,19096,716171,542229,125680,75123,157761,122762,54957,93,81
2021-07-14T23:59:59+02:00,5048,4792,47324,48575,90017,88794,84037,84270,83617,89719,85813,89017,52803,65795,42339,58600,10242,20514,26939,27498,58980,60384,54168,56509,57879,65323,71448,76038,47983,59912,39707,54660,9589,19052,714033,536885,125322,74209,157714,121081,54154,93,81
2021-07-13T23:59:59+02:00,4935,4675,46925,48201,89628,88438,83734,83970,83354,89464,85610,88852,52696,65691,42285,58537,10236,20495,26296,26849,57615,59205,52977,55524,56891,64413,70724,75403,47708,59591,39579,54484,9560,19002,711711,530593,124953,73110,157665,119048,53304,93,80
2021-07-12T23:59:59+02:00,4767,4506,46388,47696,89232,88105,83345,83656,83108,89211,85423,88694,52616,65598,42237,58472,10224,20480,25680,26209,56113,57862,51685,54466,55666,63277,69982,74786,47337,59164,39404,54263,9519,18937,709050,523346,124584,72084,157602,116710,52429,93,79
2021-07-11T23:59:59+02:00,4372,4135,45448,46779,88810,87678,82932,83273,82802,88926,85232,88549,52531,65508,42212,58416,10213,20463,25085,25647,54742,56606,50390,53428,54622,62247,69393,74237,46992,58782,39281,54087,9495,18895,705134,516750,124113,71076,157563,114926,51376,93,79
2021-07-10T23:59:59+02:00,4360,4120,45118,46444,88359,87201,82603,82963,82699,88829,85164,88491,52511,65485,42203,58402,10212,20459,24601,25122,53667,55674,49533,52847,54028,61679,69177,74051,46621,58364,39181,53984,9490,18885,704472,512468,123649,70993,157388,113610,50021,93,79
2021-07-09T23:59:59+02:00,4341,4107,44698,46012,87750,86653,82227,82625,82449,88645,85051,88398,52477,65456,42196,58389,10208,20450,23907,24356,52352,54441,48599,51967,53251,60829,68757,73652,46261,57958,39095,53894,9482,18873,703084,506325,123071,70589,157222,112266,48662,93,78
2021-07-08T23:59:59+02:00,4316,4081,44152,45533,86894,85952,81707,82118,82196,88407,84856,88245,52412,65389,42165,58343,10197,20434,22938,23439,50422,52886,47225,50820,52119,59707,68077,73020,45747,57407,38960,53731,9454,18804,701004,498652,122184,69324,156931,109738,47185,93,78
2021-07-07T23:59:59+02:00,4293,4053,43585,44964,86070,85191,81166,81642,81912,88115,84654,88084,52334,65290,42125,58281,10190,20414,22078,22552,48483,51213,45721,49686,50887,58532,67391,72487,45018,56670,38771,53494,9423,18746,698535,490555,121191,68211,156680,106641,45865,92,76
2021-07-06T23:59:59+02:00,4260,4033,43045,44449,85224,84464,80559,81054,81544,87787,84481,87910,52245,65208,42088,58218,10181,20389,21251,21702,46505,49429,44337,48436,49615,57199,66647,71767,44193,55900,38586,53255,9405,18690,695927,481624,120169,67132,156378,103688,44574,91,76
2021-07-05T23:59:59+02:00,4237,3997,41906,43483,83732,83383,79829,80445,81093,87371,84210,87650,52128,65072,42039,58140,10167,20361,20081,20662,44564,47842,43313,47474,48590,56242,65951,71151,43436,55039,38414,53032,9382,18651,692669,475676,119111,66265,156015,100604,41357,91,76
2021-07-04T23:59:59+02:00,4210,3976,40562,42293,82101,82071,79111,79837,80623,86946,83941,87455,52038,64947,41993,58089,10154,20332,18737,19459,42780,46332,42615,46736,47783,55385,65373,70584,42695,54196,38250,52841,9363,18603,689611,471047,117958,65338,155594,97990,37425,91,76
2021-07-03T23:59:59+02:00,3747,3561,39004,40767,81246,81420,78627,79347,80181,86470,83725,87285,51969,64846,41975,58037,10151,20326,17929,18772,41868,45644,42198,46355,47378,54987,65209,70419,42108,53470,38188,52742,9356,18593,685919,469121,116649,65239,155509,96402,34516,91,76
2021-07-02T23:59:59+02:00,3188,2991,37457,39290,80531,80695,77957,78648,79662,85966,83483,87085,51918,64760,41946,57989,10139,20313,17175,18061,40730,44692,41465,45665,46545,54205,64689,69972,41160,52265,38059,52554,9340,18574,680916,464090,115245,64779,155353,93915,32413,91,75
2021-07-01T23:59:59+02:00,2546,2447,35749,37644,79564,79839,77127,77820,78958,85330,83168,86807,51797,64603,41884,57885,10120,20285,16312,17172,39200,43461,40252,44602,45241,53080,63954,69399,40273,51131,37909,52347,9323,18542,674639,457757,113539,63130,155126,91155,30178,91,75
2021-06-30T23:59:59+02:00,2504,2416,34748,36644,77738,78340,75423,76321,78299,84783,82884,86514,51667,64442,41824,57790,10108,20258,15292,16212,37521,42236,39054,43491,44082,52028,63202,68774,39729,50451,37794,52152,9301,18507,668798,451658,111806,61792,154909,89280,27099,91,74
2021-06-29T23:59:59+02:00,2471,2383,33919,35763,76142,76855,73805,74904,77509,84065,82341,86025,51486,64223,41748,57659,10091,20222,14463,15316,36209,41097,38134,42670,42857,50978,62491,68192,39024,49519,37658,51935,9279,18464,662479,446510,109934,59955,154638,87334,24469,91,73
2021-06-28T23:59:59+02:00,2431,2350,33116,34967,74523,75446,72125,73504,76485,83278,81735,85527,51307,63996,41671,57552,10078,20188,13722,14573,35155,40082,37308,41940,41733,49984,61843,67648,38152,48433,37491,51715,9259,18417,656030,441699,107970,58443,154043,85137,22145,91,72
2021-06-27T23:59:59+02:00,2417,2335,32384,34227,72955,74077,70722,72300,75089,82158,81059,84975,51107,63779,41606,57436,10068,20159,13091,13946,34196,39331,36653,41336,40803,49136,61306,67204,37293,47406,37339,51538,9244,18386,649846,437820,106033,57680,153091,82880,19792,91,72
2021-06-26T23:59:59+02:00,1785,1728,31354,33132,72604,73760,70257,71835,74795,81847,80964,84892,51085,63751,41592,57426,10067,20156,12900,13740,33536,38790,36012,40916,40284,48800,60311,66203,36305,46271,37172,51324,9230,18353,645080,431860,105096,57628,153086,80941,19681,87,72
2021-06-25T23:59:59+02:00,1167,1130,30243,31973,72119,73234,69642,71138,74372,81403,80588,84569,51024,63664,41558,57383,10062,20143,12578,13354,32682,37992,35144,40094,39347,47963,59100,64971,35790,45574,36980,51024,9207,18309,638792,423452,103907,57182,153077,79884,19549,87,72
2021-06-24T23:59:59+02:00,567,571,28912,30665,71348,72490,68769,70254,73700,80777,80143,84205,50918,63535,41506,57313,10051,20109,11922,12662,31521,36692,33931,38827,38222,46854,57466,63595,35317,45055,36824,50837,9188,18249,631031,414150,102415,55632,152963,77996,19337,87,71
2021-06-23T23:59:59+02:00,540,538,28410,30125,70244,71509,67493,69118,72953,80089,79693,83803,50807,63361,41445,57217,10034,20078,11435,12138,30524,35444,33001,37603,37210,45977,55530,61886,34767,44490,36656,50610,9167,18184,624826,404417,100841,54568,152858,76742,18845,87,71
2021-06-22T23:59:59+02:00,517,522,27899,29546,69072,70483,66290,68086,72274,79385,79278,83437,50701,63234,41397,57133,10025,20053,11091,11741,29603,34510,32037,36718,36250,45089,53564,60053,34380,44014,36519,50369,9138,18127,618513,395908,99382,52995,152724,75622,18626,87,70
2021-06-21T23:59:59+02:00,485,488,27236,28887,67755,69316,65107,66955,71514,78606,78882,83043,50594,63125,41338,57046,10012,20011,10801,11431,28979,33927,31487,36151,35650,44501,51719,58396,33673,43215,36224,49947,9109,18051,611719,388355,97887,51797,152603,74951,18105,86,70
2021-06-20T23:59:59+02:00,400,407,26600,28230,66537,68185,64085,66013,70710,77866,78526,82707,50516,63000,41289,56978,10007,19978,10513,11171,28433,33427,31031,35659,35141,43978,49883,56612,33131,42533,36027,49612,9079,17991,605345,380954,96420,51045,152505,74488,17678,86,68
2021-06-19T23:59:59+02:00,368,373,26222,27866,65808,67615,63561,65519,69914,77213,78372,82580,50495,62975,41273,56963,10006,19978,10384,10978,28187,33109,30777,35339,34919,43718,48439,55220,32871,42186,35944,49475,9071,17963,601409,375566,95478,51033,152503,74300,17625,86,68
2021-06-18T23:59:59+02:00,341,339,25763,27407,64796,66880,62823,64906,68995,76376,77982,82244,50434,62899,41246,56927,10002,19970,10170,10743,27784,32688,30451,34928,34534,43328,46714,53561,32520,41673,35807,49264,9052,17929,596003,368742,94236,50747,152495,74090,17511,85,68
2021-06-17T23:59:59+02:00,312,308,25133,26806,63543,65880,61830,64093,67403,74973,77459,81844,50334,62747,41183,56844,9989,19942,9755,10390,26993,32003,29710,34249,33698,42627,45211,52070,32075,41046,35644,49010,9020,17879,589937,361332,91587,49607,152337,73708,16678,84,67
2021-06-16T23:59:59+02:00,278,270,24614,26231,62247,64754,60722,63111,65130,73052,76613,81188,50123,62536,41092,56732,9970,19911,9436,10139,26342,31335,29002,33626,32969,41995,44619,51506,31805,40687,35498,48811,8999,17838,583711,357641,87080,48902,151898,72204,15803,82,67
2021-06-15T23:59:59+02:00,239,239,23978,25548,60846,63552,59640,62126,63975,71966,76109,80765,49999,62388,41042,56635,9963,19881,9176,9871,25741,30601,28363,32870,32293,41273,43062,49884,31360,40134,35327,48578,8969,17774,576616,350947,85451,48010,151429,70949,15313,82,67
2021-06-14T23:59:59+02:00,217,207,23513,24964,59743,62496,58765,61276,62902,70958,75635,80372,49912,62266,40992,56563,9947,19855,8890,9572,24988,29711,27598,32035,31502,40458,41779,48547,30992,39636,35190,48354,8939,17723,570760,344817,83730,46986,151227,69269,14784,82,67
2021-06-13T23:59:59+02:00,212,192,23097,24500,58813,61591,57990,60492,61796,69989,75166,79941,49823,62150,40943,56504,9935,19825,8615,9276,24280,28869,26882,31195,30741,39607,40234,46972,30530,39030,34989,48051,8909,17634,565751,337790,81866,46208,150997,67496,14263,82,66
2021-06-12T23:59:59+02:00,199,175,22871,24236,58265,61091,57632,60213,61154,69346,74967,79827,49799,62119,40931,56490,9932,19821,8501,9160,23802,28283,26365,30626,30226,39048,39159,45999,30363,38851,34893,47886,8905,17623,562861,333594,80910,46205,150989,65608,14226,82,66
2021-06-11T23:59:59+02:00,181,159,22520,23825,57527,60280,56957,59585,60250,68416,74616,79519,49726,62046,40906,56454,9929,19815,8370,8972,23293,27611,25834,29969,29645,38415,38088,44991,30094,38497,34751,47663,8892,17597,557870,328763,79621,45946,150976,63754,14162,82,65
2021-06-10T23:59:59+02:00,166,142,21989,23268,56399,59353,56027,58767,58994,67244,74081,79113,49655,61939,40882,56403,9916,19787,8109,8725,22428,26665,24871,29031,28527,37487,36699,43828,29741,38020,34473,47230,8825,17522,552332,321878,77416,45239,150734,61448,13561,82,63
2021-06-09T23:59:59+02:00,145,128,21370,22721,55147,58260,54965,57858,58044,66339,73617,78721,49568,61839,40832,56341,9902,19757,7823,8462,21512,25799,23935,28138,27496,36539,34982,42045,29358,37520,34288,46960,8784,17432,546614,314456,75967,44513,150381,59541,12510,82,61
2021-06-08T23:59:59+02:00,123,110,20701,22040,53840,57131,53847,56885,57089,65480,73070,78286,49481,61715,40777,56249,9882,19726,7555,8229,20598,24904,22876,27275,26464,35583,33633,40743,29000,37012,33968,46508,8731,17349,539967,308156,75048,43747,149937,57073,11398,82,60
2021-06-07T23:59:59+02:00,106,92,20057,21444,52405,55879,52583,55909,55930,64496,72519,77885,49396,61608,40731,56185,9869,19698,7309,8010,19756,24081,21851,26461,25432,34712,32699,39963,28716,36623,33723,46081,8680,17258,532717,303542,74153,42930,149525,54512,10315,82,60
2021-06-06T23:59:59+02:00,99,86,19550,20910,51258,54791,51483,54933,54968,63543,72012,77482,49311,61533,40694,56122,9862,19682,7101,7812,18968,23189,20951,25589,24361,33729,31787,39147,28432,36285,33467,45691,8631,17183,526398,298981,73132,42191,149191,51577,9518,80,60
2021-06-05T23:59:59+02:00,93,78,19285,20619,50488,54043,50830,54430,54493,63054,71878,77367,49296,61517,40691,56118,9859,19682,6875,7402,18329,22115,20231,24473,23487,32489,30763,37831,28104,35823,33343,45518,8624,17163,522093,292684,73127,42152,149073,48230,9448,80,60
2021-06-04T23:59:59+02:00,83,71,18842,20039,49442,53042,50020,53562,53845,62270,71534,77038,49267,61481,40671,56104,9857,19675,6657,7093,17710,21265,19555,23486,22559,31222,29556,36501,27817,35462,33231,45343,8612,17144,515634,286282,72805,42083,149056,45523,9268,80,60
2021-06-03T23:59:59+02:00,72,60,18170,19367,47924,51747,48814,52442,52882,61257,71038,76578,49203,61378,40633,56059,9844,19651,6369,6703,16976,20222,18763,22340,21560,29810,28397,35023,27273,34684,33026,45018,8576,17069,507918,279557,71791,41337,148781,42309,8550,79,59
2021-06-02T23:59:59+02:00,67,56,17801,18866,46912,50768,47954,51699,52143,60509,70791,76366,49167,61342,40614,56031,9836,19637,6187,6464,16328,19542,17858,21590,20730,28872,27304,33623,26807,34080,32867,44768,8547,16999,501674,273295,71774,41322,148758,39621,8275,78,56
2021-06-01T23:59:59+02:00,56,50,17133,18147,45058,49031,46309,50242,50624,59067,70113,75766,49077,61230,40556,55958,9823,19588,5913,6155,15170,18642,16352,20631,19525,27634,26083,32232,26256,33389,32618,44422,8501,16895,492561,266828,70434,40757,148207,36229,6550,76,56
2021-05-31T23:59:59+02:00,54,46,16658,17666,43748,47893,45103,49144,49388,57957,69436,75257,48999,61127,40512,55888,9811,19552,5636,5836,14131,17812,14953,19715,18356,26528,24865,30893,25740,32674,32424,44126,8467,16796,486322,260550,69271,40213,147745,33310,4826,75,55
2021-05-30T23:59:59+02:00,47,45,16335,17275,42771,46959,44198,48239,48395,56960,68877,74713,48892,60972,40441,55775,9796,19509,5448,5594,13584,17113,14332,19021,17471,25563,23764,29721,24971,31725,32131,43709,8422,16707,480343,254593,68236,39414,147338,31013,4207,75,51
2021-05-29T23:59:59+02:00,47,45,16205,17159,42412,46643,43855,47973,48154,56770,68819,74655,48886,60965,40435,55772,9796,19509,5285,5354,13074,16302,13686,18173,16629,24398,22654,28422,24815,31494,32068,43616,8419,16700,478379,249007,68114,39414,147329,28417,4203,75,50
2021-05-28T23:59:59+02:00,46,43,15905,16854,41716,46015,43345,47413,47648,56229,68544,74359,48821,60884,40407,55723,9793,19504,5046,4970,12538,15385,13009,17310,15765,23165,21558,26988,24568,31128,31974,43482,8409,16683,474097,242988,67613,39309,147299,25470,4165,75,48
2021-05-27T23:59:59+02:00,43,39,15387,16334,40569,45036,42327,46533,46662,55342,67957,73926,48699,60724,40353,55651,9782,19463,4823,4634,11897,14557,12224,16373,14697,21974,20300,25481,24064,30387,31802,43220,8376,16601,468272,235649,66101,38505,146579,23412,3800,75,46
2021-05-26T23:59:59+02:00,41,38,14979,15909,39471,44119,41292,45651,45638,54466,67351,73417,48547,60546,40273,55483,9761,19415,4630,4438,11340,13796,11501,15524,13693,20840,18906,23894,23479,29606,31586,42878,8324,16500,463152,228390,64075,37644,145593,21355,3502,75,46
2021-05-25T23:59:59+02:00,41,37,14589,15506,38466,43231,40325,44796,44687,53549,66741,72887,48367,60311,40194,55351,9735,19361,4423,4235,10798,13150,10741,14742,12628,19606,17472,22388,22896,28827,31352,42559,8266,16412,457852,221039,62493,36705,144485,19440,3269,75,44
2021-05-24T23:59:59+02:00,40,36,14247,15182,37637,42494,39452,44123,43824,52766,66211,72403,48242,60133,40130,55228,9715,19317,4280,4110,10352,12689,10101,14155,11747,18774,16185,21132,22226,27995,31135,42230,8207,16322,453230,214147,61264,35765,143752,18828,2859,75,43
2021-05-23T23:59:59+02:00,36,36,14079,15009,37167,42122,39002,43718,43372,52362,65941,72175,48167,60042,40092,55182,9707,19293,4090,3970,9889,12214,9478,13546,10808,17960,14992,20067,21760,27429,30883,41943,8158,16239,450040,207161,60887,35684,143726,17766,2774,75,43
2021-05-22T23:59:59+02:00,34,34,13883,14793,36480,41558,38323,43264,42801,51953,64922,71164,47962,59785,40022,55069,9697,19272,3978,3675,9673,11801,9325,13218,10566,17515,14723,19667,21667,27312,30849,41903,8151,16230,443603,205940,60884,35681,143711,15848,2743,75,43
2021-05-21T23:59:59+02:00,33,33,13504,14391,35407,40642,37261,42334,41737,51056,63568,69881,47732,59448,39941,54922,9680,19239,3872,3579,9466,11536,9114,12954,10237,17187,14312,19298,21447,27026,30789,41813,8142,16222,434001,203997,60531,35375,143476,14856,2727,74,41
2021-05-20T23:59:59+02:00,31,33,12710,13667,33968,39183,35839,40926,40334,49858,62285,68730,47442,59106,39798,54741,9659,19188,3724,3398,8940,10934,8467,12245,9540,16340,13557,18335,20632,25908,30595,41516,8103,16136,423799,199635,58830,34530,142447,11816,2350,72,41
2021-05-19T23:59:59+02:00,31,32,12173,13103,32789,37759,34735,39545,39209,48899,60285,66963,46966,58548,39615,54479,9618,19082,3621,3266,8667,10558,8171,11870,9098,15832,12920,17673,19768,24779,30369,41213,8047,16021,412961,195392,57312,33717,141338,10579,2148,72,39
2021-05-18T23:59:59+02:00,28,32,11751,12660,31745,36740,33641,38630,38169,47964,58228,65106,46611,58099,39461,54240,9586,19023,3423,3103,8173,9952,7700,11325,8557,15165,12239,16903,18827,23548,30132,40870,8010,15916,404307,191306,55352,32875,140143,7783,1842,70,39
2021-05-17T23:59:59+02:00,26,31,11500,12384,31228,36183,33145,38070,37579,47331,56328,63397,45910,57276,39185,53842,9549,18950,3341,2994,7910,9670,7407,11026,8156,14752,11669,16300,17911,22417,29899,40551,7975,15842,396728,186934,54228,32128,139334,7167,1555,69,38
2021-05-16T23:59:59+02:00,26,31,11278,12130,30706,35679,32683,37578,37057,46759,54434,61572,45365,56577,38991,53522,9522,18895,3240,2895,7622,9380,7086,10681,7680,14289,11089,15716,16980,21269,29690,40261,7937,15773,389770,182654,53260,31282,138670,6581,1037,68,36
2021-05-15T23:59:59+02:00,26,31,11124,11927,30428,35346,32445,37258,36827,46497,52864,60094,45115,56271,38914,53384,9516,18867,3219,2877,7597,9351,7071,10660,7661,14276,11072,15695,16870,21053,29481,39954,7929,15763,383966,181665,53256,31281,138624,6530,1020,68,35
2021-05-14T23:59:59+02:00,26,31,10876,11647,29960,34838,32065,36794,36314,46024,50993,58264,44753,55770,38774,53177,9500,18827,3192,2858,7527,9279,7015,10588,7602,14218,10889,15496,16139,19987,29195,39468,7912,15723,376171,178752,52929,30942,138495,6391,970,68,35
2021-05-13T23:59:59+02:00,23,30,10593,11322,29312,34198,31466,36190,35641,45358,49524,56747,44322,55142,38604,52934,9473,18781,3124,2812,7400,9178,6928,10494,7498,14109,10563,15151,15082,18753,28809,38825,7869,15649,369080,174957,51911,30380,137743,6016,859,67,34
2021-05-12T23:59:59+02:00,23,28,10464,11179,29030,33880,31199,35897,35329,45044,49239,56439,44223,55039,38551,52856,9466,18743,3112,2786,7366,9142,6898,10459,7470,14070,10396,14995,14710,18321,28506,38342,7847,15602,366412,172910,51830,30370,137584,5972,737,66,34
2021-05-11T23:59:59+02:00,22,25,10118,10856,28177,33054,30368,35143,34468,44261,47505,54670,43769,54444,38376,52565,9428,18641,3025,2689,7121,8862,6675,10159,7255,13700,9916,14447,13730,17172,28092,37725,7810,15507,359496,169240,50125,29478,135692,4623,511,66,34
2021-05-10T23:59:59+02:00,21,25,9812,10579,27431,32353,29590,34442,33698,43493,46200,53405,43386,53933,38187,52261,9378,18528,2983,2643,6994,8739,6580,10041,7116,13518,9651,14140,13036,16312,27665,37114,7784,15426,353244,166428,49007,29096,134006,3785,402,63,32
2021-05-09T23:59:59+02:00,20,25,9580,10333,26749,31669,28923,33741,32975,42796,44677,51934,42886,53314,37987,51957,9341,18443,2935,2597,6871,8596,6473,9899,7004,13306,9335,13829,12238,15411,27301,36579,7764,15370,346167,163577,47932,28540,132877,3045,315,59,32
2021-05-08T23:59:59+02:00,20,25,9487,10266,26364,31368,28477,33427,32520,42492,43645,51106,42734,53151,37946,51895,9339,18437,2932,2593,6863,8591,6467,9891,6996,13294,9325,13817,12200,15349,26624,35630,7727,15294,341650,161708,47890,28513,132791,3032,309,59,32
2021-05-07T23:59:59+02:00,19,25,9346,10118,25893,30988,28027,33053,32014,42143,42605,50280,42462,52811,37833,51735,9327,18410,2885,2567,6810,8550,6411,9836,6945,13242,9152,13596,11569,14537,25685,34249,7680,15212,336523,157622,47583,28144,132633,2838,291,59,32
2021-05-06T23:59:59+02:00,17,24,8947,9829,24976,30219,26966,32249,30785,41325,40988,49070,42081,52263,37638,51492,9289,18337,2821,2521,6680,8403,6296,9707,6797,13054,8881,13299,10921,13675,24722,32868,7646,15151,328670,153841,46508,27190,130980,2101,279,58,32
2021-05-05T23:59:59+02:00,17,23,8581,9629,24094,29620,26102,31585,29697,40534,39009,47256,41635,51710,37431,51211,9232,18225,2780,2490,6562,8274,6194,9593,6695,12913,8636,13041,10214,12847,23709,31544,7617,15080,320817,149959,45655,26303,128866,1701,195,58,32
2021-05-04T23:59:59+02:00,17,22,8338,9402,23298,28973,25128,30845,28626,39700,37497,45790,41167,51127,37153,50864,9185,18104,2741,2468,6489,8202,6112,9526,6621,12832,8399,12821,9483,11992,22764,30301,7583,15017,314169,146238,44689,25497,126230,1496,90,58,31
2021-05-03T23:59:59+02:00,17,21,8135,9188,22599,28393,24289,30240,27719,39005,36538,45040,40819,50655,36939,50575,9135,18000,2696,2436,6418,8125,6033,9461,6531,12748,8171,12608,8740,11093,21848,29085,7552,14967,309308,142500,43913,24677,123979,1255,50,57,31
2021-05-02T23:59:59+02:00,17,21,7972,9023,21961,27815,23550,29649,26901,38383,35724,44405,40560,50326,36827,50389,9101,17943,2658,2413,6376,8084,5996,9426,6491,12707,7989,12436,8140,10356,21139,28218,7531,14949,304482,139315,43143,24401,122843,1121,43,56,30
2021-05-01T23:59:59+02:00,16,21,7820,8840,21588,27357,23068,29074,26258,37673,34900,43510,40298,49951,36730,50236,9095,17926,2652,2407,6350,8074,5981,9417,6473,12693,7972,12421,8103,10292,21100,28161,7527,14945,298383,139024,43142,24394,122737,1078,43,56,30
2021-04-30T23:59:59+02:00,16,20,7672,8662,21201,26927,22622,28507,25510,36896,33892,42545,40069,49632,36633,50082,9083,17905,2634,2394,6325,8056,5959,9400,6446,12673,7940,12387,8063,10222,21049,28078,7524,14936,292092,138712,43135,24321,122555,987,37,55,30
2021-04-29T23:59:59+02:00,15,20,7403,8422,20608,26354,21951,27823,24578,35931,32616,41209,39025,48229,36315,49606,9026,17777,2602,2360,6233,7946,5874,9298,6352,12531,7736,12111,7439,9499,20643,27562,7502,14862,283349,136648,42351,23093,121121,745,37,50,28
2021-04-28T23:59:59+02:00,14,18,7128,8204,20087,25880,21314,27223,23692,35084,31221,39758,37864,46642,35973,49114,8963,17635,2533,2312,6124,7825,5764,9167,6250,12381,7517,11841,6751,8654,20227,26987,7461,14791,274670,134202,41579,21798,119483,521,37,45,28
2021-04-27T23:59:59+02:00,13,18,6945,8026,19653,25455,20694,26686,22838,34306,30008,38436,36776,45199,35590,48543,8893,17508,2507,2287,6021,7728,5711,9069,6184,12258,7302,11642,6150,7917,19821,26490,7441,14768,266855,132104,40715,20855,117935,273,37,45,28
2021-04-26T23:59:59+02:00,12,18,6763,7861,19235,25031,20150,26161,22032,33549,28793,37201,35716,43777,35284,48059,8843,17384,2495,2277,5978,7686,5666,9029,6147,12214,7116,11477,5536,7186,19449,26042,7417,14741,259168,130142,39889,20011,116734,242,34,44,28
2021-04-25T23:59:59+02:00,12,17,6658,7728,18897,24761,19771,25822,21419,32932,27808,36245,34586,42348,34969,47629,8801,17302,2483,2270,5960,7662,5647,9012,6127,12189,7079,11450,5409,7005,19114,25578,7401,14697,251980,129521,39175,19270,116473,232,33,44,28
2021-04-24T23:59:59+02:00,12,17,6494,7552,18454,24329,19212,25285,20636,32131,26727,35197,34335,42034,34875,47464,8791,17290,2479,2264,5947,7652,5639,9001,6122,12185,7069,11443,5336,6894,19016,25437,7398,14689,246020,129067,39170,19231,115568,214,33,44,27
2021-04-23T23:59:59+02:00,12,17,6271,7351,18006,23855,18642,24673,19812,31317,25570,34002,33559,40860,34732,47229,8777,17267,2473,2246,5920,7628,5602,8962,6077,12141,7023,11391,5170,6617,18477,24810,7298,14520,238451,127223,38843,18883,114582,192,33,43,25
2021-04-22T23:59:59+02:00,11,16,6056,7143,17401,23267,17849,23891,18762,30295,24251,32570,32518,39507,34487,46873,8739,17189,2459,2231,5876,7577,5553,8878,6002,12063,6947,11321,4886,6199,17765,23937,7179,14326,229415,125066,37926,17919,113411,158,33,40,24
2021-04-21T23:59:59+02:00,11,15,5857,6962,16870,22796,17188,23288,17779,29397,22697,30979,31514,38276,34190,46435,8691,17101,2435,2214,5834,7522,5495,8803,5936,11963,6852,11241,4726,5925,17067,23088,7063,14144,220539,122977,37157,17149,112279,126,33,38,24
2021-04-20T23:59:59+02:00,10,14,5674,6768,16314,22321,16447,22629,16783,28396,21229,29509,30368,36787,33875,46000,8640,17011,2422,2199,5785,7484,5455,8758,5888,11897,6773,11176,4607,5770,16466,22314,6937,13965,211554,121292,36275,16433,110876,118,32,38,22
2021-04-19T23:59:59+02:00,10,14,5487,6611,15781,21891,15770,22070,15793,27518,19836,28108,28993,35152,33558,45521,8582,16893,2411,2184,5761,7451,5418,8724,5849,11851,6692,11100,4481,5609,15817,21604,6829,13803,202856,119648,35496,15767,109168,116,32,36,22
2021-04-18T23:59:59+02:00,9,14,5299,6470,15347,21567,15152,21509,14822,26731,18498,26970,27606,33501,33227,45103,8524,16806,2360,2138,5629,7330,5304,8610,5742,11700,6587,10981,4365,5422,15224,20938,6716,13624,194322,118009,34666,14497,108099,112,32,36,21
2021-04-17T23:59:59+02:00,9,13,5263,6435,15193,21491,14976,21424,14587,26552,18244,26749,27099,32959,33101,44955,8515,16791,2333,2098,5529,7176,5197,8451,5642,11512,6498,10848,4313,5359,14983,20644,6706,13611,193104,116252,34661,14493,106523,103,32,36,21
2021-04-16T23:59:59+02:00,9,13,5200,6381,15017,21340,14765,21264,14305,26305,17829,26338,26056,31729,32968,44743,8494,16768,2287,2048,5413,6990,5060,8268,5490,11269,6301,10625,4106,5125,14336,19852,6608,13466,189762,113004,34373,14094,105321,94,32,36,21
2021-04-15T23:59:59+02:00,7,12,5131,6304,14804,21126,14497,20974,13876,25954,17193,25706,24694,30122,32712,44420,8458,16689,2217,1964,5217,6754,4858,7947,5283,10952,6085,10340,3908,4875,13506,18769,6493,13299,185207,109180,33564,13151,103840,84,32,36,21
2021-04-14T23:59:59+02:00,7,12,5051,6233,14600,20925,14243,20750,13487,25620,16527,25088,23118,28336,32400,44017,8405,16595,2028,1844,4999,6491,4669,7697,5055,10703,5851,10055,3772,4666,12779,17851,6366,13085,180606,106086,32690,11695,102050,78,32,36,21
2021-04-13T23:59:59+02:00,7,12,4999,6185,14400,20791,14009,20569,13145,25324,15957,24585,21415,26492,32084,43600,8373,16489,1943,1792,4832,6303,4484,7476,4854,10448,5647,9820,3636,4500,12262,17235,6243,12924,176384,103701,31816,10578,100169,68,32,35,21
2021-04-12T23:59:59+02:00,7,11,4935,6119,14183,20594,13704,20306,12759,24910,15379,24032,19822,24550,31794,43240,8332,16415,1813,1702,4650,6144,4334,7300,4692,10256,5510,9661,3517,4345,11831,16725,6132,12761,172025,102017,30763,9240,98237,66,32,35,19
2021-04-11T23:59:59+02:00,7,11,4866,6044,13959,20396,13408,20095,12345,24559,14818,23523,18315,22776,31533,42898,8289,16335,1776,1666,4530,6031,4223,7177,4570,10125,5376,9531,3403,4226,11340,16115,6001,12554,167742,100270,29804,8262,96566,64,31,34,18
2021-04-10T23:59:59+02:00,7,11,4861,6036,13940,20382,13399,20084,12328,24541,14794,23504,17627,21854,31242,42480,8271,16308,1772,1654,4518,6020,4208,7163,4557,10111,5323,9465,3300,4113,10783,15280,5872,12356,166673,98125,29777,8262,95156,62,29,34,18
2021-04-09T23:59:59+02:00,7,11,4848,6019,13903,20333,13355,20036,12281,24487,14534,23251,16109,19965,30837,41835,8237,16265,1748,1643,4495,6004,4182,7136,4516,10076,5285,9416,3215,3994,9916,14292,5723,12158,164056,95682,29436,8014,92761,60,27,33,17
2021-04-08T23:59:59+02:00,7,11,4805,5991,13802,20258,13274,19956,12181,24383,14199,22892,14342,17756,30220,40826,8179,16144,1727,1630,4463,5951,4130,7051,4452,9996,5213,9339,3107,3891,9438,13691,5519,11913,160231,93838,28407,7579,90538,59,19,31,17
2021-04-07T23:59:59+02:00,7,11,4775,5962,13697,20176,13179,19870,12078,24281,13818,22534,12835,15904,29576,39853,8124,16046,1708,1618,4410,5884,4046,6977,4363,9912,5123,9239,3020,3796,8693,12597,5284,11508,155820,91289,27531,6806,89326,49,18,31,17
2021-04-06T23:59:59+02:00,7,11,4746,5936,13598,20109,13097,19809,12002,24216,13442,22183,11203,13900,28914,38883,8092,15975,1648,1564,4280,5756,3938,6853,4244,9764,5020,9110,2905,3674,7988,11668,5012,11143,151808,88905,26649,5584,87619,47,16,31,16
2021-04-05T23:59:59+02:00,7,10,4708,5908,13521,20042,13030,19741,11947,24136,13170,21929,9593,11955,28187,37832,8057,15913,1577,1495,4125,5606,3770,6697,4090,9615,4865,8982,2773,3557,7180,10706,4741,10754,148614,86536,25632,3923,85394,44,15,31,16
2021-04-04T23:59:59+02:00,7,10,4694,5890,13510,20022,13022,19723,11939,24116,13073,21859,8570,10695,27740,37192,8032,15856,1575,1493,4117,5600,3768,6692,4085,9610,4863,8974,2768,3548,6944,10240,4657,10629,146888,85577,25628,3923,83391,38,12,31,14
2021-04-03T23:59:59+02:00,7,10,4691,5880,13493,20002,13012,19713,11929,24106,13059,21841,7666,9627,26858,35950,7983,15744,1571,1489,4115,5595,3766,6689,4077,9598,4849,8961,2761,3536,6806,9978,4618,10548,144413,84972,25620,3923,81497,38,11,30,14
2021-04-02T23:59:59+02:00,7,10,4686,5862,13456,19976,12973,19670,11885,24058,12985,21774,7153,8880,25274,33850,7837,15475,1562,1473,4089,5571,3740,6648,4041,9537,4726,8674,2633,3381,6431,9583,4469,10346,139962,83147,25282,3697,80529,38,9,29,14
2021-04-01T23:59:59+02:00,6,9,4638,5803,13362,19831,12857,19519,11736,23902,12387,21325,6590,8175,23770,31879,7711,15238,1496,1427,3980,5447,3673,6577,3973,9471,4648,8571,2539,3240,5918,8898,4299,10072,135771,80884,24146,3292,78786,33,8,27,13
2021-03-31T23:59:59+02:00,6,9,4587,5748,13237,19678,12725,19365,11548,23723,12126,21065,6271,7804,22293,29927,7561,15009,1483,1416,3956,5424,3641,6549,3933,9424,4610,8518,2476,3165,5436,8253,4125,9833,131844,79118,23059,3075,77747,33,5,27,12
2021-03-30T23:59:59+02:00,6,9,4523,5683,13099,19528,12612,19190,11417,23558,11956,20926,6081,7588,20907,28200,7417,14806,1466,1380,3915,5391,3577,6479,3845,9310,4479,8347,2341,2960,5016,7698,3982,9577,128489,76896,22134,2833,76856,21,2,25,12
2021-03-29T23:59:59+02:00,6,9,4483,5645,12980,19435,12545,19106,11335,23456,11807,20791,5923,7390,19491,26521,7289,14605,1407,1339,3860,5347,3503,6409,3727,9166,4329,8157,2219,2819,4453,7029,3828,9301,124915,74240,21269,2621,76606,20,2,25,11
2021-03-28T23:59:59+02:00,6,9,4436,5581,12859,19298,12460,19012,11234,23359,11701,20690,5772,7184,18313,25015,7170,14410,1374,1295,3762,5239,3310,6184,3640,9049,4279,8101,2165,2755,3694,6008,3643,9033,121921,71186,20479,2322,76083,12,2,24,10
2021-03-27T23:59:59+01:00,6,9,4404,5530,12752,19133,12345,18847,11120,23154,11594,20540,5706,7102,18027,24669,7159,14395,1368,1292,3757,5235,3307,6177,3354,8700,4081,7803,2159,2752,3680,5975,3609,8972,120085,69881,20440,2322,75941,7,2,24,10
2021-03-26T23:59:59+01:00,6,8,4368,5477,12641,18943,12212,18645,10967,22924,11433,20329,5543,6888,17423,23876,7060,14245,1367,1291,3752,5228,3284,6159,3335,8680,3868,7354,1982,2346,3416,5691,3458,8739,116990,67619,20101,2315,75872,6,1,24,10
2021-03-25T23:59:59+01:00,6,8,4300,5389,12443,18703,12007,18316,10753,22597,11192,20002,5331,6604,16394,22569,6932,14056,1358,1281,3731,5202,3250,6131,3284,8642,3822,7310,1910,2233,2982,5009,3300,8434,113010,65652,19029,2214,75538,3,1,24,10
2021-03-24T23:59:59+01:00,6,8,4220,5278,12229,18251,11788,17903,10531,22206,10958,19629,5062,6258,15354,21352,6793,13832,1335,1268,3707,5156,3214,6068,3229,8572,3768,7237,1857,2174,2675,4675,3148,8159,109904,64258,17936,1971,73793,3,1,24,10
2021-03-23T23:59:59+01:00,6,8,4164,5214,12062,17908,11589,17550,10339,21842,10738,19341,4930,6062,14714,20537,6653,13659,1320,1262,3692,5138,3193,6050,3204,8521,3731,7194,1822,2115,2446,4406,2940,7838,107556,62930,17210,1929,72525,3,1,24,10
2021-03-22T23:59:59+01:00,6,8,4116,5137,11865,17575,11400,17222,10114,21515,10523,19036,4779,5856,14096,19822,6520,13473,1307,1253,3665,5105,3161,6014,3175,8465,3695,7149,1778,2059,2247,4156,2745,7505,105702,61677,16492,1789,70845,3,1,23,10
2021-03-21T23:59:59+01:00,6,8,4042,5014,11583,17164,11119,16815,9844,21060,10266,18684,4665,5685,13400,19031,6379,13265,1299,1252,3648,5089,3140,5981,3152,8435,3675,7127,1760,2032,2082,3994,2573,7237,103823,60679,15193,1784,68990,3,1,23,10
2021-03-20T23:59:59+01:00,5,8,4012,4945,11440,16829,10994,16497,9701,20757,10090,18402,4538,5525,12770,18080,6242,13050,1298,1251,3648,5087,3137,5980,3149,8429,3670,7123,1756,2027,2051,3933,2550,7196,101628,60488,15188,1784,67045,3,1,23,10
2021-03-19T23:59:59+01:00,5,7,3968,4864,11272,16469,10812,16142,9528,20377,9876,18042,4378,5330,11746,16869,6081,12839,1289,1244,3630,5059,3107,5903,3104,8336,3568,6948,1631,1915,1977,3870,2438,6988,98931,59214,14778,1780,64873,3,1,22,10
2021-03-18T23:59:59+01:00,5,7,3881,4761,11026,16043,10543,15698,9249,19908,9653,17699,4234,5164,11122,16002,5853,12572,1285,1233,3613,5024,3087,5859,3082,8280,3541,6901,1612,1882,1938,3800,2315,6778,97131,58528,13771,1689,62495,3,1,22,10
2021-03-17T23:59:59+01:00,5,7,3710,4646,10731,15623,10278,15338,9006,19546,9402,17351,4115,4997,10308,14759,5591,12149,1284,1230,3599,5006,3081,5839,3072,8246,3523,6877,1611,1858,1914,3771,2205,6591,94485,58019,12228,1675,60826,3,1,22,10
2021-03-16T23:59:59+01:00,5,7,3568,4521,10391,15159,10004,14968,8731,19103,9106,16987,3972,4831,9491,13635,5310,11790,1270,1227,3595,4999,3070,5835,3066,8235,3516,6863,1587,1835,1875,3720,2085,6413,92151,57583,11038,1595,58368,3,1,21,10
2021-03-15T23:59:59+01:00,5,7,3420,4405,10076,14691,9712,14509,8434,18629,8818,16574,3826,4661,8783,12570,5086,11469,1260,1219,3575,4987,3058,5811,3046,8196,3496,6820,1572,1822,1858,3687,1970,6228,90187,56999,9674,1594,55795,3,0,19,10
2021-03-14T23:59:59+01:00,5,7,3350,4316,9810,14258,9457,14107,8116,18137,8538,16179,3663,4475,7982,11335,4778,11014,1246,1213,3554,4969,3037,5770,3024,8116,3468,6752,1546,1772,1797,3560,1805,5839,87878,56472,8656,984,52977,3,0,16,10
2021-03-13T23:59:59+01:00,5,7,3273,4063,9498,13587,9214,13526,7891,17562,8333,15746,3554,4373,7791,11042,4730,10926,1246,1213,3554,4969,3037,5770,3023,8116,3466,6750,1542,1771,1795,3556,1804,5838,87223,56455,8656,984,49226,2,0,16,10
2021-03-12T23:59:59+01:00,5,7,3212,3926,9252,13047,8976,12996,7658,16926,7976,14995,3391,4203,7408,10634,4592,10737,1242,1210,3549,4955,3034,5767,3016,8108,3462,6744,1515,1742,1774,3538,1704,5660,85450,56026,8410,983,46065,2,0,16,10
2021-03-11T23:59:59+01:00,5,7,3061,3658,8876,12287,8672,12320,7325,16142,7634,14351,3234,4001,6853,9915,4402,10425,1223,1200,3515,4911,2991,5690,2981,7984,3411,6646,1471,1689,1695,3338,1506,5146,83003,55281,7965,106,42185,1,0,15,10
2021-03-10T23:59:59+01:00,5,7,2996,3551,8376,11776,7995,11837,7004,15651,7334,13760,3074,3844,6293,9220,4231,10151,1212,1186,3485,4853,2960,5614,2945,7844,3357,6524,1433,1649,1637,3242,1390,4867,81185,54106,7414,83,38492,0,0,14,10
2021-03-09T23:59:59+01:00,5,6,2891,3375,7692,11325,7098,11350,6585,15039,6969,13153,2844,3543,5785,8589,4075,9875,1207,1182,3463,4806,2933,5549,2928,7792,3339,6478,1418,1625,1602,3199,1285,4669,78891,53419,6058,49,35236,0,0,14,8
2021-03-08T23:59:59+01:00,5,6,2718,3140,7050,10780,6284,10871,6184,14510,6575,12586,2633,3332,5182,7850,3929,9607,1200,1176,3442,4740,2908,5473,2889,7698,3307,6402,1411,1616,1599,3191,1280,4666,76066,52944,4920,47,32243,0,0,13,8
2021-03-07T23:59:59+01:00,5,6,2606,3007,6719,10279,5873,10330,5888,14060,6335,12197,2535,3241,4417,6787,3712,9324,1197,1173,3439,4735,2903,5461,2885,7681,3299,6389,1406,1603,1578,3151,1265,4625,72813,52738,4089,45,30407,0,0,12,8
2021-03-06T23:59:59+01:00,5,5,2561,2865,6535,9825,5673,9913,5412,13204,5960,11457,2514,3214,4411,6776,3711,9322,1197,1172,3436,4730,2901,5460,2884,7680,3298,6386,1404,1600,1578,3149,1264,4625,71585,52712,4089,45,27677,0,0,12,8
2021-03-05T23:59:59+01:00,5,5,2469,2610,6322,9241,5459,9515,5235,12636,5576,10479,2288,2749,4032,6394,3572,9107,1185,1169,3418,4714,2896,5447,2876,7662,3287,6367,1390,1593,1577,3145,1259,4621,69255,52555,3856,45,24571,0,0,12,7
2021-03-04T23:59:59+01:00,5,5,2393,2405,6107,8805,5296,9173,5054,12215,5401,10100,2196,2579,3478,5570,3406,8769,1173,1155,3375,4615,2863,5381,2844,7564,3254,6293,1370,1586,1563,3131,1251,4610,67206,51979,3415,45,22324,0,0,12,5
2021-03-03T23:59:59+01:00,4,5,2336,2354,5937,8390,5125,8812,4840,11763,5211,9654,2114,2471,3075,5132,3247,8475,1153,1147,3340,4567,2826,5316,2804,7465,3207,6219,1350,1561,1544,3100,1245,4593,65780,51392,3172,42,19981,0,0,12,4
2021-03-02T23:59:59+01:00,4,5,2282,2266,5775,8056,4967,8555,4677,11361,5050,9336,2048,2380,2770,4775,3030,8154,1148,1138,3322,4546,2811,5290,2787,7416,3199,6191,1345,1550,1526,3083,1242,4587,64428,51136,2911,42,18140,0,0,12,4
2021-03-01T23:59:59+01:00,4,5,2256,2239,5671,7840,4867,8410,4593,11209,4950,9162,1993,2303,2474,4453,2842,7838,1142,1135,3308,4528,2799,5261,2771,7370,3185,6163,1339,1547,1519,3074,1239,4583,63165,50918,2690,42,17242,0,0,12,4
2021-02-28T23:59:59+01:00,3,5,2204,2196,5493,7579,4691,8189,4457,11023,4843,9035,1956,2241,2179,4151,2639,7529,1133,1129,3293,4518,2792,5254,2765,7356,3178,6149,1334,1544,1512,3058,1238,4551,62054,50759,2388,42,15959,0,0,12,4
2021-02-27T23:59:59+01:00,3,5,2117,1887,5316,7154,4593,7877,4374,10674,4771,8785,1928,2180,2151,4106,2619,7475,1129,1125,3291,4517,2787,5252,2761,7353,3173,6146,1332,1544,1512,3057,1237,4550,61822,50724,2388,39,13793,0,0,12,4
2021-02-26T23:59:59+01:00,3,5,2060,1809,5169,6915,4446,7617,4223,10409,4562,8502,1799,2073,2090,4068,2512,7295,1108,1112,3274,4483,2775,5212,2748,7300,3151,6092,1326,1533,1508,3049,1236,4548,60494,50414,2382,38,12669,0,0,12,4
2021-02-25T23:59:59+01:00,3,5,1943,1710,4843,6513,4018,7156,3937,9895,4327,8121,1741,2015,2056,4007,2402,7101,1092,1097,3237,4440,2745,5160,2702,7193,3111,5999,1316,1517,1494,3009,1223,4489,60018,49785,2275,36,9489,0,0,11,4
2021-02-24T23:59:59+01:00,3,5,1914,1650,4726,6299,3913,6941,3815,9652,4203,7961,1719,1983,2024,3965,2290,6903,1079,1092,3210,4378,2709,5094,2677,7109,3082,5928,1300,1500,1469,2961,1211,4420,59472,49191,2029,25,8454,0,0,11,4
2021-02-23T23:59:59+01:00,3,5,1689,1503,4352,5809,3632,6547,3595,9273,4048,7675,1690,1952,1980,3918,2177,6720,1060,1081,3172,4350,2681,5037,2651,7033,3047,5869,1280,1480,1442,2926,1201,4370,59018,48667,1982,11,5557,0,0,11,3
2021-02-22T23:59:59+01:00,3,5,1680,1484,4301,5750,3596,6484,3531,9180,3987,7580,1658,1925,1954,3867,2060,6523,1056,1068,3151,4305,2661,4998,2626,6973,3018,5816,1268,1466,1433,2916,1193,4361,58477,48301,1840,6,5240,0,0,11,3
2021-02-21T23:59:59+01:00,3,5,1668,1480,4271,5717,3553,6446,3490,9126,3943,7530,1650,1918,1949,3858,1940,6360,1050,1057,3130,4267,2632,4948,2611,6904,2989,5728,1254,1450,1413,2856,1169,4284,58134,47734,1834,6,4928,0,0,11,3
2021-02-20T23:59:59+01:00,3,5,1667,1479,4266,5714,3551,6445,3490,9125,3942,7529,1645,1916,1947,3854,1939,6360,1050,1057,3128,4265,2632,4948,2610,6903,2989,5728,1254,1449,1412,2856,1169,4284,58119,47726,1834,6,4913,0,0,11,3
2021-02-19T23:59:59+01:00,3,5,1649,1472,4253,5694,3540,6431,3479,9115,3932,7514,1619,1887,1926,3836,1839,6180,1049,1056,3127,4264,2631,4947,2610,6901,2986,5726,1254,1448,1412,2855,1169,4284,57700,47711,1829,6,4836,0,0,9,3
2021-02-18T23:59:59+01:00,3,5,1605,1441,4157,5583,3469,6329,3391,8951,3847,7373,1597,1852,1892,3767,1709,5983,1003,1013,2988,4039,2505,4675,2499,6565,2879,5462,1223,1405,1380,2769,1143,4135,57056,45676,1739,6,4150,0,0,9,2
2021-02-17T23:59:59+01:00,3,4,1583,1412,4061,5433,3384,6179,3273,8716,3720,7172,1545,1784,1820,3666,1592,5678,946,963,2835,3817,2388,4363,2372,6154,2750,5150,1174,1345,1334,2662,1096,3973,55847,43314,1728,6,3441,0,0,9,2
2021-02-16T23:59:59+01:00,3,4,1509,1345,3901,5235,3247,5998,3165,8484,3598,7006,1521,1759,1785,3636,1479,5471,860,931,2704,3660,2289,4152,2246,5832,2619,4896,1118,1253,1189,2361,842,3361,55157,40308,1711,3,2271,0,0,7,2
2021-02-15T23:59:59+01:00,3,4,1494,1327,3855,5149,3188,5911,3108,8369,3531,6900,1510,1745,1770,3613,1471,5451,825,909,2623,3531,2213,3972,2162,5554,2531,4683,1075,1189,1103,2187,778,3146,54692,38479,1709,1,1991,0,0,7,1
2021-02-14T23:59:59+01:00,3,4,1428,1299,3770,5072,3145,5802,3052,8215,3487,6791,1490,1714,1718,3486,1416,5204,816,903,2574,3463,2174,3904,2108,5434,2465,4576,1048,1153,1018,2015,707,2911,54449,37267,1098,1,1542,0,0,7,1
2021-02-13T23:59:59+01:00,3,4,1426,1298,3762,5067,3138,5801,3049,8213,3484,6789,1489,1711,1718,3484,1414,5204,816,903,2574,3463,2174,3904,2106,5433,2464,4576,1046,1152,1018,2015,707,2911,54430,37262,1097,0,1520,0,0,7,0
2021-02-12T23:59:59+01:00,3,3,1393,1282,3724,5033,3116,5781,3027,8180,3465,6744,1473,1701,1708,3467,1405,5185,809,895,2541,3410,2140,3859,2076,5379,2446,4545,1045,1151,1017,2015,706,2909,54203,36943,1095,0,1385,0,0,7,0
2021-02-11T23:59:59+01:00,3,3,1346,1239,3611,4861,3025,5609,2929,7869,3365,6532,1413,1641,1641,3289,1321,4859,772,832,2286,2966,1914,3381,1845,4634,2175,4016,962,1082,931,1823,657,2640,53573,32916,129,0,849,0,0,5,0
2021-02-10T23:59:59+01:00,3,3,1325,1217,3552,4751,2959,5505,2887,7719,3311,6401,1396,1624,1614,3250,1308,4822,695,775,1994,2557,1704,2932,1606,4027,1918,3554,852,935,768,1451,529,2150,52926,28447,127,0,590,0,0,4,0
2021-02-09T23:59:59+01:00,3,2,1312,1199,3497,4681,2929,5436,2867,7624,3274,6333,1389,1610,1586,3228,1298,4809,647,697,1733,2201,1510,2543,1421,3527,1746,3190,820,901,745,1379,508,2037,52616,25605,122,0,335,0,0,4,0
2021-02-08T23:59:59+01:00,3,2,1298,1195,3468,4651,2909,5399,2846,7572,3255,6303,1379,1603,1577,3202,1296,4791,634,663,1582,1964,1369,2289,1287,3219,1586,2930,781,880,697,1273,476,1868,52317,23498,96,0,332,0,0,4,0
2021-02-07T23:59:59+01:00,3,2,1166,1151,3361,4596,2855,5357,2819,7533,3230,6266,1369,1587,1569,3180,1291,4759,487,517,1313,1608,1128,1839,1079,2629,1358,2409,675,754,615,1114,431,1652,52022,19608,68,0,0,0,0,4,0
2021-02-06T23:59:59+01:00,3,2,1162,1149,3359,4594,2851,5354,2812,7530,3226,6262,1367,1585,1568,3177,1290,4758,363,368,1113,1356,991,1535,935,2215,1192,1990,586,652,587,1097,428,1649,51977,17057,68,0,0,0,0,4,0
2021-02-05T23:59:59+01:00,3,1,1151,1138,3343,4573,2844,5327,2801,7485,3207,6216,1361,1577,1565,3170,1289,4758,261,206,928,1038,842,1163,759,1762,1014,1581,469,546,560,1077,425,1645,51737,14276,68,0,0,0,0,4,0
2021-02-04T23:59:59+01:00,3,1,1135,1121,3298,4525,2803,5251,2758,7354,3159,6132,1347,1562,1552,3139,1280,4731,133,81,623,664,551,740,517,1150,672,988,288,363,460,931,387,1494,51101,10042,46,0,0,0,0,4,0
2021-02-03T23:59:59+01:00,3,1,1113,1115,3272,4480,2774,5209,2737,7301,3129,6075,1337,1553,1528,3099,1275,4686,115,65,495,513,420,597,415,909,514,744,240,284,360,730,303,1163,50639,7867,44,0,0,0,0,4,0
2021-02-02T23:59:59+01:00,3,1,1092,1102,3233,4449,2744,5156,2711,7226,3095,6011,1314,1525,1494,3042,1249,4596,105,56,412,415,348,519,367,820,461,662,219,261,315,660,279,1044,49996,6943,43,0,0,0,0,4,0
2021-02-01T23:59:59+01:00,3,1,1076,1091,3213,4396,2713,5095,2679,7099,3065,5914,1294,1497,1470,3006,1233,4533,78,41,314,310,256,394,274,611,327,497,181,213,249,523,217,813,49332,5298,43,0,0,0,0,3,0
2021-01-31T23:59:59+01:00,3,1,1071,1081,3198,4367,2689,5051,2664,7043,3051,5870,1283,1480,1450,2942,1210,4455,68,40,288,286,231,347,253,570,297,458,162,195,209,427,176,657,48863,4664,43,0,0,0,0,3,0
2021-01-30T23:59:59+01:00,3,1,1070,1081,3195,4363,2688,5051,2663,7042,3051,5869,1283,1479,1449,2942,1210,4455,68,37,281,272,218,331,248,559,293,452,161,192,208,427,176,657,48852,4580,40,0,0,0,0,3,0
2021-01-29T23:59:59+01:00,3,1,1069,1080,3194,4359,2688,5049,2663,7040,3048,5867,1283,1479,1449,2941,1210,4455,64,33,263,258,195,311,232,542,282,444,155,188,204,421,175,655,48835,4422,40,0,0,0,0,3,0
2021-01-28T23:59:59+01:00,3,1,1049,1061,3127,4254,2634,4938,2605,6884,2981,5736,1269,1457,1435,2875,1188,4335,55,18,166,154,129,187,162,357,207,281,124,145,158,262,102,378,47793,2885,37,0,0,0,0,2,0
2021-01-27T23:59:59+01:00,3,1,1004,1023,3041,4110,2553,4758,2510,6601,2897,5536,1239,1415,1399,2786,1155,4195,26,7,100,71,58,92,83,209,117,147,94,113,114,193,77,270,46197,1771,27,0,0,0,0,2,0
2021-01-26T23:59:59+01:00,2,1,927,994,2925,3975,2474,4573,2428,6421,2826,5381,1213,1365,1308,2632,941,3796,26,7,95,70,57,91,81,209,115,146,92,112,114,193,77,270,44164,1755,16,0,0,0,0,2,0
2021-01-25T23:59:59+01:00,2,1,911,977,2846,3846,2428,4425,2367,6224,2767,5230,1195,1343,1294,2607,931,3763,26,7,94,70,55,91,81,209,115,144,92,112,114,193,77,270,43145,1750,11,0,0,0,0,1,0
2021-01-24T23:59:59+01:00,2,1,901,973,2826,3831,2418,4393,2341,6185,2734,5169,1182,1337,1285,2585,918,3729,26,7,94,70,55,91,81,209,114,144,91,112,114,193,77,270,42801,1748,8,0,0,0,0,1,0
2021-01-23T23:59:59+01:00,2,1,901,973,2826,3830,2418,4393,2340,6184,2733,5169,1180,1336,1285,2585,918,3729,26,7,94,70,55,91,81,209,114,144,91,112,114,193,77,269,42796,1747,7,0,0,0,0,0,0
2021-01-22T23:59:59+01:00,2,1,895,966,2794,3784,2384,4328,2309,6109,2712,5122,1179,1335,1284,2584,917,3726,26,7,94,70,55,91,81,209,114,144,91,112,114,193,77,269,42424,1747,7,0,0,0,0,0,0
2021-01-21T23:59:59+01:00,2,1,880,898,2536,3368,2183,3910,2129,5500,2488,4636,1128,1289,1240,2463,887,3574,22,7,83,64,51,74,68,169,94,133,81,97,97,143,65,208,39105,1456,7,0,0,0,0,0,0
2021-01-20T23:59:59+01:00,2,1,805,836,2224,2962,1976,3443,1897,4891,2232,4159,1016,1149,1082,2117,774,3111,22,7,83,64,51,73,68,169,93,133,81,97,97,143,64,208,34670,1453,7,0,0,0,0,0,0
2021-01-19T23:59:59+01:00,2,1,745,758,1933,2516,1733,2981,1661,4233,1989,3687,943,1054,962,1843,677,2762,11,3,50,45,32,45,35,100,44,77,36,37,47,75,39,133,30474,809,6,0,0,0,0,0,0
2021-01-18T23:59:59+01:00,2,1,675,702,1704,2118,1495,2505,1413,3547,1733,3181,862,969,863,1637,625,2492,5,2,19,11,13,20,17,54,17,33,19,22,25,53,28,75,26521,413,3,0,0,0,0,0,0
2021-01-17T23:59:59+01:00,1,1,495,542,1387,1715,1214,1971,1157,2812,1454,2558,723,817,715,1357,515,2123,0,1,3,2,0,0,0,0,0,0,0,0,0,0,0,0,21555,6,2,0,0,0,0,0,0
2021-01-16T23:59:59+01:00,1,0,372,395,1205,1468,1094,1684,1016,2413,1297,2151,636,719,687,1341,513,2122,0,0,0,0,0,0,0,0,0,0,0,0,0,0,0,0,19113,0,1,0,0,0,0,0,0
2021-01-15T23:59:59+01:00,1,0,266,232,1021,1166,945,1337,847,1964,1117,1750,519,609,649,1308,502,2082,0,0,0,0,0,0,0,0,0,0,0,0,0,0,0,0,16314,0,1,0,0,0,0,0,0
2021-01-14T23:59:59+01:00,0,0,151,102,705,778,652,866,611,1305,752,1131,333,422,540,1126,452,1858,0,0,0,0,0,0,0,0,0,0,0,0,0,0,0,0,11784,0,0,0,0,0,0,0,0
2021-01-13T23:59:59+01:00,0,0,127,81,594,608,528,698,494,1049,594,866,280,348,454,958,394,1590,0,0,0,0,0,0,0,0,0,0,0,0,0,0,0,0,9663,0,0,0,0,0,0,0,0
2021-01-12T23:59:59+01:00,0,0,116,65,511,520,449,596,430,920,523,763,246,299,370,766,328,1242,0,0,0,0,0,0,0,0,0,0,0,0,0,0,0,0,8144,0,0,0,0,0,0,0,0
2021-01-11T23:59:59+01:00,0,0,87,52,417,421,365,485,344,743,416,590,212,248,310,637,269,1045,0,0,0,0,0,0,0,0,0,0,0,0,0,0,0,0,6641,0,0,0,0,0,0,0,0
2021-01-10T23:59:59+01:00,0,0,73,45,352,348,299,404,288,646,346,523,186,220,250,505,212,814,0,0,0,0,0,0,0,0,0,0,0,0,0,0,0,0,5511,0,0,0,0,0,0,0,0
2021-01-09T23:59:59+01:00,0,0,73,43,337,328,275,382,280,630,338,516,185,219,249,503,212,814,0,0,0,0,0,0,0,0,0,0,0,0,0,0,0,0,5384,0,0,0,0,0,0,0,0
2021-01-08T23:59:59+01:00,0,0,69,37,303,296,229,341,253,588,311,477,167,199,224,445,192,716,0,0,0,0,0,0,0,0,0,0,0,0,0,0,0,0,4847,0,0,0,0,0,0,0,0
2021-01-07T23:59:59+01:00,0,0,58,25,213,198,160,242,194,421,240,341,138,160,170,288,121,445,0,0,0,0,0,0,0,0,0,0,0,0,0,0,0,0,3414,0,0,0,0,0,0,0,0
2021-01-06T23:59:59+01:00,0,0,47,16,163,120,113,161,144,294,177,241,108,128,129,222,82,312,0,0,0,0,0,0,0,0,0,0,0,0,0,0,0,0,2457,0,0,0,0,0,0,0,0
2021-01-05T23:59:59+01:00,0,0,29,8,97,72,58,94,86,212,116,149,98,118,120,204,81,291,0,0,0,0,0,0,0,0,0,0,0,0,0,0,0,0,1833,0,0,0,0,0,0,0,0
2021-01-04T23:59:59+01:00,0,0,27,8,97,71,55,92,86,212,116,147,98,117,120,204,81,291,0,0,0,0,0,0,0,0,0,0,0,0,0,0,0,0,1822,0,0,0,0,0,0,0,0
2021-01-03T23:59:59+01:00,0,0,27,8,97,71,55,92,86,212,115,147,97,117,120,204,81,291,0,0,0,0,0,0,0,0,0,0,0,0,0,0,0,0,1820,0,0,0,0,0,0,0,0
2021-01-02T23:59:59+01:00,0,0,27,8,97,71,55,92,86,212,114,147,97,117,120,204,81,290,0,0,0,0,0,0,0,0,0,0,0,0,0,0,0,0,1818,0,0,0,0,0,0,0,0
2021-01-01T23:59:59+01:00,0,0,27,8,97,71,55,92,86,212,113,146,97,117,120,204,81,290,0,0,0,0,0,0,0,0,0,0,0,0,0,0,0,0,1816,0,0,0,0,0,0,0,0
2020-12-31T23:59:59+01:00,0,0,27,8,97,71,55,92,86,212,112,146,97,117,120,204,81,290,0,0,0,0,0,0,0,0,0,0,0,0,0,0,0,0,1815,0,0,0,0,0,0,0,0
2020-12-30T23:59:59+01:00,0,0,27,8,97,71,54,92,86,212,112,146,97,117,120,204,80,290,0,0,0,0,0,0,0,0,0,0,0,0,0,0,0,0,1813,0,0,0,0,0,0,0,0
2020-12-29T23:59:59+01:00,0,0,15,2,65,53,32,61,50,138,64,89,47,51,67,119,51,195,0,0,0,0,0,0,0,0,0,0,0,0,0,0,0,0,1099,0,0,0,0,0,0,0,0
2020-12-28T23:59:59+01:00,0,0,5,2,36,26,19,30,21,67,25,41,20,22,26,47,28,74,0,0,0,0,0,0,0,0,0,0,0,0,0,0,0,0,489,0,0,0,0,0,0,0,0
2020-12-27T23:59:59+01:00,0,0,0,0,7,5,7,2,1,5,0,2,0,1,2,2,4,6,0,0,0,0,0,0,0,0,0,0,0,0,0,0,0,0,44,0,0,0,0,0,0,0,0
