Datum,<15_1_m,<15_1_w,15-24_1_m,15-24_1_w,25-34_1_m,25-34_1_w,35-44_1_m,35-44_1_w,45-54_1_m,45-54_1_w,55-64_1_m,55-64_1_w,65-74_1_m,65-74_1_w,75-84_1_m,75-84_1_w,>84_1_m,>84_1_w,<15_2_m,<15_2_w,15-24_2_m,15-24_2_w,25-34_2_m,25-34_2_w,35-44_2_m,35-44_2_w,45-54_2_m,45-54_2_w,55-64_2_m,55-64_2_w,65-74_2_m,65-74_2_w,75-84_2_m,75-84_2_w,>84_2_m,>84_2_w,bp_1,bp_2,mo_1,mo_2,az_1,az_2,ja,unb_1,unb_2
2021-11-26T23:59:59+01:00,19253,18073,80375,78904,122149,117922,109481,108039,103206,108047,99433,100979,58676,72657,45158,62903,11212,22865,11830,11269,69775,69456,111158,107051,100528,98915,96157,100888,94561,95956,56438,69962,43908,60876,10712,21670,937499,848067,140358,134387,159118,146162,102100,349,394
2021-11-25T23:59:59+01:00,18402,17293,80174,78680,121902,117617,109268,107754,102995,107842,99285,100794,58548,72543,45117,62837,11201,22844,11724,11175,69595,69273,110936,106815,100314,98728,95987,100720,94434,95842,56399,69921,43895,60854,10708,21655,933470,846072,140210,134305,159115,146161,102043,349,394
2021-11-24T23:59:59+01:00,17818,16741,80032,78536,121759,117431,109130,107592,102858,107702,99181,100693,58496,72439,45099,62761,11196,22823,11661,11124,69455,69168,110775,106650,100181,98608,95899,100599,94343,95753,56371,69879,43880,60826,10705,21641,930766,844695,140132,134251,159112,146158,102020,348,394
2021-11-23T23:59:59+01:00,17093,16144,79862,78392,121600,117230,108960,107427,102736,107565,99078,100566,58423,72352,45074,62706,11186,22795,11612,11070,69305,69060,110582,106508,100041,98471,95760,100476,94253,95672,56347,69836,43860,60792,10700,21628,927779,843263,140055,134174,159112,146157,101986,348,393
2021-11-22T23:59:59+01:00,16511,15631,79689,78238,121431,117038,108803,107254,102612,107429,98963,100464,58357,72271,45054,62657,11177,22775,11564,11020,69166,68966,110404,106361,99899,98362,95669,100389,94169,95610,56322,69792,43840,60762,10699,21616,925037,841984,139997,134126,159110,146154,101954,347,392
2021-11-21T23:59:59+01:00,16017,15167,79487,78040,121197,116800,108606,107080,102475,107297,98867,100355,58306,72189,45039,62619,11170,22759,11523,10994,68988,68849,110190,106216,99726,98212,95562,100294,94072,95544,56283,69743,43830,60741,10697,21609,922279,840562,139927,134058,159100,146153,101908,347,392
2021-11-20T23:59:59+01:00,15794,14963,79337,77920,121050,116647,108452,106964,102375,107207,98810,100282,58289,72165,45030,62605,11168,22754,11496,10965,68864,68755,110013,106110,99573,98122,95435,100208,94016,95507,56273,69723,43825,60733,10697,21609,920701,839508,139892,134008,159097,146150,101866,347,392
2021-11-19T23:59:59+01:00,15483,14639,79072,77661,120774,116365,108195,106747,102215,107018,98695,100161,58264,72116,45015,62588,11164,22748,11430,10910,68703,68624,109811,105926,99373,97954,95290,100097,93931,95450,56260,69694,43816,60721,10695,21608,917913,837985,139833,133944,159096,146150,101822,347,392
2021-11-18T23:59:59+01:00,15090,14261,78701,77332,120442,115970,107902,106406,101998,106773,98559,99998,58183,72042,44999,62537,11156,22725,11309,10802,68474,68409,109575,105696,99140,97740,95123,99944,93818,95343,56225,69646,43799,60689,10691,21596,914246,835843,139708,133863,159090,146148,101773,347,392
2021-11-17T23:59:59+01:00,14862,14022,78392,77060,120126,115583,107645,106116,101803,106555,98447,99842,58121,71959,44977,62496,11150,22700,11258,10755,68299,68245,109391,105511,99003,97614,95009,99818,93736,95263,56187,69597,43786,60666,10688,21587,911227,834365,139569,133792,159085,146147,101717,347,392
2021-11-16T23:59:59+01:00,14625,13808,77989,76722,119683,115210,107317,105784,101573,106319,98296,99695,58055,71877,44955,62449,11140,22687,11187,10680,68125,68072,109183,105315,98844,97476,94909,99704,93641,95194,56161,69556,43763,60642,10684,21575,907708,832813,139498,133722,159080,146146,101639,347,391
2021-11-15T23:59:59+01:00,14374,13588,77527,76309,119210,114729,106916,105441,101317,106084,98139,99541,57986,71812,44927,62404,11133,22671,11129,10648,67974,67930,108995,105151,98701,97344,94806,99605,93560,95127,56130,69510,43736,60615,10679,21556,903836,831480,139386,133634,159076,146141,101551,347,390
2021-11-14T23:59:59+01:00,13995,13219,77020,75906,118697,114256,106566,105082,101042,105828,97977,99390,57921,71728,44903,62377,11131,22656,11052,10592,67814,67796,108808,104975,98562,97213,94698,99503,93487,95050,56088,69470,43722,60593,10675,21550,899638,830087,139255,133550,159057,146136,101485,347,390
2021-11-13T23:59:59+01:00,13860,13087,76689,75595,118362,114002,106320,104854,100870,105685,97900,99303,57902,71705,44900,62368,11131,22654,11010,10557,67690,67676,108679,104861,98468,97116,94622,99441,93446,95016,56077,69456,43719,60587,10675,21547,897321,829252,139183,133493,159049,146133,101375,347,390
2021-11-12T23:59:59+01:00,13679,12905,76297,75244,118035,113715,106023,104609,100645,105499,97767,99190,57872,71674,44890,62352,11130,22654,10954,10507,67547,67525,108546,104747,98353,97003,94526,99351,93386,94956,56062,69438,43714,60577,10674,21547,894437,828133,139120,133447,159047,146127,101316,347,390
2021-11-11T23:59:59+01:00,13456,12691,75797,74811,117570,113262,105629,104226,100393,105251,97608,99039,57802,71579,44872,62294,11122,22636,10793,10377,67333,67345,108382,104534,98191,96827,94408,99220,93309,94875,56027,69400,43688,60547,10670,21521,890511,826344,139004,133371,159037,146118,101225,347,389
2021-11-10T23:59:59+01:00,13329,12578,75405,74508,117216,112928,105348,103959,100208,105049,97467,98921,57750,71513,44851,62253,11116,22621,10717,10313,67174,67195,108237,104385,98088,96684,94316,99117,93235,94808,55983,69359,43669,60516,10663,21507,887725,825034,138894,133318,159023,146110,101115,347,389
2021-11-09T23:59:59+01:00,13217,12460,74915,74166,116747,112600,105067,103689,99975,104843,97318,98792,57696,71464,44827,62220,11112,22610,10606,10221,67004,67057,108076,104232,97949,96572,94241,99027,93175,94743,55954,69326,43656,60495,10656,21496,884639,823741,138787,133256,159019,146093,101008,347,388
2021-11-08T23:59:59+01:00,13094,12365,74406,73831,116323,112218,104750,103397,99744,104646,97185,98670,57637,71399,44802,62186,11106,22596,10563,10165,66866,66940,107924,104100,97852,96463,94171,98936,93124,94671,55915,69279,43647,60469,10653,21490,881523,822681,138666,133179,159009,146088,100892,347,388
2021-11-07T23:59:59+01:00,12994,12259,73977,73543,115900,111845,104414,103104,99525,104459,97050,98544,57584,71342,44772,62158,11102,22587,10511,10123,66733,66811,107771,103941,97736,96330,94094,98838,93059,94604,55880,69232,43623,60446,10649,21482,878579,821522,138532,133101,159004,146074,100778,347,388
2021-11-06T23:59:59+01:00,12904,12188,73731,73296,115589,111633,104199,102904,99357,104329,96974,98478,57571,71320,44765,62144,11101,22587,10486,10099,66647,66725,107657,103866,97665,96269,94052,98787,93031,94584,55876,69223,43620,60439,10647,21481,876662,820947,138468,133072,159001,146074,100673,347,388
2021-11-05T23:59:59+01:00,12789,12078,73476,73064,115316,111376,103965,102689,99168,104171,96869,98385,57554,71291,44757,62130,11100,22584,10406,10030,66538,66617,107547,103752,97583,96176,93979,98708,92982,94544,55867,69207,43616,60434,10646,21479,874533,820053,138396,133032,158998,146070,100568,347,388
2021-11-04T23:59:59+01:00,12681,11973,73285,72819,115048,111132,103749,102474,98983,104008,96763,98287,57514,71249,44747,62103,11097,22576,10308,9939,66395,66482,107418,103583,97486,96045,93891,98613,92910,94471,55835,69174,43603,60399,10642,21470,872427,818769,138324,132964,158994,146066,100477,346,388
2021-11-03T23:59:59+01:00,12615,11915,73128,72670,114808,110935,103595,102338,98875,103878,96673,98212,57486,71221,44734,62083,11094,22565,10263,9899,66246,66367,107292,103452,97381,95936,93810,98554,92854,94415,55817,69144,43586,60369,10636,21454,870900,817721,138277,132909,158990,146064,100393,345,388
2021-11-02T23:59:59+01:00,12577,11876,72926,72530,114547,110729,103392,102201,98719,103772,96583,98127,57461,71187,44723,62068,11090,22551,10141,9807,66068,66234,107134,103309,97280,95817,93727,98476,92794,94350,55790,69113,43573,60334,10632,21437,869326,816460,138205,132839,158988,146056,100274,345,387
2021-11-01T23:59:59+01:00,12489,11802,72706,72368,114306,110541,103165,102047,98552,103652,96502,98069,57440,71152,44712,62050,11088,22543,10081,9744,65907,66087,106987,103173,97162,95719,93646,98389,92731,94292,55765,69078,43559,60314,10629,21426,867689,815348,138102,132761,158984,146051,100142,345,387
2021-10-31T23:59:59+01:00,12452,11780,72577,72285,114147,110461,103009,101959,98463,103593,96460,98039,57429,71146,44710,62046,11088,22542,10048,9721,65817,66041,106901,103116,97091,95678,93607,98365,92707,94275,55758,69073,43557,60312,10626,21422,866851,814928,138060,132728,158983,146047,100025,345,387
2021-10-30T23:59:59+02:00,12421,11761,72461,72204,113951,110371,102873,101869,98353,103493,96398,98012,57417,71130,44705,62040,11087,22539,10019,9714,65737,65984,106817,103060,97020,95628,93562,98318,92682,94264,55752,69068,43556,60308,10623,21419,865905,814516,138023,132676,158982,146044,99908,345,387
2021-10-29T23:59:59+02:00,12382,11722,72276,72078,113696,110194,102648,101719,98193,103396,96312,97959,57404,71119,44700,62030,11087,22535,9982,9681,65606,65872,106665,102957,96905,95539,93473,98241,92624,94222,55738,69055,43553,60303,10623,21419,864553,813714,137956,132621,158980,146042,99694,345,387
2021-10-28T23:59:59+02:00,12290,11664,72063,71896,113398,109940,102416,101551,98019,103249,96205,97877,57382,71087,44689,62015,11085,22530,9911,9622,65405,65664,106467,102751,96744,95368,93352,98117,92540,94175,55712,69004,43545,60284,10622,21412,862824,812316,137874,132544,158976,146033,99415,345,387
2021-10-27T23:59:59+02:00,12236,11604,71894,71734,113200,109738,102247,101409,97894,103132,96116,97816,57356,71045,44671,61990,11083,22525,9826,9556,65248,65501,106331,102622,96631,95270,93263,98025,92483,94119,55680,68965,43534,60261,10616,21399,861402,811216,137795,132451,158974,146024,99252,345,387
2021-10-26T23:59:59+02:00,12163,11519,71671,71520,112973,109538,102061,101275,97757,103025,96043,97751,57323,71019,44658,61975,11082,22517,9756,9470,65056,65306,106159,102467,96498,95131,93166,97941,92410,94053,55657,68928,43520,60229,10613,21387,859876,809904,137701,132375,158968,146023,99058,345,387
2021-10-25T23:59:59+02:00,12120,11496,71545,71422,112850,109427,101965,101192,97674,102955,96007,97716,57317,71010,44657,61966,11080,22514,9741,9455,64975,65240,106094,102418,96460,95098,93127,97915,92387,94040,55651,68921,43519,60227,10613,21383,859049,809538,137663,132352,158967,146020,98967,345,387
2021-10-24T23:59:59+02:00,12047,11434,71361,71253,112586,109250,101787,101029,97520,102825,95927,97639,57289,70971,44645,61958,11079,22511,9680,9400,64775,65049,105896,102258,96311,94972,93020,97813,92330,93981,55619,68884,43511,60203,10611,21379,857569,808313,137597,132264,158967,146017,98711,345,387
2021-10-23T23:59:59+02:00,12021,11407,71258,71170,112463,109152,101694,100946,97460,102776,95882,97616,57277,70958,44644,61957,11079,22511,9645,9361,64696,64960,105802,102198,96249,94918,92965,97760,92299,93954,55601,68873,43510,60200,10610,21379,856884,807768,137552,132208,158966,146015,98602,345,387
2021-10-22T23:59:59+02:00,11947,11365,71097,71037,112243,108998,101533,100827,97346,102675,95822,97565,57266,70941,44642,61949,11079,22509,9557,9276,64525,64779,105621,102055,96115,94800,92868,97674,92244,93901,55588,68862,43507,60187,10609,21377,855739,806640,137490,132132,158966,146008,98378,345,387
2021-10-21T23:59:59+02:00,11813,11237,70892,70879,112043,108800,101353,100655,97191,102551,95732,97502,57243,70908,44627,61926,11074,22495,9460,9158,64305,64559,105428,101839,95961,94601,92743,97559,92170,93827,55563,68826,43494,60158,10607,21367,854074,805027,137425,132022,158963,145998,98191,345,387
2021-10-20T23:59:59+02:00,11766,11187,70769,70750,111899,108664,101243,100564,97101,102470,95670,97448,57214,70873,44613,61908,11069,22478,9337,9062,64108,64375,105304,101675,95848,94463,92644,97452,92096,93773,55536,68770,43468,60125,10590,21338,853008,803547,137373,131962,158961,145992,98076,345,387
2021-10-19T23:59:59+02:00,11664,11096,70623,70615,111764,108530,101150,100482,97027,102409,95612,97395,57192,70836,44605,61890,11065,22462,9243,8969,63889,64170,105137,101514,95733,94341,92565,97355,92046,93716,55503,68727,43450,60084,10580,21323,851908,802133,137321,131877,158956,145985,97964,345,386
2021-10-18T23:59:59+02:00,11614,11056,70490,70525,111620,108422,101043,100396,96961,102356,95556,97345,57164,70806,44588,61867,11058,22450,9192,8919,63744,64020,105017,101350,95637,94226,92497,97273,91987,93659,55477,68695,43438,60058,10576,21320,850988,801042,137239,131805,158951,145981,97871,345,386
2021-10-17T23:59:59+02:00,11568,11015,70332,70392,111490,108308,100934,100319,96906,102298,95516,97292,57142,70784,44582,61852,11056,22445,9137,8869,63511,63764,104853,101207,95508,94089,92397,97188,91928,93595,55454,68662,43428,60041,10572,21314,850054,799678,137189,131710,158949,145972,97771,345,386
2021-10-16T23:59:59+02:00,11549,10994,70272,70343,111431,108262,100908,100293,96872,102269,95497,97283,57141,70781,44581,61850,11054,22445,9107,8836,63416,63676,104788,101152,95461,94027,92366,97157,91907,93577,55449,68656,43426,60038,10572,21313,849712,799184,137172,131659,158949,145971,97724,345,386
2021-10-15T23:59:59+02:00,11494,10954,70160,70257,111319,108171,100837,100218,96815,102216,95467,97252,57134,70779,44581,61844,11053,22445,9057,8760,63279,63489,104677,101035,95369,93927,92287,97074,91859,93539,55440,68634,43421,60027,10572,21311,849010,798195,137149,131586,158948,145969,97621,345,386
2021-10-14T23:59:59+02:00,11391,10856,69978,70076,111178,108025,100722,100125,96717,102132,95412,97194,57113,70744,44569,61820,11050,22438,8930,8623,62980,63203,104521,100822,95223,93728,92166,96942,91785,93461,55402,68583,43402,60000,10568,21303,847745,796314,137071,131464,158939,145962,97516,345,386
2021-10-13T23:59:59+02:00,11292,10789,69831,69962,111061,107916,100629,100030,96636,102047,95362,97136,57078,70699,44554,61791,11045,22422,8892,8586,62818,63053,104385,100683,95118,93582,92077,96856,91724,93389,55364,68540,43381,59970,10559,21293,846702,795168,137000,131389,158935,145953,97374,345,386
2021-10-12T23:59:59+02:00,11151,10680,69652,69826,110963,107800,100531,99937,96576,101987,95321,97090,57063,70666,44544,61776,11041,22415,8830,8539,62656,62892,104254,100554,95001,93462,91989,96785,91665,93333,55312,68505,43369,59947,10555,21280,845626,794011,136934,131327,158931,145947,97259,344,384
2021-10-11T23:59:59+02:00,11080,10618,69506,69710,110842,107693,100444,99858,96514,101911,95266,97050,57035,70636,44524,61756,11036,22402,8792,8506,62481,62724,104128,100429,94906,93364,91916,96697,91614,93285,55275,68463,43354,59920,10546,21272,844654,792946,136866,131241,158928,145937,97164,344,384
2021-10-10T23:59:59+02:00,11008,10567,69350,69596,110701,107556,100348,99768,96447,101834,95219,97012,57017,70616,44518,61744,11028,22399,8755,8472,62293,62575,103967,100270,94801,93230,91826,96593,91537,93243,55249,68438,43345,59907,10543,21263,843708,791806,136818,131181,158924,145927,97009,344,384
2021-10-09T23:59:59+02:00,10983,10549,69262,69536,110633,107511,100308,99727,96409,101802,95202,96995,57010,70609,44517,61743,11028,22399,8720,8431,62204,62497,103883,100194,94744,93172,91784,96548,91515,93221,55243,68427,43340,59899,10542,21262,843313,791263,136786,131123,158922,145923,96933,344,384
2021-10-08T23:59:59+02:00,10909,10494,69119,69439,110495,107406,100235,99634,96344,101751,95153,96949,56998,70593,44514,61740,11028,22398,8659,8344,62034,62310,103750,100043,94630,93053,91697,96454,91467,93181,55226,68414,43334,59890,10540,21261,842479,790158,136735,131036,158921,145916,96794,344,383
2021-10-07T23:59:59+02:00,10830,10416,68914,69259,110313,107227,100097,99491,96256,101629,95079,96881,56976,70556,44501,61719,11024,22385,8529,8220,61752,62056,103555,99823,94481,92837,91590,96320,91393,93108,55193,68365,43319,59859,10533,21251,841069,788349,136664,130913,158919,145908,96631,344,383
2021-10-06T23:59:59+02:00,10760,10357,68739,69110,110178,107083,99999,99382,96170,101565,95033,96830,56940,70513,44490,61699,11021,22371,8486,8170,61567,61885,103420,99675,94369,92719,91515,96220,91317,93032,55162,68325,43304,59831,10528,21234,839981,787158,136596,130848,158917,145896,96474,344,383
2021-10-05T23:59:59+02:00,10655,10269,68565,68971,110030,106935,99883,99252,96107,101483,94988,96778,56922,70485,44481,61663,11016,22358,8452,8126,61369,61711,103269,99488,94254,92569,91419,96135,91256,92959,55133,68279,43291,59814,10525,21221,838800,785888,136526,130781,158916,145891,96327,344,383
2021-10-04T23:59:59+02:00,10617,10239,68389,68802,109865,106778,99780,99137,96012,101396,94934,96720,56885,70437,44466,61634,11015,22336,8418,8093,61211,61529,103124,99348,94121,92448,91328,96039,91192,92908,55097,68236,43267,59782,10519,21201,837702,784774,136454,130722,158914,145880,96102,342,383
2021-10-03T23:59:59+02:00,10553,10184,68179,68620,109693,106621,99653,99029,95923,101295,94870,96666,56854,70403,44458,61609,11015,22331,8357,8058,61006,61372,102935,99170,93984,92288,91229,95926,91117,92851,55061,68191,43250,59756,10517,21193,836526,783502,136379,130634,158910,145871,95871,342,383
2021-10-02T23:59:59+02:00,10527,10158,68076,68522,109604,106551,99587,98967,95872,101247,94846,96645,56843,70385,44458,61608,11014,22329,8317,8024,60889,61257,102862,99096,93917,92222,91183,95877,91091,92830,55054,68173,43249,59752,10516,21193,835976,782911,136316,130588,158908,145851,95769,342,383
2021-10-01T23:59:59+02:00,10442,10055,67921,68352,109416,106404,99457,98851,95790,101176,94787,96604,56825,70367,44455,61596,11012,22327,8205,7915,60690,61027,102693,98940,93784,92079,91078,95768,91029,92773,55037,68144,43245,59742,10515,21189,834862,781619,136259,130500,158906,145811,95540,342,383
2021-09-30T23:59:59+02:00,10364,9982,67689,68127,109203,106164,99277,98650,95652,101030,94694,96498,56788,70321,44437,61565,11008,22312,8096,7794,60436,60761,102487,98729,93597,91868,90937,95617,90937,92678,55010,68095,43230,59709,10505,21174,833209,779923,136169,130381,158900,145762,95211,341,383
2021-09-29T23:59:59+02:00,10283,9924,67488,67937,109006,105963,99121,98487,95526,100919,94610,96426,56747,70264,44421,61530,11003,22293,8038,7735,60254,60591,102297,98548,93461,91700,90822,95509,90865,92597,54976,68047,43211,59663,10502,21159,831778,778667,136105,130302,158896,145727,94897,341,382
2021-09-28T23:59:59+02:00,10198,9847,67297,67730,108799,105794,98972,98331,95416,100806,94525,96347,56707,70225,44409,61492,10996,22266,7988,7688,60065,60406,102105,98394,93328,91564,90698,95380,90786,92527,54945,68010,43194,59635,10493,21144,830377,777487,136043,130216,158894,145694,94571,341,382
2021-09-27T23:59:59+02:00,10069,9715,67051,67481,108588,105622,98837,98181,95326,100694,94447,96275,56679,70178,44395,61462,10991,22255,7950,7634,59857,60217,101914,98256,93188,91422,90595,95266,90714,92450,54908,67954,43173,59609,10485,21133,828968,776399,135957,130136,158893,145652,94156,341,382
2021-09-26T23:59:59+02:00,9948,9621,66807,67248,108360,105430,98670,98035,95203,100568,94362,96193,56641,70144,44380,61439,10986,22242,7897,7588,59612,60020,101709,98073,93042,91257,90486,95148,90641,92373,54878,67926,43159,59581,10480,21118,827516,775246,135876,130041,158887,145593,93726,341,382
2021-09-25T23:59:59+02:00,9909,9581,66687,67125,108257,105340,98596,97975,95146,100515,94331,96164,56637,70136,44378,61436,10985,22242,7857,7549,59498,59902,101607,97980,92961,91187,90444,95082,90605,92351,54866,67915,43155,59577,10480,21118,826961,774692,135814,129989,158887,145565,93506,341,382
2021-09-24T23:59:59+02:00,9848,9520,66523,66940,108084,105166,98447,97825,95024,100410,94261,96109,56622,70119,44370,61423,10985,22240,7759,7437,59273,59672,101422,97785,92832,91038,90333,94974,90520,92285,54845,67893,43153,59572,10479,21115,825929,773494,135742,129923,158887,145503,93085,341,382
2021-09-23T23:59:59+02:00,9756,9397,66199,66602,107818,104906,98252,97593,94863,100246,94158,95998,56576,70060,44346,61394,10979,22211,7643,7316,58975,59390,101177,97550,92642,90826,90196,94820,90422,92177,54796,67843,43131,59544,10478,21092,824117,771927,135620,129813,158881,145434,92462,341,382
2021-09-22T23:59:59+02:00,9686,9317,65864,66276,107604,104689,98054,97387,94707,100111,94029,95900,56528,69991,44313,61350,10968,22189,7587,7275,58795,59209,100996,97380,92462,90689,90080,94698,90314,92101,54762,67798,43103,59512,10472,21076,822350,770887,135507,129734,158876,145351,91955,341,382
2021-09-21T23:59:59+02:00,9599,9229,65634,66028,107395,104508,97879,97228,94592,100002,93949,95829,56479,69940,44295,61307,10961,22174,7549,7238,58601,59025,100802,97222,92320,90556,89991,94609,90223,92026,54723,67740,43083,59473,10463,21058,820889,769828,135425,129639,158873,145287,91566,341,382
2021-09-20T23:59:59+02:00,9537,9172,65350,65719,107193,104325,97720,97060,94485,99902,93882,95753,56439,69897,44275,61264,10956,22163,7492,7183,58409,58870,100617,97077,92166,90402,89850,94507,90142,91955,54676,67701,43056,59437,10457,21041,819462,768817,135345,129557,158867,145140,91142,341,382
2021-09-19T23:59:59+02:00,9486,9128,65069,65544,106964,104131,97570,96892,94345,99801,93778,95676,56410,69844,44265,61240,10954,22152,7453,7141,58167,58674,100372,96899,91980,90232,89665,94335,90022,91870,54639,67640,43038,59403,10456,21028,818132,767600,135262,129439,158863,144877,90716,341,382
2021-09-18T23:59:59+02:00,9453,9083,64976,65441,106843,104033,97459,96805,94279,99731,93744,95648,56402,69835,44261,61235,10952,22151,7413,7100,58045,58554,100265,96799,91857,90151,89594,94272,89985,91840,54629,67635,43031,59400,10454,21024,817556,766962,135172,129374,158861,144865,90466,341,381
2021-09-17T23:59:59+02:00,9374,8997,64779,65280,106665,103875,97290,96651,94150,99633,93671,95572,56385,69808,44250,61229,10946,22145,7322,7001,57838,58318,100074,96636,91701,90030,89476,94166,89908,91778,54614,67609,43023,59393,10454,21021,816450,765822,135083,129277,158857,144848,90034,341,381
2021-09-16T23:59:59+02:00,9284,8889,64500,64975,106383,103619,97054,96413,93961,99456,93569,95479,56334,69753,44237,61201,10939,22131,7231,6890,57588,58046,99801,96407,91505,89816,89300,94004,89806,91689,54568,67558,43001,59371,10449,21010,814633,764308,134992,129140,158847,144785,89428,341,379
2021-09-15T23:59:59+02:00,9214,8834,64148,64681,106183,103407,96847,96220,93826,99294,93468,95391,56297,69695,44202,61171,10934,22104,7182,6841,57410,57886,99608,96245,91335,89658,89195,93892,89701,91624,54536,67511,42976,59339,10445,20990,812887,763249,134937,129023,158842,144751,88972,341,379
2021-09-14T23:59:59+02:00,9172,8785,63860,64472,105943,103189,96650,96040,93696,99154,93352,95305,56249,69635,44176,61133,10929,22088,7140,6805,57206,57704,99429,96058,91167,89495,89064,93780,89621,91552,54500,67471,42954,59312,10440,20975,811342,762206,134867,128932,158835,144651,88506,341,378
2021-09-13T23:59:59+02:00,9135,8751,63561,64207,105713,102958,96481,95873,93552,99017,93265,95208,56198,69581,44159,61099,10922,22076,7108,6768,56999,57519,99231,95866,91014,89339,88931,93673,89535,91478,54462,67423,42933,59283,10437,20958,809827,761104,134777,128818,158825,144609,88049,341,377
2021-09-12T23:59:59+02:00,9082,8703,63245,63962,105465,102710,96270,95645,93389,98889,93167,95126,56147,69530,44142,61069,10918,22065,7070,6738,56798,57358,98986,95657,90845,89170,88798,93556,89438,91402,54418,67365,42912,59254,10433,20941,808282,760071,134678,128689,158821,144537,87465,341,377
2021-09-11T23:59:59+02:00,9035,8670,63125,63829,105321,102592,96167,95535,93303,98810,93128,95094,56132,69515,44137,61057,10918,22064,7017,6712,56649,57267,98835,95552,90746,89071,88699,93490,89401,91376,54408,67345,42908,59244,10433,20940,807597,759475,134623,128609,158819,144518,87115,341,376
2021-09-10T23:59:59+02:00,8941,8559,62884,63564,105121,102379,95994,95346,93158,98684,93033,95022,56097,69486,44123,61039,10918,22062,6937,6634,56402,57058,98637,95365,90563,88887,88566,93360,89315,91304,54386,67324,42895,59225,10433,20936,806207,758307,134559,128491,158816,144503,86550,341,376
2021-09-09T23:59:59+02:00,8843,8460,62563,63286,104843,102059,95756,95056,92979,98457,92896,94904,56056,69421,44102,61010,10908,22041,6833,6531,56147,56833,98383,95115,90330,88655,88403,93205,89172,91219,54343,67272,42874,59196,10427,20930,804215,756881,134454,128305,158812,144428,85881,341,373
2021-09-08T23:59:59+02:00,8782,8409,62337,63049,104616,101819,95562,94832,92807,98283,92779,94772,56021,69354,44068,60971,10895,22017,6802,6501,55986,56676,98191,94905,90169,88458,88243,93058,89052,91113,54304,67210,42839,59156,10415,20896,802699,755856,134346,128155,158801,144341,85249,341,373
2021-09-07T23:59:59+02:00,8731,8356,62098,62831,104390,101579,95377,94641,92664,98142,92678,94694,55987,69305,44039,60916,10886,21994,6756,6465,55789,56508,97971,94710,89983,88293,88112,92948,88955,91022,54262,67164,42815,59125,10410,20877,801205,754766,134240,128026,158795,144211,84790,341,372
2021-09-06T23:59:59+02:00,8689,8313,61889,62653,104181,101406,95235,94479,92545,98010,92591,94618,55929,69246,44017,60887,10879,21961,6713,6428,55617,56340,97767,94544,89813,88135,87984,92820,88857,90941,54208,67111,42795,59080,10400,20852,799948,753650,134149,127888,158784,144126,84369,341,372
2021-09-05T23:59:59+02:00,8628,8263,61672,62445,104008,101218,95078,94309,92419,97895,92514,94551,55900,69205,44007,60866,10874,21954,6660,6372,55411,56137,97569,94345,89625,87972,87841,92693,88774,90854,54159,67061,42778,59057,10395,20836,798739,752479,134068,127716,158780,144030,83942,340,372
2021-09-04T23:59:59+02:00,8577,8233,61553,62332,103918,101120,94975,94222,92361,97827,92479,94525,55890,69194,44000,60856,10874,21953,6632,6328,55285,56021,97448,94218,89507,87872,87773,92612,88724,90820,54144,67050,42772,59046,10395,20835,798135,751824,134020,127593,158776,144012,83681,340,372
2021-09-03T23:59:59+02:00,8499,8158,61358,62148,103742,100961,94822,94074,92255,97714,92407,94474,55862,69167,43992,60841,10872,21945,6565,6262,55076,55835,97248,94001,89315,87675,87627,92441,88631,90742,54112,67016,42761,59027,10391,20832,797004,750567,133966,127366,158768,143976,83276,340,372
2021-09-02T23:59:59+02:00,8377,8066,61094,61899,103482,100714,94620,93847,92063,97543,92287,94371,55814,69108,43969,60806,10867,21923,6465,6180,54805,55574,96949,93717,89065,87399,87403,92229,88487,90625,54067,66934,42730,58976,10381,20795,795308,748892,133854,127009,158756,143854,82654,340,372
2021-09-01T23:59:59+02:00,8312,7984,60879,61684,103280,100542,94471,93691,91942,97413,92179,94295,55768,69056,43951,60782,10859,21904,6408,6117,54548,55352,96720,93493,88869,87184,87225,92064,88345,90514,54002,66843,42692,58934,10373,20774,794028,747437,133778,126749,158740,143735,82168,340,368
2021-08-31T23:59:59+02:00,8230,7908,60667,61428,103072,100354,94291,93529,91818,97295,92052,94212,55721,69002,43925,60743,10848,21888,6346,6047,54294,55088,96446,93243,88650,86948,87067,91904,88181,90408,53956,66770,42666,58878,10365,20755,792626,745928,133698,126442,158729,143622,81652,340,368
2021-08-30T23:59:59+02:00,8134,7832,60461,61241,102891,100206,94166,93392,91700,97192,91982,94133,55687,68971,43909,60709,10843,21872,6274,5982,54041,54893,96201,93006,88433,86717,86885,91759,88054,90283,53897,66689,42624,58815,10348,20726,791498,744476,133640,126129,158722,143475,81182,340,365
2021-08-29T23:59:59+02:00,8058,7754,60183,61000,102650,100007,93980,93217,91560,97075,91891,94041,55642,68921,43885,60679,10841,21863,6166,5871,53689,54583,95881,92712,88141,86458,86650,91563,87900,90155,53829,66613,42594,58775,10342,20709,790126,742556,133549,125793,158705,143329,80588,340,365
2021-08-28T23:59:59+02:00,8001,7688,60042,60888,102542,99898,93876,93132,91475,97000,91845,94011,55628,68908,43877,60675,10840,21861,6127,5804,53511,54434,95719,92578,88005,86346,86539,91475,87832,90112,53812,66593,42585,58768,10341,20708,789501,741737,133510,125688,158701,143303,80196,340,365
2021-08-27T23:59:59+02:00,7935,7602,59858,60692,102371,99729,93733,93004,91362,96894,91757,93952,55605,68877,43868,60658,10839,21858,6048,5733,53268,54186,95421,92300,87782,86138,86360,91317,87724,90012,53770,66557,42570,58742,10336,20705,788500,740148,133448,125487,158664,143266,79703,340,365
2021-08-26T23:59:59+02:00,7849,7502,59615,60443,102138,99509,93513,92778,91183,96713,91651,93855,55554,68812,43835,60630,10833,21846,5976,5666,52925,53897,95051,91945,87443,85826,86119,91054,87567,89880,53705,66468,42524,58699,10329,20693,787002,738206,133350,125078,158641,143133,78987,340,363
2021-08-25T23:59:59+02:00,7776,7412,59384,60244,101965,99367,93361,92594,91062,96590,91540,93775,55515,68760,43803,60586,10828,21823,5904,5606,52617,53643,94742,91687,87216,85579,85917,90866,87435,89753,53638,66384,42476,58632,10323,20663,785778,736458,133268,124768,158630,143062,78431,339,362
2021-08-24T23:59:59+02:00,7726,7360,59163,60027,101778,99192,93194,92431,90950,96462,91455,93703,55477,68707,43777,60543,10822,21798,5859,5539,52293,53382,94389,91402,86912,85326,85708,90675,87282,89593,53553,66289,42430,58566,10315,20641,784637,734639,133177,124463,158623,142841,77850,339,361
2021-08-23T23:59:59+02:00,7670,7306,58954,59816,101607,99031,93063,92269,90855,96377,91378,93617,55439,68662,43748,60517,10818,21779,5796,5477,51969,53109,94046,91120,86668,85050,85513,90502,87145,89465,53473,66198,42395,58514,10308,20623,783468,732727,133104,124175,158613,142665,77444,338,360
2021-08-22T23:59:59+02:00,7598,7251,58759,59633,101401,98870,92904,92133,90760,96261,91297,93549,55403,68614,43734,60493,10812,21765,5715,5394,51596,52757,93641,90716,86355,84744,85275,90275,86973,89340,53393,66092,42363,58453,10300,20602,782436,730397,133000,123861,158601,142448,76923,338,355
2021-08-21T23:59:59+02:00,7545,7213,58621,59509,101265,98765,92798,92027,90661,96200,91239,93514,55383,68592,43726,60476,10810,21762,5523,5206,51260,52455,93473,90567,86184,84585,85128,90148,86887,89277,53362,66068,42353,58437,10299,20596,781754,728864,132924,123632,158600,142406,76551,338,355
2021-08-20T23:59:59+02:00,7493,7161,58466,59334,101093,98608,92647,91889,90543,96075,91161,93451,55361,68567,43716,60459,10808,21757,5397,5104,50924,52103,93211,90294,85920,84351,84913,89943,86754,89165,53331,66027,42330,58413,10292,20589,780788,726887,132874,123422,158594,142340,76057,337,355
2021-08-19T23:59:59+02:00,7426,7100,58215,59099,100816,98379,92439,91697,90383,95908,91033,93347,55317,68507,43691,60428,10801,21743,5279,4979,50479,51662,92776,89887,85512,83940,84600,89628,86540,88979,53258,65919,42291,58351,10282,20571,779413,724159,132740,122976,158587,142132,75314,336,352
2021-08-18T23:59:59+02:00,7362,7045,58027,58937,100629,98198,92292,91533,90240,95784,90932,93251,55250,68442,43662,60383,10791,21723,5184,4879,50124,51288,92396,89554,85186,83608,84321,89378,86348,88805,53143,65803,42220,58258,10267,20542,778244,721744,132650,122583,158580,141892,74733,335,352
2021-08-17T23:59:59+02:00,7300,6994,57838,58777,100434,98022,92125,91381,90116,95652,90835,93160,55210,68395,43638,60355,10789,21708,5063,4746,49627,50861,91943,89133,84781,83247,83990,89080,86141,88603,53039,65678,42162,58181,10261,20518,777118,718702,132546,122173,158567,141602,74225,334,352
2021-08-16T23:59:59+02:00,7240,6928,57653,58599,100231,97847,91976,91220,89975,95532,90720,93062,55156,68332,43608,60304,10782,21694,4852,4562,49056,50279,91468,88676,84312,82845,83657,88783,85911,88396,52931,65562,42103,58103,10252,20480,775934,715134,132455,121729,158560,141376,73637,334,352
2021-08-15T23:59:59+02:00,7174,6880,57430,58408,100045,97663,91817,91077,89850,95425,90632,93001,55119,68291,43588,60275,10778,21687,4453,4162,47929,49132,90822,87984,83754,82299,83261,88393,85623,88190,52823,65438,42058,58044,10243,20461,774842,709298,132343,121099,158552,141192,73130,334,350
2021-08-14T23:59:59+02:00,7142,6847,57307,58319,99902,97561,91710,91000,89760,95356,90581,92956,55103,68274,43583,60268,10777,21686,4424,4139,47772,48987,90588,87810,83536,82088,83135,88292,85553,88146,52795,65407,42049,58033,10242,20459,774307,708469,132285,120774,158547,141142,72720,334,350
2021-08-13T23:59:59+02:00,7095,6802,57151,58184,99743,97433,91580,90859,89653,95240,90500,92892,55073,68223,43569,60243,10775,21679,4364,4078,47463,48663,90102,87400,83130,81708,82871,88057,85380,88004,52751,65339,42027,58008,10239,20447,773462,706213,132225,120215,158540,141061,72195,332,347
2021-08-12T23:59:59+02:00,7060,6752,56944,58020,99527,97255,91401,90692,89507,95094,90406,92811,55036,68170,43542,60209,10767,21662,4312,4015,47041,48265,89451,86829,82546,81158,82493,87729,85150,87823,52676,65236,41973,57949,10229,20429,772380,703217,132121,119376,158528,140811,71554,332,346
2021-08-11T23:59:59+02:00,7024,6697,56754,57848,99315,97074,91242,90551,89374,94976,90295,92709,54984,68110,43510,60170,10757,21647,4238,3966,46621,47802,88819,86173,81959,80648,82153,87420,84879,87579,52587,65092,41900,57824,10210,20380,771240,700012,132022,118418,158505,140474,71001,329,345
2021-08-10T23:59:59+02:00,6963,6649,56566,57680,99092,96921,91084,90399,89245,94860,90210,92631,54941,68063,43494,60130,10753,21634,4173,3901,46180,47321,88171,85540,81349,80103,81740,87038,84631,87360,52466,64982,41840,57741,10196,20349,770167,696638,131926,117475,158486,140156,70467,329,345
2021-08-09T23:59:59+02:00,6911,6590,56393,57519,98897,96762,90928,90260,89101,94759,90099,92567,54900,68012,43469,60095,10746,21619,4104,3823,45610,46751,87336,84860,80659,79514,81323,86681,84336,87132,52353,64848,41784,57640,10182,20306,769119,692767,131853,116413,158476,139809,69911,328,342
2021-08-08T23:59:59+02:00,6840,6521,56168,57330,98683,96569,90745,90094,88964,94637,90003,92492,54845,67964,43443,60060,10739,21598,4048,3762,45004,46135,86261,83914,79752,78696,80774,86201,84002,86832,52218,64694,41720,57549,10169,20279,767888,687601,131738,115226,158454,139495,69347,327,341
2021-08-07T23:59:59+02:00,6796,6470,56024,57207,98542,96452,90613,89991,88869,94579,89941,92451,54825,67937,43440,60049,10736,21593,3587,3387,44162,45242,85921,83572,79275,78254,80411,85849,83821,86687,52155,64610,41699,57513,10164,20270,767211,683857,131676,114079,158449,139392,68911,327,340
2021-08-06T23:59:59+02:00,6740,6421,55832,57054,98309,96265,90459,89861,88742,94464,89843,92380,54785,67909,43431,60022,10733,21589,3203,2988,43240,44345,85447,83102,78688,77696,80021,85462,83630,86539,52103,64545,41673,57482,10156,20257,766236,679868,131577,112798,158442,139256,68316,327,339
2021-08-05T23:59:59+02:00,6672,6349,55509,56803,98005,95992,90192,89639,88527,94267,89672,92243,54720,67818,43401,59970,10724,21571,2686,2540,41987,43170,84708,82413,77901,76893,79421,84893,83268,86237,51972,64386,41613,57379,10141,20224,764551,674253,131448,111155,158429,138708,67378,327,338
2021-08-04T23:59:59+02:00,6592,6299,55263,56611,97737,95776,90003,89471,88382,94126,89552,92143,54667,67767,43363,59923,10720,21561,2614,2480,41499,42672,83464,81360,76545,75747,78930,84434,82948,85988,51831,64247,41555,57291,10125,20198,763239,669022,131341,109638,158415,138237,66693,327,338
2021-08-03T23:59:59+02:00,6526,6233,55005,56416,97501,95580,89824,89305,88239,93980,89406,92021,54589,67686,43326,59865,10712,21553,2559,2438,41058,42239,82217,80220,75119,74556,78321,83866,82399,85494,51616,64043,41454,57135,10112,20162,761850,663178,131236,107937,158391,137532,66023,326,338
2021-08-02T23:59:59+02:00,6464,6170,54765,56212,97238,95356,89599,89130,88068,93837,89263,91907,54506,67613,43293,59812,10709,21533,2508,2373,40573,41735,80886,79105,73563,73343,77688,83301,81856,85009,51445,63838,41379,57014,10095,20128,760408,657057,131086,106176,158368,136924,65347,325,335
2021-08-01T23:59:59+02:00,6397,6085,54494,55945,96968,95086,89361,88954,87863,93691,89098,91796,54437,67527,43256,59760,10702,21526,2429,2320,40052,41234,79591,78021,72144,72239,76788,82547,81268,84542,51254,63600,41291,56909,10084,20104,758790,650848,130890,104271,158342,136309,64660,321,329
2021-07-31T23:59:59+02:00,6361,6047,54371,55851,96846,94991,89258,88887,87772,93619,89053,91759,54425,67517,43250,59756,10702,21525,1904,1870,39090,40204,79139,77579,71607,71684,76404,82219,81153,84446,51235,63566,41275,56897,10084,20101,758303,646153,130720,103397,158339,136214,64364,321,329
2021-07-30T23:59:59+02:00,6306,6012,54193,55704,96685,94813,89100,88738,87640,93504,88970,91689,54388,67487,43237,59738,10700,21523,1436,1420,38074,39141,78429,76919,70847,70947,75888,81690,80751,84121,51158,63477,41241,56837,10078,20089,757397,639924,130404,102257,158334,136005,64029,320,328
2021-07-29T23:59:59+02:00,6255,5954,53955,55518,96425,94587,88885,88527,87467,93328,88829,91560,54328,67422,43214,59697,10691,21502,949,953,36822,37896,77369,76045,69793,69994,75078,80926,80212,83690,51024,63312,41174,56741,10061,20062,756139,632120,129922,100700,158316,135448,63505,319,328
2021-07-28T23:59:59+02:00,6218,5901,53750,55346,96216,94380,88733,88345,87354,93186,88717,91462,54268,67345,43180,59648,10681,21470,908,903,36205,37285,76196,75063,68510,68890,74314,80209,79718,83229,50879,63107,41106,56636,10045,20021,754946,625742,129473,99282,158300,134655,63219,319,326
2021-07-27T23:59:59+02:00,6168,5859,53514,55121,95952,94165,88549,88158,87196,93029,88593,91364,54212,67267,43139,59585,10667,21422,847,847,35542,36512,74730,73809,67055,67668,73446,79362,79172,82706,50704,62894,41027,56515,10020,19979,753509,618391,129041,97826,158277,133423,62871,319,324
2021-07-26T23:59:59+02:00,6111,5806,53293,54913,95708,93973,88348,87986,87031,92893,88464,91261,54150,67186,43110,59528,10660,21400,791,788,34770,35667,73205,72472,65682,66428,72398,78367,78576,82169,50528,62675,40948,56365,9998,19934,752150,610268,128617,96294,158256,132340,62537,318,322
2021-07-25T23:59:59+02:00,6073,5762,53083,54707,95452,93741,88172,87791,86871,92760,88355,91163,54097,67120,43082,59484,10650,21365,679,679,34065,34899,71854,71260,64570,65411,71396,77449,78099,81714,50405,62485,40883,56277,9992,19899,750727,603257,128342,94735,158233,131537,62165,318,322
2021-07-24T23:59:59+02:00,5985,5705,52807,54409,95142,93428,87926,87581,86695,92603,88255,91082,54068,67086,43070,59461,10650,21359,630,628,33552,34400,70984,70562,63904,64852,70517,76749,77895,81563,50350,62442,40861,56252,9992,19897,748847,598817,128287,93799,158232,131408,61684,318,322
2021-07-23T23:59:59+02:00,5932,5649,52533,54136,94738,93138,87621,87363,86513,92424,88113,90989,54032,67038,43062,59443,10647,21353,577,583,33018,33737,69918,69695,63117,64178,69610,75898,77493,81233,50274,62342,40829,56213,9985,19883,746775,593141,128213,92640,158226,131232,61248,318,322
2021-07-22T23:59:59+02:00,5861,5586,52114,53732,94255,92687,87233,87024,86201,92123,87901,90802,53946,66944,43033,59382,10639,21327,502,520,32300,33000,68601,68699,62067,63297,67992,74541,76837,80716,50121,62131,40737,56098,9964,19843,743701,586645,127980,89884,158199,130467,60649,317,321
2021-07-21T23:59:59+02:00,5807,5532,51741,53344,93817,92268,86923,86722,85945,91877,87728,90613,53862,66857,42974,59315,10628,21299,452,462,31678,32339,67264,67655,60974,62401,65951,72849,75928,79968,49832,61821,40576,55910,9940,19786,740874,580331,127742,85557,158168,129371,60206,317,321
2021-07-20T23:59:59+02:00,5748,5468,51352,52949,93352,91797,86553,86396,85676,91621,87504,90417,53769,66723,42925,59257,10621,21274,405,418,31012,31675,65795,66459,59841,61437,64771,71787,75312,79409,49625,61590,40470,55750,9916,19723,737890,573249,127521,83871,158113,128338,59616,317,321
2021-07-19T23:59:59+02:00,5671,5394,50878,52488,92878,91315,86183,86063,85426,91405,87298,90236,53675,66601,42889,59178,10603,21239,361,365,30462,31084,64627,65401,58924,60577,63616,70750,74709,78890,49451,61393,40380,55602,9888,19679,734604,567445,127292,82062,158077,127147,59185,317,320
2021-07-18T23:59:59+02:00,5602,5324,50051,51671,91800,90260,85451,85446,84944,90971,87005,89944,53568,66454,42826,59082,10593,21208,324,321,29915,30495,63435,64326,57998,59659,62438,69721,74158,78390,49301,61230,40321,55518,9876,19650,728120,561588,126962,80031,158060,126340,58798,315,319
2021-07-17T23:59:59+02:00,5428,5137,49698,51337,91657,90124,85256,85287,84785,90833,86897,89862,53548,66427,42815,59070,10592,21205,272,266,29525,30107,62789,63724,57438,59236,61684,68985,73850,78147,49189,61111,40282,55460,9866,19639,726940,558547,126784,79063,158056,125724,57917,315,319
2021-07-16T23:59:59+02:00,5327,5046,49373,51037,91390,89899,85007,85087,84588,90649,86759,89755,53506,66394,42797,59056,10589,21200,237,231,29019,29596,61846,62809,56590,58548,60630,67944,73349,77726,49027,60922,40235,55391,9861,19630,725548,553559,126612,77741,158049,124982,56990,314,319
2021-07-15T23:59:59+02:00,5191,4912,48891,50622,90988,89516,84648,84706,84283,90370,86535,89586,53423,66303,42743,58987,10579,21172,187,198,28288,28962,60525,61737,55453,57560,59212,66629,72611,77136,48794,60658,40145,55259,9845,19575,723053,547700,126194,75533,158014,123303,55921,313,317
2021-07-14T23:59:59+02:00,5085,4798,48533,50242,90684,89220,84355,84389,84034,90131,86333,89428,53334,66194,42685,58898,10562,21142,168,175,27751,28386,59424,60739,54483,56712,58333,65775,72002,76547,48525,60380,40039,55084,9822,19531,720869,542248,125834,74610,157970,121601,55102,312,315
2021-07-13T23:59:59+02:00,4973,4681,48123,49858,90288,88863,84047,84079,83764,89868,86125,89259,53223,66089,42630,58834,10556,21121,152,165,27080,27700,58050,59549,53285,55720,57341,64861,71274,75907,48247,60055,39910,54905,9790,19479,718484,535871,125461,73492,157914,119545,54249,312,313
2021-07-12T23:59:59+02:00,4802,4510,47565,49337,89892,88521,83650,83756,83514,89603,85935,89098,53142,65993,42583,58771,10544,21106,143,157,26443,27033,56546,58198,51998,54655,56118,63715,70526,75282,47870,59623,39735,54680,9748,19414,715740,528545,125092,72471,157853,117191,53365,311,312
2021-07-11T23:59:59+02:00,4408,4136,46613,48408,89461,88087,83236,83368,83203,89314,85739,88948,53052,65899,42557,58715,10533,21089,131,149,25836,26466,55166,56939,50699,53608,55076,62683,69930,74730,47521,59240,39611,54505,9723,19372,711757,521904,124619,71463,157815,115400,52307,307,311
2021-07-10T23:59:59+02:00,4395,4123,46280,48059,89006,87606,82905,83056,83096,89214,85674,88891,53031,65876,42548,58701,10532,21085,128,141,25346,25925,54075,55990,49838,53022,54474,62115,69714,74543,47153,58821,39511,54400,9718,19361,711082,517572,124151,71378,157639,114076,50938,306,311
2021-07-09T23:59:59+02:00,4375,4111,45856,47615,88384,87041,82526,82712,82846,89023,85558,88798,52995,65847,42541,58688,10528,21076,122,126,24639,25148,52747,54754,48893,52140,53692,61263,69290,74137,46794,58411,39423,54309,9711,19349,709649,511372,123562,70972,157475,112724,49569,303,311
2021-07-08T23:59:59+02:00,4345,4084,45303,47110,87520,86325,81986,82193,82590,88777,85364,88644,52926,65779,42509,58641,10517,21060,114,109,23641,24197,50802,53169,47509,50988,52552,60132,68596,73497,46271,57854,39287,54146,9683,19281,707499,503591,122666,69694,157186,110186,48047,300,310
2021-07-07T23:59:59+02:00,4322,4057,44721,46514,86673,85558,81425,81707,82304,88480,85155,88479,52845,65677,42467,58577,10509,21040,102,94,22742,23279,48847,51479,45992,49850,51307,58948,67892,72961,45534,57110,39090,53908,9649,19222,704950,495378,121665,68583,156931,107068,46669,298,308
2021-07-06T23:59:59+02:00,4289,4036,44171,45990,85802,84819,80808,81111,81934,88149,84978,88302,52755,65596,42430,58515,10500,21015,93,84,21899,22400,46839,49695,44601,48598,50022,57604,67147,72240,44701,56335,38904,53669,9631,19167,702272,486365,120645,67502,156633,104097,45357,296,308
2021-07-05T23:59:59+02:00,4267,4000,43007,44990,84281,83715,80080,80489,81475,87725,84699,88035,52639,65457,42379,58437,10486,20987,82,72,20705,21323,44875,48090,43580,47635,48994,56641,66447,71621,43938,55472,38730,53445,9606,19127,698917,480351,119588,66630,156268,101008,42086,292,308
2021-07-04T23:59:59+02:00,4239,3977,41641,43759,82638,82402,79353,79884,81002,87298,84426,87831,52546,65331,42336,58384,10473,20958,79,65,19350,20108,43080,46571,42878,46890,48180,55787,65868,71052,43191,54616,38567,53251,9586,19079,695770,475671,118433,65693,155845,98386,38141,292,307
2021-07-03T23:59:59+02:00,3772,3562,40056,42190,81765,81742,78865,79397,80558,86822,84209,87659,52479,65230,42317,58331,10470,20952,75,64,18540,19412,42159,45872,42460,46513,47774,55388,65703,70886,42601,53886,38504,53150,9579,19069,691980,473722,117125,65592,155761,96793,35221,292,307
2021-07-02T23:59:59+02:00,3215,2989,38497,40683,81027,81014,78194,78686,80038,86318,83967,87455,52428,65144,42289,58284,10458,20939,67,56,17766,18675,40999,44905,41721,45810,46939,54605,65180,70433,41647,52680,38374,52960,9563,19050,686904,468611,115721,65121,155610,94288,33104,289,306
2021-07-01T23:59:59+02:00,2566,2442,36772,39009,80044,80135,77351,77853,79334,85681,83652,87175,52303,64987,42226,58182,10440,20909,56,43,16873,17733,39452,43662,40504,44744,45632,53471,64432,69846,40754,51538,38224,52750,9546,19018,680531,462134,113991,63467,155390,91508,30864,288,305
2021-06-30T23:59:59+02:00,2524,2412,35752,37983,78199,78630,75648,76364,78689,85131,83366,86881,52174,64824,42166,58085,10428,20882,47,33,15830,16741,37770,42434,39302,43639,44475,52405,63675,69214,40206,50850,38105,52550,9524,18983,674643,455965,112250,62125,155181,89611,27779,288,303
2021-06-29T23:59:59+02:00,2487,2380,34914,37072,76593,77136,74034,74949,77888,84414,82819,86388,51991,64605,42090,57954,10411,20846,34,24,14992,15827,36453,41285,38388,42813,43250,51349,62955,68627,39494,49912,37969,52331,9502,18938,668252,450745,110375,60290,154912,87660,25147,288,301
2021-06-28T23:59:59+02:00,2446,2346,34085,36243,74974,75722,72350,73553,76866,83625,82215,85888,51816,64379,42013,57848,10398,20814,25,19,14240,15061,35395,40253,37562,42079,42122,50352,62300,68077,38616,48822,37801,52107,9482,18893,661748,445859,108414,58775,154316,85453,22818,288,301
2021-06-27T23:59:59+02:00,2431,2331,33343,35487,73406,74350,70940,72343,75469,82505,81536,85332,51618,64162,41948,57730,10388,20785,20,19,13597,14416,34431,39491,36904,41478,41183,49501,61757,67633,37745,47786,37649,51928,9467,18862,655519,441916,106480,58007,153362,83187,20458,287,299
2021-06-26T23:59:59+02:00,1793,1723,32297,34371,73042,74029,70474,71879,75177,82194,81444,85254,51598,64134,41933,57720,10387,20782,20,18,13402,14204,33758,38947,36256,41055,40660,49164,60764,66622,36748,46650,37480,51715,9453,18829,650701,435906,105542,57952,153358,81244,20346,286,297
2021-06-25T23:59:59+02:00,1173,1127,31168,33181,72538,73495,69860,71184,74750,81744,81064,84928,51536,64047,41900,57677,10382,20768,17,16,13060,13807,32904,38150,35384,40236,39703,48322,59551,65387,36233,45948,37288,51414,9430,18788,644327,427452,104348,57503,153353,80177,20210,286,296
2021-06-24T23:59:59+02:00,560,568,29819,31849,71749,72736,68985,70300,74073,81109,80614,84563,51427,63917,41847,57607,10371,20735,14,13,12387,13090,31721,36845,34157,38967,38565,47203,57912,64013,35753,45430,37131,51224,9411,18729,636452,418052,102862,55942,153241,78287,19991,285,293
2021-06-23T23:59:59+02:00,533,535,29308,31283,70632,71749,67712,69157,73323,80420,80164,84155,51314,63742,41789,57511,10355,20703,12,12,11887,12550,30722,35597,33218,37740,37540,46321,55962,62290,35200,44862,36961,50995,9389,18664,630185,408225,101281,54880,153138,77030,19498,285,289
2021-06-22T23:59:59+02:00,510,518,28783,30674,69457,70713,66504,68129,72644,79714,79751,83782,51207,63615,41742,57427,10346,20677,10,11,11533,12128,29805,34666,32263,36843,36579,45415,53982,60449,34812,44386,36823,50752,9360,18606,623818,399647,99813,53307,153005,75909,19274,285,286
2021-06-21T23:59:59+02:00,478,484,28110,29981,68138,69533,65316,66999,71888,78934,79353,83388,51098,63502,41684,57339,10332,20636,9,11,11237,11808,29179,34074,31710,36273,35969,44821,52137,58790,34101,43581,36527,50330,9331,18530,616967,392046,98312,52110,152883,75226,18751,282,285
2021-06-20T23:59:59+02:00,393,404,27474,29308,66907,68392,64297,66065,71080,78194,79002,83049,51021,63374,41635,57272,10327,20603,5,10,10946,11536,28626,33571,31252,35780,35456,44297,50290,56991,33555,42898,36330,49996,9301,18470,610561,384599,96852,51358,152784,74752,18320,282,281
2021-06-19T23:59:59+02:00,361,370,27084,28931,66174,67822,63769,65558,70281,77540,78850,82925,51001,63348,41619,57256,10326,20603,5,9,10809,11335,28372,33250,30995,35453,35231,44034,48840,55597,33295,42549,36245,49856,9293,18442,606592,379177,95910,51346,152784,74554,18252,282,281
2021-06-18T23:59:59+02:00,333,336,26618,28452,65155,67080,63028,64944,69355,76700,78459,82593,50938,63274,41592,57220,10323,20595,5,9,10589,11090,27972,32822,30662,35041,34839,43634,47095,53914,32939,42032,36108,49645,9273,18407,601139,372283,94666,51056,152778,74325,18132,282,280
2021-06-17T23:59:59+02:00,303,305,25969,27830,63880,66082,62026,64133,67765,75290,77934,82186,50836,63121,41529,57139,10310,20568,5,9,10164,10724,27175,32121,29916,34360,33998,42927,45576,52412,32486,41398,35945,49388,9242,18357,595014,364794,92007,49910,152616,73932,17290,281,277
2021-06-16T23:59:59+02:00,268,267,25430,27221,62575,64949,60914,63164,65499,73360,77088,81531,50623,62912,41437,57027,10291,20536,5,7,9837,10455,26522,31445,29210,33737,33266,42289,44979,51843,32211,41032,35799,49189,9221,18317,588706,361068,87491,49200,152206,72407,16412,279,277
2021-06-15T23:59:59+02:00,229,236,24775,26494,61163,63718,59833,62180,64343,72271,76578,81109,50499,62762,41387,56932,10284,20507,5,7,9564,10171,25917,30709,28572,32983,32586,41563,43421,50211,31760,40474,35627,48954,9191,18252,581504,354326,85861,48301,151752,71156,15907,278,277
2021-06-14T23:59:59+02:00,206,204,24291,25885,60055,62671,58956,61335,63265,71266,76101,80718,50411,62637,41337,56861,10269,20482,4,7,9267,9869,25166,29819,27809,32146,31797,40748,42132,48865,31388,39972,35490,48733,9161,18199,575607,348158,84146,47282,151547,69482,15374,278,276
2021-06-13T23:59:59+02:00,201,189,23876,25413,59111,61760,58183,60548,62156,70298,75635,80296,50320,62520,41286,56802,10258,20452,4,7,8978,9562,24453,28974,27100,31305,31038,39890,40570,47275,30919,39355,35289,48426,9131,18109,570580,341071,82291,46499,151322,67705,14836,277,274
2021-06-12T23:59:59+02:00,188,171,23612,25123,58548,61252,57823,60267,61513,69661,75434,80183,50295,62488,41274,56788,10255,20447,4,7,8857,9441,23976,28395,26575,30725,30507,39328,39470,46301,30751,39177,35195,48260,9127,18098,567606,336809,81337,46496,151315,65826,14789,277,274
2021-06-11T23:59:59+02:00,169,156,23236,24679,57794,60430,57145,59637,60604,68729,75087,79877,50219,62412,41248,56751,10253,20441,4,6,8710,9242,23454,27716,26040,30066,29918,38685,38391,45287,30484,38819,35052,48040,9114,18071,562540,331924,80046,46237,151302,63961,14705,276,272
2021-06-10T23:59:59+02:00,154,139,22690,24087,56647,59492,56217,58819,59340,67553,74546,79477,50147,62304,41224,56702,10238,20412,4,6,8442,8985,22578,26770,25078,29125,28795,37745,36999,44119,30125,38338,34772,47607,9047,17995,556935,324995,77834,45528,151062,61654,14083,276,270
2021-06-09T23:59:59+02:00,135,123,22053,23482,55385,58386,55134,57905,58387,66642,74086,79083,50060,62204,41172,56640,10224,20381,4,5,8140,8721,21645,25901,24146,28244,27760,36790,35278,42327,29732,37834,34586,47337,9005,17904,551109,317535,76372,44795,150712,59746,13016,275,267
2021-06-08T23:59:59+02:00,113,105,21370,22756,54074,57252,54015,56921,57427,65786,73540,78649,49970,62079,41117,56549,10206,20351,3,4,7872,8469,20754,25011,23090,27376,26719,35827,33913,41019,29374,37329,34265,46878,8954,17820,544394,311207,75434,44023,150273,57275,11906,274,266
2021-06-07T23:59:59+02:00,96,88,20711,22116,52630,55992,52755,55941,56269,64798,72986,78243,49884,61970,41071,56485,10193,20325,2,3,7612,8244,19914,24193,22069,26567,25681,34955,32979,40232,29090,36933,34016,46451,8903,17729,537075,306567,74530,43203,149864,54726,10811,274,266
2021-06-06T23:59:59+02:00,89,83,20197,21580,51481,54880,51643,54960,55303,63846,72473,77836,49793,61891,41035,56422,10185,20309,2,3,7397,8047,19130,23297,21169,25695,24609,33969,32061,39412,28801,36591,33763,46060,8852,17655,530723,302006,73503,42459,149527,51804,9981,273,263
2021-06-05T23:59:59+02:00,83,75,19921,21267,50695,54123,50989,54457,54830,63371,72342,77722,49782,61877,41030,56419,10182,20309,2,3,7165,7632,18486,22232,20445,24582,23733,32712,31024,38091,28466,36124,33638,45885,8845,17635,526343,295707,73497,42421,149461,48410,9901,273,261
2021-06-04T23:59:59+02:00,73,69,19462,20678,49626,53103,50166,53588,54172,62583,72000,77396,49754,61838,41010,56404,10180,20304,2,2,6938,7312,17855,21380,19750,23580,22792,31428,29799,36749,28177,35755,33524,45709,8833,17614,519832,289210,73168,42352,149446,45688,9689,272,260
2021-06-03T23:59:59+02:00,63,58,18777,19976,48100,51799,48943,52450,53193,61553,71497,76937,49685,61735,40972,56357,10167,20279,2,2,6645,6911,17116,20328,18946,22431,21780,29995,28631,35257,27634,34969,33318,45381,8796,17538,512020,282440,72153,41596,149173,42461,8926,270,257
2021-06-02T23:59:59+02:00,58,54,18392,19453,47075,50802,48058,51683,52438,60790,71245,76722,49646,61699,40954,56327,10159,20265,1,2,6455,6674,16474,19633,18019,21666,20927,29044,27535,33843,27168,34357,33156,45129,8767,17468,505701,276131,72133,41582,149154,39789,8568,265,248
2021-06-01T23:59:59+02:00,48,48,17704,18706,45207,49064,46402,50223,50919,59326,70565,76124,49552,61587,40895,56254,10147,20217,1,1,6174,6354,15317,18733,16505,20696,19708,27785,26308,32440,26606,33656,32905,44778,8721,17366,496572,269604,70763,41009,148609,36414,6785,260,242
2021-05-31T23:59:59+02:00,46,44,17219,18207,43900,47918,45184,49109,49678,58199,69879,75611,49468,61482,40849,56187,10135,20179,1,1,5896,6018,14274,17895,15095,19771,18528,26665,25072,31092,26083,32935,32710,44479,8687,17265,490308,263288,69598,40463,148143,33493,4987,259,236
2021-05-30T23:59:59+02:00,41,43,16884,17810,42932,46974,44275,48205,48668,57200,69327,75066,49361,61326,40777,56071,10119,20136,1,1,5701,5773,13722,17183,14463,19071,17620,25690,23966,29917,25310,31983,32410,44060,8642,17176,484352,257291,68566,39663,147735,31204,4305,258,226
2021-05-29T23:59:59+02:00,41,42,16747,17682,42567,46654,43931,47940,48426,57010,69269,75013,49355,61320,40770,56067,10119,20135,1,1,5534,5530,13212,16382,13817,18222,16776,24522,22848,28612,25149,31746,32344,43965,8639,17169,482367,251677,68442,39663,147729,28613,4294,257,222
2021-05-28T23:59:59+02:00,40,40,16444,17373,41857,46023,43418,47372,47915,56477,68991,74718,49288,61237,40744,56017,10116,20130,1,1,5287,5143,12675,15462,13134,17357,15910,23283,21740,27170,24895,31378,32249,43832,8629,17153,478050,245593,67935,39560,147705,25676,4254,257,216
2021-05-27T23:59:59+02:00,37,37,15911,16817,40704,45033,42399,46476,46926,55585,68409,74277,49165,61076,40690,55945,10105,20091,1,1,5042,4795,12030,14639,12344,16421,14837,22087,20477,25657,24388,30639,32077,43571,8595,17070,472136,238215,66421,38751,146986,23607,3888,253,210
2021-05-26T23:59:59+02:00,35,36,15496,16375,39603,44102,41360,45603,45896,54706,67802,73765,49009,60893,40606,55781,10082,20043,1,1,4848,4592,11474,13878,11624,15571,13823,20953,19073,24059,23799,29849,31859,43225,8540,16968,466957,230925,64400,37879,145999,21538,3586,252,209
2021-05-25T23:59:59+02:00,35,35,15091,15956,38594,43210,40391,44752,44942,53780,67180,73232,48824,60651,40527,55646,10057,19990,1,1,4626,4385,10930,13229,10854,14800,12749,19711,17639,22555,23209,29068,31621,42899,8483,16873,461600,223534,62819,36935,144888,19623,3336,251,205
2021-05-24T23:59:59+02:00,35,33,14740,15623,37755,42470,39523,44073,44080,52990,66646,72748,48700,60472,40463,55522,10037,19945,1,1,4477,4256,10485,12759,10214,14218,11859,18877,16344,21286,22530,28232,31403,42567,8424,16784,456960,216593,61579,35993,144144,19005,2923,250,203
2021-05-23T23:59:59+02:00,31,33,14572,15442,37289,42094,39069,43670,43628,52582,66374,72519,48613,60378,40424,55475,10030,19921,1,1,4289,4113,10016,12282,9592,13610,10910,18056,15143,20218,22054,27654,31150,42275,8373,16698,453744,209560,61197,35911,144121,17931,2833,249,200
2021-05-22T23:59:59+02:00,29,31,14375,15225,36595,41527,38382,43211,43051,52168,65353,71501,48406,60119,40352,55360,10020,19900,1,1,4177,3816,9800,11864,9439,13287,10668,17609,14871,19817,21961,27537,31116,42233,8366,16689,447255,208328,61193,35908,144106,16014,2802,249,200
2021-05-21T23:59:59+02:00,28,30,13985,14812,35519,40611,37320,42288,41979,51262,63996,70209,48174,59780,40271,55211,10003,19867,1,1,4063,3716,9590,11594,9221,13017,10330,17277,14453,19444,21740,27250,31054,42142,8357,16681,437616,206344,60832,35602,143868,15007,2783,246,195
2021-05-20T23:59:59+02:00,25,30,13173,14066,34079,39162,35898,40892,40572,50057,62698,69058,47879,59439,40124,55029,9982,19817,1,1,3905,3538,9062,10987,8568,12302,9628,16430,13698,18478,20919,26129,30859,41843,8318,16594,427361,201961,59128,34752,142850,11955,2398,243,194
2021-05-19T23:59:59+02:00,25,29,12629,13488,32902,37751,34798,39512,39439,49094,60688,67284,47397,58881,39937,54764,9939,19711,1,1,3798,3398,8782,10611,8270,11930,9186,15922,13057,17812,20049,24998,30631,41538,8261,16479,416482,197697,57613,33938,141737,10705,2195,241,189
2021-05-18T23:59:59+02:00,23,29,12199,13026,31862,36738,33715,38598,38398,48159,58621,65415,47043,58435,39781,54523,9907,19651,1,1,3592,3230,8284,10016,7800,11388,8635,15249,12371,17042,19106,23763,30393,41196,8223,16373,407787,193581,55657,33092,140546,7905,1896,237,189
2021-05-17T23:59:59+02:00,21,28,11942,12740,31341,36179,33220,38035,37803,47524,56724,63706,46337,57610,39502,54124,9869,19578,1,1,3504,3119,8016,9738,7500,11089,8233,14836,11793,16431,18181,22626,30157,40876,8187,16298,400184,189180,54525,32347,139734,7275,1604,236,180
2021-05-16T23:59:59+02:00,21,28,11722,12484,30810,35674,32757,37541,37279,46950,54822,61871,45785,56912,39308,53807,9841,19522,1,1,3405,3015,7726,9442,7176,10746,7761,14369,11208,15842,17251,21471,29947,40586,8149,16229,393194,184881,53554,31495,139064,6683,1088,234,178
2021-05-15T23:59:59+02:00,21,28,11561,12275,30529,35341,32517,37219,37049,46686,53252,60390,45534,56607,39231,53668,9835,19494,1,1,3381,2995,7697,9410,7160,10723,7741,14354,11187,15817,17137,21254,29735,40276,8141,16219,387366,183862,53550,31492,139017,6628,1071,233,176
2021-05-14T23:59:59+02:00,21,28,11308,11982,30050,34826,32131,36755,36526,46205,51365,58546,45171,56105,39091,53462,9818,19454,1,1,3351,2969,7624,9333,7096,10648,7673,14290,11002,15615,16397,20182,29449,39784,8124,16179,379495,180887,53219,31152,138881,6486,1017,232,176
2021-05-13T23:59:59+02:00,19,27,11014,11640,29399,34171,31523,36150,35842,45527,49885,57026,44737,55479,38920,53215,9791,19407,1,1,3271,2918,7493,9224,7002,10552,7566,14178,10666,15266,15336,18935,29064,39143,8081,16104,372315,177049,52202,30588,138129,6096,895,231,173
2021-05-12T23:59:59+02:00,18,25,10879,11492,29107,33845,31253,35854,35518,45208,49600,56712,44642,55366,38868,53138,9784,19368,1,0,3257,2891,7458,9186,6968,10514,7533,14133,10491,15107,14952,18496,28756,38655,8059,16057,369594,174946,52113,30575,137972,6051,770,228,172
2021-05-11T23:59:59+02:00,17,22,10513,11157,28246,33024,30427,35095,34653,44419,47857,54934,44181,54765,38694,52851,9746,19265,1,0,3164,2794,7212,8907,6735,10211,7313,13764,10010,14557,13959,17342,28337,38034,8020,15963,362625,171226,50403,29674,136071,4710,541,226,172
2021-05-10T23:59:59+02:00,16,22,10201,10865,27503,32322,29646,34399,33883,43648,46551,53658,43795,54257,38507,52549,9696,19151,1,0,3120,2746,7082,8782,6637,10090,7167,13584,9740,14253,13253,16472,27908,37419,7995,15882,356358,168380,49283,29289,134379,3866,427,222,169
2021-05-09T23:59:59+02:00,15,22,9954,10609,26813,31628,28985,33703,33158,42949,45010,52173,43295,53631,38309,52244,9659,19065,1,0,3072,2698,6954,8643,6532,9951,7051,13369,9427,13937,12452,15571,27540,36876,7975,15826,349224,165502,48211,28736,133230,3128,341,216,168
2021-05-08T23:59:59+02:00,15,22,9860,10536,26430,31326,28530,33383,32689,42639,43955,51343,43141,53466,38270,52184,9656,19059,1,0,3067,2693,6944,8636,6526,9942,7042,13356,9417,13924,12415,15508,26859,35923,7938,15750,344641,163621,48171,28708,133141,3109,335,216,168
2021-05-07T23:59:59+02:00,15,22,9712,10385,25951,30936,28071,33001,32180,42283,42907,50513,42869,53122,38160,52028,9644,19032,1,0,2998,2663,6878,8589,6467,9883,6990,13302,9242,13701,11780,14697,25908,34528,7891,15668,339460,159479,47862,28335,132981,2889,315,213,168
2021-05-06T23:59:59+02:00,13,21,9298,10088,25033,30162,27003,32197,30949,41451,41287,49296,42481,52570,37965,51786,9606,18958,1,0,2922,2614,6746,8444,6347,9753,6837,13112,8967,13392,11123,13828,24941,33140,7856,15606,331567,155654,46782,27371,131309,2139,298,208,167
2021-05-05T23:59:59+02:00,13,20,8915,9886,24149,29555,26145,31542,29859,40659,39303,47478,42032,52021,37755,51502,9549,18845,1,0,2877,2581,6623,8311,6245,9637,6732,12967,8719,13129,10405,12992,23923,31812,7827,15534,323688,151720,45930,26480,129186,1734,217,207,164
2021-05-04T23:59:59+02:00,13,19,8670,9641,23363,28907,25168,30802,28787,39818,37774,46008,41558,51433,37476,51156,9498,18722,1,0,2833,2556,6547,8239,6156,9564,6650,12878,8479,12904,9661,12122,22976,30562,7793,15471,316990,147920,44958,25674,126547,1524,113,205,161
2021-05-03T23:59:59+02:00,13,18,8455,9426,22664,28327,24334,30196,27879,39118,36808,45255,41209,50962,37260,50865,9446,18620,1,0,2784,2520,6473,8157,6076,9492,6560,12794,8251,12684,8898,11218,22056,29342,7762,15420,312103,144134,44182,24848,124297,1278,74,199,154
2021-05-02T23:59:59+02:00,13,18,8286,9261,22023,27748,23599,29601,27059,38495,35988,44614,40949,50631,37148,50678,9411,18563,1,0,2746,2495,6431,8116,6036,9455,6517,12752,8069,12509,8295,10474,21344,28472,7741,15401,307259,140926,43414,24572,123155,1144,65,192,147
2021-05-01T23:59:59+02:00,12,18,8129,9074,21647,27297,23119,29032,26416,37776,35160,43719,40682,50254,37049,50525,9405,18546,1,0,2740,2488,6405,8105,6018,9445,6499,12739,8053,12492,8257,10409,21306,28415,7737,15397,301142,140629,43412,24565,123050,1102,64,192,146
2021-04-30T23:59:59+02:00,12,17,7976,8890,21256,26872,22669,28462,25661,36988,34140,42746,40449,49930,36951,50371,9393,18522,1,0,2715,2474,6379,8086,5996,9425,6469,12718,8017,12459,8215,10340,21256,28332,7734,15387,294787,140310,43405,24487,122866,1006,57,190,143
2021-04-29T23:59:59+02:00,11,17,7691,8648,20657,26292,21997,27778,24726,36022,32862,41401,39403,48527,36634,49900,9335,18394,1,0,2678,2436,6287,7976,5908,9322,6373,12576,7811,12183,7587,9609,20846,27814,7710,15312,286003,138226,42621,23251,121430,754,57,184,141
2021-04-28T23:59:59+02:00,10,16,7405,8429,20135,25826,21358,27184,23843,35173,31457,39945,38236,46935,36290,49406,9273,18252,1,0,2603,2386,6169,7853,5797,9187,6267,12418,7582,11904,6884,8752,20428,27231,7670,15241,277307,135713,41844,21946,119786,524,56,180,134
2021-04-27T23:59:59+02:00,9,16,7213,8246,19708,25395,20734,26645,22984,34389,30234,38611,37141,45487,35908,48836,9203,18126,1,0,2576,2362,6068,7753,5744,9090,6199,12293,7365,11708,6278,8014,20027,26730,7650,15218,269446,133617,40976,20998,118231,276,56,176,129
2021-04-26T23:59:59+02:00,8,16,7029,8078,19287,24970,20185,26118,22170,33630,29016,37370,36080,44060,35600,48348,9152,17998,1,0,2561,2351,6022,7711,5699,9049,6160,12248,7177,11544,5664,7275,19652,26285,7627,15190,261720,131643,40152,20152,117024,244,51,168,126
2021-04-25T23:59:59+02:00,8,15,6920,7942,18949,24697,19805,25777,21555,33004,28021,36406,34939,42627,35280,47919,9110,17916,1,0,2546,2342,6003,7683,5679,9030,6140,12221,7137,11517,5535,7090,19315,25820,7611,15146,254479,131003,39435,19406,116760,232,50,166,125
2021-04-24T23:59:59+02:00,8,15,6751,7761,18506,24271,19250,25239,20768,32202,26931,35351,34688,42312,35187,47754,9100,17904,1,0,2542,2335,5991,7672,5667,9019,6135,12217,7126,11510,5460,6975,19219,25678,7608,15138,248494,130539,39430,19365,115858,215,50,166,124
2021-04-23T23:59:59+02:00,8,15,6519,7558,18058,23793,18677,24623,19932,31384,25762,34147,33906,41140,35043,47521,9086,17881,1,0,2536,2315,5963,7651,5627,8979,6088,12171,7078,11457,5296,6697,18679,25046,7508,14967,240870,128678,39100,19017,114869,193,48,166,123
2021-04-22T23:59:59+02:00,7,14,6302,7349,17449,23204,17882,23840,18878,30358,24432,32703,32862,39783,34798,47163,9046,17802,1,0,2520,2299,5915,7598,5576,8893,6009,12091,7000,11385,5009,6273,17962,24170,7387,14771,231798,126490,38171,18044,113692,158,48,163,119
2021-04-21T23:59:59+02:00,7,13,6100,7164,16920,22731,17219,23235,17887,29453,22876,31107,31852,38542,34500,46722,8997,17713,1,0,2496,2282,5870,7539,5516,8818,5941,11989,6905,11304,4847,5998,17261,23316,7271,14587,222876,124384,37397,17267,112556,126,48,161,116
2021-04-20T23:59:59+02:00,6,12,5912,6967,16353,22255,16465,22582,16884,28449,21399,29634,30698,37044,34182,46276,8943,17613,1,0,2482,2268,5820,7499,5471,8772,5894,11920,6826,11240,4729,5841,16657,22540,7144,14406,213815,122688,36506,16548,111146,117,47,160,110
2021-04-19T23:59:59+02:00,6,12,5725,6805,15823,21831,15786,22029,15884,27571,20000,28225,29309,35395,33863,45791,8883,17496,1,0,2471,2251,5796,7465,5434,8739,5855,11874,6745,11161,4600,5681,16010,21821,7036,14244,205068,121033,35723,15881,109441,114,47,155,109
2021-04-18T23:59:59+02:00,5,12,5536,6662,15390,21506,15163,21466,14908,26776,18662,27087,27917,33743,33527,45365,8821,17407,1,0,2421,2205,5664,7339,5317,8626,5748,11719,6638,11043,4480,5496,15420,21155,6920,14062,196495,119377,34890,14614,108368,110,47,153,106
2021-04-17T23:59:59+02:00,5,11,5498,6625,15234,21428,14988,21380,14672,26598,18407,26865,27411,33197,33402,45217,8812,17392,1,0,2394,2166,5564,7185,5212,8470,5648,11532,6550,10912,4427,5434,15174,20860,6910,14048,195267,117622,34884,14610,106791,102,47,153,106
2021-04-16T23:59:59+02:00,5,11,5433,6570,15051,21274,14776,21216,14383,26350,17990,26451,26364,31968,33266,45007,8792,17369,1,0,2350,2115,5448,6995,5068,8287,5498,11289,6348,10688,4224,5198,14524,20066,6813,13903,191896,114362,34597,14209,105583,94,47,153,103
2021-04-15T23:59:59+02:00,5,10,5360,6490,14835,21062,14507,20931,13945,25998,17346,25817,24992,30350,33007,44682,8758,17287,1,0,2277,2030,5251,6758,4870,7970,5291,10967,6134,10402,4022,4946,13690,18984,6698,13736,187299,110530,33785,13264,104100,85,47,151,101
2021-04-14T23:59:59+02:00,5,10,5280,6420,14628,20860,14251,20706,13560,25664,16677,25192,23402,28558,32693,44282,8703,17193,1,0,2083,1908,5031,6497,4683,7719,5062,10718,5900,10112,3887,4739,12956,18062,6569,13522,182671,107412,32913,11809,102304,80,47,149,101
2021-04-13T23:59:59+02:00,5,10,5223,6368,14419,20728,14002,20520,13211,25363,16101,24685,21679,26697,32374,43865,8673,17084,1,0,1995,1853,4862,6306,4496,7492,4862,10463,5689,9871,3739,4568,12436,17447,6443,13359,178384,104975,32032,10692,100399,69,46,146,100
2021-04-12T23:59:59+02:00,5,9,5161,6299,14200,20533,13697,20257,12821,24946,15515,24133,20067,24750,32083,43502,8631,17009,1,0,1867,1759,4679,6145,4345,7315,4698,10269,5552,9712,3618,4412,12002,16935,6331,13197,173992,103276,30975,9351,98462,67,46,143,97
2021-04-11T23:59:59+02:00,5,9,5089,6221,13978,20335,13398,20043,12402,24592,14947,23617,18556,22966,31822,43160,8586,16927,1,0,1828,1720,4557,6032,4233,7189,4575,10137,5415,9581,3502,4290,11508,16325,6198,12989,169679,101507,30015,8371,96776,65,44,139,93
2021-04-10T23:59:59+02:00,5,9,5084,6212,13958,20318,13387,20030,12384,24573,14921,23594,17862,22041,31531,42740,8568,16900,1,0,1823,1706,4542,6021,4217,7174,4561,10123,5362,9513,3397,4174,10952,15493,6067,12791,168589,99350,29987,8371,95361,63,41,139,92
2021-04-09T23:59:59+02:00,5,9,5070,6192,13916,20267,13335,19972,12332,24513,14655,23339,16339,20145,31125,42092,8534,16857,1,0,1796,1687,4518,6004,4190,7147,4517,10084,5325,9465,3310,4053,10082,14504,5918,12592,165934,96883,29645,8120,92943,61,39,136,90
2021-04-08T23:59:59+02:00,5,9,5024,6163,13815,20191,13253,19892,12227,24409,14312,22976,14561,17922,30504,41086,8471,16733,1,0,1771,1672,4488,5951,4139,7061,4452,10002,5249,9388,3202,3949,9603,13896,5712,12345,162069,95017,28613,7684,90707,60,32,132,88
2021-04-07T23:59:59+02:00,5,9,4989,6131,13701,20103,13154,19800,12117,24298,13919,22607,13023,16058,29855,40102,8417,16632,1,0,1751,1657,4434,5882,4051,6986,4362,9918,5160,9286,3111,3855,8839,12797,5472,11938,157549,92425,27731,6906,89482,52,30,128,87
2021-04-06T23:59:59+02:00,5,9,4958,6107,13601,20036,13071,19742,12038,24234,13541,22255,11386,14051,29194,39131,8385,16561,1,0,1687,1602,4303,5753,3941,6861,4243,9767,5054,9153,2995,3735,8131,11862,5197,11571,153529,90030,26850,5661,87773,50,28,125,87
2021-04-05T23:59:59+02:00,5,8,4919,6077,13527,19968,13001,19670,11981,24155,13264,22003,9769,12099,28467,38079,8350,16498,1,0,1617,1534,4150,5599,3773,6704,4091,9615,4899,9023,2862,3618,7314,10892,4927,11179,150310,87642,25835,3999,85551,47,24,120,86
2021-04-04T23:59:59+02:00,5,8,4901,6059,13517,19942,12991,19651,11974,24135,13163,21929,8742,10836,28016,37437,8325,16441,1,0,1614,1531,4142,5593,3772,6699,4086,9612,4897,9014,2856,3609,7075,10421,4844,11053,148561,86674,25830,3998,83541,41,22,118,84
2021-04-03T23:59:59+02:00,5,8,4898,6049,13499,19922,12978,19640,11964,24124,13149,21910,7833,9769,27135,36193,8275,16329,1,0,1610,1527,4140,5588,3771,6696,4078,9600,4883,9000,2849,3595,6932,10153,4805,10971,146080,86056,25822,3998,81640,40,21,117,84
2021-04-02T23:59:59+02:00,5,8,4892,6029,13463,19894,12938,19595,11917,24075,13074,21843,7321,9020,25545,34091,8130,16059,1,0,1599,1511,4114,5563,3746,6656,4042,9539,4762,8715,2720,3438,6557,9753,4657,10764,141617,84225,25479,3770,80668,40,19,116,83
2021-04-01T23:59:59+02:00,4,8,4842,5969,13365,19751,12820,19443,11770,23919,12472,21396,6758,8306,24036,32120,8003,15819,1,0,1535,1463,4002,5442,3680,6583,3974,9472,4681,8610,2623,3296,6040,9070,4479,10485,137411,81944,24340,3359,78918,36,18,114,79
2021-03-31T23:59:59+02:00,4,8,4789,5912,13240,19594,12685,19285,11580,23739,12209,21134,6434,7931,22551,30161,7849,15589,1,0,1522,1452,3977,5418,3647,6554,3936,9425,4640,8552,2557,3219,5550,8420,4300,10246,133455,80145,23243,3141,77867,36,15,114,79
2021-03-30T23:59:59+02:00,4,8,4723,5844,13103,19444,12573,19104,11451,23574,12040,20996,6243,7717,21160,28426,7703,15384,1,0,1505,1415,3936,5384,3582,6482,3845,9311,4507,8382,2417,3012,5126,7860,4157,9988,130082,77902,22316,2897,76978,24,10,111,77
2021-03-29T23:59:59+02:00,4,8,4682,5801,12982,19350,12504,19020,11370,23464,11887,20861,6083,7518,19730,26741,7576,15181,1,0,1447,1374,3881,5337,3507,6410,3724,9167,4352,8189,2293,2872,4560,7186,4000,9711,126473,75224,21447,2680,76724,23,9,109,75
2021-03-28T23:59:59+02:00,4,8,4635,5732,12860,19208,12417,18927,11267,23362,11775,20755,5931,7310,18546,25233,7456,14983,1,0,1414,1331,3783,5229,3313,6183,3635,9049,4299,8132,2239,2806,3803,6166,3814,9440,123453,72160,20651,2382,76190,16,9,106,70
2021-03-27T23:59:59+01:00,4,8,4602,5682,12751,19044,12301,18765,11150,23157,11666,20608,5862,7222,18256,24886,7445,14965,1,0,1407,1328,3778,5225,3310,6176,3350,8698,4100,7834,2233,2803,3790,6131,3777,9374,121612,70844,20611,2382,76037,12,9,105,68
2021-03-26T23:59:59+01:00,4,7,4563,5625,12636,18851,12164,18564,10998,22925,11503,20394,5695,7005,17645,24092,7346,14814,1,0,1405,1326,3773,5218,3286,6158,3330,8678,3884,7383,2053,2396,3525,5844,3625,9134,118498,68558,20269,2375,75954,10,8,102,68
2021-03-25T23:59:59+01:00,4,7,4487,5532,12438,18609,11962,18240,10787,22596,11260,20067,5479,6717,16613,22784,7218,14624,1,0,1396,1314,3754,5192,3251,6131,3278,8640,3835,7340,1979,2283,3088,5158,3463,8825,114521,66574,19192,2273,75603,7,8,100,66
2021-03-24T23:59:59+01:00,4,7,4404,5419,12217,18154,11743,17822,10561,22201,11027,19693,5207,6368,15569,21565,7076,14396,1,0,1373,1300,3729,5147,3215,6067,3224,8568,3783,7266,1924,2225,2779,4823,3310,8551,111397,65177,18098,2031,73830,7,8,100,62
2021-03-23T23:59:59+01:00,4,7,4347,5348,12049,17811,11539,17465,10368,21833,10798,19401,5064,6165,14925,20747,6937,14221,1,0,1355,1292,3712,5126,3193,6050,3198,8517,3741,7223,1884,2165,2547,4546,3097,8222,108999,63806,17364,1989,72558,5,8,100,61
2021-03-22T23:59:59+01:00,4,7,4295,5269,11849,17476,11352,17141,10145,21509,10583,19097,4911,5954,14306,20031,6805,14037,1,0,1342,1282,3681,5093,3161,6013,3171,8460,3704,7178,1839,2110,2350,4292,2899,7884,107126,62540,16643,1848,70895,4,8,99,60
2021-03-21T23:59:59+01:00,4,7,4222,5144,11565,17062,11068,16739,9874,21052,10325,18740,4797,5781,13609,19241,6661,13830,1,0,1333,1281,3664,5077,3139,5980,3148,8433,3685,7154,1818,2080,2181,4128,2727,7612,105233,61530,15343,1843,69040,4,7,98,57
2021-03-20T23:59:59+01:00,3,7,4193,5074,11422,16732,10945,16425,9732,20756,10149,18458,4668,5619,12980,18294,6520,13614,1,0,1332,1280,3663,5075,3136,5979,3145,8428,3679,7148,1813,2075,2149,4066,2701,7569,103033,61328,15338,1843,67116,4,7,97,57
2021-03-19T23:59:59+01:00,3,6,4147,4992,11253,16368,10759,16072,9555,20375,9929,18099,4509,5423,11952,17086,6358,13403,1,0,1324,1273,3646,5046,3106,5901,3100,8333,3573,6971,1686,1963,2073,4000,2591,7359,100323,60039,14927,1839,64938,4,7,94,57
2021-03-18T23:59:59+01:00,3,6,4059,4885,11005,15941,10496,15625,9273,19908,9705,17756,4363,5257,11325,16215,6127,13136,1,0,1320,1262,3629,5011,3086,5857,3078,8277,3546,6922,1665,1930,2037,3931,2464,7148,98513,59352,13919,1747,62555,4,7,91,54
2021-03-17T23:59:59+01:00,3,6,3881,4768,10707,15528,10238,15266,9030,19545,9451,17406,4242,5090,10508,14972,5863,12711,1,0,1319,1259,3615,4992,3078,5837,3068,8243,3528,6899,1661,1905,2013,3900,2352,6963,95850,58841,12373,1732,60896,4,5,91,51
2021-03-16T23:59:59+01:00,3,6,3737,4642,10371,15064,9969,14896,8753,19099,9153,17039,4101,4922,9687,13846,5582,12353,1,0,1305,1256,3611,4985,3068,5832,3062,8230,3519,6884,1634,1879,1974,3848,2231,6781,93517,58387,11179,1654,58434,4,4,89,51
2021-03-15T23:59:59+01:00,3,6,3590,4522,10056,14602,9677,14439,8453,18624,8863,16629,3953,4753,8969,12779,5354,12027,1,0,1295,1248,3590,4973,3056,5808,3040,8191,3499,6842,1617,1863,1955,3816,2114,6593,91539,57794,9815,1651,55858,4,3,84,49
2021-03-14T23:59:59+01:00,3,6,3518,4430,9799,14173,9426,14042,8133,18133,8581,16235,3790,4565,8160,11539,5043,11562,1,0,1281,1241,3569,4955,3035,5766,3018,8112,3471,6774,1590,1808,1894,3688,1946,6194,89207,57262,8792,1028,53056,4,1,82,48
2021-03-13T23:59:59+01:00,3,6,3435,4171,9484,13504,9176,13458,7904,17545,8369,15793,3678,4458,7965,11242,4991,11470,1,0,1281,1241,3569,4955,3034,5765,3017,8111,3468,6771,1587,1807,1892,3684,1945,6193,88529,57242,8791,1028,49249,4,1,82,46
2021-03-12T23:59:59+01:00,3,6,3369,4023,9235,12971,8938,12931,7669,16910,8008,15040,3513,4287,7574,10831,4851,11280,1,0,1277,1237,3564,4941,3031,5760,3010,8103,3464,6764,1560,1778,1870,3666,1846,6012,86730,56809,8540,1025,46088,4,1,80,45
2021-03-11T23:59:59+01:00,3,6,3210,3750,8853,12213,8633,12257,7335,16122,7659,14389,3351,4083,7011,10108,4655,10973,1,0,1258,1226,3531,4897,2986,5681,2975,7980,3412,6665,1513,1724,1786,3460,1642,5477,84259,56046,8084,124,42191,3,1,76,40
2021-03-10T23:59:59+01:00,3,6,3141,3642,8362,11708,7954,11778,7015,15628,7358,13793,3190,3920,6441,9411,4478,10696,1,0,1247,1212,3501,4840,2952,5603,2939,7842,3358,6543,1470,1680,1724,3361,1520,5190,82403,54843,7528,101,38519,0,1,73,38
2021-03-09T23:59:59+01:00,3,5,3033,3463,7687,11262,7075,11303,6597,15018,6992,13186,2953,3617,5928,8770,4320,10411,1,0,1242,1209,3478,4794,2925,5538,2922,7790,3339,6497,1456,1655,1688,3319,1408,4984,80078,54143,6158,66,35314,0,1,72,35
2021-03-08T23:59:59+01:00,3,5,2859,3224,7057,10720,6267,10821,6196,14497,6594,12616,2739,3406,5321,8032,4170,10139,1,0,1236,1202,3456,4730,2900,5461,2883,7695,3307,6422,1449,1646,1685,3309,1403,4981,77246,53666,5010,64,32340,0,1,69,35
2021-03-07T23:59:59+01:00,3,5,2746,3090,6727,10223,5860,10279,5900,14048,6348,12224,2639,3311,4559,6970,3953,9856,1,0,1232,1199,3452,4725,2895,5448,2879,7678,3299,6408,1443,1632,1662,3268,1386,4937,73985,53448,4176,61,30515,0,1,64,34
2021-03-06T23:59:59+01:00,3,5,2701,2948,6543,9776,5661,9863,5424,13187,5971,11486,2617,3283,4553,6959,3950,9853,1,0,1232,1198,3448,4719,2893,5447,2878,7677,3298,6405,1442,1629,1662,3266,1385,4937,72754,53422,4176,61,27789,0,1,63,33
2021-03-05T23:59:59+01:00,3,5,2602,2688,6330,9199,5446,9470,5246,12620,5591,10502,2388,2815,4172,6577,3812,9632,1,0,1218,1195,3432,4703,2888,5434,2868,7659,3286,6386,1428,1621,1661,3262,1380,4933,70413,53262,3940,61,24681,0,1,63,31
2021-03-04T23:59:59+01:00,3,5,2520,2478,6117,8768,5288,9129,5064,12195,5413,10124,2292,2645,3612,5750,3641,9285,1,0,1206,1179,3388,4605,2856,5366,2836,7562,3254,6310,1407,1611,1647,3248,1370,4922,68341,52683,3491,58,22434,0,1,62,26
2021-03-03T23:59:59+01:00,2,5,2461,2421,5945,8356,5118,8763,4848,11745,5224,9676,2209,2539,3203,5308,3480,8988,1,0,1185,1169,3353,4558,2818,5300,2794,7463,3206,6234,1387,1584,1627,3217,1364,4904,66902,52086,3246,54,20081,0,1,61,23
2021-03-02T23:59:59+01:00,2,5,2403,2327,5785,8023,4960,8509,4683,11345,5058,9356,2138,2448,2896,4946,3261,8662,1,0,1180,1158,3334,4536,2803,5273,2776,7414,3198,6206,1382,1574,1609,3197,1361,4899,65519,51825,2983,53,18245,0,0,60,23
2021-03-01T23:59:59+01:00,2,5,2376,2296,5678,7806,4860,8364,4597,11192,4956,9181,2081,2370,2597,4622,3070,8342,1,0,1174,1155,3319,4518,2791,5244,2759,7368,3182,6178,1376,1571,1602,3188,1358,4893,64242,51601,2759,53,17336,0,0,58,23
2021-02-28T23:59:59+01:00,2,5,2323,2250,5497,7544,4686,8143,4460,11006,4845,9050,2040,2304,2299,4318,2866,8026,1,0,1164,1149,3305,4508,2784,5237,2754,7354,3174,6164,1371,1568,1594,3168,1357,4859,63111,51437,2453,53,16042,0,0,58,21
2021-02-27T23:59:59+01:00,2,5,2233,1938,5324,7120,4587,7835,4377,10659,4771,8800,2011,2244,2268,4272,2844,7974,1,0,1160,1145,3303,4506,2779,5235,2750,7351,3169,6160,1370,1568,1592,3164,1356,4858,62869,51398,2453,50,13884,0,0,58,19
2021-02-26T23:59:59+01:00,2,5,2166,1858,5177,6886,4440,7576,4225,10393,4562,8514,1882,2135,2208,4232,2735,7791,1,0,1139,1132,3287,4472,2766,5195,2739,7299,3148,6106,1364,1557,1588,3156,1355,4856,61532,51093,2447,49,12750,0,0,58,18
2021-02-25T23:59:59+01:00,2,5,2033,1754,4852,6478,4012,7124,3940,9875,4328,8132,1823,2076,2177,4173,2618,7596,1,0,1120,1114,3247,4426,2735,5144,2693,7192,3108,6013,1352,1541,1571,3115,1341,4797,61050,50447,2339,47,9552,0,0,57,16
2021-02-24T23:59:59+01:00,2,5,1998,1688,4735,6264,3908,6912,3818,9633,4205,7973,1800,2042,2146,4130,2503,7396,1,0,1107,1108,3217,4362,2700,5079,2667,7107,3080,5942,1336,1523,1547,3065,1329,4728,60499,49848,2094,35,8508,0,0,57,15
2021-02-23T23:59:59+01:00,2,5,1767,1545,4365,5778,3626,6526,3596,9252,4047,7689,1768,2009,2101,4082,2389,7211,1,0,1088,1096,3181,4334,2672,5021,2642,7031,3044,5883,1316,1503,1520,3030,1319,4673,60030,49318,2047,21,5625,0,0,56,15
2021-02-22T23:59:59+01:00,2,5,1757,1526,4315,5718,3589,6464,3529,9156,3986,7594,1734,1982,2075,4031,2268,7013,1,0,1082,1082,3159,4290,2652,4982,2617,6972,3014,5830,1303,1487,1509,3019,1311,4664,59481,48947,1905,12,5303,0,0,55,15
2021-02-21T23:59:59+01:00,2,5,1744,1520,4283,5684,3545,6426,3489,9103,3942,7543,1722,1973,2070,4021,2144,6846,1,0,1074,1071,3138,4250,2622,4930,2602,6904,2985,5743,1290,1471,1485,2958,1282,4583,59124,48364,1899,10,4988,0,0,51,15
2021-02-20T23:59:59+01:00,2,5,1740,1519,4276,5681,3542,6423,3488,9101,3939,7542,1717,1970,2068,4017,2143,6846,1,0,1074,1071,3135,4248,2622,4930,2601,6903,2985,5743,1290,1470,1484,2958,1282,4583,59105,48355,1899,10,4966,0,0,49,15
2021-02-19T23:59:59+01:00,2,5,1711,1509,4262,5661,3531,6409,3477,9091,3930,7525,1690,1941,2047,3999,2043,6662,1,0,1073,1069,3133,4246,2621,4929,2601,6900,2982,5741,1290,1469,1484,2956,1282,4583,58680,48336,1893,10,4875,0,0,47,14
2021-02-18T23:59:59+01:00,2,5,1658,1476,4167,5549,3459,6305,3389,8926,3842,7382,1667,1906,2014,3927,1911,6461,1,0,1024,1027,2993,4028,2494,4661,2491,6562,2874,5476,1256,1425,1452,2869,1253,4428,58021,46293,1803,8,4177,0,0,45,13
2021-02-17T23:59:59+01:00,2,4,1635,1446,4070,5400,3374,6151,3271,8691,3715,7180,1611,1834,1936,3821,1785,6145,0,0,966,978,2844,3806,2378,4351,2366,6152,2745,5164,1205,1362,1404,2756,1203,4250,56774,43910,1792,7,3462,0,0,43,13
2021-02-16T23:59:59+01:00,2,4,1558,1379,3908,5210,3239,5970,3162,8458,3593,7017,1587,1808,1901,3792,1664,5934,0,0,879,947,2711,3651,2281,4141,2241,5831,2615,4912,1147,1267,1256,2451,936,3619,56077,40872,1776,4,2294,0,0,39,9
2021-02-15T23:59:59+01:00,2,4,1539,1360,3859,5125,3179,5884,3105,8344,3527,6911,1573,1792,1886,3769,1655,5911,0,0,843,924,2632,3521,2207,3962,2161,5553,2527,4701,1101,1201,1163,2272,865,3389,55605,39014,1772,2,2010,0,0,38,6
2021-02-14T23:59:59+01:00,2,4,1474,1330,3778,5051,3136,5779,3050,8191,3484,6802,1553,1760,1832,3638,1596,5652,0,0,834,918,2580,3453,2166,3894,2107,5433,2461,4595,1073,1162,1073,2095,789,3139,55363,37765,1142,2,1569,0,0,38,5
2021-02-13T23:59:59+01:00,2,4,1470,1329,3769,5045,3129,5778,3046,8189,3481,6800,1552,1756,1832,3636,1594,5652,0,0,834,918,2580,3453,2166,3893,2105,5432,2460,4595,1070,1161,1073,2095,789,3139,55340,37760,1141,0,1545,0,0,38,3
2021-02-12T23:59:59+01:00,2,3,1432,1310,3732,5012,3106,5758,3024,8156,3462,6756,1536,1746,1822,3619,1585,5631,0,0,826,911,2547,3400,2132,3848,2075,5379,2442,4564,1069,1159,1072,2093,788,3137,55114,37440,1138,0,1403,0,0,37,2
2021-02-11T23:59:59+01:00,2,3,1378,1262,3617,4842,3014,5584,2926,7847,3362,6543,1476,1685,1752,3435,1493,5285,0,0,786,846,2290,2954,1904,3373,1844,4633,2169,4033,979,1087,974,1894,729,2854,54473,33349,145,0,855,0,0,33,0
2021-02-10T23:59:59+01:00,2,3,1352,1239,3555,4737,2949,5479,2883,7697,3309,6410,1457,1667,1724,3397,1479,5246,0,0,703,786,1997,2545,1693,2929,1607,4024,1910,3573,867,940,803,1515,584,2330,53823,28806,143,0,589,0,0,30,0
2021-02-09T23:59:59+01:00,2,2,1340,1220,3500,4668,2920,5410,2862,7605,3272,6341,1449,1651,1696,3374,1469,5233,0,0,653,706,1734,2196,1501,2543,1422,3524,1738,3213,835,907,778,1437,562,2214,53512,25963,138,0,334,0,0,30,0
2021-02-08T23:59:59+01:00,2,2,1326,1216,3471,4638,2900,5372,2840,7554,3252,6312,1437,1644,1686,3348,1467,5214,0,0,638,669,1583,1960,1360,2286,1290,3216,1580,2950,795,886,729,1329,529,2039,53208,23839,113,0,331,0,0,29,0
2021-02-07T23:59:59+01:00,2,2,1193,1173,3367,4583,2846,5329,2813,7516,3226,6274,1427,1626,1677,3325,1460,5181,0,0,493,523,1314,1604,1120,1836,1078,2626,1351,2426,691,757,648,1168,483,1811,52910,19929,85,0,0,0,0,25,0
2021-02-06T23:59:59+01:00,2,2,1189,1171,3365,4581,2842,5327,2806,7513,3222,6271,1426,1624,1676,3321,1459,5180,0,0,370,372,1114,1356,984,1532,936,2218,1185,2009,603,658,620,1150,480,1808,52867,17395,85,0,0,0,0,25,0
2021-02-05T23:59:59+01:00,2,1,1177,1160,3350,4559,2834,5299,2796,7470,3204,6225,1420,1616,1673,3315,1458,5180,0,0,270,213,929,1040,838,1162,761,1770,1009,1599,487,552,593,1130,477,1804,52631,14634,85,0,0,0,0,23,0
2021-02-04T23:59:59+01:00,2,1,1161,1141,3304,4507,2794,5224,2754,7341,3156,6141,1405,1600,1659,3281,1448,5152,0,0,141,86,628,671,548,742,522,1162,668,1001,306,371,486,982,432,1640,51988,10386,60,0,0,0,0,23,0
2021-02-03T23:59:59+01:00,2,1,1139,1135,3277,4464,2765,5183,2731,7293,3126,6085,1395,1589,1633,3241,1441,5099,0,0,120,70,498,519,416,599,418,915,512,753,253,291,381,767,334,1276,51522,8122,55,0,0,0,0,22,0
2021-02-02T23:59:59+01:00,2,1,1117,1121,3241,4433,2733,5130,2706,7218,3091,6022,1370,1560,1597,3186,1415,5003,0,0,111,61,415,420,345,520,368,825,459,671,233,268,335,694,306,1140,50871,7171,54,0,0,0,0,21,0
2021-02-01T23:59:59+01:00,2,1,1101,1109,3221,4381,2705,5069,2675,7092,3060,5926,1350,1530,1571,3148,1398,4938,0,0,83,46,314,315,253,393,276,618,328,506,194,219,263,554,238,893,50203,5493,54,0,0,0,0,20,0
2021-01-31T23:59:59+01:00,2,1,1093,1099,3206,4351,2680,5025,2659,7037,3047,5882,1338,1513,1548,3082,1370,4853,0,0,73,44,288,291,228,346,254,574,298,465,173,200,217,453,195,725,49712,4824,54,0,0,0,0,20,0
2021-01-30T23:59:59+01:00,2,1,1092,1099,3202,4346,2679,5024,2658,7036,3047,5881,1338,1512,1547,3082,1370,4853,0,0,72,40,279,277,215,331,249,563,294,459,172,197,216,453,195,725,49698,4737,51,0,0,0,0,20,0
2021-01-29T23:59:59+01:00,2,1,1091,1097,3200,4343,2679,5022,2658,7034,3044,5879,1338,1512,1547,3081,1370,4853,0,0,65,36,261,262,192,311,233,546,283,448,166,193,212,447,194,723,49680,4572,51,0,0,0,0,20,0
2021-01-28T23:59:59+01:00,2,1,1070,1078,3133,4241,2625,4913,2600,6878,2978,5748,1322,1490,1531,3013,1346,4727,0,0,55,19,165,156,128,188,164,361,208,284,133,150,166,284,117,433,48630,3011,48,0,0,0,0,18,0
2021-01-27T23:59:59+01:00,2,1,1024,1039,3050,4099,2544,4735,2505,6597,2894,5547,1290,1445,1489,2918,1309,4575,0,0,26,7,101,73,59,93,85,211,119,150,102,118,122,214,90,313,47009,1883,38,0,0,0,0,16,0
2021-01-26T23:59:59+01:00,1,1,947,1011,2932,3965,2464,4551,2423,6418,2824,5391,1262,1394,1399,2765,1085,4169,0,0,25,7,96,72,58,92,83,211,117,149,100,117,121,214,90,313,44964,1865,26,0,0,0,0,12,0
2021-01-25T23:59:59+01:00,1,1,929,994,2851,3837,2420,4404,2363,6223,2765,5241,1241,1370,1385,2738,1072,4133,0,0,25,7,94,71,56,90,83,211,117,147,100,116,121,214,90,313,43942,1855,17,0,0,0,0,9,0
2021-01-24T23:59:59+01:00,1,1,919,990,2830,3821,2409,4372,2337,6184,2731,5180,1228,1363,1376,2714,1058,4099,0,0,25,7,94,71,56,89,83,210,116,147,99,116,121,214,90,313,43592,1851,13,0,0,0,0,8,0
2021-01-23T23:59:59+01:00,1,1,919,990,2830,3820,2409,4371,2335,6183,2730,5180,1225,1362,1375,2714,1058,4099,0,0,25,6,94,71,56,89,83,210,116,147,99,116,121,214,90,311,43586,1848,11,0,0,0,0,5,0
2021-01-22T23:59:59+01:00,1,1,912,983,2799,3774,2375,4306,2303,6108,2709,5133,1223,1359,1374,2711,1057,4096,0,0,25,6,94,70,56,89,83,210,116,147,99,116,121,214,90,311,43211,1847,11,0,0,0,0,2,0
2021-01-21T23:59:59+01:00,1,1,896,915,2541,3363,2173,3888,2122,5497,2484,4648,1166,1313,1324,2591,1021,3938,0,0,21,6,83,64,52,72,70,170,96,134,89,100,101,154,74,235,39870,1521,11,0,0,0,0,1,0
2021-01-20T23:59:59+01:00,1,1,815,850,2231,2956,1967,3427,1891,4889,2229,4173,1052,1172,1152,2236,886,3414,0,0,21,6,83,64,52,71,69,170,95,134,89,100,101,154,72,235,35331,1516,11,0,0,0,0,0,0
2021-01-19T23:59:59+01:00,1,1,752,771,1937,2509,1728,2970,1657,4229,1985,3699,978,1075,1024,1947,778,3032,0,0,10,3,50,46,33,44,35,100,44,77,41,37,50,83,44,152,31064,849,9,0,0,0,0,0,0
2021-01-18T23:59:59+01:00,1,1,677,711,1707,2112,1489,2498,1411,3545,1733,3195,891,988,918,1731,722,2749,0,0,5,2,19,11,13,21,17,54,17,33,21,22,26,56,31,82,27075,430,4,0,0,0,0,0,0
2021-01-17T23:59:59+01:00,0,1,499,550,1390,1710,1211,1966,1156,2813,1451,2572,750,831,764,1439,598,2354,0,0,0,1,4,2,0,0,0,0,0,0,1,0,0,0,0,0,22052,8,3,0,0,0,0,0,0
2021-01-16T23:59:59+01:00,0,0,379,400,1208,1467,1091,1679,1017,2416,1293,2165,663,734,736,1422,596,2353,0,0,0,0,0,0,0,0,0,0,0,0,0,0,0,0,0,0,19617,0,2,0,0,0,0,0,0
2021-01-15T23:59:59+01:00,0,0,276,239,1023,1168,942,1333,849,1970,1116,1763,544,623,697,1387,583,2312,0,0,0,0,0,0,0,0,0,0,0,0,0,0,0,0,0,0,16824,0,1,0,0,0,0,0,0
2021-01-14T23:59:59+01:00,0,0,159,106,709,785,650,865,614,1312,752,1143,354,434,572,1200,523,2061,0,0,0,0,0,0,0,0,0,0,0,0,0,0,0,0,0,0,12239,0,0,0,0,0,0,0,0
2021-01-13T23:59:59+01:00,0,0,133,86,599,618,526,699,497,1054,595,876,298,358,483,1014,450,1756,0,0,0,0,0,0,0,0,0,0,0,0,0,0,0,0,0,0,10042,0,0,0,0,0,0,0,0
2021-01-12T23:59:59+01:00,0,0,123,70,514,527,450,598,431,922,524,770,263,309,395,817,376,1371,0,0,0,0,0,0,0,0,0,0,0,0,0,0,0,0,0,0,8460,0,0,0,0,0,0,0,0
2021-01-11T23:59:59+01:00,0,0,94,57,417,433,365,486,345,746,419,597,229,258,327,684,307,1158,0,0,0,0,0,0,0,0,0,0,0,0,0,0,0,0,0,0,6922,0,0,0,0,0,0,0,0
2021-01-10T23:59:59+01:00,0,0,79,49,352,360,298,403,292,649,349,528,200,227,262,544,245,903,0,0,0,0,0,0,0,0,0,0,0,0,0,0,0,0,0,0,5740,0,0,0,0,0,0,0,0
2021-01-09T23:59:59+01:00,0,0,78,47,336,339,274,382,284,633,341,521,199,226,261,542,245,903,0,0,0,0,0,0,0,0,0,0,0,0,0,0,0,0,0,0,5611,0,0,0,0,0,0,0,0
2021-01-08T23:59:59+01:00,0,0,72,39,301,304,229,341,255,590,314,480,181,206,236,482,224,799,0,0,0,0,0,0,0,0,0,0,0,0,0,0,0,0,0,0,5053,0,0,0,0,0,0,0,0
2021-01-07T23:59:59+01:00,0,0,58,25,211,200,160,242,196,425,244,343,151,167,181,317,150,513,0,0,0,0,0,0,0,0,0,0,0,0,0,0,0,0,0,0,3583,0,0,0,0,0,0,0,0
2021-01-06T23:59:59+01:00,0,0,46,15,164,121,113,161,145,298,179,244,119,135,139,250,107,367,0,0,0,0,0,0,0,0,0,0,0,0,0,0,0,0,0,0,2603,0,0,0,0,0,0,0,0
2021-01-05T23:59:59+01:00,0,0,28,8,98,74,59,94,88,214,118,152,109,125,130,231,106,341,0,0,0,0,0,0,0,0,0,0,0,0,0,0,0,0,0,0,1975,0,0,0,0,0,0,0,0
2021-01-04T23:59:59+01:00,0,0,26,8,97,72,56,91,88,214,118,150,109,123,129,231,106,341,0,0,0,0,0,0,0,0,0,0,0,0,0,0,0,0,0,0,1959,0,0,0,0,0,0,0,0
2021-01-03T23:59:59+01:00,0,0,26,8,97,71,56,90,88,213,117,150,108,123,129,231,106,341,0,0,0,0,0,0,0,0,0,0,0,0,0,0,0,0,0,0,1954,0,0,0,0,0,0,0,0
2021-01-02T23:59:59+01:00,0,0,26,7,97,71,56,90,87,213,116,150,108,123,129,231,106,340,0,0,0,0,0,0,0,0,0,0,0,0,0,0,0,0,0,0,1950,0,0,0,0,0,0,0,0
2021-01-01T23:59:59+01:00,0,0,26,7,97,71,56,90,87,213,115,149,108,123,129,231,106,340,0,0,0,0,0,0,0,0,0,0,0,0,0,0,0,0,0,0,1948,0,0,0,0,0,0,0,0
2020-12-31T23:59:59+01:00,0,0,26,7,97,71,56,90,87,213,114,149,108,123,129,231,106,340,0,0,0,0,0,0,0,0,0,0,0,0,0,0,0,0,0,0,1947,0,0,0,0,0,0,0,0
2020-12-30T23:59:59+01:00,0,0,26,7,97,71,55,90,86,213,114,149,108,123,129,231,105,340,0,0,0,0,0,0,0,0,0,0,0,0,0,0,0,0,0,0,1944,0,0,0,0,0,0,0,0
2020-12-29T23:59:59+01:00,0,0,14,2,65,54,33,61,50,138,64,91,53,54,74,142,65,232,0,0,0,0,0,0,0,0,0,0,0,0,0,0,0,0,0,0,1192,0,0,0,0,0,0,0,0
2020-12-28T23:59:59+01:00,0,0,5,2,36,26,20,31,21,67,25,41,23,22,27,51,34,82,0,0,0,0,0,0,0,0,0,0,0,0,0,0,0,0,0,0,513,0,0,0,0,0,0,0,0
2020-12-27T23:59:59+01:00,0,0,1,0,8,6,8,2,1,5,0,2,1,1,2,2,4,6,0,0,0,0,0,0,0,0,0,0,0,0,0,0,0,0,0,0,49,0,0,0,0,0,0,0,0
