Datum,<15_1_m,<15_1_w,15-24_1_m,15-24_1_w,25-34_1_m,25-34_1_w,35-44_1_m,35-44_1_w,45-54_1_m,45-54_1_w,55-64_1_m,55-64_1_w,65-74_1_m,65-74_1_w,75-84_1_m,75-84_1_w,>84_1_m,>84_1_w,<15_2_m,<15_2_w,15-24_2_m,15-24_2_w,25-34_2_m,25-34_2_w,35-44_2_m,35-44_2_w,45-54_2_m,45-54_2_w,55-64_2_m,55-64_2_w,65-74_2_m,65-74_2_w,75-84_2_m,75-84_2_w,>84_2_m,>84_2_w,bp_1,bp_2,mo_1,mo_2,az_1,az_2,ja,unb_1,unb_2
2021-12-13T23:59:59+01:00,27423,25783,83130,81546,125021,121156,111783,110597,105137,110062,100925,102666,59742,74071,45535,63527,11325,23142,14661,13934,74593,73695,116191,111840,104399,102691,99296,103748,96627,98010,57417,71149,44267,61415,10791,21848,977832,890233,141858,136245,159355,146396,103059,577,639
2021-12-12T23:59:59+01:00,27289,25614,82985,81420,124897,121009,111676,110479,105067,109978,100859,102591,59705,73996,45517,63505,11320,23120,14335,13581,74256,73439,115847,111457,104145,102437,99112,103576,96492,97877,57337,71072,44240,61382,10785,21837,976383,887055,141783,136082,159355,146396,103035,577,639
2021-12-11T23:59:59+01:00,27113,25440,82920,81372,124839,120934,111626,110432,105046,109953,100842,102574,59695,73987,45513,63498,11320,23119,14131,13416,74058,73273,115649,111281,104002,102316,99009,103498,96439,97810,57322,71049,44236,61370,10784,21835,975619,885389,141761,136038,159355,146396,103016,577,639
2021-12-10T23:59:59+01:00,26677,25014,82751,81207,124671,120734,111490,110265,104911,109842,100747,102490,59633,73899,45484,63470,11315,23112,13874,13162,73742,72977,115365,110972,103753,102066,98817,103335,96342,97697,57293,71009,44228,61352,10783,21830,973217,882596,141666,135964,159355,146396,103002,577,639
2021-12-09T23:59:59+01:00,26208,24522,82604,81044,124545,120521,111373,110089,104820,109724,100675,102392,59594,73830,45458,63425,11314,23090,13488,12799,73337,72611,114959,110509,103445,101667,98571,103069,96201,97520,57219,70924,44201,61308,10774,21807,970840,878633,141573,135754,159355,146395,102988,577,639
2021-12-08T23:59:59+01:00,25929,24294,82480,80945,124456,120394,111261,109977,104742,109637,100608,102314,59558,73756,45438,63379,11304,23071,13245,12567,73021,72367,114648,110209,103201,101399,98386,102867,96058,97372,57172,70845,44178,61274,10765,21787,969248,875795,141496,135562,159355,146394,102971,577,639
2021-12-07T23:59:59+01:00,25567,23940,82391,80873,124391,120304,111208,109920,104706,109606,100578,102285,59539,73739,45431,63365,11299,23062,13116,12431,72859,72200,114455,110029,103083,101296,98297,102784,95991,97317,57149,70820,44175,61262,10764,21783,967948,874308,141470,135516,159355,146394,102954,577,639
2021-12-06T23:59:59+01:00,25210,23578,82290,80769,124263,120129,111099,109791,104612,109500,100515,102207,59492,73653,45409,63333,11290,23035,12888,12213,72536,71896,114158,109713,102861,101032,98106,102593,95853,97179,57097,70743,44154,61206,10756,21753,966018,871343,141389,135426,159355,146394,102935,577,639
2021-12-05T23:59:59+01:00,24952,23327,82136,80636,124092,119896,110942,109614,104488,109359,100389,102090,59415,73550,45375,63283,11278,23009,12714,12049,72264,71680,113831,109450,102614,100821,97945,102421,95727,97062,57041,70682,44123,61176,10751,21739,963829,868807,141251,135334,159355,146393,102917,577,639
2021-12-04T23:59:59+01:00,24406,22845,82105,80598,124056,119843,110897,109578,104468,109344,100370,102070,59409,73535,45374,63277,11276,23006,12641,11994,72095,71529,113654,109301,102478,100701,97848,102350,95680,97017,57029,70664,44117,61169,10750,21738,962474,867535,141242,135282,159355,146392,102907,577,639
2021-12-03T23:59:59+01:00,23727,22212,82029,80496,123978,119746,110816,109504,104423,109287,100345,102017,59391,73506,45364,63266,11274,23000,12512,11892,71834,71307,113405,109057,102282,100514,97677,102220,95570,96950,57004,70651,44114,61154,10750,21737,960443,865475,141212,135232,159355,146392,102892,577,639
2021-12-02T23:59:59+01:00,22994,21496,81872,80345,123827,119567,110706,109347,104320,109143,100246,101901,59329,73442,45332,63207,11268,22975,12323,11737,71491,70994,113069,108712,101971,100209,97430,102012,95423,96796,56953,70583,44093,61115,10746,21728,957506,862391,141103,135091,159355,146392,102872,577,639
2021-12-01T23:59:59+01:00,22412,20973,81777,80227,123688,119395,110599,109211,104240,109038,100179,101792,59270,73347,45311,63152,11263,22956,12234,11633,71265,70787,112841,108479,101772,100025,97298,101850,95336,96683,56895,70509,44068,61075,10739,21715,955095,860329,141049,134992,159353,146392,102852,576,639
2021-11-30T23:59:59+01:00,21822,20485,81566,80051,123425,119103,110395,108971,104062,108865,100020,101619,59136,73227,45268,63069,11241,22924,12150,11561,71049,70616,112572,108225,101593,99832,97117,101706,95223,96582,56855,70470,44041,61050,10734,21705,951700,858311,140895,134919,159352,146392,102820,576,639
2021-11-29T23:59:59+01:00,21268,19968,81455,79946,123287,118935,110280,108815,103983,108768,99951,101529,59078,73155,45252,63018,11222,22893,12067,11488,70849,70460,112366,108032,101430,99677,96980,101596,95123,96481,56817,70424,44020,61012,10730,21690,949349,856579,140822,134834,159349,146389,102801,576,639
2021-11-28T23:59:59+01:00,20716,19479,81336,79828,123150,118754,110184,108687,103880,108659,99880,101444,59033,73096,45231,62985,11219,22880,12023,11423,70630,70285,112079,107815,101238,99522,96852,101461,95022,96386,56786,70368,44005,60981,10723,21680,947080,854739,140747,134748,159349,146372,102783,576,637
2021-11-27T23:59:59+01:00,20050,18874,81274,79782,123070,118688,110132,108630,103839,108614,99848,101416,59020,73081,45227,62980,11217,22880,11980,11377,70490,70157,111889,107684,101091,99407,96734,101388,94964,96339,56773,70351,43996,60974,10721,21679,945298,853518,140725,134701,159349,146371,102767,576,637
2021-11-26T23:59:59+01:00,19305,18134,81157,79642,122937,118526,110023,108504,103739,108513,99793,101342,58995,73038,45220,62962,11217,22871,11869,11302,70317,70027,111658,107511,100900,99246,96552,101261,94866,96268,56757,70318,43984,60954,10718,21678,942650,851817,140694,134621,159345,146365,102746,576,637
2021-11-25T23:59:59+01:00,18431,17336,80953,79406,122681,118209,109799,108208,103521,108303,99641,101148,58868,72922,45178,62892,11205,22849,11758,11204,70126,69836,111422,107271,100672,99052,96374,101089,94735,96144,56717,70275,43970,60927,10714,21659,938495,849719,140542,134539,159342,146364,102687,576,636
2021-11-24T23:59:59+01:00,17841,16780,80809,79256,122535,118015,109660,108039,103382,108162,99534,101044,58814,72815,45159,62813,11199,22827,11692,11151,69981,69727,111259,107099,100533,98924,96285,100966,94641,96053,56689,70230,43955,60897,10711,21644,935736,848293,140462,134482,159338,146361,102665,575,636
2021-11-23T23:59:59+01:00,17111,16179,80636,79108,122371,117811,109485,107869,103253,108023,99426,100914,58743,72729,45132,62756,11189,22800,11643,11096,69827,69615,111063,106958,100388,98785,96142,100842,94547,95972,56662,70184,43934,60862,10706,21631,932698,846830,140385,134403,159338,146359,102631,575,634
2021-11-22T23:59:59+01:00,16525,15666,80453,78949,122194,117613,109317,107691,103124,107883,99309,100809,58678,72645,45113,62706,11179,22779,11594,11046,69684,69515,110879,106806,100238,98671,96050,100750,94459,95906,56637,70142,43913,60830,10705,21620,929890,845502,140326,134355,159336,146356,102600,573,632
2021-11-21T23:59:59+01:00,16029,15205,80247,78748,121952,117375,109121,107513,102981,107749,99213,100700,58627,72565,45098,62668,11172,22763,11553,11020,69501,69391,110663,106660,100063,98516,95943,100654,94365,95838,56595,70099,43903,60811,10703,21613,927114,844066,140252,134285,159326,146355,102553,573,632
2021-11-20T23:59:59+01:00,15806,14999,80090,78629,121798,117219,108962,107393,102882,107659,99156,100627,58611,72541,45089,62654,11170,22758,11525,10991,69373,69296,110485,106554,99905,98424,95815,100568,94309,95799,56585,70081,43897,60803,10703,21613,925511,843005,140217,134227,159323,146351,102511,573,632
2021-11-19T23:59:59+01:00,15501,14674,79820,78366,121522,116936,108700,107179,102718,107469,99040,100504,58586,72492,45074,62637,11166,22752,11458,10936,69205,69160,110274,106368,99704,98256,95666,100455,94224,95742,56572,70052,43888,60792,10701,21612,922707,841460,140159,134155,159322,146351,102467,573,632
2021-11-18T23:59:59+01:00,15108,14296,79437,78034,121183,116533,108403,106836,102496,107221,98901,100341,58505,72420,45058,62584,11158,22727,11337,10828,68976,68938,110028,106133,99472,98035,95496,100301,94110,95632,56534,70002,43871,60760,10697,21600,919001,839282,140027,134072,159316,146349,102416,572,631
2021-11-17T23:59:59+01:00,14883,14052,79119,77756,120858,116143,108144,106541,102296,107001,98791,100183,58443,72336,45035,62542,11152,22702,11286,10781,68795,68769,109837,105946,99332,97904,95380,100173,94028,95552,56496,69951,43858,60737,10694,21591,915938,837770,139886,134001,159311,146348,102360,572,631
2021-11-16T23:59:59+01:00,14644,13837,78697,77406,120395,115761,107809,106203,102063,106761,98638,100033,58377,72256,45013,62495,11142,22688,11212,10705,68618,68593,109625,105752,99171,97767,95280,100059,93932,95480,56470,69911,43835,60713,10690,21579,912344,836207,139807,133932,159306,146346,102277,572,630
2021-11-15T23:59:59+01:00,14393,13613,78211,76979,119902,115267,107406,105854,101801,106524,98479,99880,58308,72190,44984,62451,11136,22672,11154,10673,68461,68447,109431,105589,99022,97631,95177,99957,93851,95413,56439,69864,43809,60684,10685,21559,908381,834848,139697,133842,159302,146341,102186,572,629
2021-11-14T23:59:59+01:00,14018,13246,77700,76571,119381,114790,107046,105491,101519,106265,98311,99726,58243,72105,44960,62425,11134,22657,11077,10616,68292,68310,109237,105412,98878,97500,95064,99853,93776,95336,56395,69824,43795,60662,10681,21553,904137,833425,139566,133755,159282,146336,102119,572,626
2021-11-13T23:59:59+01:00,13882,13115,77366,76254,119044,114533,106791,105254,101348,106121,98232,99639,58224,72081,44957,62416,11134,22655,11035,10580,68164,68188,109103,105293,98779,97402,94988,99791,93736,95302,56384,69810,43792,60656,10681,21550,901790,832570,139490,133697,159275,146334,102007,572,626
2021-11-12T23:59:59+01:00,13702,12930,76970,75889,118703,114241,106488,105003,101109,105933,98098,99520,58194,72051,44947,62400,11133,22655,10976,10530,68020,68035,108968,105175,98659,97286,94891,99699,93674,95242,56369,69791,43787,60646,10680,21550,898840,831426,139420,133651,159273,146328,101948,572,625
2021-11-11T23:59:59+01:00,13478,12713,76454,75445,118222,113781,106082,104613,100852,105677,97936,99365,58124,71953,44929,62342,11125,22638,10816,10400,67803,67852,108796,104958,98496,97111,94768,99566,93596,95160,56334,69753,43763,60617,10676,21524,894825,829623,139301,133572,159264,146319,101853,572,622
2021-11-10T23:59:59+01:00,13349,12600,76056,75136,117855,113439,105800,104343,100661,105471,97796,99244,58070,71886,44907,62301,11119,22623,10739,10335,67643,67696,108650,104808,98390,96967,94672,99461,93523,95093,56289,69711,43743,60586,10670,21510,892001,828299,139182,133519,159249,146311,101736,572,621
2021-11-09T23:59:59+01:00,13237,12484,75557,74790,117369,113102,105515,104073,100420,105263,97642,99113,58017,71837,44883,62267,11115,22611,10627,10242,67471,67556,108485,104648,98250,96858,94597,99371,93462,95028,56260,69678,43730,60565,10663,21500,888867,826995,139068,133457,159245,146294,101625,572,620
2021-11-08T23:59:59+01:00,13113,12386,75028,74441,116926,112717,105190,103780,100187,105066,97507,98990,57954,71769,44858,62233,11108,22596,10584,10187,67331,67438,108328,104514,98150,96746,94527,99279,93410,94956,56220,69630,43721,60539,10660,21494,885689,825923,138930,133377,159235,146289,101505,572,620
2021-11-07T23:59:59+01:00,13012,12277,74581,74139,116489,112331,104850,103480,99955,104874,97367,98863,57897,71711,44828,62202,11103,22586,10531,10144,67198,67306,108173,104354,98031,96612,94452,99180,93343,94887,56183,69581,43699,60517,10657,21486,882650,824757,138782,133295,159231,146275,101391,572,616
2021-11-06T23:59:59+01:00,12921,12206,74328,73889,116166,112116,104635,103275,99788,104741,97289,98796,57883,71687,44821,62188,11102,22586,10506,10119,67109,67219,108057,104279,97959,96551,94411,99128,93314,94867,56179,69572,43696,60510,10655,21485,880701,824179,138717,133266,159228,146275,101280,572,616
2021-11-05T23:59:59+01:00,12803,12097,74060,73641,115870,111846,104389,103043,99585,104571,97179,98700,57865,71657,44813,62174,11101,22583,10426,10049,66996,67108,107943,104164,97876,96458,94337,99049,93263,94827,56169,69556,43691,60505,10654,21483,878444,823267,138641,133226,159225,146271,101175,572,615
2021-11-04T23:59:59+01:00,12691,11990,73856,73390,115584,111586,104164,102822,99392,104402,97070,98597,57824,71614,44802,62149,11098,22575,10325,9957,66852,66967,107811,103993,97776,96326,94246,98954,93187,94754,56135,69522,43678,60469,10650,21474,876245,821956,138567,133157,159221,146267,101082,571,614
2021-11-03T23:59:59+01:00,12624,11928,73686,73236,115337,111382,103988,102677,99279,104266,96978,98521,57793,71583,44789,62129,11095,22564,10280,9918,66696,66851,107682,103858,97671,96216,94163,98892,93131,94697,56117,69492,43661,60439,10643,21458,874640,820892,138512,133100,159217,146265,100996,570,612
2021-11-02T23:59:59+01:00,12586,11886,73477,73092,115072,111171,103774,102537,99115,104161,96884,98435,57767,71548,44778,62115,11091,22550,10158,9825,66516,66716,107525,103714,97571,96096,94081,98815,93071,94631,56088,69460,43648,60405,10639,21441,873015,819624,138440,133030,159215,146257,100878,570,611
2021-11-01T23:59:59+01:00,12496,11810,73247,72922,114818,110978,103531,102375,98944,104036,96800,98376,57744,71511,44766,62095,11089,22542,10098,9761,66353,66566,107375,103579,97451,95997,93995,98727,93008,94573,56062,69425,43633,60385,10636,21430,871296,818495,138335,132951,159211,146252,100746,570,610
2021-10-31T23:59:59+01:00,12458,11785,73105,72827,114637,110882,103356,102273,98843,103964,96755,98334,57732,71501,44763,62089,11089,22541,10065,9738,66262,66517,107289,103521,97379,95955,93951,98701,92983,94555,56054,69420,43630,60383,10633,21426,870315,818063,138292,132918,159209,146246,100626,570,609
2021-10-30T23:59:59+02:00,12425,11766,72987,72746,114433,110793,103222,102182,98734,103864,96691,98305,57720,71484,44758,62084,11088,22538,10036,9731,66183,66461,107202,103465,97308,95905,93906,98654,92957,94544,56046,69415,43629,60379,10630,21423,869359,817651,138255,132866,159208,146242,100506,570,609
2021-10-29T23:59:59+02:00,12386,11726,72794,72616,114171,110615,102994,102031,98572,103766,96605,98251,57707,71473,44754,62074,11088,22534,9999,9696,66048,66347,107048,103361,97190,95816,93815,98576,92898,94499,56032,69402,43626,60374,10630,21423,867986,816833,138186,132811,159206,146240,100287,570,609
2021-10-28T23:59:59+02:00,12294,11668,72575,72427,113857,110358,102751,101856,98393,103617,96495,98167,57684,71441,44743,62060,11086,22529,9925,9636,65839,66134,106850,103146,97024,95644,93695,98452,92813,94450,56006,69351,43618,60355,10629,21416,866208,815416,138102,132731,159202,146231,99997,570,608
2021-10-27T23:59:59+02:00,12240,11607,72401,72263,113650,110153,102575,101708,98265,103499,96406,98105,57657,71394,44725,62033,11084,22524,9841,9570,65679,65970,106710,103016,96910,95544,93602,98358,92754,94395,55972,69312,43608,60332,10623,21403,864744,814297,138022,132641,159200,146222,99831,570,608
2021-10-26T23:59:59+02:00,12166,11521,72176,72045,113420,109949,102383,101570,98128,103391,96333,98038,57622,71368,44712,62017,11083,22516,9771,9484,65482,65767,106534,102860,96775,95403,93505,98274,92680,94330,55949,69275,43594,60299,10620,21391,863189,812963,137927,132566,159194,146220,99636,570,608
2021-10-25T23:59:59+02:00,12123,11498,72049,71944,113293,109838,102285,101486,98039,103320,96297,98002,57615,71357,44711,62008,11081,22513,9756,9469,65400,65701,106467,102810,96737,95368,93464,98247,92657,94317,55943,69268,43593,60297,10620,21387,862345,812593,137888,132542,159193,146217,99541,570,608
2021-10-24T23:59:59+02:00,12050,11435,71861,71772,113025,109661,102099,101319,97879,103187,96215,97923,57586,71316,44700,62000,11080,22510,9695,9413,65192,65510,106264,102648,96587,95241,93355,98145,92596,94258,55910,69229,43585,60272,10618,21383,860830,811347,137822,132453,159193,146213,99282,569,606
2021-10-23T23:59:59+02:00,12023,11410,71757,71689,112895,109561,102003,101236,97819,103138,96172,97898,57572,71302,44699,61999,11080,22509,9660,9372,65113,65421,106168,102587,96526,95186,93300,98093,92567,94230,55892,69218,43584,60269,10617,21383,860136,810798,137770,132398,159192,146211,99173,569,606
2021-10-22T23:59:59+02:00,11948,11368,71593,71550,112670,109404,101839,101116,97703,103036,96112,97847,57561,71284,44697,61991,11080,22507,9570,9286,64941,65238,105985,102441,96389,95067,93202,98006,92511,94176,55879,69207,43581,60256,10616,21381,858969,809656,137708,132321,159192,146204,98945,569,606
2021-10-21T23:59:59+02:00,11816,11240,71382,71390,112466,109204,101659,100940,97543,102909,96021,97784,57538,71250,44681,61968,11075,22493,9472,9168,64718,65011,105790,102222,96233,94868,93072,97891,92437,94101,55853,69170,43567,60226,10614,21371,857281,808020,137643,132210,159189,146194,98755,568,605
2021-10-20T23:59:59+02:00,11768,11190,71255,71256,112320,109064,101541,100843,97446,102828,95956,97729,57510,71213,44668,61950,11070,22476,9349,9072,64518,64826,105663,102059,96115,94727,92973,97783,92363,94046,55822,69112,43540,60193,10597,21342,856177,806518,137589,132149,159186,146188,98640,568,605
2021-10-19T23:59:59+02:00,11664,11099,71107,71119,112183,108931,101444,100757,97370,102768,95896,97676,57487,71175,44660,61932,11066,22460,9254,8979,64297,64621,105498,101896,95999,94603,92892,97687,92313,93989,55788,69068,43522,60152,10587,21327,855061,805099,137534,132063,159181,146181,98527,568,602
2021-10-18T23:59:59+02:00,11615,11059,70969,71027,112034,108824,101336,100670,97304,102716,95839,97626,57459,71144,44643,61908,11059,22448,9203,8928,64148,64467,105376,101732,95903,94487,92824,97604,92253,93931,55761,69036,43509,60126,10583,21323,854130,803995,137451,131988,159176,146177,98432,568,602
2021-10-17T23:59:59+02:00,11569,11018,70808,70895,111903,108707,101225,100594,97250,102658,95794,97572,57437,71121,44637,61893,11057,22443,9148,8878,63910,64208,105210,101588,95772,94348,92725,97518,92192,93866,55737,69003,43499,60109,10579,21318,853187,802615,137398,131892,159174,146168,98331,568,602
2021-10-16T23:59:59+02:00,11550,10997,70748,70846,111844,108661,101199,100566,97217,102629,95775,97562,57436,71118,44636,61891,11055,22443,9117,8845,63815,64120,105144,101532,95725,94285,92692,97487,92171,93848,55732,68996,43497,60106,10579,21317,852846,802115,137379,131841,159174,146167,98283,568,602
2021-10-15T23:59:59+02:00,11495,10957,70634,70759,111729,108570,101125,100489,97159,102574,95745,97529,57429,71116,44636,61885,11054,22443,9067,8769,63676,63931,105030,101415,95630,94185,92613,97403,92123,93809,55723,68974,43492,60095,10579,21315,852135,801120,137354,131768,159173,146164,98175,568,602
2021-10-14T23:59:59+02:00,11389,10859,70448,70575,111583,108419,101009,100395,97062,102490,95688,97471,57408,71081,44625,61862,11051,22435,8940,8632,63377,63644,104872,101202,95482,93984,92490,97267,92048,93729,55685,68923,43473,60068,10575,21308,850847,799224,137277,131646,159164,146157,98070,568,602
2021-10-13T23:59:59+02:00,11290,10792,70302,70462,111460,108309,100911,100300,96977,102400,95637,97411,57372,71036,44609,61833,11047,22418,8902,8595,63215,63494,104735,101064,95374,93837,92399,97179,91986,93657,55647,68880,43452,60038,10566,21298,849788,798073,137203,131571,159160,146148,97924,567,602
2021-10-12T23:59:59+02:00,11148,10683,70120,70323,111358,108190,100812,100207,96917,102340,95596,97365,57356,71002,44599,61818,11043,22411,8840,8548,63051,63333,104603,100936,95254,93716,92309,97108,91927,93599,55594,68845,43440,60015,10562,21285,848694,796906,137137,131508,159156,146142,97809,567,600
2021-10-11T23:59:59+02:00,11077,10621,69970,70204,111236,108081,100725,100126,96853,102264,95542,97324,57328,70972,44579,61798,11038,22399,8802,8515,62875,63163,104469,100812,95160,93620,92235,97019,91875,93550,55555,68801,43425,59988,10553,21277,847708,795828,137071,131421,159153,146132,97713,567,600
2021-10-10T23:59:59+02:00,11005,10570,69807,70089,111095,107943,100626,100036,96785,102186,95492,97285,57309,70952,44574,61786,11030,22396,8764,8481,62686,63013,104307,100652,95053,93486,92145,96914,91798,93508,55528,68776,43416,59975,10550,21268,846744,794679,137024,131360,159148,146122,97559,566,600
2021-10-09T23:59:59+02:00,10980,10551,69717,70027,111027,107898,100584,99994,96747,102153,95474,97268,57301,70945,44573,61785,11030,22396,8729,8440,62595,62935,104222,100575,94996,93428,92102,96869,91776,93486,55522,68765,43411,59967,10549,21267,846339,794131,136991,131302,159146,146118,97483,566,600
2021-10-08T23:59:59+02:00,10906,10496,69573,69930,110883,107792,100510,99900,96681,102099,95422,97222,57289,70929,44570,61782,11030,22395,8668,8353,62424,62749,104087,100423,94883,93307,92015,96774,91728,93446,55505,68752,43405,59958,10547,21266,845493,793021,136938,131216,159145,146113,97341,566,599
2021-10-07T23:59:59+02:00,10827,10416,69365,69747,110696,107612,100373,99756,96592,101975,95346,97153,57266,70891,44557,61761,11026,22382,8538,8229,62134,62495,103889,100204,94734,93089,91907,96639,91653,93371,55470,68702,43390,59926,10540,21256,844061,791192,136867,131092,159142,146104,97179,566,599
2021-10-06T23:59:59+02:00,10758,10356,69187,69597,110560,107466,100278,99646,96505,101908,95300,97101,57231,70848,44546,61741,11023,22368,8495,8179,61947,62321,103756,100054,94620,92970,91831,96538,91576,93292,55439,68662,43375,59897,10535,21240,842962,789988,136801,131027,159140,146091,97022,566,599
2021-10-05T23:59:59+02:00,10653,10268,69009,69456,110405,107317,100161,99515,96441,101825,95255,97049,57212,70820,44537,61705,11018,22355,8461,8136,61748,62146,103604,99868,94505,92820,91733,96452,91514,93218,55411,68613,43360,59881,10532,21227,841762,788711,136732,130959,159139,146086,96874,566,599
2021-10-04T23:59:59+02:00,10615,10238,68830,69281,110238,107162,100056,99400,96347,101736,95200,96990,57174,70772,44522,61676,11017,22333,8427,8103,61588,61964,103458,99727,94372,92697,91639,96356,91449,93167,55374,68570,43336,59850,10526,21207,840651,787591,136660,130900,159137,146074,96646,564,599
2021-10-03T23:59:59+02:00,10551,10182,68614,69097,110063,107003,99927,99287,96259,101635,95136,96936,57143,70737,44514,61651,11017,22329,8367,8068,61383,61805,103268,99549,94234,92537,91539,96241,91374,93109,55338,68526,43319,59824,10524,21199,839453,786313,136585,130811,159133,146064,96417,564,599
2021-10-02T23:59:59+02:00,10525,10156,68511,68998,109973,106933,99861,99225,96206,101584,95110,96913,57132,70719,44514,61650,11016,22327,8327,8033,61266,61690,103195,99475,94167,92471,91493,96192,91348,93088,55331,68508,43318,59820,10523,21199,838893,785721,136521,130765,159131,146044,96315,564,599
2021-10-01T23:59:59+02:00,10439,10052,68353,68823,109780,106785,99730,99109,96123,101513,95050,96871,57113,70700,44511,61638,11014,22325,8214,7923,61068,61455,103024,99319,94034,92328,91388,96082,91285,93029,55313,68478,43314,59809,10522,21196,837761,784420,136464,130676,159127,146004,96084,564,597
2021-09-30T23:59:59+02:00,10359,9979,68116,68593,109556,106540,99546,98906,95982,101366,94957,96764,57074,70654,44492,61607,11010,22310,8106,7801,60814,61189,102811,99108,93847,92116,91246,95931,91193,92933,55286,68429,43299,59776,10512,21181,836076,782721,136371,130557,159120,145954,95749,563,597
2021-09-29T23:59:59+02:00,10277,9921,67911,68402,109355,106338,99388,98741,95855,101253,94872,96692,57030,70597,44475,61572,11005,22291,8047,7742,60627,61018,102620,98926,93710,91946,91130,95822,91122,92852,55250,68381,43280,59730,10509,21166,834630,781455,136305,130479,159116,145919,95429,563,596
2021-09-28T23:59:59+02:00,10192,9843,67716,68194,109148,106168,99238,98585,95744,101140,94787,96613,56991,70557,44463,61534,10998,22264,7997,7695,60431,60832,102425,98769,93575,91809,91006,95692,91042,92780,55217,68343,43263,59701,10500,21152,833221,780254,136244,130393,159114,145885,95101,563,596
2021-09-27T23:59:59+02:00,10063,9710,67467,67946,108934,105995,99098,98433,95653,101028,94709,96541,56962,70509,44448,61503,10993,22252,7959,7639,60214,60642,102233,98628,93430,91668,90901,95577,90970,92703,55180,68287,43242,59673,10491,21141,831800,779149,136158,130312,159112,145842,94679,563,596
2021-09-26T23:59:59+02:00,9942,9616,67220,67709,108704,105801,98929,98285,95528,100899,94623,96459,56922,70474,44432,61480,10988,22239,7905,7593,59969,60443,102028,98445,93281,91502,90790,95457,90897,92625,55149,68259,43228,59645,10486,21125,830332,777987,136072,130216,159106,145783,94245,563,596
2021-09-25T23:59:59+02:00,9903,9575,67102,67586,108599,105711,98855,98222,95469,100846,94592,96430,56918,70466,44430,61477,10987,22239,7864,7554,59853,60325,101924,98352,93200,91429,90747,95390,90860,92602,55137,68247,43224,59641,10486,21125,829776,777426,136010,130163,159106,145755,94020,563,596
2021-09-24T23:59:59+02:00,9842,9513,66932,67399,108426,105536,98704,98070,95344,100740,94522,96374,56902,70449,44422,61464,10987,22237,7766,7442,59623,60093,101740,98157,93070,91280,90635,95281,90775,92536,55115,68225,43222,59636,10485,21122,828733,776225,135934,130095,159106,145693,93594,563,596
2021-09-23T23:59:59+02:00,9750,9387,66602,67062,108158,105271,98506,97839,95183,100576,94419,96262,56857,70389,44398,61435,10981,22209,7650,7321,59322,59811,101498,97922,92880,91067,90497,95126,90677,92426,55065,68174,43199,59607,10484,21099,826905,774649,135809,129985,159100,145624,92973,563,594
2021-09-22T23:59:59+02:00,9680,9308,66263,66734,107945,105057,98305,97634,95027,100441,94290,96164,56809,70319,44364,61391,10970,22187,7594,7279,59140,59629,101320,97753,92698,90930,90382,95003,90565,92349,55031,68126,43171,59575,10478,21083,825129,773596,135695,129906,159095,145541,92471,563,592
2021-09-21T23:59:59+02:00,9593,9220,66028,66486,107734,104875,98128,97475,94911,100331,94210,96092,56758,70267,44346,61349,10963,22172,7556,7241,58945,59445,101124,97591,92557,90797,90291,94914,90474,92274,54990,68068,43151,59536,10469,21065,823655,772528,135613,129811,159092,145477,92080,563,592
2021-09-20T23:59:59+02:00,9531,9163,65741,66175,107532,104691,97967,97306,94802,100230,94144,96015,56717,70224,44326,61306,10958,22161,7499,7186,58750,59289,100935,97445,92400,90643,90149,94813,90392,92203,54943,68029,43124,59500,10463,21048,822220,771510,135532,129729,159087,145329,91651,563,592
2021-09-19T23:59:59+02:00,9479,9118,65454,65999,107300,104499,97815,97137,94662,100129,94040,95937,56687,70171,44316,61282,10956,22150,7460,7144,58504,59092,100689,97268,92214,90472,89964,94640,90270,92118,54905,67966,43106,59466,10462,21035,820879,770285,135448,129611,159083,145065,91222,563,592
2021-09-18T23:59:59+02:00,9446,9073,65360,65893,107179,104401,97704,97050,94596,100059,94004,95908,56679,70162,44312,61277,10954,22149,7420,7103,58382,58969,100582,97167,92088,90390,89893,94577,90232,92088,54895,67961,43099,59463,10460,21031,820301,769643,135358,129546,159081,145053,90967,563,591
2021-09-17T23:59:59+02:00,9367,8987,65164,65733,106998,104242,97534,96897,94468,99961,93931,95832,56662,70134,44301,61270,10948,22143,7328,7003,58175,58732,100390,97002,91929,90269,89775,94470,90153,92026,54880,67933,43090,59457,10460,21028,819193,768489,135269,129449,159076,145036,90535,563,591
2021-09-16T23:59:59+02:00,9276,8879,64873,65425,106709,103983,97293,96656,94278,99781,93829,95739,56610,70079,44288,61241,10941,22129,7236,6892,57922,58454,100115,96771,91729,90054,89598,94307,90051,91938,54834,67881,43068,59436,10455,21017,817351,766965,135172,129312,159066,144973,89920,563,588
2021-09-15T23:59:59+02:00,9206,8824,64519,65129,106509,103770,97084,96463,94143,99617,93728,95650,56573,70021,44254,61211,10936,22105,7186,6843,57741,58293,99924,96609,91560,89895,89491,94196,89946,91871,54801,67834,43043,59403,10451,20997,815597,765896,135117,129195,159061,144939,89466,563,588
2021-09-14T23:59:59+02:00,9164,8775,64230,64919,106270,103551,96886,96282,94011,99474,93613,95564,56525,69961,44227,61174,10931,22089,7144,6806,57535,58108,99747,96423,91390,89730,89356,94082,89866,91798,54765,67794,43020,59376,10446,20982,814051,764842,135045,129105,159054,144840,88995,563,586
2021-09-13T23:59:59+02:00,9127,8741,63926,64653,106037,103323,96716,96112,93865,99336,93522,95466,56473,69907,44210,61140,10924,22077,7112,6769,57325,57922,99543,96234,91237,89574,89223,93975,89776,91724,54725,67746,42999,59346,10443,20965,812521,763731,134954,128991,159044,144798,88535,563,583
2021-09-12T23:59:59+02:00,9074,8693,63608,64406,105786,103077,96504,95882,93701,99208,93424,95385,56422,69856,44193,61110,10920,22066,7074,6739,57124,57760,99296,96025,91068,89404,89089,93856,89679,91649,54681,67687,42979,59317,10439,20948,810970,762694,134854,128862,159040,144725,87950,563,583
2021-09-11T23:59:59+02:00,9027,8660,63487,64272,105643,102959,96400,95772,93615,99129,93385,95353,56407,69841,44188,61098,10920,22065,7021,6713,56974,57665,99147,95921,90969,89306,88990,93790,89642,91624,54671,67667,42975,59307,10439,20947,810284,762099,134800,128784,159038,144706,87597,563,582
2021-09-10T23:59:59+02:00,8933,8549,63243,64004,105445,102745,96225,95581,93468,99002,93289,95280,56371,69811,44174,61079,10920,22063,6941,6635,56726,57453,98950,95733,90785,89120,88855,93658,89553,91553,54649,67646,42962,59288,10439,20943,808886,760926,134736,128666,159035,144691,87024,562,582
2021-09-09T23:59:59+02:00,8835,8449,62920,63724,105163,102423,95989,95290,93289,98772,93150,95160,56330,69745,44153,61050,10910,22042,6837,6536,56468,57228,98691,95482,90552,88887,88694,93503,89408,91464,54606,67593,42941,59259,10433,20937,806880,759493,134631,128481,159031,144615,86351,562,579
2021-09-08T23:59:59+02:00,8774,8398,62691,63484,104934,102184,95793,95065,93117,98598,93033,95028,56294,69678,44119,61011,10897,22018,6806,6506,56304,57066,98494,95272,90385,88687,88532,93355,89288,91358,54567,67530,42906,59219,10421,20903,805362,758450,134521,128330,159019,144528,85713,562,578
2021-09-07T23:59:59+02:00,8724,8345,62446,63265,104707,101941,95604,94873,92973,98456,92932,94947,56260,69629,44090,60955,10888,21996,6760,6470,56108,56898,98273,95077,90196,88524,88402,93245,89191,91267,54525,67483,42882,59188,10416,20884,803853,757363,134415,128202,159013,144398,85249,562,577
2021-09-06T23:59:59+02:00,8682,8302,62232,63083,104497,101763,95462,94712,92851,98322,92844,94871,56202,69570,44068,60925,10881,21963,6717,6433,55934,56727,98070,94909,90025,88367,88273,93116,89092,91185,54470,67429,42862,59144,10406,20859,802578,756237,134322,128067,159002,144311,84827,562,576
2021-09-05T23:59:59+02:00,8620,8253,62011,62871,104324,101575,95302,94542,92721,98205,92766,94803,56173,69529,44058,60904,10876,21955,6664,6377,55727,56523,97872,94708,89833,88200,88128,92988,89006,91097,54420,67379,42845,59121,10401,20843,801355,755055,134241,127893,158998,144216,84394,561,574
2021-09-04T23:59:59+02:00,8569,8222,61888,62759,104234,101477,95200,94455,92664,98136,92730,94777,56163,69518,44051,60894,10876,21954,6636,6333,55600,56407,97747,94579,89716,88100,88062,92907,88957,91064,54405,67368,42839,59110,10401,20842,800748,754397,134192,127772,158994,144197,84133,561,574
2021-09-03T23:59:59+02:00,8491,8147,61689,62571,104054,101319,95048,94306,92557,98022,92658,94726,56134,69489,44043,60879,10873,21945,6569,6267,55389,56218,97543,94361,89524,87904,87914,92734,88866,90984,54372,67334,42827,59091,10397,20838,799605,753135,134136,127543,158988,144159,83722,561,573
2021-09-02T23:59:59+02:00,8369,8055,61418,62319,103791,101072,94842,94077,92363,97850,92537,94623,56085,69432,44020,60844,10868,21923,6469,6185,55115,55953,97239,94077,89272,87626,87689,92522,88721,90868,54325,67252,42796,59039,10387,20801,797891,751444,134024,127188,158976,144037,83096,561,571
2021-09-01T23:59:59+02:00,8304,7971,61201,62103,103583,100896,94693,93919,92241,97717,92428,94547,56037,69379,44002,60820,10860,21905,6414,6122,54855,55730,97007,93852,89073,87408,87512,92356,88579,90756,54260,67161,42759,58997,10379,20781,796592,749982,133946,126928,158961,143917,82607,560,567
2021-08-31T23:59:59+02:00,8222,7894,60988,61847,103373,100707,94512,93756,92116,97597,92301,94464,55989,69324,43976,60781,10849,21889,6352,6053,54602,55465,96732,93597,88852,87169,87354,92194,88414,90649,54211,67087,42733,58941,10371,20762,795183,748465,133866,126620,158950,143802,82086,560,565
2021-08-30T23:59:59+02:00,8126,7818,60779,61659,103189,100557,94386,93619,91997,97494,92229,94384,55955,69292,43960,60747,10844,21873,6280,5988,54347,55268,96482,93360,88635,86940,87173,92048,88286,90522,54153,67008,42691,58878,10355,20733,794047,747013,133807,126306,158943,143656,81610,560,562
2021-08-29T23:59:59+02:00,8050,7740,60502,61415,102949,100360,94199,93442,91858,97376,92139,94291,55909,69241,43936,60717,10842,21864,6172,5878,53994,54955,96158,93066,88343,86678,86938,91852,88132,90394,54084,66931,42661,58837,10349,20716,792671,745081,133716,125970,158926,143510,81016,560,561
2021-08-28T23:59:59+02:00,7993,7674,60362,61302,102841,100248,94098,93358,91773,97301,92093,94261,55895,69228,43928,60713,10841,21862,6132,5811,53813,54805,95996,92930,88211,86566,86827,91763,88064,90351,54067,66911,42652,58830,10348,20715,792046,744258,133677,125864,158922,143484,80625,560,561
2021-08-27T23:59:59+02:00,7928,7588,60178,61105,102672,100077,93955,93226,91659,97195,92005,94200,55872,69197,43919,60696,10840,21859,6053,5740,53566,54555,95698,92650,87985,86355,86649,91603,87954,90250,54023,66873,42637,58804,10343,20712,791046,742656,133613,125663,158885,143447,80126,560,558
2021-08-26T23:59:59+02:00,7839,7487,59936,60857,102441,99857,93734,92999,91480,97011,91897,94102,55820,69131,43886,60668,10834,21847,5979,5672,53220,54266,95329,92297,87646,86038,86411,91335,87794,90115,53957,66784,42590,58760,10336,20700,789535,740700,133515,125251,158862,143312,79413,560,553
2021-08-25T23:59:59+02:00,7766,7397,59701,60657,102262,99717,93582,92815,91356,96888,91782,94021,55779,69077,43854,60624,10829,21824,5907,5611,52908,54012,95015,92041,87416,85791,86209,91148,87661,89987,53889,66700,42543,58693,10330,20670,788300,738950,133433,124939,158851,143241,78849,557,552
2021-08-24T23:59:59+02:00,7716,7344,59478,60439,102073,99541,93415,92651,91243,96759,91694,93946,55741,69024,43827,60581,10823,21799,5862,5544,52580,53751,94658,91756,87114,85535,85999,90953,87508,89825,53804,66602,42497,58626,10322,20648,787150,737119,133342,124634,158844,143019,78261,556,551
2021-08-23T23:59:59+02:00,7660,7290,59267,60228,101901,99380,93283,92490,91147,96674,91617,93858,55703,68979,43798,60556,10819,21780,5798,5482,52254,53477,94312,91472,86868,85257,85802,90778,87373,89696,53724,66509,42463,58573,10315,20630,785978,735190,133269,124345,158834,142844,77853,555,551
2021-08-22T23:59:59+02:00,7588,7235,59072,60044,101694,99217,93124,92353,91051,96557,91535,93790,55665,68931,43784,60531,10813,21766,5716,5399,51879,53123,93906,91065,86552,84952,85563,90548,87200,89568,53642,66402,42431,58512,10307,20609,784936,732839,133165,124031,158821,142626,77332,555,546
2021-08-21T23:59:59+02:00,7533,7197,58934,59920,101559,99113,93018,92247,90952,96495,91477,93754,55644,68909,43776,60514,10811,21763,5523,5212,51543,52821,93736,90915,86381,84794,85418,90420,87114,89505,53610,66377,42421,58496,10306,20603,784249,731303,133092,123802,158819,142584,76960,555,546
2021-08-20T23:59:59+02:00,7481,7145,58779,59742,101386,98956,92867,92109,90833,96368,91397,93692,55620,68881,43765,60497,10809,21758,5399,5111,51207,52468,93470,90640,86116,84558,85202,90215,86980,89393,53578,66336,42398,58472,10299,20596,783269,729317,133042,123591,158813,142518,76466,554,546
2021-08-19T23:59:59+02:00,7414,7084,58524,59508,101097,98725,92656,91916,90672,96202,91269,93588,55576,68820,43740,60466,10802,21744,5282,4986,50763,52025,93030,90227,85706,84142,84888,89899,86766,89206,53503,66227,42359,58410,10289,20578,781880,726575,132908,123143,158805,142309,75716,553,543
2021-08-18T23:59:59+02:00,7350,7029,58332,59345,100903,98542,92506,91750,90529,96075,91167,93491,55509,68754,43711,60421,10792,21724,5186,4884,50402,51648,92646,89893,85382,83808,84607,89648,86574,89034,53387,66111,42288,58316,10274,20548,780692,724144,132818,122749,158798,142071,75129,552,543
2021-08-17T23:59:59+02:00,7288,6978,58140,59182,100706,98364,92338,91600,90404,95942,91069,93399,55469,68706,43686,60393,10790,21709,5065,4749,49903,51218,92194,89472,84976,83445,84278,89351,86364,88831,53284,65985,42229,58239,10268,20524,779556,721097,132714,122337,158785,141783,74616,551,542
2021-08-16T23:59:59+02:00,7228,6912,57955,59000,100501,98188,92185,91439,90262,95821,90952,93298,55414,68643,43656,60341,10783,21695,4854,4566,49330,50629,91721,89013,84504,83041,83944,89050,86134,88622,53174,65867,42170,58160,10259,20486,778358,717510,132623,121895,158778,141556,74022,551,541
2021-08-15T23:59:59+02:00,7162,6864,57731,58808,100312,98003,92023,91295,90139,95713,90863,93235,55377,68601,43636,60311,10779,21688,4455,4165,48200,49479,91074,88318,83944,82494,83545,88657,85845,88414,53068,65743,42125,58101,10250,20467,777253,711653,132511,121265,158770,141373,73514,551,539
2021-08-14T23:59:59+02:00,7129,6831,57610,58718,100170,97900,91914,91218,90050,95645,90811,93191,55361,68584,43631,60304,10778,21687,4426,4142,48043,49333,90840,88142,83725,82284,83418,88556,85774,88370,53040,65712,42116,58090,10249,20465,776718,710819,132450,120939,158765,141322,73107,551,538
2021-08-13T23:59:59+02:00,7082,6786,57455,58582,100012,97771,91782,91076,89940,95531,90730,93127,55330,68533,43617,60279,10776,21680,4366,4081,47731,49009,90355,87732,83319,81902,83153,88321,85601,88226,52996,65644,42094,58066,10246,20453,775870,708557,132391,120382,158758,141241,72580,548,535
2021-08-12T23:59:59+02:00,7047,6736,57245,58416,99792,97590,91601,90908,89793,95384,90634,93046,55291,68480,43590,60245,10768,21663,4315,4018,47309,48610,89698,87158,82729,81351,82775,87985,85369,88041,52920,65540,42040,58007,10236,20435,774778,705540,132287,119544,158746,140991,71928,548,533
2021-08-11T23:59:59+02:00,7012,6681,57054,58242,99579,97409,91435,90766,89659,95266,90524,92943,55238,68420,43558,60206,10758,21648,4242,3969,46886,48143,89066,86496,82140,80841,82433,87676,85098,87795,52830,65396,41967,57882,10217,20386,773628,702320,132189,118587,158723,140654,71371,545,531
2021-08-10T23:59:59+02:00,6951,6632,56865,58075,99354,97254,91278,90613,89531,95148,90438,92862,55195,68372,43542,60166,10754,21635,4177,3904,46439,47658,88416,85859,81531,80294,82014,87290,84845,87575,52710,65281,41906,57798,10204,20355,772548,698908,132091,117646,158704,140336,70835,545,531
2021-08-09T23:59:59+02:00,6900,6573,56692,57915,99159,97096,91120,90474,89383,95046,90322,92796,55153,68321,43517,60131,10747,21620,4108,3825,45868,47082,87577,85172,80841,79703,81598,86935,84546,87344,52596,65147,41850,57697,10190,20312,771491,695007,132017,116590,158693,139988,70279,543,527
2021-08-08T23:59:59+02:00,6829,6504,56466,57726,98946,96899,90938,90306,89246,94924,90226,92721,55098,68272,43491,60095,10740,21597,4052,3764,45261,46460,86502,84221,79936,78885,81047,86457,84209,87043,52459,64992,41785,57606,10177,20284,770250,689819,131903,115405,158671,139673,69717,540,526
2021-08-07T23:59:59+02:00,6785,6453,56321,57604,98802,96783,90805,90205,89153,94865,90164,92678,55078,68245,43488,60084,10737,21592,3590,3389,44420,45564,86156,83876,79454,78446,80683,86105,84026,86896,52395,64908,41764,57570,10172,20275,769573,686059,131841,114258,158665,139568,69280,540,524
2021-08-06T23:59:59+02:00,6729,6403,56127,57451,98566,96597,90650,90075,89025,94749,90065,92606,55036,68215,43479,60057,10734,21588,3207,2991,43496,44666,85680,83402,78866,77888,80292,85717,83834,86748,52343,64842,41738,57539,10164,20262,768587,682057,131742,112979,158657,139429,68687,536,523
2021-08-05T23:59:59+02:00,6660,6331,55803,57195,98258,96321,90381,89849,88809,94550,89892,92468,54971,68123,43447,60005,10725,21570,2690,2542,42240,43486,84933,82708,78081,77080,79689,85147,83472,86443,52209,64680,41678,57436,10149,20229,766885,676416,131613,111334,158642,138881,67741,534,520
2021-08-04T23:59:59+02:00,6581,6281,55552,57002,97979,96102,90184,89682,88664,94408,89771,92366,54917,68072,43410,59958,10721,21560,2617,2482,41745,42980,83680,81650,76720,75935,79200,84689,83154,86193,52067,64541,41620,57348,10133,20203,765570,671177,131506,109825,158628,138405,67030,533,520
2021-08-03T23:59:59+02:00,6515,6215,55294,56804,97744,95909,90006,89517,88521,94259,89625,92242,54838,67990,43372,59900,10713,21552,2563,2439,41299,42540,82434,80506,75292,74745,78591,84121,82602,85701,51851,64335,41519,57192,10120,20167,764177,665316,131401,108124,158604,137699,66359,532,519
2021-08-02T23:59:59+02:00,6452,6152,55050,56601,97483,95684,89780,89340,88352,94114,89484,92128,54755,67914,43339,59847,10710,21532,2512,2374,40809,42031,81100,79386,73733,73532,77957,83556,82057,85215,51680,64126,41444,57071,10103,20133,762730,659175,131251,106361,158581,137087,65680,532,516
2021-08-01T23:59:59+02:00,6384,6067,54779,56332,97211,95417,89541,89162,88147,93967,89318,92016,54686,67828,43302,59795,10703,21525,2432,2319,40287,41527,79805,78302,72315,72426,77056,82802,81465,84747,51490,63887,41357,56966,10092,20109,761109,652960,131054,104453,158555,136472,64989,528,510
2021-07-31T23:59:59+02:00,6348,6029,54655,56238,97089,95322,89435,89095,88055,93896,89273,91979,54674,67816,43296,59791,10703,21524,1907,1870,39322,40495,79349,77857,71771,71873,76672,82473,81350,84651,51471,63851,41341,56955,10092,20106,760619,648249,130884,103578,158552,136379,64690,528,510
2021-07-30T23:59:59+02:00,6294,5993,54477,56088,96928,95143,89278,88943,87923,93781,89188,91909,54637,67786,43283,59773,10701,21522,1438,1420,38301,39426,78638,77199,71014,71135,76153,81943,80945,84326,51394,63762,41307,56895,10086,20093,759707,642000,130568,102442,158546,136170,64354,527,509
2021-07-29T23:59:59+02:00,6242,5934,54236,55898,96666,94917,89065,88729,87747,93603,89047,91780,54576,67718,43260,59731,10692,21501,951,953,37048,38177,77575,76322,69960,70179,75339,81174,80403,83891,51258,63596,41239,56799,10069,20066,758438,634176,130080,100885,158526,135604,63827,526,507
2021-07-28T23:59:59+02:00,6205,5882,54027,55721,96456,94707,88910,88545,87632,93461,88935,91682,54514,67642,43226,59682,10683,21470,909,903,36424,37559,76405,75340,68675,69070,74574,80450,79907,83427,51109,63385,41170,56694,10052,20024,757229,627767,129632,99461,158510,134807,63538,526,504
2021-07-27T23:59:59+02:00,6155,5840,53792,55492,96191,94490,88725,88356,87473,93303,88809,91583,54458,67563,43184,59619,10669,21422,847,847,35758,36784,74934,74078,67222,67848,73704,79597,79361,82903,50933,63172,41088,56572,10026,19982,755781,620390,129200,98005,158487,133573,63186,525,502
2021-07-26T23:59:59+02:00,6098,5787,53571,55279,95944,94294,88522,88184,87306,93166,88680,91478,54394,67484,43155,59562,10662,21400,791,788,34982,35931,73404,72735,65848,66605,72661,78597,78764,82363,50755,62953,41009,56422,10005,19937,754410,612235,128775,96476,158466,132492,62847,523,500
2021-07-25T23:59:59+02:00,6060,5743,53360,55072,95686,94059,88344,87989,87144,93030,88570,91379,54339,67415,43128,59517,10652,21365,679,680,34276,35160,72054,71525,64734,65588,71660,77679,78286,81909,50628,62760,40944,56333,9999,19902,752969,605225,128499,94916,158442,131682,62475,522,498
2021-07-24T23:59:59+02:00,5971,5685,53081,54772,95375,93747,88096,87777,86967,92872,88469,91298,54310,67381,43116,59494,10652,21359,630,629,33758,34655,71179,70822,64067,65028,70781,76976,78081,81757,50572,62717,40922,56307,9999,19900,751079,600759,128443,93979,158441,131553,61991,522,498
2021-07-23T23:59:59+02:00,5918,5629,52808,54497,94969,93457,87792,87556,86785,92692,88327,91203,54274,67333,43108,59476,10649,21353,577,584,33215,33986,70112,69955,63276,64348,69873,76121,77677,81425,50495,62617,40890,56268,9992,19885,749000,595054,128370,92820,158435,131375,61553,522,494
2021-07-22T23:59:59+02:00,5847,5567,52391,54093,94484,93007,87404,87217,86475,92388,88114,91012,54189,67239,43079,59415,10641,21327,501,521,32498,33244,68789,68952,62224,63468,68254,74762,77016,80905,50341,62404,40797,56152,9971,19845,745928,588530,128138,90066,158408,130606,60949,520,493
2021-07-21T23:59:59+02:00,5794,5513,52015,53701,94044,92586,87094,86914,86221,92142,87940,90821,54107,67151,43020,59347,10630,21299,451,463,31873,32581,67449,67905,61130,62568,66211,73070,76106,80155,50051,62096,40636,55964,9947,19787,743094,582197,127901,85740,158377,129511,60502,519,493
2021-07-20T23:59:59+02:00,5735,5450,51626,53300,93580,92115,86724,86588,85952,91884,87714,90624,54013,67014,42970,59288,10623,21274,404,419,31199,31912,65972,66705,59996,61604,65029,72008,75487,79597,49842,61858,40529,55804,9923,19724,740098,575092,127680,84045,158323,128472,59910,517,493
2021-07-19T23:59:59+02:00,5658,5376,51151,52836,93104,91632,86355,86252,85700,91666,87508,90442,53918,66891,42934,59210,10606,21239,361,366,30646,31317,64802,65643,59078,60740,63870,70971,74883,79076,49664,61662,40438,55657,9895,19680,736805,569278,127452,82229,158288,127280,59470,517,492
2021-07-18T23:59:59+02:00,5589,5305,50322,52019,92022,90574,85622,85633,85219,91232,87216,90150,53810,66743,42870,59114,10596,21208,324,321,30097,30726,63609,64562,58154,59827,62690,69944,74332,78575,49512,61497,40379,55573,9883,19651,730312,563413,127121,80200,158271,126472,59080,514,491
2021-07-17T23:59:59+02:00,5416,5118,49970,51685,91876,90439,85424,85474,85058,91093,87107,90068,53790,66716,42859,59102,10595,21205,272,266,29702,30334,62960,63957,57592,59403,61933,69205,74027,78333,49400,61379,40340,55515,9873,19640,729130,560359,126945,79232,158267,125857,58192,514,491
2021-07-16T23:59:59+02:00,5316,5027,49645,51387,91607,90208,85173,85271,84862,90909,86969,89960,53747,66682,42841,59089,10592,21200,237,231,29189,29819,62012,63033,56745,58713,60879,68162,73528,77911,49238,61189,40293,55446,9868,19631,727730,555349,126774,77910,158262,125117,57259,513,489
2021-07-15T23:59:59+02:00,5181,4893,49161,50969,91202,89822,84815,84886,84557,90629,86746,89790,53663,66590,42787,59020,10582,21172,187,198,28452,29175,60686,61961,55611,57724,59459,66845,72787,77322,49004,60925,40201,55314,9852,19576,725224,549467,126354,75697,158227,123436,56192,509,487
2021-07-14T23:59:59+02:00,5075,4779,48802,50589,90899,89524,84520,84568,84308,90389,86545,89633,53571,66480,42729,58931,10565,21141,170,176,27909,28596,59588,60958,54637,56876,58581,65989,72176,76734,48733,60646,40095,55139,9829,19533,723035,544004,125994,74772,158183,121736,55369,508,484
2021-07-13T23:59:59+02:00,4963,4662,48391,50205,90497,89169,84211,84257,84036,90126,86337,89464,53459,66372,42673,58867,10559,21120,153,166,27234,27908,58216,59763,53439,55885,57588,65075,71449,76090,48452,60317,39965,54960,9797,19481,720637,537612,125621,73645,158126,119682,54517,508,482
2021-07-12T23:59:59+02:00,4793,4492,47829,49684,90105,88825,83814,83930,83784,89858,86145,89302,53376,66274,42626,58804,10547,21105,144,158,26590,27240,56717,58408,52152,54817,56361,63933,70699,75461,48074,59882,39789,54735,9756,19416,717880,530272,125252,72619,158063,117328,53632,507,481
2021-07-11T23:59:59+02:00,4398,4118,46877,48755,89668,88387,83397,83542,83470,89568,85948,89151,53285,66176,42600,58749,10536,21088,131,150,25983,26667,55331,57151,50852,53766,55315,62897,70102,74908,47723,59494,39665,54559,9732,19374,713882,523610,124777,71610,158025,115534,52567,503,479
2021-07-10T23:59:59+02:00,4385,4103,46541,48402,89212,87903,83063,83229,83362,89468,85882,89093,53264,66152,42591,58736,10535,21084,128,142,25492,26125,54233,56195,49988,53179,54712,62330,69884,74717,47355,59074,39565,54454,9727,19363,713196,519265,124309,71524,157846,114203,51192,502,479
2021-07-09T23:59:59+02:00,4364,4091,46112,47956,88587,87339,82680,82883,83110,89275,85766,89000,53228,66123,42584,58723,10531,21075,122,127,24778,25343,52902,54953,49041,52290,53923,61476,69454,74307,46994,58664,39476,54362,9720,19351,711748,513026,123724,71117,157682,112848,49814,499,478
2021-07-08T23:59:59+02:00,4335,4063,45553,47446,87720,86622,82134,82362,82855,89026,85571,88845,53157,66053,42552,58676,10520,21059,114,110,23775,24383,50945,53369,47663,51134,52785,60341,68756,73666,46469,58106,39339,54198,9692,19283,709570,505216,122826,69837,157394,110308,48291,495,476
2021-07-07T23:59:59+02:00,4312,4036,44968,46846,86874,85850,81569,81876,82571,88728,85359,88679,53075,65952,42510,58612,10512,21039,102,95,22875,23461,48985,51677,46144,49996,51540,59155,68050,73129,45731,57362,39142,53960,9658,19224,707004,496984,121825,68725,157139,107192,46910,495,475
2021-07-06T23:59:59+02:00,4279,4015,44418,46318,86006,85105,80950,81278,82195,88394,85180,88501,52983,65870,42473,58550,10502,21013,93,85,22027,22578,46968,49884,44746,48744,50255,57810,67301,72406,44896,56585,38954,53721,9640,19169,704298,487936,120808,67640,156841,104218,45594,494,474
2021-07-05T23:59:59+02:00,4257,3979,43247,45311,84481,83993,80224,80650,81734,87970,84898,88231,52865,65729,42422,58472,10488,20985,82,73,20828,21493,44998,48276,43730,47780,49223,56846,66603,71784,44131,55718,38782,53497,9615,19129,700904,481900,119752,66770,156478,101128,42317,490,473
2021-07-04T23:59:59+02:00,4229,3956,41881,44077,82837,82680,79497,80042,81258,87539,84621,88027,52771,65601,42377,58418,10475,20956,79,66,19471,20271,43199,46750,43028,47037,48403,55991,66020,71214,43384,54861,38617,53304,9595,19081,697733,477196,118601,65831,156057,98505,38368,488,471
2021-07-03T23:59:59+02:00,3761,3541,40289,42505,81964,82021,79009,79555,80814,87064,84403,87853,52702,65501,42358,58364,10472,20950,75,65,18657,19572,42278,46052,42609,46660,47996,55591,65854,71046,42794,54129,38554,53203,9588,19071,693929,475238,117294,65729,155974,96910,35446,488,471
2021-07-02T23:59:59+02:00,3207,2970,38726,40995,81223,81291,78332,78839,80291,86556,84160,87648,52651,65414,42330,58317,10459,20937,67,57,17879,18829,41117,45090,41867,45949,47153,54802,65329,70593,41842,52923,38424,53013,9572,19053,688838,470103,115891,65258,155824,94411,33318,480,469
2021-07-01T23:59:59+02:00,2557,2424,37000,39313,80240,80412,77489,78001,79588,85919,83843,87363,52525,65257,42266,58214,10441,20907,56,44,16984,17872,39567,43843,40653,44876,45840,53666,64578,70006,40947,51781,38272,52802,9555,19021,682442,463594,114165,63602,155604,91626,31074,479,467
2021-06-30T23:59:59+02:00,2515,2394,35976,38280,78397,78904,75788,76514,78944,85367,83558,87069,52394,65096,42206,58117,10429,20880,47,33,15935,16877,37890,42610,39453,43768,44683,52595,63817,69369,40394,51091,38153,52602,9533,18985,676539,457397,112430,62259,155396,89726,27989,479,464
2021-06-29T23:59:59+02:00,2478,2362,35130,37357,76791,77404,74174,75105,78143,84649,83008,86574,52209,64872,42131,57986,10412,20843,34,24,15094,15952,36580,41454,38538,42937,43458,51533,63095,68780,39679,50148,38017,52383,9511,18941,670120,452147,110557,60426,155127,87774,25350,479,461
2021-06-28T23:59:59+02:00,2436,2331,34296,36527,75173,75985,72489,73712,77119,83860,82401,86074,52032,64645,42053,57880,10399,20811,25,19,14337,15182,35523,40421,37707,42205,42326,50531,62436,68227,38798,49056,37849,52158,9491,18896,663600,447236,108598,58905,154530,85564,23022,478,460
2021-06-27T23:59:59+02:00,2421,2316,33552,35769,73607,74612,71081,72501,75725,82738,81720,85517,51832,64428,41988,57762,10389,20782,20,19,13692,14536,34553,39652,37048,41602,41384,49674,61892,67779,37922,48016,37697,51978,9476,18865,657372,443278,106665,58127,153575,83289,20655,477,456
2021-06-26T23:59:59+02:00,1783,1709,32505,34650,73238,74284,70615,72040,75431,82427,81629,85439,51812,64401,41973,57752,10388,20779,20,18,13497,14323,33881,39102,36401,41179,40859,49339,60898,66768,36926,46881,37528,51766,9462,18832,652544,437262,105725,58072,153571,81349,20543,476,454
2021-06-25T23:59:59+02:00,1162,1113,31373,33452,72733,73752,70002,71345,75005,81974,81249,85110,51750,64314,41940,57709,10383,20765,17,16,13155,13922,33018,38300,35521,40355,39896,48488,59680,65526,36408,46178,37335,51465,9439,18791,646156,428761,104534,57619,153566,80275,20403,476,452
2021-06-24T23:59:59+02:00,549,553,30022,32118,71939,72990,69127,70462,74328,81338,80798,84741,51640,64184,41887,57639,10372,20732,14,13,12478,13201,31834,36989,34292,39083,38756,47363,58038,64147,35925,45658,37178,51275,9420,18732,638264,419318,103046,56059,153454,78386,20184,475,449
2021-06-23T23:59:59+02:00,522,521,29508,31547,70830,72004,67854,69316,73575,80649,80346,84332,51525,64004,41828,57543,10355,20701,12,12,11979,12656,30833,35743,33349,37857,37726,46476,56084,62426,35373,45089,37007,51046,9398,18667,631991,409479,101463,54997,153351,77128,19684,475,445
2021-06-22T23:59:59+02:00,498,505,28980,30933,69653,70972,66645,68287,72894,79943,79934,83958,51416,63874,41781,57459,10346,20675,10,11,11618,12228,29913,34813,32393,36962,36763,45565,54105,60588,34984,44613,36870,50803,9369,18610,625616,400881,99993,53429,153218,76011,19456,474,441
2021-06-21T23:59:59+02:00,466,471,28303,30230,68328,69784,65457,67154,72137,79157,79533,83563,51307,63759,41722,57370,10332,20634,9,11,11320,11905,29284,34214,31833,36395,36150,44968,52262,58929,34272,43804,36574,50380,9340,18534,618723,393254,98489,52232,153097,75326,18931,471,441
2021-06-20T23:59:59+02:00,381,390,27665,29555,67094,68645,64436,66223,71328,78415,79179,83224,51229,63629,41673,57303,10327,20602,5,10,11027,11632,28724,33713,31374,35901,35637,44437,50414,57123,33723,43118,36377,50048,9310,18475,612308,385785,97027,51481,152997,74849,18499,470,434
2021-06-19T23:59:59+02:00,349,356,27268,29174,66358,68069,63906,65714,70526,77759,79027,83098,51209,63603,41658,57288,10326,20602,5,9,10891,11426,28467,33387,31109,35573,35409,44172,48961,55727,33457,42768,36292,49908,9302,18447,608318,380331,96085,51471,152994,74648,18426,470,434
2021-06-18T23:59:59+02:00,323,323,26797,28695,65341,67332,63161,65097,69599,76918,78634,82767,51145,63529,41631,57252,10323,20594,5,9,10670,11179,28065,32956,30772,35159,35017,43769,47219,54041,33100,42248,36155,49696,9282,18412,602866,373425,94841,51178,152988,74418,18301,468,432
2021-06-17T23:59:59+02:00,293,292,26145,28068,64061,66330,62156,64283,68007,75509,78106,82358,51042,63376,41568,57170,10310,20567,5,9,10241,10812,27266,32250,30024,34474,34163,43054,45699,52535,32646,41610,35992,49438,9251,18362,596712,365903,92183,50031,152829,74015,17453,467,429
2021-06-16T23:59:59+02:00,259,255,25603,27458,62749,65198,61042,63312,65740,73578,77259,81702,50829,63168,41476,57058,10291,20535,5,7,9910,10538,26608,31573,29320,33849,33427,42415,45103,51967,32366,41239,35846,49238,9229,18323,590384,362157,87670,49315,152420,72486,16576,465,429
2021-06-15T23:59:59+02:00,220,224,24941,26727,61332,63949,59959,62325,64582,72489,76747,81278,50704,63017,41426,56963,10284,20505,5,7,9637,10252,26000,30832,28682,33091,32746,41689,43548,50332,31912,40675,35675,49003,9199,18258,583148,355398,86031,48414,151966,71236,16066,464,429
2021-06-14T23:59:59+02:00,197,192,24454,26117,60221,62899,59085,61478,63503,71481,76270,80884,50614,62890,41376,56892,10269,20480,4,7,9339,9950,25247,29941,27922,32252,31956,40872,42257,48984,31538,40172,35537,48779,9168,18205,577236,349214,84314,47394,151761,69564,15530,464,428
2021-06-13T23:59:59+02:00,192,177,24039,25643,59275,61983,58315,60692,62393,70511,75801,80461,50522,62773,41325,56834,10257,20450,4,7,9050,9640,24535,29097,27206,31413,31194,40014,40695,47393,31069,39553,35335,48472,9138,18115,572198,342120,82458,46611,151536,67784,14992,462,423
2021-06-12T23:59:59+02:00,179,160,23772,25347,58711,61470,57954,60410,61748,69873,75602,80348,50497,62741,41313,56820,10254,20445,4,7,8930,9519,24059,28517,26681,30835,30659,39453,39598,46419,30901,39375,35240,48306,9134,18104,569207,337859,81503,46608,151530,65906,14945,462,423
2021-06-11T23:59:59+02:00,160,145,23392,24894,57953,60646,57276,59774,60836,68938,75252,80042,50421,62664,41287,56783,10252,20439,4,6,8782,9321,23533,27832,26145,30170,30062,38806,38515,45398,30633,39016,35097,48083,9121,18078,564114,332943,80211,46345,151518,64039,14854,460,421
2021-06-10T23:59:59+02:00,145,128,22842,24295,56808,59702,56347,58954,59570,67762,74708,79641,50349,62555,41263,56734,10237,20410,4,6,8512,9063,22656,26885,25175,29222,28932,37862,37119,44226,30271,38531,34816,47649,9054,18002,558500,325981,77997,45635,151274,61729,14223,459,417
2021-06-09T23:59:59+02:00,126,112,22203,23685,55542,58587,55260,58041,58613,66849,74244,79249,50260,62451,41211,56672,10223,20379,4,5,8210,8800,21719,26016,24243,28340,27896,36906,35398,42430,29875,38022,34628,47379,9013,17911,552647,318510,76532,44901,150922,59820,13151,458,413
2021-06-08T23:59:59+02:00,105,94,21513,22952,54232,57453,54144,57058,57649,65988,73696,78816,50170,62320,41156,56581,10205,20349,3,4,7943,8546,20825,25126,23192,27473,26849,35942,34034,41114,29513,37514,34307,46918,8962,17827,545921,312169,75594,44128,150481,57352,12031,456,412
2021-06-07T23:59:59+02:00,89,79,20852,22304,52786,56193,52883,56080,56490,65002,73143,78405,50081,62210,41110,56517,10192,20322,2,3,7683,8316,19986,24311,22170,26663,25811,35070,33097,40325,29226,37113,34058,46490,8911,17735,538587,307519,74691,43304,150074,54802,10934,454,411
2021-06-06T23:59:59+02:00,82,74,20337,21764,51636,55079,51769,55094,55525,64048,72627,77999,49987,62130,41074,56454,10184,20306,2,3,7464,8118,19206,23419,21268,25793,24739,34080,32177,39502,28934,36767,33803,46100,8860,17661,532213,302939,73658,42560,149738,51882,10109,453,406
2021-06-05T23:59:59+02:00,76,66,20059,21445,50846,54313,51113,54593,55051,63573,72495,77886,49976,62116,41069,56451,10181,20306,2,3,7232,7705,18561,22353,20542,24682,23859,32823,31135,38184,28599,36298,33678,45925,8853,17642,527817,296639,73652,42523,149674,48490,10021,453,403
2021-06-04T23:59:59+02:00,66,60,19592,20849,49773,53280,50285,53720,54390,62779,72149,77559,49946,62077,41049,56436,10179,20301,2,2,7003,7382,17932,21495,19834,23675,22906,31532,29903,36838,28307,35926,33564,45749,8841,17621,521262,290094,73321,42450,149659,45769,9798,452,401
2021-06-03T23:59:59+02:00,57,49,18899,20138,48243,51971,49060,52577,53398,61737,71644,77096,49876,61973,41011,56387,10166,20276,2,2,6709,6978,17191,20439,19021,22518,21879,30090,28728,35346,27758,35140,33359,45423,8804,17545,513398,283280,72306,41695,149386,42542,9020,450,395
2021-06-02T23:59:59+02:00,52,46,18514,19613,47212,50967,48171,51808,52637,60970,71388,76879,49834,61936,40993,56355,10158,20261,1,2,6516,6741,16548,19740,18087,21746,21018,29133,27628,33935,27290,34522,33195,45171,8775,17475,507053,276937,72282,41681,149367,39870,8651,443,384
2021-06-01T23:59:59+02:00,42,41,17821,18862,45347,49220,46512,50342,51119,59502,70707,76280,49738,61821,40934,56282,10146,20213,1,1,6232,6419,15392,18837,16570,20775,19796,27865,26401,32525,26727,33818,32944,44819,8729,17373,497900,270391,70914,41105,148822,36495,6857,438,376
2021-05-31T23:59:59+02:00,41,37,17330,18361,44036,48075,45289,49226,49874,58372,70023,75767,49654,61713,40887,56215,10134,20175,1,1,5951,6079,14348,17997,15158,19850,18617,26742,25163,31178,26204,33099,32748,44518,8695,17272,491627,264064,69740,40559,148354,33574,5053,437,371
2021-05-30T23:59:59+02:00,36,36,16997,17964,43065,47125,44378,48318,48861,57370,69471,75222,49546,61555,40814,56100,10118,20132,1,1,5758,5831,13796,17281,14523,19145,17704,25763,24055,30001,25427,32139,32448,44097,8650,17183,485661,258044,68708,39758,147944,31280,4363,434,358
2021-05-29T23:59:59+02:00,36,35,16860,17837,42700,46805,44029,48050,48613,57178,69412,75167,49539,61549,40807,56095,10118,20131,1,1,5592,5583,13287,16477,13881,18296,16855,24591,22933,28698,25263,31900,32382,44002,8647,17176,483660,252425,68584,39756,147939,28686,4348,432,350
2021-05-28T23:59:59+02:00,35,33,16556,17524,41987,46172,43510,47482,48099,56644,69134,74870,49472,61466,40781,56046,10115,20126,1,1,5347,5195,12744,15551,13197,17427,15979,23349,21823,27253,25004,31523,32286,43869,8637,17160,479323,246296,68078,39653,147916,25748,4306,431,343
2021-05-27T23:59:59+02:00,32,30,16023,16965,40827,45179,42500,46583,47112,55748,68549,74424,49348,61300,40727,55972,10104,20087,1,1,5100,4846,12094,14723,12407,16488,14904,22149,20556,25736,24495,30778,32113,43608,8602,17077,473393,238886,66564,38842,147193,23683,3933,429,334
2021-05-26T23:59:59+02:00,30,29,15604,16518,39720,44245,41461,45709,46081,54866,67940,73905,49192,61115,40643,55806,10081,20039,1,1,4906,4641,11539,13958,11685,15638,13890,21014,19151,24132,23904,29986,31895,43262,8548,16975,468192,231584,64537,37971,146202,21611,3628,427,332
2021-05-25T23:59:59+02:00,30,28,15196,16097,38710,43343,40491,44857,45125,53939,67316,73373,49006,60871,40563,55671,10055,19986,1,1,4683,4433,10995,13305,10911,14864,12814,19770,17715,22624,23311,29200,31655,42936,8491,16880,462808,224163,62958,37027,145090,19694,3377,426,328
2021-05-24T23:59:59+02:00,30,26,14848,15759,37872,42598,39622,44178,44262,53147,66781,72888,48877,60686,40497,55547,10035,19941,1,1,4530,4304,10551,12835,10273,14282,11922,18934,16418,21354,22627,28358,31437,42603,8432,16790,458142,217208,61715,36082,144347,19071,2966,426,325
2021-05-23T23:59:59+02:00,27,26,14678,15575,37406,42219,39166,43774,43804,52737,66508,72656,48790,60592,40458,55500,10028,19917,1,1,4340,4160,10080,12356,9647,13668,10971,18105,15212,20285,22152,27777,31183,42310,8381,16704,454911,210159,61328,35997,144323,17988,2874,426,315
2021-05-22T23:59:59+02:00,25,24,14481,15354,36712,41650,38483,43311,43224,52321,65487,71638,48582,60333,40386,55386,10018,19897,1,1,4228,3863,9862,11939,9494,13345,10728,17657,14941,19884,22059,27660,31149,42268,8374,16695,448412,208924,61324,35994,144310,16074,2841,426,315
2021-05-21T23:59:59+02:00,25,23,14091,14936,35632,40729,37415,42378,42141,51406,64127,70338,48347,59993,40305,55236,10001,19864,1,1,4111,3761,9649,11664,9275,13071,10386,17319,14521,19509,21833,27372,31085,42175,8365,16687,438724,206917,60960,35685,144070,15062,2811,423,310
2021-05-20T23:59:59+02:00,22,23,13274,14190,34186,39274,35988,40979,40726,50195,62827,69184,48050,59648,40157,55054,9980,19814,1,1,3950,3581,9117,11050,8623,12353,9681,16472,13761,18539,21011,26249,30890,41876,8326,16600,428429,202515,59257,34829,143047,12010,2419,420,308
2021-05-19T23:59:59+02:00,22,22,12733,13607,33010,37863,34882,39599,39590,49228,60812,67410,47566,59087,39970,54790,9937,19708,1,1,3842,3438,8837,10671,8320,11976,9238,15961,13120,17871,20140,25120,30663,41570,8269,16485,417538,198237,57737,34010,141932,10763,2212,418,301
2021-05-18T23:59:59+02:00,20,22,12301,13140,31974,36848,33798,38689,38548,48292,58746,65541,47207,58636,39814,54547,9905,19649,1,1,3634,3269,8334,10073,7850,11436,8685,15288,12433,17098,19192,23879,30426,41228,8231,16380,408823,194111,55783,33162,140743,7952,1914,415,299
2021-05-17T23:59:59+02:00,19,21,12044,12849,31453,36288,33302,38127,37950,47654,56847,63829,46495,57809,39534,54148,9866,19576,1,1,3546,3155,8063,9794,7546,11135,8283,14871,11849,16485,18266,22742,30188,40907,8194,16305,401195,189694,54651,32416,139934,7316,1618,414,287
2021-05-16T23:59:59+02:00,19,21,11823,12595,30919,35780,32842,37633,37428,47076,54949,61990,45937,57106,39340,53831,9838,19520,1,1,3448,3052,7771,9496,7227,10791,7809,14404,11259,15898,17335,21586,29978,40616,8155,16236,394192,185387,53679,31564,139258,6722,1109,410,281
2021-05-15T23:59:59+02:00,19,21,11662,12385,30636,35445,32601,37311,37195,46810,53376,60509,45683,56801,39263,53692,9832,19492,1,1,3424,3032,7743,9459,7211,10769,7787,14389,11237,15872,17221,21368,29767,40306,8146,16225,388350,184362,53674,31560,139211,6666,1090,409,280
2021-05-14T23:59:59+02:00,19,21,11407,12085,30150,34922,32208,36844,36662,46325,51486,58662,45318,56295,39122,53485,9815,19452,1,1,3392,3005,7667,9377,7143,10689,7712,14322,11050,15668,16478,20290,29480,39814,8129,16185,380428,181354,53336,31216,139073,6520,1034,408,279
2021-05-13T23:59:59+02:00,17,20,11112,11735,29494,34260,31590,36232,35967,45635,50001,57136,44882,55666,38949,53238,9788,19405,1,1,3310,2952,7532,9262,7044,10591,7602,14208,10708,15320,15417,19041,29096,39174,8086,16110,373192,177503,52315,30647,138315,6128,903,403,274
2021-05-12T23:59:59+02:00,16,18,10976,11582,29191,33928,31314,35932,35634,45313,49712,56818,44787,55547,38897,53161,9781,19367,1,0,3295,2926,7495,9223,7006,10549,7567,14161,10531,15159,15031,18599,28787,38685,8064,16063,370420,175383,52223,30630,138157,6080,778,397,271
2021-05-11T23:59:59+02:00,15,15,10609,11245,28330,33107,30490,35170,34765,44524,47972,55040,44325,54947,38723,52875,9743,19264,1,0,3198,2825,7246,8942,6767,10244,7346,13792,10046,14604,14034,17441,28368,38062,8026,15969,363448,171631,50517,29726,136251,4735,549,395,270
2021-05-10T23:59:59+02:00,14,15,10296,10950,27582,32400,29708,34471,33990,43750,46663,53760,43937,54436,38537,52573,9694,19150,1,0,3154,2774,7114,8817,6667,10123,7198,13612,9776,14298,13325,16569,27939,37446,8001,15888,357156,168771,49394,29338,134553,3893,435,389,265
2021-05-09T23:59:59+02:00,13,15,10049,10694,26888,31705,29044,33775,33260,43048,45120,52275,43434,53806,38338,52269,9657,19064,1,0,3104,2726,6984,8677,6561,9984,7080,13397,9462,13982,12522,15667,27572,36903,7981,15832,350011,165884,48325,28785,133397,3156,347,375,263
2021-05-08T23:59:59+02:00,13,15,9956,10621,26503,31399,28589,33454,32787,42735,44067,51449,43280,53641,38299,52210,9654,19058,1,0,3097,2721,6974,8670,6554,9973,7071,13383,9452,13969,12485,15604,26891,35950,7944,15756,345423,164000,48286,28756,133306,3135,341,375,263
2021-05-07T23:59:59+02:00,13,15,9804,10472,26025,31007,28126,33069,32275,42373,43017,50620,43008,53291,38189,52053,9642,19032,1,0,3026,2688,6905,8621,6490,9908,7017,13328,9277,13744,11849,14792,25938,34554,7896,15674,340222,159833,47971,28383,133146,2908,321,372,263
2021-05-06T23:59:59+02:00,11,14,9387,10174,25101,30231,27056,32261,31039,41536,41389,49403,42618,52734,37995,51811,9604,18958,1,0,2949,2638,6771,8476,6369,9779,6862,13137,9002,13432,11190,13920,24969,33166,7861,15612,332300,155998,46891,27416,131465,2156,304,362,260
2021-05-05T23:59:59+02:00,11,13,9000,9968,24214,29625,26203,31604,29947,40743,39407,47585,42167,52183,37784,51526,9548,18845,1,0,2900,2602,6648,8341,6267,9662,6756,12991,8749,13166,10473,13080,23952,31839,7832,15540,324412,152048,46035,26523,129344,1752,222,360,254
2021-05-04T23:59:59+02:00,11,12,8751,9725,23427,28975,25223,30862,28872,39900,37873,46104,41691,51589,37505,51179,9497,18722,1,0,2856,2578,6572,8271,6177,9585,6671,12900,8504,12936,9725,12206,23003,30592,7798,15477,317678,148225,45061,25716,126702,1544,120,357,247
2021-05-03T23:59:59+02:00,11,12,8536,9511,22730,28393,24393,30256,27961,39195,36902,45347,41334,51112,37290,50885,9445,18620,1,0,2807,2540,6497,8187,6095,9512,6579,12814,8274,12709,8959,11296,22080,29371,7767,15426,312769,144415,44286,24890,124447,1294,82,349,233
2021-05-02T23:59:59+02:00,11,12,8364,9346,22085,27813,23656,29661,27138,38566,36082,44706,41075,50781,37179,50698,9410,18563,1,0,2768,2515,6452,8146,6056,9475,6537,12772,8091,12535,8355,10551,21365,28500,7746,15407,307918,141202,43518,24615,123301,1158,71,338,226
2021-05-01T23:59:59+02:00,10,12,8207,9158,21705,27361,23176,29092,26495,37847,35251,43814,40807,50404,37080,50545,9404,18546,1,0,2762,2507,6425,8135,6037,9464,6520,12759,8075,12518,8317,10486,21326,28442,7742,15403,301796,140901,43516,24607,123194,1116,70,338,225
2021-04-30T23:59:59+02:00,10,11,8054,8973,21310,26930,22725,28518,25738,37059,34231,42840,40573,50079,36982,50391,9392,18522,1,0,2734,2493,6398,8112,6015,9443,6489,12737,8039,12482,8273,10416,21276,28359,7739,15393,295424,140573,43509,24528,123007,1017,62,336,219
2021-04-29T23:59:59+02:00,9,11,7765,8728,20707,26344,22053,27832,24803,36092,32951,41493,39524,48677,36665,49921,9334,18394,1,0,2696,2455,6306,8002,5925,9339,6393,12595,7832,12206,7644,9683,20867,27840,7715,15320,286621,138487,42721,23292,121569,763,62,330,215
2021-04-28T23:59:59+02:00,8,10,7477,8507,20186,25880,21412,27231,23918,35240,31543,40038,38354,47083,36321,49428,9272,18253,1,0,2620,2405,6186,7875,5814,9204,6287,12437,7600,11924,6936,8822,20444,27257,7674,15249,277905,135953,41944,21985,119929,532,61,322,204
2021-04-27T23:59:59+02:00,7,10,7284,8323,19759,25446,20787,26691,23059,34457,30316,38698,37256,45627,35940,48858,9202,18127,1,0,2593,2381,6081,7772,5760,9106,6218,12311,7383,11725,6328,8081,20043,26757,7654,15226,270023,133849,41075,21036,118374,282,61,314,192
2021-04-26T23:59:59+02:00,6,10,7098,8154,19338,25017,20236,26166,22244,33694,29092,37454,36194,44201,35632,48371,9151,17999,1,0,2578,2370,6035,7729,5714,9064,6178,12264,7194,11560,5714,7341,19667,26313,7631,15198,262279,131869,40251,20188,117165,250,56,306,188
2021-04-25T23:59:59+02:00,6,9,6989,8018,19001,24747,19854,25824,21624,33068,28093,36486,35051,42765,35312,47939,9109,17918,1,0,2563,2361,6016,7701,5693,9045,6157,12236,7153,11533,5582,7156,19330,25847,7615,15154,255022,131225,39533,19439,116899,238,55,304,186
2021-04-24T23:59:59+02:00,6,9,6820,7837,18560,24319,19299,25286,20834,32264,27003,35433,34799,42448,35219,47774,9099,17906,1,0,2559,2354,6004,7689,5680,9032,6151,12232,7142,11526,5506,7041,19235,25705,7612,15146,249035,130758,39528,19396,115994,221,55,303,185
2021-04-23T23:59:59+02:00,6,9,6585,7634,18103,23832,18723,24665,19992,31441,25832,34227,34011,41270,35074,47541,9085,17883,1,0,2553,2334,5976,7668,5640,8990,6103,12186,7094,11472,5343,6762,18694,25073,7512,14974,241362,128892,39193,19048,115003,199,53,302,183
2021-04-22T23:59:59+02:00,5,9,6367,7422,17492,23238,17922,23876,18936,30411,24498,32782,32965,39913,34828,47183,9045,17804,1,0,2535,2315,5928,7614,5589,8903,6025,12106,7016,11399,5054,6334,17977,24197,7391,14778,232265,126694,38258,18074,113825,162,53,295,179
2021-04-21T23:59:59+02:00,5,8,6162,7236,16962,22762,17257,23270,17944,29503,22936,31179,31954,38671,34531,46739,8997,17715,1,0,2511,2297,5883,7552,5527,8826,5956,12003,6920,11318,4891,6058,17277,23344,7275,14594,223321,124580,37478,17296,112688,128,53,291,176
2021-04-20T23:59:59+02:00,4,8,5969,7039,16394,22286,16500,22615,16938,28496,21454,29703,30796,37172,34213,46294,8943,17615,1,0,2498,2282,5832,7510,5481,8780,5907,11935,6841,11254,4773,5899,16673,22566,7148,14413,214231,122877,36585,16574,111283,119,52,288,171
2021-04-19T23:59:59+02:00,4,8,5782,6873,15864,21861,15819,22059,15936,27619,20053,28293,29403,35520,33894,45808,8883,17497,1,0,2486,2265,5808,7476,5444,8746,5868,11889,6760,11174,4644,5738,16025,21847,7040,14251,205470,121219,35800,15906,109572,115,52,282,170
2021-04-18T23:59:59+02:00,3,8,5591,6727,15430,21535,15198,21497,14959,26823,18716,27156,28009,33865,33558,45383,8821,17408,1,0,2436,2219,5677,7349,5326,8631,5760,11735,6653,11054,4524,5552,15434,21180,6924,14070,196894,119557,34966,14637,108496,111,52,279,168
2021-04-17T23:59:59+02:00,3,7,5553,6690,15273,21457,15023,21410,14722,26644,18462,26933,27503,33318,33433,45235,8812,17393,1,0,2409,2180,5577,7194,5221,8473,5660,11549,6567,10923,4470,5488,15188,20884,6914,14056,195666,117800,34959,14633,106915,102,52,279,167
2021-04-16T23:59:59+02:00,3,7,5487,6635,15087,21300,14805,21242,14432,26393,18042,26514,26454,32086,33297,45027,8791,17370,1,0,2364,2129,5460,7003,5077,8290,5511,11307,6364,10699,4267,5251,14538,20087,6817,13910,192265,114534,34669,14231,105707,94,52,279,164
2021-04-15T23:59:59+02:00,3,6,5411,6554,14870,21086,14535,20956,13990,26039,17394,25876,25081,30464,33036,44701,8757,17288,1,0,2291,2045,5263,6767,4878,7972,5303,10985,6150,10412,4064,4999,13703,19006,6703,13743,187648,110700,33853,13287,104218,85,52,276,161
2021-04-14T23:59:59+02:00,3,6,5329,6481,14661,20882,14279,20728,13603,25704,16722,25246,23490,28665,32721,44302,8702,17194,1,0,2095,1922,5042,6503,4693,7721,5076,10734,5914,10123,3929,4792,12970,18084,6574,13528,183004,107576,32979,11832,102416,80,52,267,161
2021-04-13T23:59:59+02:00,3,6,5271,6428,14452,20749,14028,20536,13250,25399,16143,24735,21761,26793,32401,43884,8671,17086,1,0,2006,1867,4873,6313,4507,7496,4876,10479,5702,9881,3780,4621,12449,17468,6448,13365,178682,105138,32094,10715,100505,68,51,264,160
2021-04-12T23:59:59+02:00,3,5,5207,6357,14231,20553,13721,20272,12859,24981,15554,24180,20149,24846,32112,43520,8629,17011,1,0,1878,1773,4691,6155,4356,7319,4711,10284,5565,9722,3657,4463,12015,16954,6336,13204,174281,103436,31032,9374,98567,66,51,259,157
2021-04-11T23:59:59+02:00,3,5,5135,6277,14011,20355,13422,20059,12440,24625,14982,23664,18640,23058,31851,43176,8584,16929,1,0,1839,1733,4569,6041,4244,7194,4588,10152,5427,9591,3540,4340,11521,16344,6203,12993,169960,101664,30070,8392,96882,64,49,255,151
2021-04-10T23:59:59+02:00,3,5,5130,6267,13990,20337,13410,20045,12421,24606,14955,23641,17945,22131,31560,42756,8566,16901,1,0,1834,1719,4553,6030,4227,7178,4574,10138,5373,9523,3435,4224,10965,15511,6072,12795,168866,99503,30041,8392,95462,62,45,255,150
2021-04-09T23:59:59+02:00,3,5,5116,6247,13948,20286,13358,19985,12366,24544,14686,23384,16421,20234,31152,42107,8532,16859,1,0,1807,1698,4528,6014,4199,7149,4530,10099,5335,9475,3348,4103,10094,14524,5923,12596,166193,97033,29698,8140,93047,60,43,252,147
2021-04-08T23:59:59+02:00,3,5,5069,6216,13845,20210,13275,19901,12259,24438,14342,23018,14640,18008,30532,41101,8469,16738,1,0,1781,1684,4497,5961,4147,7062,4465,10016,5260,9398,3240,3998,9617,13916,5716,12349,162322,95164,28659,7704,90807,59,36,245,145
2021-04-07T23:59:59+02:00,3,5,5028,6182,13731,20118,13177,19805,12149,24326,13947,22646,13096,16139,29878,40117,8415,16637,1,0,1760,1669,4444,5891,4058,6988,4374,9932,5172,9297,3148,3903,8852,12814,5476,11942,157769,92565,27775,6930,89584,51,33,238,142
2021-04-06T23:59:59+02:00,3,5,4995,6158,13628,20049,13093,19746,12068,24261,13569,22289,11453,14125,29219,39148,8384,16566,1,0,1695,1614,4313,5761,3947,6863,4253,9779,5066,9166,3031,3782,8143,11880,5201,11576,153740,90167,26894,5683,87870,49,31,224,141
2021-04-05T23:59:59+02:00,3,5,4956,6127,13553,19980,13019,19672,12011,24181,13291,22032,9833,12171,28489,38095,8349,16503,1,0,1624,1546,4159,5607,3778,6706,4101,9627,4910,9035,2897,3662,7325,10910,4931,11184,150511,87773,25875,4017,85640,47,27,217,139
2021-04-04T23:59:59+02:00,3,5,4937,6109,13541,19954,13009,19652,12003,24159,13187,21956,8804,10909,28039,37454,8324,16446,1,0,1621,1543,4151,5599,3777,6700,4095,9624,4908,9025,2890,3653,7084,10438,4848,11058,148758,86801,25870,4016,83626,41,25,212,132
2021-04-03T23:59:59+02:00,3,5,4934,6099,13523,19933,12995,19639,11993,24147,13172,21936,7895,9841,27157,36211,8274,16334,1,0,1617,1538,4149,5594,3776,6697,4086,9612,4894,9011,2883,3639,6941,10170,4809,10976,146272,86181,25861,4016,81723,40,24,211,132
2021-04-02T23:59:59+02:00,3,5,4928,6079,13488,19904,12955,19594,11946,24097,13097,21868,7384,9091,25567,34111,8129,16064,1,0,1606,1521,4121,5569,3750,6656,4051,9552,4773,8727,2754,3482,6565,9770,4660,10769,141811,84345,25516,3789,80751,40,22,210,131
2021-04-01T23:59:59+02:00,2,5,4878,6016,13389,19761,12835,19444,11800,23940,12496,21418,6819,8373,24055,32140,8002,15823,1,0,1542,1473,4008,5447,3684,6583,3983,9485,4692,8622,2656,3337,6048,9087,4482,10488,137593,82060,24374,3376,79003,36,21,205,125
2021-03-31T23:59:59+02:00,2,5,4824,5956,13265,19603,12700,19285,11608,23761,12232,21158,6492,7994,22574,30181,7847,15593,1,0,1528,1462,3983,5423,3652,6553,3944,9438,4650,8561,2587,3259,5559,8436,4303,10248,133631,80252,23275,3156,77951,36,18,205,125
2021-03-30T23:59:59+02:00,2,5,4758,5888,13128,19452,12585,19102,11478,23596,12063,21020,6302,7778,21183,28448,7701,15388,1,0,1511,1425,3942,5388,3587,6480,3853,9323,4517,8392,2446,3051,5134,7877,4158,9989,130253,78005,22346,2912,77064,24,12,202,121
2021-03-29T23:59:59+02:00,2,5,4717,5844,13007,19356,12515,19017,11396,23486,11909,20883,6140,7578,19753,26764,7574,15185,1,0,1452,1384,3887,5339,3512,6408,3732,9179,4362,8200,2321,2909,4566,7202,4001,9712,126635,75322,21476,2693,76810,23,11,199,118
2021-03-28T23:59:59+02:00,2,5,4670,5775,12884,19214,12426,18922,11292,23383,11795,20777,5988,7370,18569,25256,7455,14988,1,0,1419,1341,3790,5231,3318,6181,3643,9061,4309,8143,2264,2842,3807,6181,3815,9441,123611,72253,20679,2395,76274,16,11,196,112
2021-03-27T23:59:59+01:00,2,5,4637,5725,12773,19049,12310,18758,11174,23179,11688,20629,5918,7281,18277,24909,7444,14970,1,0,1411,1338,3785,5226,3314,6174,3361,8712,4109,7845,2258,2839,3793,6146,3778,9375,121771,70937,20637,2394,76116,12,11,193,111
2021-03-26T23:59:59+01:00,2,4,4598,5669,12658,18854,12172,18556,11023,22948,11524,20415,5751,7064,17666,24113,7345,14819,1,0,1409,1336,3780,5219,3290,6156,3340,8691,3891,7395,2078,2431,3528,5858,3625,9134,118655,68645,20296,2387,76030,10,10,190,110
2021-03-25T23:59:59+01:00,2,4,4522,5576,12460,18611,11969,18231,10809,22619,11281,20087,5534,6775,16633,22806,7218,14628,1,0,1400,1324,3761,5192,3256,6129,3287,8653,3840,7351,2004,2318,3091,5174,3463,8824,114674,66658,19218,2285,75676,7,10,187,108
2021-03-24T23:59:59+01:00,2,4,4436,5459,12234,18155,11750,17814,10584,22222,11046,19714,5262,6427,15588,21588,7076,14400,1,0,1377,1309,3736,5147,3220,6065,3233,8581,3788,7277,1949,2258,2782,4839,3308,8549,111545,65255,18124,2043,73896,7,10,186,104
2021-03-23T23:59:59+01:00,2,4,4379,5387,12066,17814,11549,17459,10391,21853,10815,19421,5118,6225,14943,20768,6937,14225,1,0,1359,1301,3719,5127,3198,6048,3205,8529,3744,7234,1908,2197,2550,4561,3095,8220,109148,63877,17389,2001,72623,5,10,186,103
2021-03-22T23:59:59+01:00,2,4,4327,5307,11865,17480,11361,17135,10165,21525,10599,19116,4965,6013,14324,20051,6805,14042,1,0,1346,1291,3688,5094,3166,6011,3179,8472,3707,7189,1862,2142,2354,4305,2897,7882,107270,62611,16666,1860,70955,4,10,185,101
2021-03-21T23:59:59+01:00,2,4,4255,5180,11584,17064,11076,16733,9895,21069,10341,18758,4851,5838,13627,19261,6661,13833,1,0,1337,1290,3671,5078,3144,5977,3156,8445,3688,7165,1840,2109,2185,4142,2726,7609,105376,61599,15368,1855,69097,4,7,184,98
2021-03-20T23:59:59+01:00,2,4,4226,5110,11441,16732,10951,16420,9754,20775,10164,18475,4722,5676,12998,18314,6520,13617,1,0,1336,1289,3670,5076,3140,5976,3151,8439,3682,7159,1835,2103,2153,4079,2700,7566,103172,61391,15363,1855,67176,4,7,183,98
2021-03-19T23:59:59+01:00,2,3,4180,5028,11270,16366,10765,16067,9577,20396,9942,18115,4562,5480,11969,17106,6358,13406,1,0,1328,1282,3653,5047,3110,5898,3106,8344,3576,6982,1708,1991,2077,4013,2590,7355,100456,60101,14952,1851,64997,4,7,180,98
2021-03-18T23:59:59+01:00,2,3,4092,4922,11019,15939,10501,15621,9295,19929,9719,17771,4416,5314,11339,16235,6127,13138,1,0,1324,1271,3635,5013,3090,5854,3084,8288,3549,6933,1686,1957,2041,3943,2463,7144,98645,59412,13944,1758,62609,4,7,177,95
2021-03-17T23:59:59+01:00,2,3,3913,4804,10719,15527,10243,15261,9051,19566,9464,17420,4292,5146,10523,14991,5863,12713,1,0,1323,1268,3621,4993,3082,5834,3074,8254,3530,6910,1683,1932,2017,3912,2352,6958,95975,58901,12394,1741,60951,4,5,176,93
2021-03-16T23:59:59+01:00,2,3,3768,4678,10384,15062,9974,14890,8774,19118,9165,17053,4149,4977,9701,13866,5582,12356,1,0,1309,1265,3616,4986,3072,5829,3068,8240,3521,6893,1652,1903,1977,3859,2231,6776,93639,58435,11200,1663,58486,4,4,173,92
2021-03-15T23:59:59+01:00,2,3,3621,4557,10072,14606,9682,14434,8473,18644,8875,16643,4000,4805,8983,12797,5356,12030,1,0,1299,1257,3594,4974,3060,5804,3045,8201,3501,6850,1635,1886,1958,3826,2114,6588,91657,57839,9838,1659,55917,4,3,168,88
2021-03-14T23:59:59+01:00,2,3,3549,4462,9814,14176,9430,14037,8152,18150,8593,16250,3835,4617,8172,11558,5044,11564,1,0,1285,1250,3573,4956,3039,5762,3023,8122,3472,6781,1607,1832,1897,3698,1946,6190,89318,57306,8814,1035,53113,4,1,162,88
2021-03-13T23:59:59+01:00,2,3,3466,4206,9501,13506,9178,13454,7920,17560,8383,15809,3723,4508,7977,11262,4993,11472,1,0,1285,1250,3573,4956,3037,5761,3022,8121,3469,6778,1604,1829,1895,3694,1945,6189,88641,57285,8813,1035,49307,4,1,161,84
2021-03-12T23:59:59+01:00,2,3,3400,4054,9251,12978,8941,12926,7684,16925,8023,15054,3558,4337,7585,10850,4852,11281,1,0,1281,1246,3568,4941,3034,5757,3015,8113,3465,6770,1575,1800,1872,3676,1845,6009,86831,56852,8562,1030,46151,4,1,159,81
2021-03-11T23:59:59+01:00,2,3,3238,3782,8868,12219,8635,12253,7351,16137,7675,14403,3394,4129,7022,10127,4655,10972,1,0,1263,1234,3534,4897,2989,5678,2980,7990,3413,6670,1527,1742,1789,3470,1641,5477,84353,56088,8107,132,42253,3,1,151,71
2021-03-10T23:59:59+01:00,2,3,3168,3674,8377,11713,7955,11774,7030,15641,7373,13805,3230,3964,6453,9428,4477,10694,1,0,1252,1220,3504,4840,2956,5600,2944,7852,3358,6547,1483,1696,1727,3370,1519,5189,82481,54879,7552,109,38579,0,1,148,69
2021-03-09T23:59:59+01:00,2,2,3059,3493,7703,11269,7076,11301,6610,15030,7008,13201,2992,3660,5940,8786,4319,10411,1,0,1247,1217,3481,4794,2929,5534,2926,7800,3339,6500,1469,1670,1692,3327,1408,4983,80159,54180,6184,72,35371,0,1,147,64
2021-03-08T23:59:59+01:00,2,2,2886,3253,7072,10728,6268,10820,6210,14509,6609,12633,2776,3446,5333,8046,4169,10139,1,0,1241,1210,3459,4730,2904,5458,2887,7705,3307,6425,1462,1661,1689,3317,1403,4980,77325,53704,5032,70,32400,0,1,143,64
2021-03-07T23:59:59+01:00,2,2,2772,3118,6741,10230,5860,10275,5913,14060,6361,12240,2675,3349,4570,6982,3952,9856,1,0,1237,1207,3455,4725,2899,5445,2883,7688,3299,6411,1456,1647,1666,3276,1386,4936,74058,53486,4196,67,30570,0,1,133,63
2021-03-06T23:59:59+01:00,2,2,2726,2973,6558,9780,5664,9858,5438,13200,5984,11502,2653,3320,4564,6971,3949,9853,1,0,1237,1206,3451,4720,2897,5444,2882,7686,3298,6408,1455,1644,1666,3274,1385,4936,72827,53459,4196,67,27841,0,1,132,63
2021-03-05T23:59:59+01:00,2,2,2624,2712,6344,9203,5449,9464,5259,12633,5602,10518,2424,2852,4183,6587,3810,9631,1,0,1223,1202,3435,4705,2891,5431,2872,7668,3286,6389,1439,1634,1665,3270,1381,4932,70480,53299,3960,67,24727,0,1,131,57
2021-03-04T23:59:59+01:00,2,2,2542,2500,6132,8773,5292,9125,5076,12208,5423,10139,2327,2682,3623,5761,3638,9284,1,0,1211,1186,3390,4607,2859,5364,2840,7571,3255,6312,1417,1623,1651,3256,1371,4921,68406,52719,3509,64,22483,0,1,130,51
2021-03-03T23:59:59+01:00,2,2,2483,2440,5962,8364,5122,8760,4860,11757,5234,9689,2244,2574,3214,5320,3475,8984,1,0,1190,1176,3355,4559,2822,5298,2798,7472,3207,6236,1396,1596,1631,3225,1365,4903,66959,52121,3263,60,20134,0,1,129,48
2021-03-02T23:59:59+01:00,2,2,2425,2345,5802,8030,4964,8506,4692,11355,5066,9369,2171,2482,2906,4958,3256,8659,1,0,1185,1165,3336,4537,2807,5271,2780,7423,3198,6208,1391,1586,1613,3205,1362,4898,65568,51859,2999,59,18296,0,0,127,48
2021-03-01T23:59:59+01:00,2,2,2397,2314,5693,7810,4865,8361,4605,11201,4963,9194,2113,2404,2606,4632,3065,8339,1,0,1179,1162,3321,4519,2795,5242,2763,7377,3183,6180,1385,1583,1605,3196,1359,4892,64291,51636,2774,59,17377,0,0,124,47
2021-02-28T23:59:59+01:00,2,2,2344,2268,5511,7548,4690,8138,4466,11014,4851,9063,2069,2337,2307,4328,2862,8022,1,0,1169,1156,3307,4509,2788,5235,2758,7363,3175,6165,1380,1580,1597,3176,1358,4860,63158,51474,2469,59,16072,0,0,123,44
2021-02-27T23:59:59+01:00,2,2,2254,1956,5338,7125,4590,7833,4381,10667,4777,8812,2040,2276,2275,4281,2840,7971,1,0,1165,1152,3306,4507,2782,5233,2754,7360,3170,6161,1379,1580,1595,3172,1357,4859,62912,51435,2467,56,13918,0,0,123,42
2021-02-26T23:59:59+01:00,2,2,2184,1874,5192,6893,4444,7574,4229,10401,4568,8526,1911,2167,2214,4240,2731,7788,1,0,1143,1139,3290,4473,2769,5193,2743,7308,3149,6107,1373,1569,1591,3164,1356,4857,61575,51129,2461,55,12783,0,0,121,41
2021-02-25T23:59:59+01:00,2,2,2048,1769,4866,6486,4017,7121,3945,9884,4335,8144,1852,2108,2183,4181,2614,7592,1,0,1124,1121,3250,4427,2739,5142,2697,7200,3108,6014,1361,1553,1575,3123,1342,4798,61092,50483,2353,52,9584,0,0,120,40
2021-02-24T23:59:59+01:00,2,2,2013,1703,4748,6272,3914,6908,3822,9640,4213,7985,1829,2074,2152,4138,2500,7391,1,0,1111,1115,3221,4363,2704,5078,2671,7115,3080,5944,1346,1535,1551,3073,1330,4729,60540,49888,2108,40,8538,0,0,120,39
2021-02-23T23:59:59+01:00,2,2,1782,1560,4373,5785,3631,6522,3600,9257,4057,7700,1793,2038,2106,4089,2386,7206,1,0,1092,1103,3185,4335,2676,5020,2646,7039,3044,5884,1326,1515,1523,3037,1320,4674,60061,49356,2061,25,5649,0,0,118,39
2021-02-22T23:59:59+01:00,2,2,1772,1541,4321,5726,3594,6461,3533,9161,3997,7604,1757,2010,2081,4039,2265,7007,1,0,1086,1089,3163,4291,2657,4981,2621,6980,3013,5830,1310,1495,1511,3025,1312,4665,59513,48981,1918,15,5326,0,0,116,34
2021-02-21T23:59:59+01:00,2,2,1759,1535,4289,5692,3550,6423,3493,9108,3952,7553,1744,1999,2076,4029,2141,6840,1,0,1078,1078,3141,4249,2627,4929,2606,6912,2984,5743,1297,1479,1487,2964,1283,4583,59154,48394,1911,13,5010,0,0,112,34
2021-02-20T23:59:59+01:00,2,2,1753,1534,4282,5689,3547,6420,3492,9106,3948,7552,1739,1993,2073,4025,2140,6840,1,0,1078,1078,3138,4247,2627,4929,2605,6911,2984,5743,1297,1478,1486,2964,1283,4583,59135,48385,1911,13,4986,0,0,105,34
2021-02-19T23:59:59+01:00,2,2,1722,1521,4268,5667,3535,6406,3481,9096,3939,7534,1711,1964,2051,4007,2039,6657,1,0,1077,1076,3136,4245,2626,4928,2605,6908,2981,5741,1297,1477,1486,2962,1283,4583,58709,48366,1905,13,4887,0,0,101,33
2021-02-18T23:59:59+01:00,2,2,1667,1487,4172,5553,3463,6302,3393,8931,3850,7390,1686,1925,2018,3934,1907,6457,1,0,1027,1034,2997,4026,2499,4659,2494,6570,2873,5476,1263,1432,1454,2875,1254,4428,58048,46320,1814,11,4185,0,0,92,31
2021-02-17T23:59:59+01:00,2,1,1644,1457,4078,5404,3378,6149,3275,8697,3721,7187,1628,1851,1940,3827,1781,6140,0,0,969,985,2847,3803,2383,4349,2369,6162,2744,5164,1211,1369,1406,2763,1204,4250,56795,43938,1801,9,3474,0,0,90,31
2021-02-16T23:59:59+01:00,2,1,1566,1388,3916,5215,3243,5968,3167,8464,3598,7023,1604,1822,1906,3798,1662,5931,0,0,881,955,2714,3648,2286,4139,2244,5841,2615,4913,1153,1273,1258,2458,937,3616,56102,40899,1785,6,2304,0,0,83,26
2021-02-15T23:59:59+01:00,2,1,1547,1368,3867,5131,3183,5883,3109,8350,3532,6917,1590,1806,1891,3774,1653,5908,0,0,845,932,2633,3518,2212,3960,2164,5562,2527,4702,1106,1207,1164,2277,866,3386,55630,39036,1781,4,2021,0,0,80,21
2021-02-14T23:59:59+01:00,2,1,1479,1338,3785,5057,3139,5778,3054,8197,3488,6808,1569,1774,1837,3643,1594,5650,0,0,836,926,2580,3448,2171,3893,2110,5442,2461,4596,1076,1167,1074,2100,791,3137,55388,37789,1150,3,1575,0,0,80,16
2021-02-13T23:59:59+01:00,2,1,1475,1337,3776,5051,3132,5777,3050,8195,3485,6806,1568,1770,1837,3641,1592,5650,0,0,836,926,2580,3448,2171,3892,2108,5440,2460,4594,1073,1165,1072,2100,791,3137,55365,37781,1149,1,1551,0,0,80,11
2021-02-12T23:59:59+01:00,2,1,1435,1318,3739,5017,3109,5757,3028,8162,3466,6761,1549,1758,1827,3624,1584,5629,0,0,828,919,2546,3395,2137,3846,2078,5387,2442,4563,1072,1162,1070,2098,790,3135,55141,37460,1144,1,1406,0,0,75,7
2021-02-11T23:59:59+01:00,2,1,1382,1269,3622,4848,3018,5583,2930,7853,3367,6547,1488,1696,1758,3440,1492,5284,0,0,789,853,2292,2949,1909,3373,1847,4639,2169,4032,981,1090,973,1900,731,2852,54499,33374,155,0,857,0,0,69,5
2021-02-10T23:59:59+01:00,2,1,1356,1246,3559,4742,2953,5478,2887,7703,3314,6413,1467,1678,1730,3402,1478,5245,0,0,706,793,2000,2540,1698,2930,1611,4030,1909,3573,869,942,803,1520,587,2327,53848,28834,152,0,591,0,0,63,4
2021-02-09T23:59:59+01:00,2,1,1344,1227,3503,4671,2924,5409,2866,7611,3277,6344,1459,1662,1702,3379,1468,5232,0,0,656,711,1737,2193,1506,2544,1426,3531,1737,3215,836,907,777,1441,565,2211,53537,25993,147,0,334,0,0,63,0
2021-02-08T23:59:59+01:00,2,1,1330,1223,3474,4641,2904,5371,2844,7560,3257,6315,1447,1655,1691,3353,1466,5213,0,0,641,674,1587,1959,1365,2286,1294,3222,1580,2952,796,886,728,1333,531,2037,53233,23871,122,0,331,0,0,61,0
2021-02-07T23:59:59+01:00,2,1,1197,1180,3371,4586,2850,5328,2817,7522,3230,6276,1437,1637,1682,3330,1459,5181,0,0,496,527,1316,1604,1123,1836,1082,2631,1352,2428,691,757,646,1172,484,1808,52937,19953,93,0,0,0,0,56,0
2021-02-06T23:59:59+01:00,2,1,1193,1178,3369,4584,2846,5326,2810,7519,3226,6273,1436,1635,1681,3326,1458,5180,0,0,373,375,1117,1355,985,1532,941,2221,1187,2011,603,658,618,1154,481,1805,52894,17416,93,0,0,0,0,56,0
2021-02-05T23:59:59+01:00,2,0,1181,1167,3353,4561,2838,5298,2800,7476,3208,6227,1430,1627,1678,3320,1457,5180,0,0,273,217,933,1039,839,1163,765,1773,1011,1601,486,552,591,1134,478,1801,52656,14656,93,0,0,0,0,54,0
2021-02-04T23:59:59+01:00,2,0,1165,1148,3307,4509,2798,5223,2758,7346,3160,6143,1415,1611,1664,3286,1447,5152,0,0,143,89,632,669,549,741,526,1165,670,1003,306,371,484,986,433,1638,52012,10405,68,0,0,0,0,54,0
2021-02-03T23:59:59+01:00,2,0,1143,1142,3281,4466,2769,5182,2735,7298,3130,6088,1405,1600,1638,3245,1440,5099,0,0,122,72,501,520,417,597,422,918,514,756,253,291,379,770,334,1276,51547,8142,63,0,0,0,0,53,0
2021-02-02T23:59:59+01:00,2,0,1121,1128,3245,4435,2737,5129,2710,7224,3095,6024,1380,1571,1602,3190,1414,5003,0,0,113,63,417,420,347,518,370,827,460,673,233,268,333,695,306,1140,50896,7183,62,0,0,0,0,52,0
2021-02-01T23:59:59+01:00,2,0,1105,1116,3225,4383,2710,5068,2680,7098,3063,5928,1358,1538,1575,3152,1397,4938,0,0,84,48,316,315,255,391,277,619,329,506,194,219,262,555,238,893,50229,5501,62,0,0,0,0,45,0
2021-01-31T23:59:59+01:00,2,0,1097,1106,3209,4352,2685,5023,2663,7043,3050,5884,1345,1521,1552,3086,1369,4852,0,0,73,46,289,291,230,346,255,575,299,465,173,200,216,454,195,724,49734,4831,60,0,0,0,0,45,0
2021-01-30T23:59:59+01:00,2,0,1096,1106,3206,4346,2683,5022,2662,7042,3050,5883,1345,1520,1551,3086,1369,4852,0,0,72,41,279,277,217,331,250,564,295,459,172,197,215,454,195,724,49719,4742,57,0,0,0,0,45,0
2021-01-29T23:59:59+01:00,2,0,1094,1104,3204,4343,2683,5020,2662,7040,3047,5881,1345,1520,1551,3084,1369,4852,0,0,65,37,262,261,194,311,234,547,284,448,166,193,211,448,194,722,49699,4577,57,0,0,0,0,45,0
2021-01-28T23:59:59+01:00,2,0,1073,1085,3137,4241,2629,4911,2604,6884,2980,5750,1329,1497,1535,3016,1345,4726,0,0,55,20,165,155,130,188,164,362,209,284,133,150,165,284,117,432,48649,3013,53,0,0,0,0,42,0
2021-01-27T23:59:59+01:00,2,0,1027,1047,3055,4100,2548,4733,2509,6605,2896,5549,1296,1451,1493,2921,1308,4574,0,0,26,7,102,71,59,93,85,212,120,150,102,118,122,214,90,313,47034,1884,43,0,0,0,0,37,0
2021-01-26T23:59:59+01:00,1,0,949,1019,2938,3966,2468,4549,2427,6425,2827,5393,1268,1400,1402,2767,1084,4166,0,0,25,7,97,70,58,92,83,212,118,149,100,117,121,214,90,313,44987,1866,30,0,0,0,0,32,0
2021-01-25T23:59:59+01:00,1,0,931,1002,2854,3836,2424,4402,2367,6230,2768,5243,1246,1375,1388,2738,1071,4130,0,0,25,7,95,69,56,90,83,212,118,147,100,116,121,214,90,313,43959,1856,20,0,0,0,0,27,0
2021-01-24T23:59:59+01:00,1,0,921,998,2833,3819,2413,4370,2341,6191,2734,5182,1231,1366,1378,2713,1057,4096,0,0,25,7,95,69,56,89,83,211,117,147,99,116,121,214,90,313,43608,1852,16,0,0,0,0,20,0
2021-01-23T23:59:59+01:00,1,0,921,998,2833,3818,2413,4369,2339,6189,2733,5180,1228,1364,1375,2713,1057,4096,0,0,25,6,94,69,56,89,83,211,117,147,99,116,121,214,90,311,43599,1848,14,0,0,0,0,14,0
2021-01-22T23:59:59+01:00,1,0,914,990,2801,3772,2379,4304,2307,6114,2712,5133,1226,1360,1373,2710,1056,4093,0,0,25,6,94,68,56,89,83,211,117,147,99,116,121,214,90,311,43223,1847,14,0,0,0,0,8,0
2021-01-21T23:59:59+01:00,1,0,898,922,2546,3361,2177,3887,2125,5503,2487,4648,1167,1314,1324,2591,1020,3935,0,0,21,6,83,62,52,72,70,171,97,134,89,100,101,154,74,235,39887,1521,14,0,0,0,0,5,0
2021-01-20T23:59:59+01:00,1,0,818,857,2237,2954,1971,3429,1895,4895,2232,4175,1053,1172,1153,2237,886,3410,0,0,21,6,83,62,52,71,69,171,96,134,89,100,101,154,72,235,35358,1516,14,0,0,0,0,3,0
2021-01-19T23:59:59+01:00,1,0,754,776,1944,2510,1732,2972,1661,4233,1989,3701,976,1074,1024,1947,778,3028,0,0,10,3,50,46,33,44,35,100,44,77,41,37,50,83,44,152,31089,849,11,0,0,0,0,0,0
2021-01-18T23:59:59+01:00,1,0,680,716,1715,2117,1493,2500,1415,3550,1736,3197,889,987,917,1731,721,2745,0,0,5,2,19,11,13,21,17,54,17,33,21,22,26,56,31,82,27104,430,6,0,0,0,0,0,0
2021-01-17T23:59:59+01:00,0,0,502,555,1395,1713,1215,1967,1161,2818,1455,2574,747,831,762,1440,598,2351,0,0,0,1,4,2,0,0,0,0,0,0,1,0,0,0,0,0,22080,8,4,0,0,0,0,0,0
2021-01-16T23:59:59+01:00,0,0,382,404,1214,1468,1094,1680,1022,2420,1297,2167,660,734,734,1423,596,2350,0,0,0,0,0,0,0,0,0,0,0,0,0,0,0,0,0,0,19642,0,3,0,0,0,0,0,0
2021-01-15T23:59:59+01:00,0,0,279,243,1030,1169,944,1335,853,1974,1119,1765,541,623,695,1388,583,2309,0,0,0,0,0,0,0,0,0,0,0,0,0,0,0,0,0,0,16848,0,2,0,0,0,0,0,0
2021-01-14T23:59:59+01:00,0,0,162,108,716,783,652,865,618,1316,755,1145,354,434,570,1203,524,2059,0,0,0,0,0,0,0,0,0,0,0,0,0,0,0,0,0,0,12264,0,0,0,0,0,0,0,0
2021-01-13T23:59:59+01:00,0,0,135,89,605,618,528,699,501,1058,598,879,298,358,481,1016,451,1755,0,0,0,0,0,0,0,0,0,0,0,0,0,0,0,0,0,0,10069,0,0,0,0,0,0,0,0
2021-01-12T23:59:59+01:00,0,0,125,73,519,527,452,598,433,926,526,773,263,309,393,819,377,1370,0,0,0,0,0,0,0,0,0,0,0,0,0,0,0,0,0,0,8483,0,0,0,0,0,0,0,0
2021-01-11T23:59:59+01:00,0,0,95,60,423,434,367,486,347,749,421,598,229,258,326,685,307,1158,0,0,0,0,0,0,0,0,0,0,0,0,0,0,0,0,0,0,6943,0,0,0,0,0,0,0,0
2021-01-10T23:59:59+01:00,0,0,79,52,357,360,300,403,294,652,351,528,200,227,261,545,245,902,0,0,0,0,0,0,0,0,0,0,0,0,0,0,0,0,0,0,5756,0,0,0,0,0,0,0,0
2021-01-09T23:59:59+01:00,0,0,78,49,343,339,276,382,286,636,343,521,199,226,260,543,245,902,0,0,0,0,0,0,0,0,0,0,0,0,0,0,0,0,0,0,5628,0,0,0,0,0,0,0,0
2021-01-08T23:59:59+01:00,0,0,72,41,306,305,231,341,256,592,316,480,181,206,235,482,224,798,0,0,0,0,0,0,0,0,0,0,0,0,0,0,0,0,0,0,5066,0,0,0,0,0,0,0,0
2021-01-07T23:59:59+01:00,0,0,58,27,213,201,162,243,197,426,245,343,151,167,180,317,150,512,0,0,0,0,0,0,0,0,0,0,0,0,0,0,0,0,0,0,3592,0,0,0,0,0,0,0,0
2021-01-06T23:59:59+01:00,0,0,46,16,166,121,113,162,146,298,180,244,119,135,139,250,107,367,0,0,0,0,0,0,0,0,0,0,0,0,0,0,0,0,0,0,2609,0,0,0,0,0,0,0,0
2021-01-05T23:59:59+01:00,0,0,28,9,101,73,59,95,89,215,119,152,109,125,130,231,106,341,0,0,0,0,0,0,0,0,0,0,0,0,0,0,0,0,0,0,1982,0,0,0,0,0,0,0,0
2021-01-04T23:59:59+01:00,0,0,26,9,100,71,56,91,89,215,119,150,109,123,129,231,106,341,0,0,0,0,0,0,0,0,0,0,0,0,0,0,0,0,0,0,1965,0,0,0,0,0,0,0,0
2021-01-03T23:59:59+01:00,0,0,26,9,100,69,56,90,89,214,118,150,108,123,129,231,106,341,0,0,0,0,0,0,0,0,0,0,0,0,0,0,0,0,0,0,1959,0,0,0,0,0,0,0,0
2021-01-02T23:59:59+01:00,0,0,26,8,100,69,56,90,88,214,117,150,108,123,129,231,106,340,0,0,0,0,0,0,0,0,0,0,0,0,0,0,0,0,0,0,1955,0,0,0,0,0,0,0,0
2021-01-01T23:59:59+01:00,0,0,26,7,99,69,56,90,88,214,116,149,108,123,129,231,106,340,0,0,0,0,0,0,0,0,0,0,0,0,0,0,0,0,0,0,1951,0,0,0,0,0,0,0,0
2020-12-31T23:59:59+01:00,0,0,26,7,99,69,56,90,87,214,115,149,108,123,129,231,106,340,0,0,0,0,0,0,0,0,0,0,0,0,0,0,0,0,0,0,1949,0,0,0,0,0,0,0,0
2020-12-30T23:59:59+01:00,0,0,26,7,99,69,55,90,86,214,115,149,108,123,129,231,105,340,0,0,0,0,0,0,0,0,0,0,0,0,0,0,0,0,0,0,1946,0,0,0,0,0,0,0,0
2020-12-29T23:59:59+01:00,0,0,14,2,67,54,33,61,50,138,64,91,53,54,74,142,65,232,0,0,0,0,0,0,0,0,0,0,0,0,0,0,0,0,0,0,1194,0,0,0,0,0,0,0,0
2020-12-28T23:59:59+01:00,0,0,5,2,37,26,20,31,21,67,25,41,23,22,27,51,34,82,0,0,0,0,0,0,0,0,0,0,0,0,0,0,0,0,0,0,514,0,0,0,0,0,0,0,0
2020-12-27T23:59:59+01:00,0,0,1,0,9,6,8,2,1,5,0,2,1,1,2,2,4,6,0,0,0,0,0,0,0,0,0,0,0,0,0,0,0,0,0,0,50,0,0,0,0,0,0,0,0
