Datum,<15_m,<15_w,15-24_1_m,15-24_1_w,25-34_1_m,25-34_1_w,35-44_1_m,35-44_1_w,45-54_1_m,45-54_1_w,55-64_1_m,55-64_1_w,65-74_1_m,65-74_1_w,75-84_1_m,75-84_1_w,>84_1_m,>84_1_w,<24_2_m,<24_2_w,25-34_2_m,25-34_2_w,35-44_2_m,35-44_2_w,45-54_2_m,45-54_2_w,55-64_2_m,55-64_2_w,65-74_2_m,65-74_2_w,75-84_2_m,75-84_2_w,>84_2_m,>84_2_w,bp_1,bp_2,mo_1,mo_2,az_1,az_2,ja,unb_1,unb_2
2021-10-23T23:59:59+02:00,11952,11366,70419,70265,111725,108612,101193,100550,97087,102450,95578,97366,57066,70742,44634,61956,11078,22509,63993,64149,105254,101735,95866,94573,92660,97493,92019,93668,55345,68627,43469,60095,10598,21335,852170,803704,137305,131964,158740,145711,98188,222,222
2021-10-22T23:59:59+02:00,11878,11324,70261,70134,111506,108458,101036,100433,96975,102353,95520,97312,57055,70725,44631,61947,11078,22507,63826,63974,105077,101594,95740,94458,92564,97409,91965,93615,55333,68616,43466,60082,10597,21333,851044,802610,137243,131892,158740,145704,97959,222,222
2021-10-21T23:59:59+02:00,11751,11200,70077,69983,111336,108281,100871,100273,96828,102241,95435,97249,57032,70691,44621,61928,11074,22500,63618,63764,104895,101387,95591,94265,92445,97299,91894,93544,55309,68582,43458,60058,10595,21326,849523,801072,137181,131788,158736,145695,97784,222,222
2021-10-20T23:59:59+02:00,11710,11155,69962,69863,111192,108148,100762,100190,96741,102161,95377,97194,57001,70655,44603,61903,11069,22484,63431,63588,104777,101237,95480,94128,92351,97194,91824,93493,55282,68528,43434,60026,10580,21300,848480,799648,137131,131732,158735,145691,97677,222,222
2021-10-19T23:59:59+02:00,11609,11063,69824,69734,111072,108027,100679,100113,96676,102105,95324,97142,56977,70619,44593,61886,11065,22469,63219,63391,104619,101081,95367,94006,92274,97099,91773,93437,55251,68486,43419,59988,10570,21287,847444,798273,137082,131647,158733,145684,97571,222,222
2021-10-18T23:59:59+02:00,11560,11026,69707,69648,110948,107931,100591,100037,96623,102053,95277,97096,56950,70577,44568,61850,11056,22452,63080,63249,104502,100921,95272,93893,92209,97019,91715,93383,55227,68456,43407,59962,10566,21284,846640,797225,136953,131579,158730,145681,97480,222,222
2021-10-17T23:59:59+02:00,11517,10985,69562,69524,110835,107827,100493,99964,96577,101999,95240,97045,56927,70555,44562,61835,11054,22447,62851,62999,104348,100776,95148,93760,92113,96936,91660,93322,55204,68425,43398,59944,10562,21278,845787,795902,136906,131483,158729,145674,97379,222,222
2021-10-16T23:59:59+02:00,11498,10964,69507,69476,110781,107782,100469,99937,96545,101972,95223,97036,56926,70552,44561,61833,11052,22447,62759,62913,104282,100721,95100,93700,92082,96905,91638,93304,55199,68419,43396,59941,10562,21277,845461,795416,136896,131434,158729,145673,97328,222,222
2021-10-15T23:59:59+02:00,11445,10925,69397,69396,110670,107692,100402,99864,96489,101920,95196,97004,56919,70550,44560,61826,11051,22447,62623,62731,104171,100611,95010,93601,92004,96826,91590,93266,55191,68397,43390,59930,10562,21275,844779,794445,136872,131363,158728,145671,97227,222,222
2021-10-14T23:59:59+02:00,11342,10830,69223,69217,110540,107552,100289,99772,96399,101841,95145,96949,56898,70514,44548,61801,11047,22442,62332,62453,104027,100407,94869,93404,91888,96695,91517,93190,55154,68347,43373,59903,10558,21267,843547,792614,136799,131243,158726,145665,97129,222,222
2021-10-13T23:59:59+02:00,11246,10765,69088,69109,110436,107454,100205,99683,96323,101762,95096,96894,56863,70473,44533,61769,11042,22426,62174,62309,103900,100273,94765,93262,91803,96609,91459,93121,55116,68304,43353,59873,10549,21257,842566,791505,136738,131169,158724,145656,96991,222,222
2021-10-12T23:59:59+02:00,11106,10658,68910,68976,110343,107342,100112,99592,96265,101704,95056,96848,56848,70441,44524,61753,11038,22419,62017,62151,103772,100145,94652,93141,91715,96540,91400,93065,55064,68270,43341,59851,10545,21246,841512,790365,136676,131108,158721,145651,96878,221,220
2021-10-11T23:59:59+02:00,11035,10596,68772,68864,110233,107240,100027,99514,96206,101629,95001,96808,56820,70415,44505,61733,11033,22406,61850,61987,103645,100021,94557,93045,91643,96454,91351,93018,55028,68227,43326,59825,10536,21238,840578,789319,136610,131024,158718,145641,96783,221,220
2021-10-10T23:59:59+02:00,10963,10545,68616,68758,110101,107103,99937,99425,96141,101553,94958,96771,56802,70395,44499,61719,11025,22401,61667,61840,103488,99863,94453,92914,91555,96349,91274,92977,55003,68203,43317,59812,10533,21228,839655,788193,136561,130965,158714,145631,96634,221,220
2021-10-09T23:59:59+02:00,10938,10527,68531,68701,110039,107058,99898,99387,96105,101521,94943,96757,56796,70389,44498,61718,11025,22401,61581,61766,103407,99786,94397,92859,91514,96304,91253,92956,54997,68192,43312,59804,10532,21227,839279,787663,136532,130907,158712,145627,96561,221,220
2021-10-08T23:59:59+02:00,10865,10473,68391,68608,109908,106956,99827,99295,96040,101475,94896,96710,56784,70373,44495,61715,11025,22400,61414,61585,103277,99638,94283,92744,91431,96211,91205,92916,54981,68179,43306,59795,10530,21226,838460,786573,136485,130820,158711,145620,96431,221,220
2021-10-07T23:59:59+02:00,10787,10397,68194,68436,109744,106790,99695,99155,95954,101359,94824,96644,56762,70336,44481,61694,11021,22389,61137,61338,103084,99421,94136,92528,91323,96077,91131,92844,54950,68130,43291,59763,10523,21217,837118,784782,136415,130699,158709,145612,96271,221,220
2021-10-06T23:59:59+02:00,10720,10341,68028,68300,109621,106658,99606,99050,95874,101300,94779,96593,56721,70294,44468,61673,11018,22375,60959,61169,102950,99276,94026,92412,91249,95980,91055,92771,54919,68090,43278,59736,10518,21200,836090,783614,136353,130635,158708,145601,96117,221,220
2021-10-05T23:59:59+02:00,10615,10252,67859,68165,109481,106519,99497,98924,95812,101224,94734,96539,56703,70267,44459,61637,11013,22362,60765,60999,102803,99093,93912,92262,91152,95895,90994,92699,54892,68047,43263,59719,10516,21187,834951,782364,136282,130570,158707,145596,95971,221,220
2021-10-04T23:59:59+02:00,10578,10222,67698,68002,109329,106376,99410,98820,95724,101141,94683,96482,56669,70221,44445,61608,11010,22340,60617,60818,102668,98960,93783,92143,91063,95803,90935,92650,54857,68005,43239,59685,10510,21167,833925,781274,136210,130513,158705,145586,95768,220,220
2021-10-03T23:59:59+02:00,10513,10167,67498,67835,109165,106225,99297,98717,95638,101044,94619,96428,56638,70188,44437,61583,11009,22337,60424,60665,102482,98785,93645,91983,90967,95693,90861,92593,54821,67961,43222,59660,10507,21159,832805,780024,136142,130428,158701,145577,95540,220,220
2021-10-02T23:59:59+02:00,10488,10141,67397,67742,109080,106160,99234,98655,95588,100995,94598,96407,56627,70170,44437,61582,11008,22335,60306,60551,102410,98709,93578,91918,90921,95646,90835,92571,54814,67944,43221,59656,10506,21159,832276,779437,136080,130379,158699,145557,95439,220,220
2021-10-01T23:59:59+02:00,10403,10040,67246,67582,108901,106020,99117,98547,95510,100929,94545,96368,56610,70152,44435,61570,11006,22333,60112,60328,102243,98556,93449,91777,90816,95539,90774,92514,54797,67915,43218,59647,10505,21156,831235,778170,136020,130294,158697,145518,95212,220,220
2021-09-30T23:59:59+02:00,10326,9970,67027,67365,108695,105783,98942,98355,95376,100788,94453,96268,56575,70106,44418,61539,11002,22319,59862,60069,102044,98349,93264,91567,90678,95392,90686,92422,54770,67866,43203,59614,10495,21142,829642,776503,135930,130177,158691,145470,94891,220,220
2021-09-29T23:59:59+02:00,10248,9914,66835,67179,108504,105589,98794,98196,95254,100681,94371,96197,56535,70051,44401,61504,10997,22300,59690,59902,101862,98172,93130,91404,90568,95287,90615,92341,54737,67818,43184,59568,10492,21127,828265,775283,135865,130101,158687,145436,94580,220,220
2021-09-28T23:59:59+02:00,10164,9839,66652,66977,108306,105430,98650,98041,95145,100571,94287,96119,56494,70012,44389,61466,10990,22273,59504,59724,101675,98017,92998,91270,90446,95160,90536,92272,54706,67781,43167,59540,10483,21112,826904,774122,135803,130015,158685,145402,94260,220,220
2021-09-27T23:59:59+02:00,10035,9707,66415,66731,108099,105260,98518,97895,95059,100463,94211,96048,56467,69965,44376,61435,10985,22262,59304,59541,101495,97882,92861,91135,90344,95048,90466,92197,54669,67726,43145,59513,10475,21101,825519,773074,135727,129935,158684,145361,93848,220,220
2021-09-26T23:59:59+02:00,9914,9614,66179,66504,107872,105071,98352,97751,94943,100341,94127,95968,56430,69933,44362,61412,10980,22249,59068,59347,101293,97702,92716,90972,90238,94930,90393,92121,54640,67698,43131,59485,10470,21086,824103,771945,135649,129841,158678,145302,93419,220,220
2021-09-25T23:59:59+02:00,9876,9574,66064,66380,107769,104981,98278,97692,94886,100290,94096,95940,56426,69925,44360,61409,10979,22249,58958,59229,101192,97608,92635,90901,90198,94864,90356,92100,54628,67687,43127,59481,10470,21086,823555,771396,135589,129789,158678,145274,93199,220,220
2021-09-24T23:59:59+02:00,9815,9513,65907,66201,107602,104814,98132,97546,94767,100187,94027,95886,56411,69908,44352,61395,10979,22247,58744,59003,101012,97417,92509,90754,90089,94757,90272,92034,54607,67665,43124,59476,10469,21083,822543,770215,135519,129723,158678,145212,92795,220,220
2021-09-23T23:59:59+02:00,9723,9390,65592,65873,107344,104566,97940,97319,94608,100023,93925,95776,56367,69849,44328,61366,10973,22218,58453,58725,100771,97189,92322,90545,89957,94607,90177,91930,54559,67616,43102,59448,10468,21060,820770,768685,135400,129613,158672,145142,92184,220,220
2021-09-22T23:59:59+02:00,9652,9310,65258,65556,107141,104356,97744,97117,94453,99889,93798,95679,56320,69780,44294,61322,10962,22196,58275,58548,100592,97025,92145,90409,89841,94489,90070,91854,54525,67572,43074,59417,10462,21045,819033,767665,135291,129536,158667,145059,91681,220,220
2021-09-21T23:59:59+02:00,9565,9225,65035,65312,106934,104176,97572,96959,94338,99781,93718,95608,56270,69729,44276,61279,10955,22184,58086,58369,100401,96871,92006,90278,89753,94400,89981,91780,54486,67515,43053,59378,10453,21027,817588,766626,135210,129440,158664,144996,91299,220,220
2021-09-20T23:59:59+02:00,9505,9168,64752,65010,106741,103995,97412,96792,94233,99684,93653,95532,56230,69686,44256,61236,10950,22173,57896,58220,100222,96728,91854,90126,89612,94301,89902,91709,54440,67478,43027,59342,10447,21011,816179,765639,135133,129359,158659,144849,90881,220,220
2021-09-19T23:59:59+02:00,9455,9124,64475,64840,106514,103803,97263,96624,94095,99583,93550,95457,56201,69631,44246,61211,10947,22161,57655,58027,99981,96555,91669,89961,89430,94129,89785,91627,54403,67417,43008,59308,10446,20998,814860,764446,135052,129243,158656,144587,90456,220,220
2021-09-18T23:59:59+02:00,9423,9079,64381,64740,106395,103707,97153,96538,94027,99513,93516,95429,56193,69622,44242,61206,10945,22160,57535,57907,99877,96457,91547,89881,89359,94066,89749,91597,54393,67412,43001,59305,10444,20994,814290,763819,134963,129178,158654,144575,90206,220,220
2021-09-17T23:59:59+02:00,9345,8992,64188,64581,106220,103551,96985,96385,93897,99416,93444,95353,56177,69595,44231,61200,10939,22154,57332,57673,99692,96296,91395,89764,89243,93960,89672,91536,54378,67385,42993,59298,10444,20991,813197,762702,134874,129081,158650,144558,89776,220,220
2021-09-16T23:59:59+02:00,9255,8885,63916,64288,105948,103296,96754,96149,93709,99238,93342,95263,56126,69541,44218,61173,10932,22140,57083,57404,99429,96068,91202,89555,89067,93800,89571,91449,54332,67335,42971,59277,10439,20979,811415,761212,134787,128945,158639,144494,89175,220,218
2021-09-15T23:59:59+02:00,9185,8829,63569,63997,105750,103083,96547,95956,93573,99079,93240,95179,56088,69484,44183,61142,10927,22113,56910,57248,99235,95904,91033,89399,88962,93687,89468,91387,54300,67287,42946,59244,10435,20963,809677,760169,134733,128828,158635,144458,88721,220,218
2021-09-14T23:59:59+02:00,9143,8778,63280,63792,105516,102869,96350,95777,93440,98939,93124,95093,56042,69427,44158,61104,10922,22097,56709,57068,99059,95718,90866,89236,88829,93577,89386,91315,54263,67247,42924,59217,10430,20948,808150,759135,134663,128736,158627,144359,88253,220,217
2021-09-13T23:59:59+02:00,9107,8744,62988,63529,105290,102641,96180,95609,93296,98804,93037,94995,55991,69373,44141,61071,10915,22085,56502,56886,98865,95528,90712,89079,88698,93471,89300,91240,54226,67202,42904,59188,10427,20931,806653,758049,134575,128622,158617,144317,87793,220,217
2021-09-12T23:59:59+02:00,9054,8696,62684,63287,105046,102395,95971,95380,93134,98675,92941,94915,55941,69323,44125,61040,10911,22074,56303,56726,98623,95320,90545,88911,88563,93355,89203,91165,54183,67145,42882,59160,10423,20914,805135,757026,134477,128495,158613,144245,87209,220,217
2021-09-11T23:59:59+02:00,9007,8663,62563,63155,104904,102275,95868,95271,93049,98597,92902,94883,55926,69309,44120,61028,10911,22073,56156,56637,98475,95214,90447,88812,88464,93289,89166,91139,54173,67126,42878,59150,10423,20913,804451,756430,134419,128418,158613,144226,86863,220,217
2021-09-10T23:59:59+02:00,8912,8552,62327,62894,104707,102063,95696,95081,92908,98472,92808,94811,55892,69280,44106,61010,10911,22071,55915,56431,98277,95028,90264,88629,88332,93160,89082,91068,54151,67105,42865,59131,10423,20909,803074,755272,134356,128301,158610,144211,86303,220,217
2021-09-09T23:59:59+02:00,8814,8454,62018,62621,104432,101748,95463,94792,92732,98247,92673,94695,55853,69215,44085,60981,10901,22050,55666,56208,98025,94778,90041,88397,88171,93005,88940,90983,54108,67056,42844,59102,10417,20903,801119,753863,134252,128115,158606,144138,85639,220,217
2021-09-08T23:59:59+02:00,8754,8404,61802,62393,104218,101515,95275,94574,92568,98081,92559,94565,55818,69148,44051,60941,10888,22026,55508,56054,97841,94574,89884,88202,88014,92861,88821,90878,54070,66994,42808,59060,10406,20869,799658,752856,134147,127967,158597,144051,85020,220,217
2021-09-07T23:59:59+02:00,8703,8351,61565,62182,103993,101282,95091,94384,92427,97941,92457,94488,55784,69099,44022,60885,10878,22004,55313,55891,97624,94378,89699,88037,87886,92753,88723,90788,54028,66948,42783,59028,10401,20852,798181,751776,134043,127840,158593,143923,84561,220,217
2021-09-06T23:59:59+02:00,8662,8309,61361,62008,103793,101110,94952,94226,92310,97813,92369,94414,55727,69042,44000,60858,10871,21971,55144,55723,97426,94215,89532,87880,87758,92627,88624,90708,53976,66899,42762,58983,10391,20828,796954,750672,133953,127705,158582,143839,84149,220,217
2021-09-05T23:59:59+02:00,8601,8259,61151,61807,103630,100923,94797,94056,92187,97701,92292,94346,55700,69001,43990,60837,10866,21964,54940,55521,97232,94015,89344,87719,87618,92500,88540,90622,53927,66849,42745,58960,10386,20812,795773,749505,133872,127535,158579,143744,83726,220,217
2021-09-04T23:59:59+02:00,8550,8229,61033,61697,103544,100824,94696,93971,92130,97633,92257,94321,55691,68990,43984,60827,10866,21963,54814,55407,97114,93889,89228,87620,87549,92419,88491,90588,53912,66838,42739,58949,10386,20811,795179,748854,133824,127412,158575,143726,83470,220,217
2021-09-03T23:59:59+02:00,8472,8157,60844,61515,103375,100671,94549,93827,92026,97519,92185,94269,55663,68963,43976,60812,10864,21956,54608,55225,96913,93672,89036,87426,87403,92246,88398,90509,53880,66804,42728,58930,10382,20808,794083,747605,133771,127185,158567,143690,83064,220,217
2021-09-02T23:59:59+02:00,8354,8066,60593,61271,103124,100431,94353,93607,91841,97359,92068,94171,55617,68906,43953,60777,10860,21935,54342,54967,96620,93395,88791,87153,87182,92040,88255,90394,53835,66722,42697,58879,10372,20772,792444,745949,133662,126828,158556,143571,82465,220,217
2021-09-01T23:59:59+02:00,8290,7984,60384,61060,102928,100261,94205,93456,91725,97235,91963,94097,55573,68856,43935,60753,10852,21917,54087,54748,96393,93174,88596,86939,87004,91873,88115,90284,53770,66633,42659,58835,10362,20751,791201,744500,133589,126568,158540,143452,81985,220,213
2021-08-31T23:59:59+02:00,8210,7909,60180,60816,102729,100078,94028,93299,91602,97120,91840,94016,55528,68805,43909,60713,10843,21901,53834,54490,96124,92925,88379,86705,86847,91713,87954,90180,53726,66560,42633,58780,10355,20732,789849,743006,133509,126259,158528,143342,81481,220,213
2021-08-30T23:59:59+02:00,8114,7833,59977,60632,102557,99935,93911,93169,91485,97017,91773,93937,55495,68777,43893,60679,10838,21885,53583,54297,95884,92692,88169,86477,86669,91570,87828,90056,53669,66482,42592,58716,10338,20703,788745,741571,133452,125946,158521,143195,81029,220,211
2021-08-29T23:59:59+02:00,8037,7755,59700,60392,102317,99737,93726,92995,91346,96900,91684,93847,55450,68727,43869,60649,10836,21876,53231,53987,95564,92403,87878,86218,86434,91374,87674,89929,53600,66407,42562,58676,10332,20686,787384,739661,133362,125610,158506,143050,80431,220,211
2021-08-28T23:59:59+02:00,7981,7688,59563,60281,102211,99629,93623,92912,91261,96825,91639,93817,55436,68714,43861,60645,10835,21874,53053,53839,95402,92271,87744,86107,86323,91286,87605,89886,53583,66386,42553,58669,10330,20685,786765,738839,133323,125505,158502,143024,80045,220,211
2021-08-27T23:59:59+02:00,7915,7603,59376,60089,102041,99462,93482,92785,91150,96719,91553,93760,55414,68685,43852,60628,10834,21871,52806,53593,95106,91997,87523,85901,86150,91131,87498,89787,53540,66350,42538,58643,10325,20682,785779,737265,133261,125304,158465,142988,79554,220,211
2021-08-26T23:59:59+02:00,7830,7504,59139,59842,101815,99244,93264,92562,90972,96538,91446,93662,55365,68623,43819,60601,10828,21859,52470,53310,94740,91647,87188,85591,85909,90873,87340,89655,53476,66261,42492,58600,10318,20670,784311,735354,133163,124896,158442,142856,78837,220,209
2021-08-25T23:59:59+02:00,7758,7414,58911,59645,101645,99101,93113,92380,90852,96415,91337,93583,55327,68571,43785,60557,10823,21836,52169,53058,94437,91392,86963,85347,85712,90685,87207,89529,53409,66176,42444,58532,10312,20639,783098,733628,133081,124584,158432,142788,78283,219,208
2021-08-24T23:59:59+02:00,7708,7362,58691,59425,101459,98928,92947,92218,90741,96288,91252,93512,55289,68517,43758,60514,10817,21811,51848,52795,94087,91105,86663,85097,85502,90495,87056,89369,53324,66082,42396,58466,10304,20617,781960,731811,132989,124282,158425,142569,77704,219,208
2021-08-23T23:59:59+02:00,7652,7310,58488,59219,101295,98772,92817,92058,90649,96203,91176,93427,55251,68474,43729,60488,10813,21793,51526,52528,93748,90825,86415,84820,85307,90325,86921,89243,53246,65989,42361,58415,10297,20599,780820,729911,132918,123993,158415,142395,77302,219,207
2021-08-22T23:59:59+02:00,7582,7254,58293,59037,101092,98614,92659,91922,90554,96087,91097,93360,55215,68428,43715,60464,10807,21779,51154,52174,93346,90422,86107,84513,85070,90096,86752,89119,53167,65883,42329,58354,10289,20578,779797,727586,132816,123680,158403,142179,76784,219,203
2021-08-21T23:59:59+02:00,7528,7216,58159,58914,100958,98508,92554,91818,90455,96026,91040,93325,55195,68406,43707,60447,10805,21776,50821,51873,93179,90274,85938,84355,84923,89972,86666,89056,53136,65859,42319,58338,10288,20572,779120,726060,132741,123452,158402,142138,76415,219,203
2021-08-20T23:59:59+02:00,7476,7164,58004,58742,100786,98356,92403,91684,90340,95902,90964,93263,55173,68381,43697,60430,10803,21771,50489,51534,92915,90007,85675,84121,84708,89768,86533,88945,53105,65818,42296,58314,10281,20565,778165,724095,132691,123246,158396,142073,75928,219,203
2021-08-19T23:59:59+02:00,7409,7104,57756,58506,100511,98128,92195,91492,90180,95736,90836,93160,55130,68322,43672,60399,10796,21757,50045,51096,92485,89606,85266,83719,84397,89453,86319,88762,53034,65710,42258,58253,10271,20547,776799,721397,132558,122799,158388,141867,75185,219,202
2021-08-18T23:59:59+02:00,7345,7049,57575,58345,100327,97948,92050,91329,90041,95615,90735,93065,55063,68258,43643,60354,10786,21737,49694,50729,92108,89280,84945,83388,84119,89203,86129,88589,52920,65595,42187,58161,10256,20517,775646,719005,132469,122410,158381,141627,74611,218,202
2021-08-17T23:59:59+02:00,7283,6998,57386,58188,100135,97774,91884,91180,89919,95484,90639,92973,55024,68210,43618,60326,10784,21722,49201,50307,91658,88858,84542,83033,83790,88909,85922,88386,52817,65470,42129,58084,10250,20493,774532,715989,132365,122000,158368,141337,74105,217,202
2021-08-16T23:59:59+02:00,7224,6932,57204,58011,99932,97600,91736,91019,89777,95366,90524,92876,54972,68148,43589,60275,10777,21708,48634,49732,91180,88410,84073,82636,83455,88615,85691,88180,52713,65355,42071,58006,10241,20456,773363,712455,132273,121556,158361,141109,73516,217,202
2021-08-15T23:59:59+02:00,7158,6884,56983,57822,99747,97416,91578,90879,89652,95260,90435,92816,54934,68107,43569,60246,10773,21701,47510,48594,90536,87719,83516,82092,83060,88227,85404,87973,52605,65233,42027,57947,10232,20437,772279,706640,132162,120927,158353,140929,73009,217,201
2021-08-14T23:59:59+02:00,7126,6851,56861,57734,99606,97316,91474,90803,89565,95191,90384,92771,54919,68091,43564,60239,10772,21700,47357,48450,90303,87545,83302,81884,82936,88126,85334,87929,52577,65202,42018,57936,10231,20435,771754,705823,132106,120603,158348,140878,72602,217,201
2021-08-13T23:59:59+02:00,7079,6806,56705,57604,99448,97188,91346,90665,89459,95076,90303,92707,54889,68040,43550,60215,10770,21693,47052,48132,89826,87140,82902,81507,82672,87893,85163,87788,52534,65134,41996,57911,10228,20423,770918,703595,132047,120046,158341,140798,72082,215,201
2021-08-12T23:59:59+02:00,7044,6756,56501,57442,99234,97011,91172,90499,89314,94934,90208,92627,54851,67987,43524,60181,10762,21676,46637,47741,89178,86563,82322,80956,82292,87566,84935,87609,52460,65032,41943,57852,10218,20405,769854,700620,131943,119204,158328,140548,71443,215,200
2021-08-11T23:59:59+02:00,7008,6701,56314,57270,99027,96828,91012,90357,89181,94818,90097,92524,54799,67927,43493,60142,10753,21661,46221,47281,88551,85910,81740,80445,81954,87260,84664,87366,52371,64890,41871,57727,10199,20356,768720,697439,131845,118248,158305,140213,70890,212,199
2021-08-10T23:59:59+02:00,6947,6653,56129,57104,98805,96679,90855,90207,89052,94705,90013,92447,54754,67880,43477,60102,10749,21648,45784,46811,87904,85282,81131,79902,81543,86880,84419,87149,52250,64781,41811,57644,10185,20325,767656,694094,131750,117304,158286,139896,70362,212,199
2021-08-09T23:59:59+02:00,6895,6594,55956,56941,98610,96525,90700,90069,88911,94608,89902,92383,54715,67831,43452,60067,10742,21633,45217,46256,87067,84605,80441,79313,81128,86530,84126,86925,52137,64649,41755,57543,10171,20283,766629,690270,131677,116239,158276,139548,69800,212,196
2021-08-08T23:59:59+02:00,6824,6525,55729,56750,98398,96336,90521,89904,88774,94485,89807,92307,54659,67784,43426,60033,10735,21612,44611,45641,85994,83664,79533,78500,80582,86052,83795,86624,52002,64495,41691,57453,10158,20256,765405,685129,131565,115055,158256,139232,69230,212,195
2021-08-07T23:59:59+02:00,6780,6474,55584,56626,98258,96220,90392,89801,88679,94427,89744,92267,54640,67757,43423,60023,10732,21607,43770,44759,85656,83326,79056,78059,80221,85698,83613,86479,51939,64411,41670,57417,10153,20247,764732,681408,131503,113904,158252,139127,68794,212,194
2021-08-06T23:59:59+02:00,6724,6425,55392,56475,98026,96035,90239,89671,88554,94310,89646,92196,54600,67729,43414,59996,10729,21603,42848,43869,85185,82855,78467,77503,79830,85312,83422,86332,51887,64346,41644,57385,10145,20234,763767,677434,131403,112623,158245,138991,68196,212,193
2021-08-05T23:59:59+02:00,6656,6353,55070,56229,97726,95764,89977,89449,88341,94118,89476,92060,54535,67639,43385,59944,10720,21585,41606,42699,84451,82171,77687,76701,79233,84747,83065,86029,51757,64186,41584,57282,10130,20202,762106,671856,131275,110984,158233,138446,67260,212,192
2021-08-04T23:59:59+02:00,6575,6303,54830,56042,97474,95551,89792,89282,88199,93978,89358,91962,54482,67588,43347,59897,10716,21575,41130,42205,83224,81120,76343,75556,78743,84291,82744,85781,51615,64048,41527,57195,10114,20176,760814,666649,131166,109472,158219,137976,66599,212,192
2021-08-03T23:59:59+02:00,6509,6237,54572,55847,97238,95359,89614,89117,88056,93832,89212,91841,54404,67507,43310,59839,10708,21567,40691,41778,81974,79980,74918,74366,78134,83721,82199,85288,51401,63843,41426,57040,10101,20140,759433,660816,131061,107771,158194,137272,65928,212,192
2021-08-02T23:59:59+02:00,6447,6174,54334,55644,96976,95136,89391,88941,87884,93692,89068,91728,54321,67434,43277,59786,10705,21547,40211,41291,80651,78868,73367,73158,77506,83155,81655,84803,51231,63639,41351,56919,10084,20106,757997,654739,130911,106010,158172,136667,65253,211,190
2021-08-01T23:59:59+02:00,6381,6088,54066,55379,96708,94865,89153,88765,87681,93547,88904,91618,54252,67348,43240,59734,10698,21540,39691,40798,79358,77787,71953,72053,76612,82402,81069,84336,51041,63400,41263,56814,10073,20082,756384,648555,130716,104106,158147,136052,64569,208,187
2021-07-31T23:59:59+02:00,6345,6050,53944,55285,96587,94770,89052,88698,87590,93476,88859,91582,54240,67338,43234,59730,10698,21539,38731,39777,78912,77342,71416,71500,76227,82075,80953,84240,51022,63367,41247,56802,10073,20079,755902,643876,130546,103231,158144,135957,64274,208,187
2021-07-30T23:59:59+02:00,6290,6015,53766,55143,96427,94593,88894,88549,87458,93361,88776,91512,54203,67307,43221,59712,10696,21537,37724,38721,78205,76689,70662,70762,75712,81547,80552,83915,50945,63278,41213,56742,10067,20067,755002,637682,130230,102092,158140,135747,63938,207,186
2021-07-29T23:59:59+02:00,6239,5956,53530,54958,96165,94365,88682,88340,87287,93186,88636,91385,54143,67243,43198,59674,10688,21516,36475,37485,77147,75818,69611,69810,74904,80783,80014,83485,50813,63113,41146,56646,10050,20040,753755,629903,129748,100534,158124,135191,63415,206,186
2021-07-28T23:59:59+02:00,6202,5903,53330,54788,95958,94158,88531,88159,87171,93046,88524,91287,54085,67168,43164,59626,10678,21486,35861,36881,75976,74837,68334,68711,74142,80069,79523,83027,50672,62912,41076,56543,10034,19999,752577,623559,129300,99120,158107,134401,63131,206,184
2021-07-27T23:59:59+02:00,6153,5862,53096,54566,95697,93948,88348,87975,87013,92893,88400,91189,54032,67092,43122,59563,10664,21438,35207,36125,74517,73587,66881,67493,73278,79224,78979,82508,50497,62699,40996,56422,10009,19957,751165,616254,128868,97669,158084,133169,62785,206,183
2021-07-26T23:59:59+02:00,6096,5809,52876,54358,95451,93760,88149,87808,86850,92756,88270,91088,53971,67012,43093,59507,10657,21416,34439,35294,73001,72251,65508,66255,72229,78233,78388,81977,50324,62484,40918,56274,9987,19912,749818,608179,128444,96135,158067,132095,62450,205,183
2021-07-25T23:59:59+02:00,6058,5765,52668,54155,95199,93530,87972,87614,86692,92625,88162,90991,53920,66949,43065,59463,10647,21381,33733,34532,71657,71043,64390,65240,71226,77319,77909,81522,50206,62298,40853,56187,9981,19877,748412,601196,128169,94568,158046,131293,62081,205,183
2021-07-24T23:59:59+02:00,5971,5707,52393,53857,94890,93214,87725,87406,86516,92468,88062,90910,53891,66915,43053,59440,10647,21375,33228,34040,70793,70346,63719,64683,70349,76617,77704,81371,50151,62255,40831,56162,9981,19875,746530,596772,128116,93633,158045,131165,61600,205,183
2021-07-23T23:59:59+02:00,5918,5651,52119,53582,94489,92926,87426,87191,86335,92291,87922,90816,53857,66867,43045,59422,10644,21369,32708,33391,69727,69488,62938,64016,69446,75767,77301,81043,50076,62157,40799,56123,9974,19861,744474,591149,128042,92475,158039,130992,61166,205,183
2021-07-22T23:59:59+02:00,5848,5587,51701,53180,94011,92480,87040,86857,86025,91992,87712,90630,53772,66773,43016,59362,10636,21343,31999,32668,68410,68494,61887,63135,67828,74408,76647,80532,49925,61950,40707,56007,9953,19821,741427,584692,127807,89718,158014,130223,60569,204,182
2021-07-21T23:59:59+02:00,5796,5534,51330,52795,93574,92063,86733,86556,85768,91747,87538,90442,53687,66688,42957,59295,10625,21315,31385,32017,67078,67451,60799,62241,65784,72716,75742,79787,49634,61641,40546,55819,9929,19764,738614,578397,127567,85399,157984,129131,60129,204,182
2021-07-20T23:59:59+02:00,5738,5470,50939,52400,93109,91597,86367,86230,85499,91492,87315,90245,53595,66553,42908,59236,10618,21289,30726,31368,65613,66260,59665,61278,64606,71656,75130,79231,49428,61409,40440,55661,9905,19703,735643,571348,127345,83723,157928,128105,59535,204,182
2021-07-19T23:59:59+02:00,5661,5396,50467,51941,92639,91118,85994,85895,85251,91279,87108,90066,53502,66433,42872,59156,10600,21254,30182,30784,64447,65201,58747,60417,63452,70620,74531,78716,49254,61213,40348,55515,9877,19659,732367,565557,127114,81916,157893,126916,59109,204,182
2021-07-18T23:59:59+02:00,5592,5326,49640,51126,91559,90062,85262,85280,84768,90846,86814,89774,53396,66284,42809,59059,10590,21223,29627,30197,63258,64125,57822,59497,62273,69593,73980,78216,49106,61050,40290,55432,9865,19630,725891,559707,126781,79890,157876,126106,58714,203,181
2021-07-17T23:59:59+02:00,5418,5139,49287,50792,91416,89926,85067,85120,84611,90708,86707,89691,53376,66257,42798,59047,10589,21220,29239,29816,62610,63529,57266,59075,61521,68858,73674,77975,48996,60932,40251,55374,9855,19619,724709,556690,126605,78922,157871,125492,57835,203,181
2021-07-16T23:59:59+02:00,5317,5048,48964,50501,91150,89702,84821,84923,84411,90524,86568,89584,53334,66225,42780,59033,10586,21215,28742,29314,61670,62619,56419,58387,60467,67820,73172,77554,48835,60744,40205,55305,9850,19610,723331,551730,126435,77600,157862,124752,56910,202,181
2021-07-15T23:59:59+02:00,5181,4915,48490,50089,90750,89320,84460,84543,84106,90245,86346,89415,53253,66134,42725,58963,10577,21188,28013,28684,60351,61550,55292,57401,59055,66506,72438,76967,48604,60482,40116,55175,9835,19555,720854,545900,126014,75405,157827,123079,55843,201,181
2021-07-14T23:59:59+02:00,5075,4800,48135,49713,90443,89028,84173,84229,83857,90006,86146,89257,53163,66027,42667,58874,10560,21157,27481,28119,59253,60556,54321,56555,58176,65655,71829,76379,48336,60204,40010,55001,9812,19511,718685,540470,125655,74485,157781,121376,55028,200,181
2021-07-13T23:59:59+02:00,4963,4683,47731,49328,90045,88675,83868,83922,83589,89745,85940,89088,53053,65922,42612,58809,10554,21136,26818,27442,57883,59369,53130,55563,57186,64741,71103,75739,48058,59880,39880,54823,9780,19459,716319,534121,125283,73371,157725,119323,54175,199,180
2021-07-12T23:59:59+02:00,4792,4513,47179,48811,89649,88331,83472,83600,83341,89484,85750,88927,52973,65827,42564,58746,10542,21121,26188,26784,56380,58017,51844,54504,55962,63595,70358,75120,47684,59451,39704,54600,9739,19394,713595,526831,124915,72349,157662,116974,53289,199,180
2021-07-11T23:59:59+02:00,4397,4140,46228,47884,89217,87896,83058,83212,83031,89196,85552,88779,52886,65736,42539,58690,10531,21104,25584,26215,55002,56755,50548,53458,54920,62562,69762,74568,47337,59071,39579,54425,9714,19352,709624,520203,124446,71340,157622,115183,52226,196,179
2021-07-10T23:59:59+02:00,4384,4127,45898,47540,88761,87415,82725,82902,82926,89096,85486,88722,52865,65713,42530,58676,10530,21100,25096,25677,53910,55810,49685,52874,54320,61993,69546,74382,46967,58652,39479,54320,9709,19341,708954,515873,123977,71255,157445,113860,50862,195,179
2021-07-09T23:59:59+02:00,4365,4115,45480,47097,88141,86850,82348,82558,82674,88909,85372,88630,52829,65684,42523,58663,10526,21091,24392,24899,52588,54578,48743,51994,53540,61142,69124,73977,46608,58242,39391,54230,9702,19329,707534,509695,123391,70849,157282,112512,49491,194,179
2021-07-08T23:59:59+02:00,4335,4088,44928,46596,87280,86139,81816,82043,82420,88667,85177,88476,52762,65617,42491,58617,10515,21075,23403,23958,50646,53000,47358,50841,52399,60013,68432,73341,46086,57682,39254,54066,9674,19260,705407,501938,122499,69576,156992,109968,47975,193,178
2021-07-07T23:59:59+02:00,4312,4061,44343,46002,86440,85378,81263,81560,82134,88369,84968,88312,52683,65516,42448,58553,10507,21055,22512,23041,48698,51317,45839,49702,51158,58828,67731,72806,45349,56939,39059,53828,9641,19202,702887,493751,121499,68465,156734,106858,46596,190,176
2021-07-06T23:59:59+02:00,4279,4040,43798,45478,85574,84640,80649,80968,81764,88038,84792,88136,52594,65434,42410,58491,10498,21030,21673,22172,46693,49533,44453,48450,49877,57490,66983,72087,44518,56164,38873,53589,9623,19147,700234,484774,120477,67382,156434,103887,45282,188,176
2021-07-05T23:59:59+02:00,4257,4004,42636,44490,84055,83538,79920,80347,81305,87615,84517,87871,52479,65298,42359,58412,10484,21002,20480,21104,44731,47929,43431,47486,48849,56527,66286,71468,43754,55302,38698,53364,9598,19108,696908,478779,119417,66509,156069,100794,42010,187,176
2021-07-04T23:59:59+02:00,4230,3982,41273,43272,82403,82219,79193,79741,80831,87193,84244,87668,52387,65173,42316,58361,10471,20973,19126,19898,42929,46402,42731,46740,48037,55673,65701,70899,43011,54452,38535,53173,9578,19061,693783,474109,118263,65572,155646,98180,38053,187,175
2021-07-03T23:59:59+02:00,3763,3565,39699,41724,81537,81562,78708,79251,80385,86715,84025,87496,52319,65072,42298,58309,10468,20967,18315,19208,42009,45707,42313,46365,47631,55273,65535,70733,42420,53723,38472,53074,9571,19051,690031,472169,116950,65473,155562,96586,35135,187,175
2021-07-02T23:59:59+02:00,3205,2994,38143,40223,80804,80831,78036,78544,79866,86212,83784,87292,52267,64986,42270,58262,10456,20954,17545,18477,40850,44739,41578,45666,46798,54490,65013,70282,41469,52517,38342,52886,9555,19032,684983,467086,115545,65005,155410,94089,33007,186,173
2021-07-01T23:59:59+02:00,2558,2447,36422,38553,79820,79962,77196,77711,79159,85573,83469,87015,52143,64829,42207,58160,10438,20925,16661,17548,39301,43498,40362,44605,45494,53357,64270,69703,40578,51379,38193,52677,9538,19000,678639,460653,113815,63351,155186,91322,30763,186,173
2021-06-30T23:59:59+02:00,2516,2417,35410,37535,77977,78459,75495,76218,78513,85025,83183,86722,52010,64669,42147,58063,10426,20898,15627,16568,37621,42277,39162,43499,44337,52295,63514,69073,40032,50692,38075,52478,9516,18964,672770,454510,112078,62013,154972,89435,27679,186,172
2021-06-29T23:59:59+02:00,2481,2385,34570,36635,76377,76963,73883,74806,77718,84309,82637,86231,51827,64450,42071,57932,10408,20862,14791,15663,36306,41127,38250,42675,43117,51242,62796,68488,39320,49755,37939,52258,9493,18920,666410,449316,110200,60180,154703,87482,25048,186,171
2021-06-28T23:59:59+02:00,2440,2351,33743,35822,74765,75545,72202,73412,76696,83522,82033,85734,51652,64222,41994,57826,10395,20829,14039,14900,35245,40104,37429,41945,41987,50242,62145,67940,38447,48670,37772,52036,9474,18874,659935,444463,108243,58664,154107,85281,22714,186,170
2021-06-27T23:59:59+02:00,2425,2336,33005,35074,73202,74174,70795,72203,75298,82399,81356,85177,51455,64005,41929,57708,10385,20800,13402,14265,34285,39342,36773,41344,41051,49391,61602,67497,37581,47637,37620,51857,9459,18843,653724,440549,106305,57896,153154,83015,20359,185,168
2021-06-26T23:59:59+02:00,1788,1726,31962,33967,72842,73855,70329,71738,75006,82088,81263,85099,51435,63979,41915,57698,10384,20797,13208,14056,33621,38798,36126,40923,40528,49056,60610,66487,36585,46499,37452,51644,9445,18810,648926,434559,105365,57842,153150,81069,20248,183,167
2021-06-25T23:59:59+02:00,1170,1128,30838,32789,72346,73320,69718,71043,74580,81641,80887,84776,51373,63891,41881,57655,10379,20783,12874,13665,32770,38004,35257,40103,39581,48215,59395,65252,36069,45799,37261,51344,9422,18769,642588,426134,104171,57393,153143,80006,20114,183,166
2021-06-24T23:59:59+02:00,567,568,29494,31462,71566,72559,68844,70157,73907,81006,80440,84412,51267,63762,41829,57585,10368,20749,12206,12955,31594,36700,34037,38838,38450,47103,57758,63877,35590,45281,37104,51154,9403,18709,634752,416768,102683,55837,153031,78121,19895,182,165
2021-06-23T23:59:59+02:00,540,535,28990,30906,70452,71576,67572,69017,73157,80319,79989,84007,51155,63588,41769,57489,10352,20717,11711,12421,30595,35459,33102,37616,37425,46217,55811,62155,35035,44715,36937,50928,9382,18644,628508,406974,101110,54772,152925,76861,19406,182,164
2021-06-22T23:59:59+02:00,517,518,28469,30306,69279,70541,66366,67991,72479,79615,79577,83637,51047,63462,41721,57405,10343,20691,11363,12004,29682,34529,32148,36724,36467,45315,53834,60311,34650,44239,36800,50686,9353,18586,622161,398421,99647,53202,152791,75743,19184,182,162
2021-06-21T23:59:59+02:00,485,484,27800,29624,67959,69358,65177,66861,71720,78835,79183,83245,50940,63352,41662,57316,10329,20650,11069,11687,29057,33945,31596,36155,35859,44724,51985,58654,33938,43437,36502,50261,9323,18510,615329,390831,98144,52005,152668,75066,18659,181,161
2021-06-20T23:59:59+02:00,400,403,27164,28954,66730,68217,64157,65926,70915,78094,78829,82907,50863,63225,41613,57249,10324,20617,10781,11419,28509,33441,31140,35665,35346,44200,50137,56856,33396,42755,36305,49926,9293,18450,608929,383400,96681,51254,152568,74594,18229,181,157
2021-06-19T23:59:59+02:00,367,369,26777,28575,65997,67643,63629,65420,70115,77439,78678,82783,50842,63200,41597,57233,10323,20617,10646,11220,28255,33120,30885,35341,35122,43938,48692,55460,33137,42407,36221,49787,9285,18422,604956,377988,95736,51242,152568,74401,18164,181,157
2021-06-18T23:59:59+02:00,339,336,26317,28101,64981,66905,62892,64809,69194,76601,78288,82451,50779,63125,41570,57197,10319,20609,10430,10976,27855,32697,30553,34928,34730,43540,46952,53782,32783,41892,36084,49576,9266,18388,599530,371114,94495,50953,152562,74177,18046,181,156
2021-06-17T23:59:59+02:00,310,305,25672,27489,63709,65906,61889,64002,67605,75190,77761,82047,50678,62971,41507,57116,10306,20582,10013,10613,27066,31999,29812,34248,33893,42840,45440,52285,32336,41259,35920,49320,9235,18338,593422,363664,91834,49810,152400,73792,17210,180,155
2021-06-16T23:59:59+02:00,275,267,25138,26893,62406,64771,60784,63030,65337,73265,76918,81391,50464,62763,41416,57004,10287,20549,9689,10349,26416,31324,29108,33626,33164,42203,44844,51718,32065,40895,35774,49120,9214,18297,587152,359957,87323,49103,151981,72278,16325,178,155
2021-06-15T23:59:59+02:00,236,236,24485,26186,60997,63547,59703,62048,64182,72180,76411,80971,50342,62614,41365,56908,10280,20519,9419,10066,25814,30586,28472,32872,32483,41479,43282,50084,31613,40338,35602,48887,9184,18232,579987,353215,85697,48209,151527,71024,15822,178,155
2021-06-14T23:59:59+02:00,213,204,24010,25586,59886,62494,58827,61202,63105,71175,75938,80582,50254,62492,41315,56836,10265,20494,9125,9764,25063,29693,27709,32036,31694,40663,41992,48739,31243,39840,35465,48664,9154,18181,574110,347057,83980,47189,151322,69347,15289,178,154
2021-06-13T23:59:59+02:00,208,189,23591,25116,58945,61587,58053,60415,61997,70206,75474,80161,50164,62376,41264,56777,10253,20464,8840,9459,24354,28850,26998,31198,30933,39807,40431,47150,30777,39229,35262,48358,9124,18091,569087,339987,82125,46405,151096,67572,14755,178,153
2021-06-12T23:59:59+02:00,195,171,23333,24835,58386,61078,57692,60136,61355,69567,75273,80049,50139,62345,41252,56763,10250,20460,8720,9339,23878,28269,26476,30624,30404,39245,39330,46175,30608,39050,35167,48193,9120,18080,566132,335732,81171,46402,151088,65691,14711,178,153
2021-06-11T23:59:59+02:00,176,156,22964,24396,57634,60264,57015,59505,60448,68634,74927,79744,50064,62270,41226,56727,10248,20454,8580,9145,23361,27595,25943,29967,29820,38609,38250,45163,30340,38693,35024,47971,9107,18053,561087,330871,79879,46141,151074,63831,14636,177,152
2021-06-10T23:59:59+02:00,161,139,22421,23815,56492,59327,56087,58685,59185,67460,74388,79345,49992,62162,41202,56677,10233,20425,8315,8890,22488,26652,24979,29028,28697,37672,36859,43995,29983,38212,34744,47537,9040,17977,555496,323953,77670,45433,150836,61524,14018,177,150
2021-06-09T23:59:59+02:00,141,124,21787,23230,55228,58224,55011,57773,58235,66551,73926,78952,49904,62062,41150,56615,10219,20394,8019,8628,21557,25789,24050,28145,27660,36722,35139,42203,29593,37711,34557,47267,8998,17886,549695,316507,76217,44701,150483,59621,12956,176,148
2021-06-08T23:59:59+02:00,119,106,21109,22518,53914,57094,53893,56791,57282,65695,73380,78517,49815,61938,41095,56523,10201,20364,7752,8383,20657,24898,22995,27282,26625,35760,33776,40897,29236,37205,34236,46809,8947,17802,543006,310196,75287,43930,150043,57153,11842,176,146
2021-06-07T23:59:59+02:00,102,89,20456,21884,52474,55834,52633,55811,56125,64708,72828,78113,49730,61832,41049,56460,10188,20336,7496,8157,19817,24076,21973,26473,25592,34889,32841,40115,28954,36812,33985,46382,8896,17709,535711,305569,74386,43112,149635,54601,10744,176,146
2021-06-06T23:59:59+02:00,95,84,19944,21350,51329,54725,51525,54831,55158,63756,72317,77709,49643,61754,41013,56397,10180,20320,7284,7961,19036,23180,21072,25598,24521,33905,31924,39296,28664,36470,33730,45992,8845,17635,529374,301009,73364,42370,149300,51679,9917,175,143
2021-06-05T23:59:59+02:00,89,76,19674,21041,50546,53968,50872,54328,54684,63280,72186,77597,49631,61741,41009,56394,10177,20320,7053,7548,18393,22111,20346,24486,23645,32651,30886,37976,28330,36004,33606,45816,8838,17615,525023,294702,73358,42331,149220,48296,9837,175,143
2021-06-04T23:59:59+02:00,79,70,19221,20455,49482,52953,50052,53460,54029,62492,71843,77270,49604,61703,40989,56379,10175,20315,6830,7231,17767,21263,19657,23490,22705,31371,29662,36632,28041,35638,33492,45640,8826,17594,518533,288227,73030,42262,149203,45581,9631,174,142
2021-06-03T23:59:59+02:00,69,59,18540,19760,47962,51648,48834,52330,53056,61467,71339,76810,49537,61599,40951,56331,10162,20290,6538,6832,17030,20217,18856,22339,21697,29941,28493,35146,27499,34856,33286,45313,8789,17519,510758,281480,72016,41507,148929,42360,8869,172,139
2021-06-02T23:59:59+02:00,64,55,18159,19247,46938,50657,47949,51564,52305,60704,71089,76597,49498,61565,40932,56303,10154,20276,6347,6596,16389,19525,17929,21580,20849,28989,27398,33739,27033,34250,33125,45062,8760,17449,504464,275198,71998,41493,148909,39684,8515,170,133
2021-06-01T23:59:59+02:00,53,49,17480,18507,45068,48922,46291,50102,50787,59239,70411,75999,49406,61454,40873,56231,10142,20228,6067,6279,15227,18626,16415,20614,19632,27733,26166,32341,26476,33552,32874,44710,8714,17347,495354,268685,70632,40921,148360,36310,6730,166,129
2021-05-31T23:59:59+02:00,51,45,16997,18014,43757,47777,45071,48991,49546,58115,69727,75487,49323,61351,40827,56164,10130,20190,5788,5950,14180,17794,15001,19690,18450,26617,24938,30998,25957,32831,32679,44412,8680,17247,489103,262380,69468,40378,147890,33391,4937,165,128
2021-05-30T23:59:59+02:00,45,44,16667,17617,42785,46835,44163,48088,48540,57117,69169,74941,49218,61196,40755,56049,10114,20147,5597,5704,13633,17090,14371,18990,17548,25643,23836,29825,25186,31880,32380,43994,8635,17158,483148,256407,68437,39575,147481,31107,4260,164,123
2021-05-29T23:59:59+02:00,45,43,16534,17492,42420,46518,43818,47824,48300,56924,69111,74888,49212,61190,40748,56045,10114,20146,5433,5459,13122,16285,13727,18142,16702,24475,22720,28524,25027,31647,32316,43899,8632,17151,481170,250796,68314,39575,147474,28519,4251,163,122
2021-05-28T23:59:59+02:00,44,41,16230,17186,41716,45890,43306,47258,47789,56391,68834,74593,49147,61107,40721,55995,10111,20141,5190,5075,12587,15372,13047,17278,15839,23239,21617,27084,24776,31278,32221,43766,8622,17135,476870,244742,67807,39471,147448,25586,4212,163,117
2021-05-27T23:59:59+02:00,41,38,15704,16642,40562,44899,42288,46361,46799,55499,68255,74156,49025,60947,40667,55924,10100,20101,4952,4730,11940,14554,12264,16344,14767,22043,20359,25571,24274,30539,32049,43505,8588,17051,470984,237386,66289,38665,146730,23524,3844,161,113
2021-05-26T23:59:59+02:00,39,37,15292,16204,39467,43979,41248,45484,45768,54621,67649,73643,48873,60766,40583,55758,10078,20053,4759,4530,11387,13795,11544,15497,13756,20911,18959,23976,23689,29751,31832,43159,8534,16949,465833,230114,64265,37794,145740,21466,3543,161,113
2021-05-25T23:59:59+02:00,39,36,14885,15793,38462,43090,40280,44631,44816,53700,67030,73113,48690,60526,40504,55624,10052,20000,4543,4322,10846,13154,10779,14726,12684,19669,17524,22468,23100,28969,31595,42832,8477,16854,460498,222729,62685,36850,144629,19557,3298,161,110
2021-05-24T23:59:59+02:00,39,35,14539,15468,37626,42356,39412,43957,43955,52912,66500,72627,48567,60349,40441,55500,10032,19955,4399,4194,10400,12688,10144,14147,11793,18834,16237,21203,22424,28136,31378,42499,8418,16764,455885,215809,61451,35908,143882,18941,2892,160,110
2021-05-23T23:59:59+02:00,35,35,14371,15292,37159,41981,38961,43553,43505,52505,66230,72400,48484,60257,40402,55453,10025,19931,4209,4054,9934,12213,9524,13542,10848,18018,15039,20139,21951,27564,31125,42210,8367,16678,452685,208803,61070,35826,143860,17875,2804,160,109
2021-05-22T23:59:59+02:00,33,33,14174,15076,36468,41416,38273,43101,42930,52093,65211,71382,48278,59998,40330,55339,10015,19910,4098,3757,9720,11796,9371,13216,10606,17573,14769,19737,21857,27447,31091,42168,8360,16669,446215,207574,61066,35823,143846,15958,2773,160,109
2021-05-21T23:59:59+02:00,32,32,13789,14667,35401,40506,37210,42179,41863,51191,63853,70092,48049,59662,40250,55191,9998,19877,3988,3658,9514,11531,9156,12949,10271,17244,14352,19365,21636,27161,31029,42078,8351,16661,436611,205613,60706,35517,143611,14955,2756,158,105
2021-05-20T23:59:59+02:00,29,32,12982,13927,33961,39050,35791,40780,40456,49992,62558,68942,47756,59322,40105,55009,9977,19827,3837,3483,8989,10925,8506,12238,9571,16393,13596,18399,20817,26039,30834,41780,8312,16574,426369,201240,59006,34672,142591,11906,2373,157,104
2021-05-19T23:59:59+02:00,29,31,12437,13353,32785,37635,34692,39403,39327,49031,60550,67166,47273,58764,39919,54745,9934,19721,3731,3346,8711,10549,8210,11864,9132,15884,12957,17736,19951,24908,30607,41476,8255,16459,415505,196988,57487,33858,141479,10663,2169,155,100
2021-05-18T23:59:59+02:00,27,31,12014,12895,31750,36625,33612,38491,38285,48097,58482,65293,46917,58317,39764,54504,9902,19661,3530,3179,8214,9953,7739,11320,8583,15213,12276,16965,19007,23672,30370,41134,8217,16353,406823,192874,55536,33017,140286,7866,1870,152,100
2021-05-17T23:59:59+02:00,25,30,11760,12610,31231,36068,33117,37931,37692,47460,56580,63583,46213,57493,39486,54105,9865,19587,3443,3068,7947,9677,7441,11022,8179,14798,11703,16358,18084,22539,30135,40813,8182,16277,399227,188487,54406,32271,139475,7236,1578,150,96
2021-05-16T23:59:59+02:00,25,30,11542,12354,30706,35564,32654,37439,37170,46887,54679,61752,45664,56794,39292,53786,9837,19531,3345,2966,7657,9382,7117,10680,7705,14332,11121,15770,17154,21386,29925,40523,8143,16208,392248,184195,53438,31419,138811,6647,1061,148,94
2021-05-15T23:59:59+02:00,25,30,11382,12148,30428,35230,32417,37119,36942,46623,53110,60269,45414,56489,39215,53647,9831,19503,3323,2946,7632,9353,7102,10659,7686,14316,11102,15747,17043,21170,29715,40213,8135,16198,386431,183193,53434,31418,138765,6594,1044,148,93
2021-05-14T23:59:59+02:00,25,30,11134,11859,29955,34725,32037,36656,36423,46146,51229,58431,45051,55987,39075,53441,9815,19463,3295,2924,7561,9282,7044,10585,7622,14253,10919,15546,16305,20099,29429,39724,8118,16158,378607,180245,53103,31079,138631,6455,994,147,93
2021-05-13T23:59:59+02:00,22,29,10844,11523,29303,34073,31432,36051,35745,45474,49754,56914,44619,55358,38903,53194,9788,19416,3215,2874,7429,9177,6954,10490,7519,14142,10587,15197,15241,18854,29040,39082,8075,16083,371460,176415,52087,30516,137876,6066,874,145,90
2021-05-12T23:59:59+02:00,21,27,10710,11377,29015,33753,31160,35759,35431,45159,49470,56602,44524,55251,38851,53116,9781,19377,3201,2847,7396,9141,6922,10454,7488,14101,10415,15039,14860,18417,28734,38596,8053,16036,368770,174333,52000,30505,137718,6021,752,144,90
2021-05-11T23:59:59+02:00,20,24,10353,11046,28156,32932,30337,35002,34568,44372,47730,54825,44067,54651,38677,52828,9743,19274,3112,2749,7153,8861,6695,10150,7271,13732,9937,14494,13869,17268,28317,37978,8015,15942,361824,170641,50291,29607,135821,4680,526,143,90
2021-05-10T23:59:59+02:00,19,24,10042,10758,27408,32227,29562,34307,33799,43601,46421,53551,43683,54142,38489,52525,9693,19160,3069,2702,7024,8736,6598,10029,7126,13553,9668,14190,13165,16400,27887,37364,7990,15862,355558,167804,49173,29224,134126,3837,413,141,86
2021-05-09T23:59:59+02:00,18,24,9802,10504,26720,31540,28903,33614,33074,42904,44881,52067,43183,53520,38289,52221,9656,19074,3019,2654,6896,8594,6493,9889,7011,13339,9356,13878,12366,15500,27520,36823,7970,15806,348445,164936,48100,28673,132987,3095,325,137,86
2021-05-08T23:59:59+02:00,18,24,9709,10431,26337,31238,28448,33295,32606,42595,43826,51237,43030,53357,38250,52160,9653,19068,3015,2650,6886,8589,6488,9881,7003,13327,9346,13865,12329,15438,26839,35872,7933,15730,343867,163062,48060,28646,132899,3079,319,137,86
2021-05-07T23:59:59+02:00,17,24,9566,10281,25863,30854,27989,32915,32100,42242,42777,50408,42758,53014,38140,52003,9641,19041,2951,2623,6825,8545,6430,9826,6951,13274,9170,13643,11696,14627,25890,34482,7885,15648,338707,158939,47752,28276,132741,2866,300,133,86
2021-05-06T23:59:59+02:00,15,23,9160,9986,24944,30085,26925,32112,30871,41413,41161,49190,42374,52461,37945,51760,9603,18967,2879,2576,6694,8398,6312,9696,6802,13086,8897,13338,11042,13758,24920,33096,7850,15586,330837,155127,46673,27317,131073,2117,284,128,86
2021-05-05T23:59:59+02:00,15,22,8786,9783,24061,29485,26070,31459,29785,40625,39181,47370,41926,51912,37737,51476,9546,18854,2835,2543,6574,8268,6211,9581,6701,12940,8650,13078,10326,12923,23902,31770,7820,15514,322985,151213,45821,26428,128957,1710,202,128,84
2021-05-04T23:59:59+02:00,15,21,8543,9543,23278,28838,25094,30719,28713,39786,37655,45903,41452,51325,37460,51130,9495,18731,2792,2520,6502,8195,6126,9511,6624,12853,8413,12856,9591,12058,22952,30520,7786,15451,316305,147448,44850,25623,126320,1498,99,127,83
2021-05-03T23:59:59+02:00,15,20,8332,9329,22580,28256,24259,30117,27803,39087,36695,45151,41104,50854,37243,50838,9443,18629,2743,2486,6431,8118,6045,9443,6534,12770,8185,12640,8832,11157,22031,29299,7755,15400,311431,143676,44074,24798,124067,1255,60,123,81
2021-05-02T23:59:59+02:00,15,20,8166,9165,21945,27678,23525,29526,26985,38468,35879,44513,40846,50525,37129,50651,9408,18572,2706,2462,6389,8078,6007,9408,6493,12728,8003,12466,8229,10415,21319,28426,7734,15381,306610,140471,43308,24521,122928,1123,52,118,78
2021-05-01T23:59:59+02:00,14,20,8010,8978,21570,27225,23046,28958,26338,37750,35050,43618,40579,50148,37030,50497,9402,18555,2700,2454,6364,8068,5991,9399,6475,12715,7987,12449,8192,10351,21280,28369,7730,15377,300490,140179,43306,24513,122823,1081,51,118,78
2021-04-30T23:59:59+02:00,14,19,7859,8798,21182,26800,22596,28387,25582,36962,34031,42647,40347,49827,36932,50343,9390,18532,2678,2440,6340,8050,5969,9381,6446,12694,7955,12416,8152,10282,21230,28287,7727,15367,294149,139869,43298,24438,122640,987,44,117,77
2021-04-29T23:59:59+02:00,13,19,7581,8555,20587,26220,21927,27705,24651,35997,32753,41306,39301,48423,36615,49870,9332,18403,2643,2405,6249,7940,5880,9280,6352,12554,7750,12141,7525,9553,20820,27770,7703,15292,285382,137792,42512,23206,121208,741,44,112,75
2021-04-28T23:59:59+02:00,12,18,7299,8339,20066,25754,21288,27111,23767,35148,31348,39854,38134,46830,36273,49376,9270,18262,2571,2357,6134,7819,5769,9149,6249,12398,7529,11865,6832,8704,20403,27188,7663,15221,276696,135320,41733,21902,119568,513,44,108,73
2021-04-27T23:59:59+02:00,11,18,7109,8159,19638,25325,20665,26574,22907,34364,30127,38526,37041,45382,35891,48807,9200,18135,2545,2332,6033,7722,5716,9050,6183,12273,7314,11670,6226,7966,20000,26688,7643,15198,268851,133222,40865,20956,118011,266,44,108,72
2021-04-26T23:59:59+02:00,10,18,6927,7992,19216,24905,20117,26050,22096,33607,28911,37285,35981,43959,35584,48320,9149,18007,2532,2321,5987,7679,5671,9011,6145,12228,7126,11508,5613,7230,19625,26243,7620,15170,261140,131254,40040,20110,116807,234,40,107,72
2021-04-25T23:59:59+02:00,10,17,6821,7855,18881,24633,19736,25709,21483,32982,27920,36324,34845,42526,35266,47890,9107,17925,2518,2313,5969,7653,5651,8992,6125,12202,7088,11481,5485,7046,19288,25778,7604,15125,253916,130620,39324,19366,116546,223,39,105,71
2021-04-24T23:59:59+02:00,10,17,6656,7676,18439,24206,19184,25172,20696,32179,26833,35270,34594,42213,35173,47725,9097,17913,2514,2306,5957,7643,5640,8982,6120,12198,7078,11474,5410,6934,19191,25636,7601,15117,247943,130161,39319,19326,115647,206,39,105,70
2021-04-23T23:59:59+02:00,10,17,6427,7474,17990,23728,18617,24557,19867,31362,25667,34069,33812,41041,35029,47492,9083,17890,2508,2287,5930,7621,5603,8943,6075,12152,7032,11422,5246,6654,18651,25004,7501,14946,240340,128307,38989,18977,114660,184,39,104,69
2021-04-22T23:59:59+02:00,9,16,6211,7265,17383,23144,17825,23779,18814,30335,24340,32629,32772,39686,34784,47133,9043,17811,2492,2271,5884,7569,5553,8859,5996,12073,6956,11351,4959,6232,17933,24127,7380,14749,231286,126123,38066,18007,113487,149,39,101,67
2021-04-21T23:59:59+02:00,9,15,6008,7082,16853,22674,17165,23174,17822,29434,22786,31035,31764,38446,34486,46690,8994,17722,2468,2254,5840,7511,5493,8784,5930,11971,6860,11271,4797,5958,17232,23274,7264,14568,222377,124019,37290,17236,112353,117,39,100,65
2021-04-20T23:59:59+02:00,8,14,5822,6885,16289,22200,16414,22519,16823,28429,21310,29562,30610,36950,34168,46244,8940,17623,2454,2240,5791,7472,5452,8738,5881,11902,6782,11207,4680,5800,16630,22498,7138,14388,213330,122328,36402,16519,110941,109,38,99,60
2021-04-19T23:59:59+02:00,8,14,5635,6725,15755,21772,15738,21966,15825,27552,19916,28160,29221,35303,33849,45759,8880,17504,2443,2223,5767,7439,5416,8704,5842,11856,6701,11130,4551,5639,15982,21780,7030,14226,204595,120674,35622,15852,109233,106,38,94,60
2021-04-18T23:59:59+02:00,7,14,5445,6584,15322,21448,15119,21402,14851,26757,18578,27020,27828,33651,33515,45334,8818,17414,2393,2176,5636,7312,5301,8592,5736,11705,6595,11012,4431,5453,15392,21114,6914,14044,196028,119026,34788,14582,108161,102,38,92,59
2021-04-17T23:59:59+02:00,7,13,5407,6548,15169,21372,14946,21316,14614,26578,18323,26799,27321,33105,33390,45186,8809,17399,2366,2137,5535,7158,5196,8435,5636,11518,6507,10881,4378,5389,15146,20820,6904,14030,194805,117268,34783,14578,106584,94,38,92,59
2021-04-16T23:59:59+02:00,7,13,5342,6493,14990,21222,14732,21155,14327,26332,17903,26388,26275,31874,33254,44978,8788,17376,2321,2086,5421,6971,5058,8254,5485,11275,6308,10660,4176,5154,14495,20024,6807,13883,191443,114017,34496,14178,105380,87,38,92,59
2021-04-15T23:59:59+02:00,6,12,5270,6414,14776,21011,14465,20868,13897,25982,17263,25759,24904,30255,32994,44652,8752,17294,2249,2001,5224,6736,4861,7936,5279,10955,6093,10374,3974,4901,13662,18939,6693,13716,186862,110187,33685,13233,103898,78,38,91,58
2021-04-14T23:59:59+02:00,6,12,5188,6345,14572,20811,14209,20644,13511,25646,16594,25136,23320,28467,32681,44251,8697,17200,2057,1881,5005,6475,4675,7686,5052,10706,5856,10086,3839,4695,12927,18020,6565,13502,182246,107084,32812,11777,102105,72,38,89,57
2021-04-13T23:59:59+02:00,6,12,5134,6295,14366,20681,13969,20462,13167,25347,16023,24631,21605,26610,32361,43835,8667,17092,1970,1828,4838,6284,4490,7462,4852,10450,5650,9847,3697,4526,12407,17404,6440,13339,177994,104669,31936,10659,100207,62,38,88,57
2021-04-12T23:59:59+02:00,6,11,5071,6227,14147,20487,13664,20199,12777,24930,15441,24079,19995,24665,32069,43473,8625,17017,1842,1734,4655,6125,4338,7286,4690,10257,5514,9688,3578,4372,11972,16893,6328,13177,173605,102981,30882,9317,98272,60,38,86,54
2021-04-11T23:59:59+02:00,6,11,5000,6152,13925,20289,13367,19986,12359,24576,14872,23566,18484,22885,31808,43130,8580,16935,1804,1697,4535,6012,4227,7162,4567,10126,5378,9557,3462,4252,11480,16281,6195,12969,169302,101222,29922,8338,96588,58,36,83,51
2021-04-10T23:59:59+02:00,6,11,4995,6143,13907,20274,13358,19975,12341,24558,14846,23544,17792,21960,31516,42711,8562,16908,1800,1683,4520,6002,4212,7147,4554,10112,5325,9490,3357,4137,10925,15449,6065,12771,168223,99072,29895,8338,95173,56,33,83,51
2021-04-09T23:59:59+02:00,6,11,4981,6123,13867,20226,13311,19923,12292,24499,14582,23290,16269,20068,31109,42064,8528,16865,1775,1668,4497,5986,4184,7120,4510,10074,5287,9441,3270,4016,10056,14461,5916,12573,165582,96613,29557,8089,92763,54,31,81,48
2021-04-08T23:59:59+02:00,6,11,4936,6096,13766,20152,13230,19841,12191,24395,14241,22928,14494,17847,30486,41056,8465,16741,1752,1653,4467,5933,4132,7035,4445,9994,5215,9364,3160,3912,9578,13853,5709,12326,161721,94753,28524,7654,90535,53,24,78,45
2021-04-07T23:59:59+02:00,6,11,4905,6065,13655,20068,13135,19753,12082,24287,13858,22563,12970,15988,29843,40074,8411,16640,1733,1639,4413,5864,4045,6962,4356,9910,5126,9264,3069,3817,8817,12755,5469,11918,157255,92171,27645,6876,89315,46,22,77,43
2021-04-06T23:59:59+02:00,6,11,4874,6042,13556,20001,13052,19695,12007,24224,13481,22213,11330,13979,29183,39102,8379,16569,1670,1584,4282,5735,3936,6839,4236,9760,5022,9133,2953,3697,8109,11821,5195,11552,153240,89777,26767,5640,87602,45,20,75,43
2021-04-05T23:59:59+02:00,6,10,4836,6012,13480,19934,12983,19627,11951,24144,13207,21960,9714,12027,28454,38048,8343,16506,1599,1517,4127,5583,3768,6684,4082,9609,4867,9003,2822,3580,7294,10852,4923,11160,150024,87394,25749,3973,85377,42,19,73,43
2021-04-04T23:59:59+02:00,6,10,4819,5995,13469,19911,12973,19609,11944,24125,13108,21888,8686,10764,28002,37408,8318,16450,1597,1514,4119,5577,3767,6679,4077,9605,4865,8994,2817,3570,7057,10384,4839,11035,148285,86431,25745,3973,83366,36,17,72,40
2021-04-03T23:59:59+02:00,6,10,4816,5984,13452,19892,12961,19599,11934,24114,13094,21871,7778,9696,27120,36164,8268,16338,1593,1510,4117,5572,3765,6676,4069,9593,4851,8980,2810,3557,6918,10118,4800,10953,145809,85819,25736,3973,81465,35,16,71,40
2021-04-02T23:59:59+02:00,6,10,4811,5964,13416,19865,12923,19556,11888,24065,13021,21805,7264,8946,25530,34060,8122,16067,1583,1494,4091,5548,3739,6636,4033,9532,4730,8695,2682,3400,6542,9719,4650,10747,141343,83989,25395,3744,80496,35,14,71,40
2021-04-01T23:59:59+02:00,5,9,4761,5904,13322,19721,12805,19406,11739,23911,12422,21361,6699,8235,24020,32086,7994,15825,1519,1446,3979,5428,3673,6564,3965,9465,4651,8590,2585,3258,6027,9036,4472,10470,137137,81711,24254,3336,78752,31,13,69,38
2021-03-31T23:59:59+02:00,5,9,4710,5847,13198,19566,12671,19251,11550,23730,12160,21099,6376,7860,22536,30130,7841,15595,1506,1435,3954,5405,3640,6536,3926,9418,4611,8535,2521,3182,5537,8388,4293,10230,133190,79921,23160,3119,77705,31,10,69,37
2021-03-30T23:59:59+02:00,5,9,4645,5779,13060,19417,12560,19070,11420,23565,11992,20961,6185,7642,21143,28397,7696,15390,1489,1399,3913,5372,3575,6464,3837,9305,4479,8365,2384,2978,5113,7829,4147,9973,129818,77686,22231,2876,76814,19,6,67,36
2021-03-29T23:59:59+02:00,5,9,4605,5737,12941,19323,12494,18985,11339,23458,11840,20827,6026,7443,19715,26707,7569,15187,1429,1358,3858,5325,3501,6395,3718,9161,4325,8173,2261,2838,4546,7156,3990,9696,126213,75012,21364,2662,76561,18,5,67,34
2021-03-28T23:59:59+02:00,5,9,4557,5668,12819,19182,12408,18893,11237,23358,11733,20723,5874,7237,18530,25198,7449,14989,1396,1315,3759,5217,3307,6168,3630,9044,4274,8117,2208,2774,3788,6140,3805,9426,123202,71955,20567,2366,76031,11,5,64,32
2021-03-27T23:59:59+01:00,5,9,4524,5618,12710,19018,12292,18731,11121,23154,11624,20573,5807,7152,18240,24850,7438,14971,1390,1312,3754,5213,3304,6161,3343,8695,4074,7818,2202,2771,3775,6105,3768,9361,121357,70639,20527,2366,75885,7,5,63,30
2021-03-26T23:59:59+01:00,5,8,4488,5561,12598,18828,12158,18531,10969,22924,11465,20362,5642,6937,17630,24057,7339,14819,1388,1311,3749,5206,3281,6145,3324,8675,3862,7368,2023,2364,3511,5819,3615,9122,118259,68364,20186,2359,75809,7,4,63,30
2021-03-25T23:59:59+01:00,5,8,4412,5469,12400,18588,11957,18207,10759,22596,11225,20035,5427,6650,16597,22750,7212,14628,1379,1300,3729,5180,3247,6118,3272,8637,3815,7325,1952,2251,3075,5136,3452,8813,114282,66384,19113,2259,75464,5,4,62,30
2021-03-24T23:59:59+01:00,5,8,4331,5357,12179,18137,11738,17795,10536,22204,10992,19662,5157,6304,15552,21532,7070,14400,1356,1286,3705,5136,3211,6053,3218,8566,3763,7252,1898,2194,2765,4800,3301,8539,111163,64989,18022,2018,73708,4,4,62,29
2021-03-23T23:59:59+01:00,5,8,4274,5288,12011,17793,11538,17442,10345,21837,10767,19371,5018,6105,14910,20715,6930,14225,1340,1278,3689,5116,3190,6035,3192,8515,3724,7209,1860,2135,2533,4526,3089,8211,108786,63630,17290,1976,72440,4,4,62,29
2021-03-22T23:59:59+01:00,5,8,4222,5210,11812,17460,11349,17118,10121,21512,10551,19067,4867,5896,14287,19999,6797,14042,1327,1268,3658,5083,3158,5998,3165,8458,3687,7164,1815,2081,2336,4272,2891,7873,106920,62365,16570,1835,70770,3,4,59,28
2021-03-21T23:59:59+01:00,5,8,4150,5086,11534,17043,11066,16714,9849,21055,10294,18713,4754,5725,13590,19208,6653,13835,1319,1267,3641,5067,3136,5965,3142,8431,3668,7140,1795,2051,2167,4108,2719,7601,105033,61356,15268,1830,68918,3,4,59,25
2021-03-20T23:59:59+01:00,4,8,4122,5016,11392,16712,10943,16400,9709,20758,10118,18430,4626,5565,12962,18263,6513,13617,1318,1266,3641,5065,3133,5964,3139,8426,3662,7135,1791,2046,2135,4046,2694,7558,102838,61158,15263,1830,66994,3,4,59,25
2021-03-19T23:59:59+01:00,4,7,4077,4934,11224,16349,10759,16048,9534,20377,9898,18070,4467,5366,11933,17057,6350,13406,1309,1259,3624,5036,3103,5886,3093,8332,3558,6959,1665,1934,2059,3981,2581,7350,100131,59872,14851,1826,64818,3,4,56,25
2021-03-18T23:59:59+01:00,4,7,3991,4830,10975,15926,10494,15603,9252,19910,9673,17726,4320,5200,11306,16186,6119,13140,1305,1248,3607,5001,3083,5842,3072,8276,3531,6910,1645,1901,2023,3914,2455,7138,98321,59187,13842,1734,62440,3,4,55,24
2021-03-17T23:59:59+01:00,4,7,3815,4715,10678,15514,10234,15246,9008,19547,9418,17376,4199,5033,10488,14947,5856,12714,1304,1245,3594,4983,3076,5822,3062,8242,3514,6886,1642,1877,1999,3884,2343,6953,95666,58676,12294,1720,60780,3,4,55,24
2021-03-16T23:59:59+01:00,4,7,3672,4591,10341,15051,9965,14877,8733,19101,9120,17010,4059,4866,9665,13818,5575,12355,1291,1242,3590,4976,3066,5817,3056,8230,3506,6872,1616,1852,1960,3833,2222,6771,93332,58229,11100,1642,58320,3,3,55,24
2021-03-15T23:59:59+01:00,4,7,3525,4472,10031,14588,9673,14422,8435,18626,8832,16599,3913,4697,8949,12750,5347,12029,1281,1234,3569,4964,3054,5793,3034,8191,3486,6830,1601,1839,1941,3801,2105,6582,91357,57637,9737,1640,55753,3,2,50,24
2021-03-14T23:59:59+01:00,4,7,3452,4385,9772,14157,9421,14024,8117,18132,8550,16205,3751,4510,8140,11509,5036,11564,1267,1228,3548,4946,3033,5751,3012,8111,3458,6762,1574,1785,1880,3673,1936,6183,89027,57103,8715,1018,52947,3,0,47,24
2021-03-13T23:59:59+01:00,4,7,3370,4128,9457,13491,9171,13445,7889,17548,8341,15766,3640,4405,7947,11214,4984,11472,1267,1228,3548,4946,3032,5750,3011,8110,3455,6760,1570,1784,1878,3669,1935,6182,88358,57082,8715,1018,49159,3,0,47,23
2021-03-12T23:59:59+01:00,4,7,3307,3986,9209,12953,8932,12920,7655,16911,7983,15015,3477,4234,7560,10805,4843,11283,1263,1225,3543,4932,3029,5746,3004,8102,3451,6754,1543,1755,1857,3653,1837,6001,86575,56653,8463,1017,45999,3,0,47,23
2021-03-11T23:59:59+01:00,4,7,3153,3712,8826,12201,8628,12249,7321,16123,7636,14365,3316,4027,6997,10082,4648,10974,1245,1214,3511,4889,2984,5669,2969,7978,3399,6656,1498,1702,1773,3448,1633,5466,84111,55896,8004,116,42113,2,0,41,21
2021-03-10T23:59:59+01:00,4,7,3086,3605,8336,11697,7949,11771,7001,15628,7336,13772,3157,3867,6427,9384,4470,10696,1234,1200,3481,4832,2952,5592,2933,7839,3345,6533,1456,1659,1711,3349,1511,5177,82260,54693,7448,93,38445,0,0,40,19
2021-03-09T23:59:59+01:00,4,6,2979,3425,7660,11255,7069,11294,6585,15016,6971,13166,2922,3569,5914,8745,4312,10412,1229,1197,3458,4785,2925,5527,2917,7787,3327,6487,1442,1635,1675,3306,1399,4972,79942,53994,6083,58,35239,0,0,40,17
2021-03-08T23:59:59+01:00,4,6,2805,3188,7025,10714,6259,10815,6183,14495,6574,12596,2713,3360,5306,8008,4162,10141,1223,1190,3436,4721,2900,5450,2878,7692,3295,6412,1435,1626,1672,3298,1394,4969,77114,53519,4943,56,32259,0,0,38,17
2021-03-07T23:59:59+01:00,4,6,2693,3055,6696,10219,5850,10273,5887,14048,6330,12204,2613,3268,4542,6946,3945,9856,1219,1187,3433,4716,2895,5438,2874,7675,3287,6398,1429,1612,1649,3257,1377,4925,73855,53302,4110,53,30436,0,0,34,17
2021-03-06T23:59:59+01:00,4,6,2649,2912,6511,9771,5652,9859,5411,13190,5953,11466,2591,3240,4536,6935,3942,9853,1219,1186,3430,4710,2893,5437,2873,7674,3286,6395,1428,1609,1649,3255,1376,4925,72624,53277,4110,53,27715,0,0,32,16
2021-03-05T23:59:59+01:00,4,6,2553,2655,6298,9195,5438,9467,5234,12624,5574,10483,2362,2772,4156,6552,3803,9632,1206,1183,3414,4694,2888,5424,2864,7656,3274,6376,1414,1601,1648,3251,1371,4921,70284,53119,3875,53,24617,0,0,32,14
2021-03-04T23:59:59+01:00,4,6,2475,2448,6085,8760,5279,9127,5052,12201,5397,10105,2267,2602,3598,5727,3632,9284,1194,1167,3371,4595,2855,5356,2832,7559,3243,6301,1395,1593,1634,3237,1361,4910,68212,52541,3430,52,22375,0,0,32,11
2021-03-03T23:59:59+01:00,3,6,2418,2393,5914,8349,5110,8763,4837,11750,5208,9660,2184,2496,3189,5285,3472,8988,1173,1158,3336,4549,2818,5290,2791,7460,3194,6225,1375,1567,1614,3206,1355,4892,66775,51946,3185,48,20034,0,0,31,10
2021-03-02T23:59:59+01:00,3,6,2362,2299,5757,8017,4952,8508,4671,11350,5045,9340,2114,2405,2883,4926,3254,8661,1168,1148,3318,4528,2803,5263,2774,7411,3186,6197,1370,1557,1596,3186,1352,4887,65401,51688,2924,47,18197,0,0,31,10
2021-03-01T23:59:59+01:00,3,6,2335,2268,5650,7800,4853,8363,4586,11197,4943,9165,2057,2328,2584,4603,3063,8341,1162,1145,3304,4510,2791,5234,2757,7365,3172,6169,1364,1554,1589,3176,1349,4881,64124,51466,2701,47,17291,0,0,29,10
2021-02-28T23:59:59+01:00,2,6,2282,2224,5469,7540,4678,8143,4449,11011,4832,9035,2017,2263,2286,4301,2859,8025,1153,1139,3290,4500,2784,5227,2752,7351,3165,6155,1359,1551,1581,3156,1348,4848,62995,51304,2397,47,16001,0,0,29,9
2021-02-27T23:59:59+01:00,2,6,2194,1913,5297,7116,4579,7834,4367,10663,4759,8785,1989,2202,2256,4255,2837,7974,1149,1135,3288,4498,2779,5225,2748,7348,3160,6151,1358,1551,1580,3154,1347,4847,62758,51266,2397,44,13844,0,0,29,9
2021-02-26T23:59:59+01:00,2,6,2129,1836,5154,6880,4432,7575,4214,10396,4549,8501,1860,2094,2195,4215,2728,7791,1127,1122,3272,4463,2767,5185,2737,7296,3139,6097,1352,1540,1576,3146,1346,4845,61423,50959,2391,43,12714,0,0,29,9
2021-02-25T23:59:59+01:00,2,6,2000,1735,4831,6472,4004,7121,3930,9879,4316,8119,1801,2035,2164,4157,2612,7595,1109,1105,3232,4418,2736,5135,2691,7189,3100,6004,1341,1524,1559,3105,1332,4786,60942,50318,2285,41,9524,0,0,28,8
2021-02-24T23:59:59+01:00,2,6,1966,1669,4715,6258,3900,6908,3809,9637,4193,7959,1778,2002,2133,4114,2497,7394,1096,1100,3202,4356,2701,5071,2665,7104,3071,5933,1325,1507,1534,3055,1320,4717,60389,49722,2041,29,8482,0,0,28,7
2021-02-23T23:59:59+01:00,2,6,1739,1524,4343,5771,3618,6521,3590,9257,4037,7676,1748,1970,2088,4066,2383,7209,1077,1087,3166,4329,2673,5013,2640,7028,3035,5874,1305,1487,1507,3020,1310,4662,59926,49192,1994,15,5600,0,0,28,7
2021-02-22T23:59:59+01:00,2,6,1730,1506,4293,5712,3582,6457,3523,9162,3976,7580,1713,1943,2062,4015,2263,7011,1072,1073,3145,4283,2653,4974,2615,6968,3006,5821,1293,1473,1496,3009,1302,4653,59378,48821,1852,9,5278,0,0,28,7
2021-02-21T23:59:59+01:00,2,6,1718,1501,4263,5678,3538,6420,3483,9108,3932,7530,1703,1935,2057,4005,2139,6844,1065,1062,3124,4243,2624,4924,2600,6900,2978,5733,1280,1457,1473,2948,1274,4571,59024,48242,1846,8,4965,0,0,27,7
2021-02-20T23:59:59+01:00,2,6,1715,1500,4256,5675,3535,6418,3483,9106,3929,7529,1698,1933,2055,4001,2138,6844,1065,1062,3122,4241,2624,4924,2599,6899,2978,5733,1280,1456,1472,2948,1274,4571,59005,48234,1846,8,4946,0,0,26,7
2021-02-19T23:59:59+01:00,2,6,1689,1493,4242,5656,3524,6405,3472,9096,3920,7514,1671,1904,2034,3983,2037,6661,1064,1061,3121,4240,2623,4923,2599,6896,2975,5731,1280,1455,1472,2946,1274,4571,58581,48218,1840,8,4863,0,0,25,6
2021-02-18T23:59:59+01:00,2,6,1639,1461,4147,5545,3452,6301,3385,8931,3834,7373,1651,1884,2006,3922,1905,6464,1018,1019,2980,4021,2496,4654,2489,6557,2866,5466,1247,1412,1440,2859,1245,4418,57923,46175,1792,8,4168,0,0,25,5
2021-02-17T23:59:59+01:00,2,5,1617,1431,4050,5396,3369,6148,3266,8696,3708,7171,1597,1813,1928,3816,1779,6146,960,970,2831,3799,2380,4343,2365,6146,2737,5154,1195,1349,1392,2746,1195,4242,56678,43792,1782,7,3455,0,0,23,5
2021-02-16T23:59:59+01:00,2,5,1541,1363,3890,5204,3235,5966,3158,8463,3586,7005,1574,1789,1893,3787,1657,5934,873,939,2699,3644,2283,4132,2239,5824,2607,4903,1139,1256,1245,2441,929,3611,55980,40755,1766,4,2285,0,0,21,5
2021-02-15T23:59:59+01:00,2,5,1524,1344,3841,5118,3175,5880,3101,8349,3520,6900,1562,1775,1878,3764,1648,5911,837,916,2618,3515,2208,3953,2158,5546,2519,4693,1094,1191,1152,2262,858,3381,55511,38895,1763,2,2003,0,0,20,4
2021-02-14T23:59:59+01:00,2,5,1458,1316,3760,5044,3132,5774,3046,8195,3477,6791,1542,1743,1824,3633,1589,5653,828,910,2568,3447,2169,3885,2104,5427,2453,4587,1066,1152,1062,2085,783,3132,55269,37653,1135,2,1560,0,0,20,3
2021-02-13T23:59:59+01:00,2,5,1455,1315,3752,5038,3125,5773,3043,8193,3474,6789,1541,1739,1824,3631,1587,5653,828,910,2568,3447,2169,3884,2102,5426,2452,4587,1064,1151,1061,2085,783,3132,55248,37648,1134,0,1537,0,0,20,1
2021-02-12T23:59:59+01:00,2,4,1417,1297,3715,5005,3102,5753,3021,8161,3455,6744,1525,1729,1815,3614,1578,5632,820,903,2535,3393,2134,3839,2072,5373,2434,4556,1063,1150,1060,2084,782,3130,55023,37327,1132,0,1395,0,0,19,1
2021-02-11T23:59:59+01:00,2,4,1367,1251,3602,4832,3010,5579,2923,7851,3356,6532,1466,1670,1743,3430,1486,5285,781,839,2282,2947,1906,3366,1839,4625,2163,4025,973,1078,964,1885,723,2847,54382,33243,138,0,852,0,0,17,0
2021-02-10T23:59:59+01:00,2,4,1342,1227,3540,4729,2946,5474,2881,7701,3302,6399,1447,1653,1715,3392,1472,5245,700,781,1991,2537,1693,2921,1602,4016,1905,3565,861,931,793,1505,579,2323,53729,28703,136,0,590,0,0,16,0
2021-02-09T23:59:59+01:00,2,3,1329,1209,3484,4660,2917,5405,2860,7608,3265,6330,1439,1637,1687,3369,1462,5232,650,701,1726,2186,1501,2534,1417,3516,1734,3203,829,898,768,1428,557,2207,53416,25855,131,0,335,0,0,16,0
2021-02-08T23:59:59+01:00,2,3,1316,1205,3455,4630,2898,5366,2838,7557,3246,6301,1427,1630,1677,3343,1460,5213,635,666,1575,1950,1360,2277,1285,3208,1576,2940,789,878,720,1321,524,2032,53116,23736,105,0,332,0,0,14,0
2021-02-07T23:59:59+01:00,2,3,1182,1162,3351,4575,2844,5323,2811,7519,3221,6263,1417,1613,1668,3320,1453,5180,488,520,1309,1592,1118,1829,1074,2617,1348,2418,685,750,638,1159,477,1802,52820,19824,77,0,0,0,0,10,0
2021-02-06T23:59:59+01:00,2,3,1178,1160,3349,4573,2840,5321,2804,7516,3217,6260,1416,1611,1667,3317,1452,5179,365,371,1109,1344,982,1525,934,2211,1182,2002,598,654,611,1141,475,1799,52778,17303,77,0,0,0,0,10,0
2021-02-05T23:59:59+01:00,2,2,1166,1149,3334,4551,2833,5294,2794,7474,3199,6214,1410,1603,1664,3311,1451,5179,264,210,926,1027,836,1155,759,1762,1008,1591,483,549,585,1121,472,1795,52543,14543,77,0,0,0,0,10,0
2021-02-04T23:59:59+01:00,2,2,1150,1131,3288,4500,2793,5219,2752,7344,3151,6130,1396,1588,1650,3277,1441,5151,137,84,624,657,546,738,520,1156,668,994,303,368,480,974,427,1631,51901,10307,54,0,0,0,0,10,0
2021-02-03T23:59:59+01:00,2,2,1128,1125,3261,4455,2764,5179,2729,7293,3121,6074,1386,1577,1624,3236,1433,5099,117,68,494,509,415,596,417,913,512,747,250,288,375,759,330,1269,51430,8059,49,0,0,0,0,9,0
2021-02-02T23:59:59+01:00,2,2,1106,1111,3225,4424,2733,5126,2704,7219,3086,6011,1362,1549,1588,3180,1407,5002,108,59,412,412,343,518,367,823,459,665,230,265,329,686,302,1134,50780,7112,48,0,0,0,0,9,0
2021-02-01T23:59:59+01:00,2,2,1090,1100,3207,4371,2704,5065,2673,7092,3056,5916,1342,1520,1561,3142,1390,4937,80,44,311,308,252,392,275,617,328,500,192,216,258,546,234,887,50114,5440,48,0,0,0,0,8,0
2021-01-31T23:59:59+01:00,2,2,1084,1089,3192,4341,2680,5021,2657,7037,3043,5871,1330,1503,1538,3076,1363,4851,70,42,285,284,227,345,253,573,298,460,171,197,213,446,192,718,49624,4774,48,0,0,0,0,8,0
2021-01-30T23:59:59+01:00,2,2,1083,1089,3189,4337,2679,5021,2656,7036,3043,5870,1330,1502,1537,3076,1363,4851,70,38,278,270,214,330,248,562,294,454,170,194,212,446,192,718,49613,4690,45,0,0,0,0,8,0
2021-01-29T23:59:59+01:00,2,2,1082,1088,3188,4333,2679,5019,2655,7034,3040,5868,1330,1502,1537,3075,1363,4851,64,34,260,256,191,310,232,545,283,446,164,190,208,440,191,716,49595,4530,45,0,0,0,0,8,0
2021-01-28T23:59:59+01:00,2,2,1061,1069,3119,4231,2625,4910,2597,6878,2973,5737,1314,1480,1521,3007,1340,4727,54,18,164,153,127,187,163,360,208,282,131,147,162,277,114,427,48545,2974,42,0,0,0,0,6,0
2021-01-27T23:59:59+01:00,2,2,1015,1030,3037,4089,2544,4731,2503,6596,2889,5536,1281,1435,1480,2913,1303,4575,25,6,100,70,59,92,84,211,118,148,100,115,118,207,87,308,46923,1848,32,0,0,0,0,6,0
2021-01-26T23:59:59+01:00,1,2,938,1002,2920,3956,2465,4546,2421,6415,2819,5381,1255,1386,1390,2760,1079,4169,25,6,95,69,58,91,82,211,116,147,98,114,118,207,87,308,44879,1832,20,0,0,0,0,6,0
2021-01-25T23:59:59+01:00,1,2,920,985,2840,3828,2421,4399,2361,6220,2760,5231,1236,1364,1376,2733,1066,4133,25,6,94,69,56,89,82,211,116,145,98,113,118,207,87,308,43857,1824,14,0,0,0,0,5,0
2021-01-24T23:59:59+01:00,1,2,910,981,2820,3812,2411,4367,2335,6181,2727,5170,1223,1357,1367,2709,1052,4098,25,6,94,69,56,89,82,210,115,145,97,113,118,207,87,308,43508,1821,10,0,0,0,0,5,0
2021-01-23T23:59:59+01:00,1,2,910,981,2820,3811,2411,4367,2334,6180,2726,5170,1221,1356,1366,2709,1052,4098,25,6,94,69,56,89,82,210,115,145,97,113,118,207,87,306,43503,1819,9,0,0,0,0,3,0
2021-01-22T23:59:59+01:00,1,2,903,974,2789,3765,2376,4302,2302,6105,2705,5123,1219,1354,1365,2707,1051,4095,25,6,94,69,56,89,82,210,115,145,97,113,118,207,87,306,43128,1819,9,0,0,0,0,1,0
2021-01-21T23:59:59+01:00,1,2,888,907,2533,3353,2175,3887,2120,5494,2482,4638,1162,1307,1316,2582,1013,3932,21,6,83,63,52,73,69,170,95,134,87,98,99,154,73,235,39782,1512,9,0,0,0,0,1,0
2021-01-20T23:59:59+01:00,1,2,809,844,2221,2945,1967,3425,1888,4886,2226,4165,1048,1166,1146,2228,878,3406,21,6,83,63,52,72,68,170,94,134,87,98,99,154,71,235,35242,1507,9,0,0,0,0,0,0
2021-01-19T23:59:59+01:00,1,2,747,765,1927,2500,1727,2967,1654,4226,1983,3691,974,1069,1018,1939,772,3025,10,3,50,44,33,44,35,100,44,77,39,36,49,83,44,152,30980,843,7,0,0,0,0,0,0
2021-01-18T23:59:59+01:00,1,2,674,706,1698,2102,1488,2495,1409,3541,1730,3186,888,984,912,1724,716,2743,5,2,19,10,13,21,17,54,17,33,19,21,26,56,31,82,26995,426,4,0,0,0,0,0,0
2021-01-17T23:59:59+01:00,0,2,495,545,1382,1698,1210,1963,1154,2807,1449,2564,747,828,757,1431,593,2348,0,1,4,2,0,0,0,0,0,0,1,0,0,0,0,0,21970,8,3,0,0,0,0,0,0
2021-01-16T23:59:59+01:00,0,1,375,396,1200,1454,1090,1678,1014,2409,1292,2157,661,732,730,1414,591,2347,0,0,0,0,0,0,0,0,0,0,0,0,0,0,0,0,19539,0,2,0,0,0,0,0,0
2021-01-15T23:59:59+01:00,0,1,271,235,1017,1154,941,1332,846,1963,1114,1754,542,621,692,1379,578,2306,0,0,0,0,0,0,0,0,0,0,0,0,0,0,0,0,16745,0,1,0,0,0,0,0,0
2021-01-14T23:59:59+01:00,0,0,155,105,703,771,649,864,611,1307,751,1134,352,432,567,1191,518,2055,0,0,0,0,0,0,0,0,0,0,0,0,0,0,0,0,12165,0,0,0,0,0,0,0,0
2021-01-13T23:59:59+01:00,0,0,130,84,593,604,525,697,494,1050,594,869,296,356,478,1006,446,1750,0,0,0,0,0,0,0,0,0,0,0,0,0,0,0,0,9972,0,0,0,0,0,0,0,0
2021-01-12T23:59:59+01:00,0,0,120,68,510,517,448,596,429,920,523,764,261,307,390,809,372,1365,0,0,0,0,0,0,0,0,0,0,0,0,0,0,0,0,8399,0,0,0,0,0,0,0,0
2021-01-11T23:59:59+01:00,0,0,91,55,414,421,363,485,344,746,418,591,227,256,323,676,302,1152,0,0,0,0,0,0,0,0,0,0,0,0,0,0,0,0,6864,0,0,0,0,0,0,0,0
2021-01-10T23:59:59+01:00,0,0,76,47,350,348,296,403,291,649,348,523,199,225,259,537,241,896,0,0,0,0,0,0,0,0,0,0,0,0,0,0,0,0,5688,0,0,0,0,0,0,0,0
2021-01-09T23:59:59+01:00,0,0,76,45,335,327,272,381,283,633,340,516,198,224,258,535,241,896,0,0,0,0,0,0,0,0,0,0,0,0,0,0,0,0,5560,0,0,0,0,0,0,0,0
2021-01-08T23:59:59+01:00,0,0,71,37,301,294,227,340,255,590,313,477,180,204,233,475,220,793,0,0,0,0,0,0,0,0,0,0,0,0,0,0,0,0,5010,0,0,0,0,0,0,0,0
2021-01-07T23:59:59+01:00,0,0,57,25,210,196,159,241,196,424,243,340,150,165,178,310,146,507,0,0,0,0,0,0,0,0,0,0,0,0,0,0,0,0,3547,0,0,0,0,0,0,0,0
2021-01-06T23:59:59+01:00,0,0,45,15,162,117,112,160,145,297,178,241,118,133,136,243,103,362,0,0,0,0,0,0,0,0,0,0,0,0,0,0,0,0,2567,0,0,0,0,0,0,0,0
2021-01-05T23:59:59+01:00,0,0,28,7,97,70,59,93,87,214,117,149,108,124,127,224,102,336,0,0,0,0,0,0,0,0,0,0,0,0,0,0,0,0,1942,0,0,0,0,0,0,0,0
2021-01-04T23:59:59+01:00,0,0,26,7,97,69,56,90,87,214,117,147,108,122,127,224,102,336,0,0,0,0,0,0,0,0,0,0,0,0,0,0,0,0,1929,0,0,0,0,0,0,0,0
2021-01-03T23:59:59+01:00,0,0,26,7,97,69,56,90,87,213,116,147,107,122,127,224,102,336,0,0,0,0,0,0,0,0,0,0,0,0,0,0,0,0,1926,0,0,0,0,0,0,0,0
2021-01-02T23:59:59+01:00,0,0,26,7,97,69,56,90,87,213,115,147,107,122,127,224,102,335,0,0,0,0,0,0,0,0,0,0,0,0,0,0,0,0,1924,0,0,0,0,0,0,0,0
2021-01-01T23:59:59+01:00,0,0,26,7,97,69,56,90,87,213,114,146,107,122,127,224,102,335,0,0,0,0,0,0,0,0,0,0,0,0,0,0,0,0,1922,0,0,0,0,0,0,0,0
2020-12-31T23:59:59+01:00,0,0,26,7,97,69,56,90,87,213,113,146,107,122,127,224,102,335,0,0,0,0,0,0,0,0,0,0,0,0,0,0,0,0,1921,0,0,0,0,0,0,0,0
2020-12-30T23:59:59+01:00,0,0,26,7,97,69,55,90,86,213,113,146,107,122,127,224,101,335,0,0,0,0,0,0,0,0,0,0,0,0,0,0,0,0,1918,0,0,0,0,0,0,0,0
2020-12-29T23:59:59+01:00,0,0,14,2,65,52,33,60,50,138,64,88,53,53,72,135,63,227,0,0,0,0,0,0,0,0,0,0,0,0,0,0,0,0,1169,0,0,0,0,0,0,0,0
2020-12-28T23:59:59+01:00,0,0,5,2,36,24,20,30,21,67,25,41,23,22,27,51,34,82,0,0,0,0,0,0,0,0,0,0,0,0,0,0,0,0,510,0,0,0,0,0,0,0,0
2020-12-27T23:59:59+01:00,0,0,1,0,8,5,8,2,1,5,0,2,1,1,2,2,4,6,0,0,0,0,0,0,0,0,0,0,0,0,0,0,0,0,48,0,0,0,0,0,0,0,0
