Datum,<15_m,<15_w,15-24_1_m,15-24_1_w,25-34_1_m,25-34_1_w,35-44_1_m,35-44_1_w,45-54_1_m,45-54_1_w,55-64_1_m,55-64_1_w,65-74_1_m,65-74_1_w,75-84_1_m,75-84_1_w,>84_1_m,>84_1_w,<24_2_m,<24_2_w,25-34_2_m,25-34_2_w,35-44_2_m,35-44_2_w,45-54_2_m,45-54_2_w,55-64_2_m,55-64_2_w,65-74_2_m,65-74_2_w,75-84_2_m,75-84_2_w,>84_2_m,>84_2_w,bp_1,bp_2,mo_1,mo_2,az_1,az_2,ja,unb_1,unb_2
2021-08-08T23:59:59+02:00,6742,6426,54509,55231,97443,95655,89903,89649,88206,93944,89247,91858,54171,67420,43054,59642,10393,20919,43544,44357,85113,83005,78935,78171,79950,85382,83132,86017,51473,64045,41307,56970,9910,19737,757966,678315,130965,114455,158052,138563,67339,90,82
2021-08-07T23:59:59+02:00,6704,6384,54379,55114,97325,95550,89790,89554,88125,93889,89190,91821,54156,67397,43050,59633,10390,20915,42731,43495,84802,82683,78485,77746,79607,85039,82955,85881,51412,63965,41286,56936,9905,19728,757356,674711,130899,113317,158048,138457,66973,90,81
2021-08-06T23:59:59+02:00,6650,6335,54199,54976,97117,95379,89647,89429,88008,93786,89106,91754,54118,67370,43043,59610,10386,20913,41824,42627,84364,82247,77902,77195,79228,84671,82774,85736,51364,63901,41261,56906,9897,19719,756443,670826,130812,112052,158041,138326,66440,90,81
2021-08-05T23:59:59+02:00,6589,6275,53915,54754,96857,95139,89428,89231,87836,93620,88953,91637,54063,67293,43014,59567,10377,20896,40633,41499,83673,81599,77160,76426,78667,84132,82435,85450,51246,63756,41200,56815,9882,19689,754964,665426,130688,110441,158030,137799,65672,90,81
2021-08-04T23:59:59+02:00,6522,6233,53707,54593,96648,94953,89279,89085,87719,93496,88855,91560,54016,67246,42983,59529,10375,20888,40190,41035,82508,80574,75850,75297,78195,83701,82134,85217,51115,63621,41147,56739,9867,19666,753811,660339,130601,108941,158017,137359,65168,90,81
2021-08-03T23:59:59+02:00,6462,6177,53467,54416,96433,94772,89128,88940,87591,93360,88726,91450,53950,67170,42949,59481,10368,20883,39763,40635,81273,79446,74448,74115,77605,83143,81607,84736,50916,63423,41048,56592,9855,19633,752534,654600,130504,107241,157999,136658,64596,90,81
2021-08-02T23:59:59+02:00,6405,6116,53246,54234,96197,94580,88945,88790,87456,93232,88608,91347,53881,67107,42920,59438,10366,20864,39310,40181,79988,78356,72929,72921,77010,82586,81087,84267,50755,63229,40976,56477,9839,19601,751234,648654,130369,105485,157981,136063,64058,90,81
2021-08-01T23:59:59+02:00,6345,6041,53004,53986,95957,94325,88745,88626,87265,93103,88456,91249,53830,67032,42888,59392,10360,20858,38809,39697,78714,77282,71546,71830,76135,81848,80514,83819,50580,63000,40898,56378,9830,19578,749758,642566,130184,103593,157963,135458,63467,90,81
2021-07-31T23:59:59+02:00,6311,6006,52890,53899,95843,94237,88645,88559,87178,93034,88413,91214,53819,67023,42882,59388,10360,20857,37868,38695,78274,76843,71017,71279,75753,81519,80400,83723,50561,62966,40880,56367,9830,19575,749302,637950,130026,102720,157962,135362,63178,90,81
2021-07-30T23:59:59+02:00,6258,5973,52729,53769,95692,94072,88497,88416,87056,92925,88332,91146,53782,66994,42870,59371,10358,20855,36880,37657,77586,76208,70275,70553,75242,80999,80002,83403,50488,62878,40848,56307,9824,19564,748469,631851,129721,101591,157959,135155,62856,90,81
2021-07-29T23:59:59+02:00,6210,5916,52507,53593,95449,93857,88297,88216,86894,92763,88198,91029,53728,66933,42848,59340,10351,20837,35647,36453,76547,75340,69229,69603,74443,80260,79466,82983,50357,62716,40782,56213,9807,19537,747321,624191,129265,100043,157945,134599,62345,90,81
2021-07-28T23:59:59+02:00,6174,5864,52314,53432,95251,93663,88160,88040,86779,92625,88091,90939,53672,66864,42816,59292,10342,20808,35047,35880,75401,74373,67962,68499,73687,79550,78976,82530,50220,62516,40714,56111,9791,19500,746214,617934,128829,98636,157926,133824,62067,90,81
2021-07-27T23:59:59+02:00,6126,5825,52083,53213,94995,93461,87987,87858,86624,92477,87974,90842,53622,66795,42772,59232,10328,20760,34403,35158,73962,73147,66520,67289,72832,78702,78436,82024,50051,62308,40635,55991,9768,19457,744846,610764,128409,97188,157904,132594,61725,90,80
2021-07-26T23:59:59+02:00,6069,5775,51873,53013,94760,93275,87796,87694,86468,92343,87847,90746,53561,66715,42743,59178,10321,20739,33655,34362,72462,71823,65164,66058,71792,77725,77849,81497,49884,62096,40557,55846,9747,19413,743538,602803,127993,95657,157888,131538,61407,90,80
2021-07-25T23:59:59+02:00,6032,5733,51680,52823,94513,93055,87634,87514,86319,92215,87739,90653,53511,66653,42716,59137,10311,20710,32951,33625,71125,70627,64066,65051,70791,76819,77384,81052,49769,61914,40493,55760,9741,19379,742212,595917,127730,94093,157870,130748,61046,90,80
2021-07-24T23:59:59+02:00,5947,5678,51410,52539,94211,92751,87389,87301,86146,92062,87642,90574,53482,66619,42705,59115,10311,20704,32468,33156,70279,69944,63399,64501,69918,76123,77180,80900,49716,61872,40472,55735,9741,19377,740383,591582,127676,93165,157869,130625,60568,90,80
2021-07-23T23:59:59+02:00,5892,5623,51147,52274,93828,92481,87103,87088,85966,91883,87509,90480,53449,66572,42697,59097,10308,20698,31967,32545,69230,69106,62623,63841,69012,75280,76779,80575,49640,61774,40440,55698,9734,19363,738383,586061,127609,92006,157862,130450,60151,90,80
2021-07-22T23:59:59+02:00,5823,5559,50739,51883,93378,92047,86726,86767,85663,91591,87294,90302,53364,66480,42668,59039,10299,20673,31284,31846,67944,68126,61584,62970,67397,73935,76136,80071,49489,61570,40350,55588,9713,19325,735425,579736,127377,89259,157836,129690,59567,90,80
2021-07-21T23:59:59+02:00,5772,5509,50388,51514,92955,91643,86430,86477,85415,91353,87126,90122,53282,66399,42610,58973,10288,20646,30696,31228,66615,67094,60508,62079,65365,72254,75232,79330,49199,61262,40191,55400,9689,19270,732713,573508,127144,84972,157811,128608,59144,90,80
2021-07-20T23:59:59+02:00,5713,5448,50009,51131,92503,91187,86070,86158,85155,91107,86910,89929,53192,66267,42567,58916,10282,20621,30058,30604,65172,65928,59371,61127,64182,71196,74622,78778,48995,61030,40085,55243,9667,19209,729826,566531,126930,83319,157761,127588,58558,90,80
2021-07-19T23:59:59+02:00,5634,5374,49549,50685,92038,90723,85708,85835,84908,90896,86706,89755,53099,66151,42531,58840,10265,20585,29528,30047,64022,64883,58459,60264,63032,70164,74031,78266,48821,60836,39995,55101,9640,19164,726615,560809,126706,81527,157727,126407,58144,90,80
2021-07-18T23:59:59+02:00,5566,5308,48730,49884,90997,89702,84995,85232,84442,90477,86417,89467,52995,66004,42468,58744,10255,20554,28982,29471,62858,63821,57541,59354,61861,69140,73487,77770,48676,60676,39937,55018,9628,19136,720286,555023,126382,79508,157711,125610,57768,90,80
2021-07-17T23:59:59+02:00,5392,5122,48381,49556,90855,89569,84803,85074,84288,90342,86308,89385,52975,65978,42457,58732,10254,20551,28605,29104,62220,63228,56997,58928,61103,68407,73181,77529,48567,60558,39897,54960,9618,19125,719118,552040,126209,78542,157706,124992,56899,90,80
2021-07-16T23:59:59+02:00,5295,5031,48062,49277,90592,89352,84560,84873,84086,90159,86170,89276,52934,65947,42438,58718,10251,20546,28118,28616,61291,62321,56153,58245,60050,67373,72678,77112,48408,60371,39852,54892,9613,19116,717758,547126,126040,77223,157695,124253,55984,90,80
2021-07-15T23:59:59+02:00,5160,4903,47595,48877,90205,88987,84207,84497,83788,89883,85954,89111,52856,65857,42385,58650,10241,20520,27395,28011,59986,61274,55038,57269,58654,66075,71956,76531,48186,60114,39766,54766,9597,19061,715360,541398,125622,75042,157662,122601,54942,90,80
2021-07-14T23:59:59+02:00,5054,4790,47259,48505,89914,88707,83926,84191,83540,89648,85753,88956,52768,65749,42329,58562,10224,20490,26883,27473,58909,60287,54081,56436,57784,65232,71346,75950,47921,59836,39664,54594,9575,19017,713256,536064,125266,74128,157615,120921,54138,90,80
2021-07-13T23:59:59+02:00,4941,4673,46866,48133,89528,88354,83625,83891,83279,89396,85555,88794,52661,65647,42275,58499,10218,20471,26241,26825,57544,59110,52891,55456,56797,64323,70625,75315,47647,59516,39537,54418,9546,18967,710962,529783,124897,73030,157568,118893,53289,90,79
2021-07-12T23:59:59+02:00,4774,4504,46331,47628,89137,88022,83243,83580,83034,89149,85369,88636,52581,65554,42227,58435,10206,20456,25625,26186,56043,57767,51601,54403,55575,63188,69886,74698,47277,59089,39363,54197,9505,18902,708310,522554,124529,72004,157524,116556,52413,90,78
2021-07-11T23:59:59+02:00,4376,4136,45394,46713,88717,87595,82830,83198,82730,88864,85179,88493,52495,65465,42202,58380,10195,20439,25029,25627,54669,56514,50304,53366,54532,62158,69298,74151,46934,58707,39240,54021,9481,18860,704412,515963,124058,71000,157484,114772,51357,90,78
2021-07-10T23:59:59+02:00,4364,4121,45067,46382,88267,87115,82501,82890,82628,88766,85111,88435,52476,65442,42193,58366,10194,20435,24548,25103,53599,55584,49449,52785,53939,61592,69083,73965,46564,58290,39140,53918,9476,18851,703752,511697,123594,70917,157309,113455,50008,90,78
2021-07-09T23:59:59+02:00,4346,4108,44645,45952,87656,86566,82125,82552,82379,88581,84999,88342,52441,65413,42186,58353,10190,20426,23857,24334,52282,54349,48516,51904,53159,60741,68663,73567,46205,57884,39054,53829,9468,18839,702368,505555,123018,70513,157141,112111,48643,90,77
2021-07-08T23:59:59+02:00,4321,4082,44102,45473,86801,85867,81606,82046,82127,88342,84806,88190,52376,65346,42154,58307,10181,20409,22890,23419,50351,52800,47145,50756,52027,59621,67984,72938,45692,57332,38919,53667,9440,18770,700295,497892,122132,69251,156849,109584,47170,90,77
2021-07-07T23:59:59+02:00,4298,4055,43534,44905,85980,85108,81067,81573,81843,88052,84604,88030,52298,65248,42114,58245,10174,20389,22031,22532,48414,51131,45642,49622,50798,58447,67298,72408,44961,56595,38730,53430,9409,18712,697842,489806,121138,68140,156600,106489,45848,89,75
2021-07-06T23:59:59+02:00,4263,4035,42996,44391,85135,84384,80461,80985,81478,87724,84431,87856,52209,65166,42077,58182,10165,20364,21205,21684,46439,49347,44262,48370,49528,57108,66554,71689,44135,55826,38545,53191,9391,18656,695244,480878,120115,67061,156296,103537,44559,88,75
2021-07-05T23:59:59+02:00,4240,3999,41858,43424,83642,83302,79734,80378,81029,87307,84161,87597,52092,65029,42029,58104,10151,20337,20035,20644,44497,47758,43238,47408,48503,56153,65860,71072,43378,54966,38373,52968,9368,18617,692000,474938,119057,66194,155933,100453,41335,88,75
2021-07-04T23:59:59+02:00,4213,3978,40515,42237,82011,81994,79018,79771,80560,86885,83892,87402,52002,64903,41983,58053,10138,20308,18691,19438,42710,46247,42542,46670,47701,55296,65282,70504,42634,54121,38210,52778,9350,18570,688965,470317,117907,65266,155507,97837,37396,88,75
2021-07-03T23:59:59+02:00,3751,3561,38958,40711,81155,81342,78533,79281,80120,86408,83677,87233,51933,64802,41965,58001,10135,20302,17884,18750,41797,45557,42122,46289,47297,54900,65116,70339,42047,53393,38148,52678,9343,18560,685276,468385,116597,65168,155421,96247,34486,88,75
2021-07-02T23:59:59+02:00,3191,2991,37409,39233,80442,80614,77863,78579,79600,85901,83437,87033,51882,64715,41936,57953,10123,20289,17130,18041,40661,44602,41390,45599,46468,54118,64597,69893,41097,52188,38018,52489,9327,18541,680268,463357,115191,64709,155262,93762,32382,88,72
2021-07-01T23:59:59+02:00,2546,2448,35700,37590,79477,79761,77032,77753,78895,85263,83121,86754,51761,64558,41874,57849,10104,20261,16269,17149,39133,43374,40177,44536,45164,52992,63861,69322,40210,51054,37868,52282,9310,18509,674001,457029,113484,63062,155034,91004,30140,88,72
2021-06-30T23:59:59+02:00,2505,2417,34697,36590,77655,78262,75326,76251,78237,84714,82838,86461,51630,64397,41814,57755,10092,20234,15249,16189,37455,42149,38981,43422,44005,51938,63109,68695,39668,50374,37754,52087,9288,18474,668164,450930,111749,61724,154815,89130,27059,88,71
2021-06-29T23:59:59+02:00,2472,2385,33870,35712,76057,76779,73710,74834,77450,83999,82295,85974,51449,64178,41739,57624,10075,20198,14421,15294,36143,41008,38063,42601,42781,50889,62399,68112,38964,49441,37618,51870,9267,18431,661859,445784,109881,59886,154541,87186,24431,88,70
2021-06-28T23:59:59+02:00,2432,2351,33067,34920,74443,75372,72035,73436,76428,83215,81691,85477,51270,63950,41662,57517,10062,20164,13681,14551,35091,39995,37239,41873,41663,49898,61752,67570,38092,48358,37451,51650,9247,18384,655433,440987,107915,58377,153948,84995,22108,88,69
2021-06-27T23:59:59+02:00,2418,2336,32338,34182,72875,74003,70632,72233,75033,82096,81018,84928,51070,63735,41597,57401,10052,20135,13052,13925,34135,39246,36586,41271,40732,49051,61217,67127,37234,47333,37299,51473,9232,18353,649263,437120,105977,57614,152996,82741,19758,88,69
2021-06-26T23:59:59+02:00,1786,1730,31309,33089,72523,73686,70165,71768,74739,81785,80922,84844,51048,63706,41583,57390,10051,20132,12862,13719,33477,38707,35946,40853,40214,48715,60224,66129,36246,46200,37132,51260,9218,18320,644498,431174,105040,57563,152989,80804,19647,82,69
2021-06-25T23:59:59+02:00,1167,1132,30199,31930,72038,73160,69551,71070,74317,81342,80546,84523,50987,63619,41549,57347,10046,20119,12542,13334,32625,37910,35078,40033,39275,47879,59013,64897,35731,45503,36940,50960,9195,18276,638213,422774,103852,57116,152980,79747,19515,82,69
2021-06-24T23:59:59+02:00,567,573,28871,30623,71271,72420,68679,70188,73644,80717,80102,84159,50882,63490,41497,57277,10035,20085,11886,12642,31465,36611,33866,38769,38152,46772,57378,63520,35259,44984,36783,50773,9176,18216,630469,413479,102360,55567,152866,77859,19303,82,68
2021-06-23T23:59:59+02:00,540,539,28369,30086,70168,71444,67403,69053,72898,80029,79651,83757,50771,63316,41436,57181,10018,20054,11400,12118,30468,35365,32937,37547,37144,45896,55445,61810,34708,44420,36616,50546,9155,18151,624269,403757,100787,54507,152764,76604,18811,82,68
2021-06-22T23:59:59+02:00,517,523,27858,29507,68996,70419,66204,68023,72221,79326,79236,83391,50665,63188,41388,57097,10009,20029,11056,11721,29548,34430,31974,36663,36185,45008,53483,59977,34323,43944,36479,50305,9126,18094,617964,395251,99330,52935,152629,75489,18592,82,67
2021-06-21T23:59:59+02:00,485,489,27197,28850,67681,69251,65022,66893,71461,78547,78840,82997,50558,63079,41329,57011,9996,19987,10767,11412,28924,33852,31426,36097,35588,44420,51640,58322,33617,43145,36184,49883,9097,18018,611176,387711,97835,51739,152508,74819,18073,81,67
2021-06-20T23:59:59+02:00,400,407,26560,28194,66465,68119,64005,65951,70658,77807,78484,82661,50480,62955,41281,56942,9991,19954,10481,11152,28379,33351,30970,35605,35080,43899,49805,56540,33075,42466,35987,49550,9067,17958,604807,380322,96369,50987,152410,74356,17647,81,65
2021-06-19T23:59:59+02:00,368,373,26182,27834,65738,67550,63486,65457,69861,77155,78330,82534,50460,62930,41265,56927,9990,19954,10352,10959,28133,33033,30716,35287,34858,43640,48365,55152,32819,42121,35905,49414,9059,17930,600883,374951,95428,50975,152408,74170,17594,81,65
2021-06-18T23:59:59+02:00,341,339,25725,27376,64727,66813,62751,64845,68943,76320,77939,82197,50399,62854,41238,56891,9986,19946,10138,10725,27734,32615,30391,34877,34473,43250,46642,53496,32468,41608,35768,49203,9040,17897,595483,368143,94187,50689,152400,73960,17480,80,65
2021-06-17T23:59:59+02:00,312,308,25095,26778,63475,65816,61760,64036,67353,74920,77417,81797,50299,62702,41175,56808,9973,19918,9727,10375,26943,31929,29652,34199,33638,42549,45139,52007,32024,40982,35605,48949,9008,17847,589432,360738,91541,49551,152242,73584,16648,79,64
2021-06-16T23:59:59+02:00,279,270,24577,26205,62178,64693,60652,63055,65078,73001,76572,81140,50088,62491,41084,56695,9954,19887,9411,10125,26293,31263,28945,33577,32914,41921,44549,51445,31755,40623,35459,48751,8987,17806,583216,357060,87037,48846,151795,72090,15774,77,64
2021-06-15T23:59:59+02:00,240,239,23942,25523,60782,63493,59570,62071,63923,71916,76070,80716,49964,62342,41034,56598,9947,19857,9152,9858,25692,30530,28306,32822,32239,41199,42993,49824,31310,40071,35288,48518,8957,17742,576131,350372,85409,47954,151325,70836,15285,77,64
2021-06-14T23:59:59+02:00,218,207,23478,24941,59679,62436,58693,61224,62851,70910,75595,80324,49876,62221,40984,56527,9931,19831,8866,9559,24940,29643,27543,31988,31448,40384,41710,48489,30944,39573,35151,48294,8927,17691,570282,344249,83691,46931,151120,69159,14756,77,64
2021-06-13T23:59:59+02:00,213,192,23062,24477,58750,61529,57919,60441,61745,69941,75126,79894,49787,62104,40935,56468,9920,19802,8591,9263,24232,28805,26828,31152,30687,39533,40167,46917,30482,38968,34950,47990,8897,17602,565276,337230,81827,46155,150888,67388,14237,77,63
2021-06-12T23:59:59+02:00,200,175,22837,24213,58201,61030,57562,60161,61102,69298,74927,79780,49763,62073,40923,56454,9917,19798,8477,9147,23754,28220,26311,30583,30175,38974,39093,45945,30315,38789,34854,47825,8893,17591,562385,333038,80871,46152,150880,65501,14201,77,63
2021-06-11T23:59:59+02:00,182,159,22486,23802,57465,60219,56884,59534,60197,68368,74574,79470,49689,62000,40898,56418,9914,19792,8346,8958,23246,27550,25783,29928,29594,38342,38023,44938,30048,38435,34712,47602,8880,17565,557390,328219,79582,45893,150865,63647,14137,77,62
2021-06-10T23:59:59+02:00,167,142,21959,23246,56339,59294,55955,58717,58941,67195,74041,79062,49618,61893,40874,56366,9901,19764,8086,8711,22382,26608,24823,28993,28478,37418,36635,43777,29697,37960,34434,47170,8813,17490,551859,321348,77378,45187,150620,61348,13540,77,60
2021-06-09T23:59:59+02:00,146,129,21342,22700,55088,58201,54894,57808,57994,66291,73574,78670,49531,61793,40824,56304,9887,19734,7800,8448,21466,25743,23888,28102,27450,36471,34921,41996,29314,37462,34249,46901,8772,17400,546145,313937,75930,44461,150266,59443,12492,77,58
2021-06-08T23:59:59+02:00,124,111,20674,22020,53787,57075,53776,56837,57039,65432,73029,78235,49444,61669,40768,56212,9867,19703,7536,8215,20554,24851,22830,27239,26419,35518,33572,40695,28959,36955,33930,46449,8719,17317,539510,307647,75011,43698,149822,56980,11382,77,57
2021-06-07T23:59:59+02:00,107,93,20033,21423,52352,55824,52512,55863,55882,64449,72479,77835,49359,61563,40722,56148,9854,19675,7290,7995,19712,24029,21805,26425,25387,34649,32639,39915,28674,36567,33686,46023,8668,17226,532271,303036,74116,42881,149410,54421,10299,77,57
2021-06-06T23:59:59+02:00,100,87,19526,20890,51206,54737,51413,54890,54921,63498,71971,77433,49275,61489,40685,56085,9847,19659,7082,7797,18925,23139,20906,25553,24317,33668,31727,39100,28392,36230,33430,45633,8619,17151,525964,298479,73095,42143,149074,51490,9504,75,57
2021-06-05T23:59:59+02:00,94,79,19261,20597,50436,53986,50760,54385,54446,63003,71834,77316,49259,61472,40682,56081,9844,19659,6857,7390,18288,22074,20187,24440,23445,32437,30706,37787,28064,35769,33306,45460,8612,17131,521663,292195,73090,42105,148932,48166,9434,75,57
2021-06-04T23:59:59+02:00,84,72,18818,20018,49392,52985,49949,53516,53799,62221,71489,76987,49230,61436,40662,56066,9842,19652,6640,7081,17670,21225,19513,23456,22521,31172,29500,36460,27777,35407,33194,45287,8600,17112,515205,285811,72769,42037,148914,45458,9255,75,57
2021-06-03T23:59:59+02:00,73,61,18147,19348,47875,51688,48743,52398,52837,61211,70993,76527,49166,61335,40624,56021,9829,19628,6353,6691,16936,20184,18724,22311,21525,29760,28342,34982,27235,34631,32990,44963,8564,17037,507501,279098,71754,41293,148638,42247,8537,74,56
2021-06-02T23:59:59+02:00,68,57,17780,18847,46866,50711,47884,51658,52100,60464,70747,76315,49129,61299,40605,55993,9821,19614,6172,6453,16291,19505,17821,21561,20700,28824,27254,33585,26769,34027,32831,44713,8535,16967,501268,272856,71739,41278,148614,39560,8264,73,53
2021-06-01T23:59:59+02:00,57,51,17112,18128,45011,48974,46240,50200,50580,59019,70066,75716,49039,61187,40545,55920,9808,19566,5898,6144,15135,18607,16318,20603,19499,27589,26038,32197,26219,33337,32584,44366,8489,16863,492147,266410,70399,40713,148062,36172,6540,71,53
2021-05-31T23:59:59+02:00,55,47,16639,17647,43702,47836,45034,49102,49342,57909,69389,75205,48962,61086,40501,55851,9796,19531,5621,5825,14098,17780,14921,19687,18333,26484,24820,30859,25704,32622,32390,44070,8455,16765,485907,260140,69236,40169,147605,33259,4816,70,52
2021-05-30T23:59:59+02:00,48,46,16316,17255,42726,46903,44129,48197,48349,56914,68828,74659,48854,60931,40430,55738,9781,19488,5434,5584,13552,17082,14300,18993,17448,25519,23725,29688,24936,31675,32097,43655,8411,16677,479926,254193,68201,39370,147197,30967,4198,70,50
2021-05-29T23:59:59+02:00,48,46,16186,17139,42367,46587,43787,47932,48108,56725,68769,74601,48848,60924,40424,55735,9781,19488,5271,5344,13044,16271,13655,18145,16605,24354,22616,28389,24780,31444,32034,43562,8408,16670,477964,248608,68080,39370,147187,28373,4194,70,49
2021-05-28T23:59:59+02:00,47,44,15886,16834,41672,45959,43277,47372,47602,56184,68493,74304,48783,60842,40396,55686,9778,19483,5032,4960,12508,15355,12980,17283,15743,23124,21523,26955,24534,31079,31940,43428,8398,16653,473681,242600,67580,39265,147155,25429,4156,70,47
2021-05-27T23:59:59+02:00,44,40,15369,16315,40528,44982,42261,46491,46618,55298,67909,73872,48662,60682,40342,55614,9767,19442,4809,4624,11868,14527,12196,16348,14677,21935,20266,25448,24031,30340,31768,43166,8365,16571,467868,235272,66070,38461,146437,23372,3791,70,45
2021-05-26T23:59:59+02:00,42,39,14962,15890,39433,44065,41229,45609,45594,54422,67302,73363,48510,60504,40262,55446,9746,19394,4618,4429,11311,13767,11475,15499,13676,20803,18872,23862,23448,29560,31552,42826,8313,16470,462755,228021,64045,37604,145448,21319,3494,70,45
2021-05-25T23:59:59+02:00,42,38,14572,15488,38430,43177,40263,44754,44644,53505,66693,72833,48331,60271,40183,55314,9720,19340,4412,4226,10771,13122,10716,14717,12612,19571,17442,22357,22866,28782,31319,42509,8258,16383,457461,220686,62465,36665,144340,19409,3262,70,43
2021-05-24T23:59:59+02:00,41,37,14229,15165,37601,42443,39392,44083,43782,52723,66162,72350,48206,60094,40119,55192,9700,19296,4269,4101,10325,12662,10078,14133,11732,18740,16159,21101,22198,27952,31102,42185,8199,16296,452842,213816,61237,35725,143613,18798,2853,70,42
2021-05-23T23:59:59+02:00,37,37,14061,14992,37131,42070,38942,43680,43332,52319,65892,72123,48132,60004,40081,55146,9693,19272,4079,3962,9865,12189,9459,13527,10794,17928,14968,20040,21733,27387,30850,41898,8152,16215,449660,206854,60861,35645,143585,17739,2768,70,42
2021-05-22T23:59:59+02:00,35,35,13865,14776,36447,41506,38265,43227,42761,51912,64874,71115,47928,59748,40011,55033,9683,19251,3969,3667,9649,11776,9306,13199,10553,17484,14699,19640,21640,27270,30816,41858,8145,16206,443236,205636,60858,35642,143571,15822,2737,70,42
2021-05-21T23:59:59+02:00,34,34,13486,14375,35375,40590,37204,42299,41697,51015,63519,69833,47698,59411,39930,54886,9666,19218,3863,3571,9442,11512,9096,12935,10224,17157,14291,19271,21420,26984,30756,41768,8136,16198,433640,203698,60505,35336,143335,14831,2721,69,40
2021-05-20T23:59:59+02:00,31,34,12692,13651,33936,39136,35783,40891,40295,49818,62236,68682,47409,59069,39786,54706,9645,19167,3715,3390,8917,10911,8451,12227,9526,16312,13537,18312,20607,25871,30563,41472,8098,16113,423448,199354,58804,34492,142304,11794,2344,67,40
2021-05-19T23:59:59+02:00,31,33,12156,13087,32757,37713,34680,39510,39172,48861,60239,66916,46933,58512,39603,54445,9604,19061,3612,3259,8644,10539,8156,11853,9084,15804,12900,17651,19743,24743,30337,41169,8042,15998,412621,195118,57287,33679,141196,10559,2142,67,38
2021-05-18T23:59:59+02:00,28,33,11734,12644,31712,36694,33589,38597,38132,47926,58182,65059,46578,58063,39450,54206,9572,19002,3414,3096,8151,9935,7685,11308,8543,15139,12219,16882,18804,23515,30100,40826,8006,15893,403971,191036,55328,32839,140001,7769,1836,65,38
2021-05-17T23:59:59+02:00,26,32,11483,12368,31195,36139,33097,38037,37542,47292,56280,63351,45877,57241,39173,53809,9535,18928,3332,2987,7889,9652,7392,11009,8142,14727,11650,16279,17887,22384,29868,40507,7971,15819,396392,186666,54205,32092,139195,7153,1549,64,37
2021-05-16T23:59:59+02:00,26,32,11262,12114,30674,35635,32635,37545,37019,46721,54387,61527,45333,56543,38979,53490,9508,18873,3231,2888,7601,9363,7071,10665,7666,14265,11071,15695,16958,21237,29659,40218,7933,15751,389438,182392,53238,31246,138532,6569,1032,63,35
2021-05-15T23:59:59+02:00,26,32,11108,11911,30396,35302,32398,37225,36790,46458,52817,60049,45083,56237,38902,53352,9502,18845,3210,2870,7576,9334,7056,10644,7648,14252,11054,15674,16849,21023,29450,39911,7925,15741,383634,181407,53235,31245,138486,6518,1015,63,34
2021-05-14T23:59:59+02:00,26,32,10862,11630,29928,34796,32019,36764,36279,45985,50946,58221,44721,55736,38762,53145,9486,18805,3183,2852,7506,9263,7002,10572,7589,14194,10872,15476,16119,19957,29164,39425,7908,15701,375850,178501,52908,30906,138357,6379,965,63,34
2021-05-13T23:59:59+02:00,23,31,10579,11305,29280,34157,31419,36160,35607,45320,49477,56704,44291,55109,38592,52902,9459,18759,3115,2806,7379,9162,6915,10478,7486,14086,10546,15130,15062,18724,28778,38782,7865,15627,368761,174707,51890,30344,137606,6004,855,62,33
2021-05-12T23:59:59+02:00,23,29,10450,11163,28999,33840,31153,35867,35296,45007,49192,56396,44192,55004,38539,52823,9452,18721,3103,2780,7345,9126,6885,10443,7459,14047,10379,14974,14690,18294,28475,38302,7843,15580,366096,172666,51809,30334,137447,5960,733,61,33
2021-05-11T23:59:59+02:00,22,26,10104,10840,28146,33014,30322,35114,34435,44226,47458,54628,43738,54411,38363,52532,9414,18619,3016,2684,7101,8846,6662,10144,7244,13677,9899,14426,13713,17145,28062,37685,7806,15485,359186,169002,50104,29442,135554,4612,507,61,33
2021-05-10T23:59:59+02:00,21,26,9798,10563,27401,32314,29546,34413,33666,43459,46153,53363,43356,53900,38173,52227,9364,18506,2974,2639,6974,8723,6567,10027,7105,13496,9636,14119,13019,16287,27636,37075,7780,15405,352936,166195,48987,29063,133870,3776,398,58,31
2021-05-09T23:59:59+02:00,20,26,9566,10318,26720,31632,28880,33712,32944,42763,44632,51892,42856,53279,37973,51923,9327,18421,2927,2593,6851,8580,6461,9885,6993,13284,9320,13808,12221,15389,27273,36540,7760,15349,345862,163349,47912,28508,132743,3036,311,56,31
2021-05-08T23:59:59+02:00,20,26,9473,10250,26335,31331,28434,33398,32491,42459,43600,51064,42704,53116,37932,51861,9325,18415,2924,2589,6843,8575,6455,9877,6985,13273,9311,13796,12183,15327,26597,35591,7723,15273,341346,161483,47870,28481,132657,3023,305,56,31
2021-05-07T23:59:59+02:00,19,26,9332,10102,25864,30953,27989,33024,31986,42112,42562,50238,42433,52776,37819,51701,9313,18388,2877,2563,6790,8534,6399,9822,6934,13221,9138,13576,11552,14515,25658,34212,7676,15191,336232,157399,47563,28112,132499,2830,287,56,31
2021-05-06T23:59:59+02:00,17,25,8934,9813,24947,30184,26930,32224,30759,41296,40945,49030,42054,52231,37624,51459,9275,18315,2813,2517,6660,8388,6284,9694,6786,13034,8868,13279,10904,13654,24698,32832,7643,15130,328391,153625,46489,27159,130851,2094,276,55,31
2021-05-05T23:59:59+02:00,17,24,8568,9613,24067,29585,26067,31560,29671,40506,38969,47218,41611,51678,37415,51177,9218,18203,2772,2486,6543,8260,6183,9580,6684,12893,8623,13022,10198,12828,23687,31510,7614,15059,320544,149753,45638,26273,128738,1694,192,55,31
2021-05-04T23:59:59+02:00,17,23,8325,9386,23271,28938,25095,30821,28600,39671,37458,45755,41143,51093,37137,50831,9172,18082,2734,2465,6471,8188,6100,9514,6610,12814,8387,12802,9469,11974,22742,30268,7580,14996,313899,146041,44673,25467,126104,1490,87,55,30
2021-05-03T23:59:59+02:00,17,22,8122,9172,22572,28358,24257,30216,27693,38976,36501,45004,40795,50621,36923,50541,9122,17978,2689,2434,6401,8111,6022,9449,6521,12730,8159,12590,8727,11075,21828,29054,7549,14946,309037,142311,43897,24648,123855,1250,47,54,30
2021-05-02T23:59:59+02:00,17,22,7959,9008,21935,27781,23519,29625,26876,38354,35687,44370,40536,50292,36810,50355,9088,17921,2651,2411,6359,8070,5987,9414,6482,12690,7977,12417,8127,10339,21120,28187,7528,14928,304211,139130,43128,24373,122723,1116,40,53,29
2021-05-01T23:59:59+02:00,16,22,7807,8826,21562,27324,23037,29050,26233,37645,34863,43475,40273,49918,36713,50202,9082,17904,2645,2405,6333,8060,5972,9405,6464,12676,7960,12402,8091,10275,21081,28130,7524,14924,298116,138839,43127,24366,122616,1074,40,53,29
2021-04-30T23:59:59+02:00,16,20,7659,8648,21175,26895,22592,28485,25485,36869,33856,42512,40044,49598,36616,50049,9070,17883,2627,2392,6309,8042,5950,9388,6437,12656,7928,12368,8051,10205,21031,28047,7521,14915,291831,138528,43120,24293,122435,984,34,52,29
2021-04-29T23:59:59+02:00,15,20,7390,8408,20582,26323,21922,27802,24553,35905,32582,41176,39000,48195,36298,49576,9013,17755,2595,2358,6217,7932,5866,9286,6343,12514,7727,12093,7428,9482,20625,27531,7499,14841,283097,136468,42336,23066,121001,743,34,47,27
2021-04-28T23:59:59+02:00,14,18,7115,8190,20061,25851,21285,27203,23667,35058,31188,39725,37840,46610,35955,49082,8950,17613,2526,2310,6109,7811,5757,9156,6241,12364,7508,11823,6740,8637,20209,26958,7458,14770,274419,134027,41565,21771,119364,519,34,43,27
2021-04-27T23:59:59+02:00,13,18,6933,8012,19628,25427,20669,26666,22814,34282,29978,38405,36752,45168,35574,48512,8880,17486,2502,2285,6006,7714,5704,9059,6175,12241,7293,11625,6139,7901,19804,26461,7438,14747,266618,131933,40702,20829,117820,272,34,43,27
2021-04-26T23:59:59+02:00,12,18,6751,7847,19210,25004,20127,26141,22012,33527,28764,37172,35694,43745,35268,48029,8831,17362,2491,2275,5963,7672,5659,9020,6139,12197,7107,11460,5525,7171,19433,26013,7414,14720,258944,129975,39876,19986,116621,241,31,42,27
2021-04-25T23:59:59+02:00,12,17,6646,7714,18872,24734,19748,25802,21401,32911,27781,36217,34565,42318,34953,47601,8790,17281,2479,2268,5945,7648,5640,9003,6119,12172,7070,11433,5398,6990,19098,25549,7398,14676,251769,129354,39162,19245,116360,231,30,42,27
2021-04-24T23:59:59+02:00,12,17,6482,7538,18430,24302,19189,25265,20617,32110,26700,35169,34315,42005,34859,47436,8780,17269,2475,2262,5932,7638,5632,8992,6114,12168,7060,11426,5325,6879,19000,25408,7395,14668,245812,128900,39157,19206,115454,213,30,42,26
2021-04-23T23:59:59+02:00,12,17,6259,7340,17982,23829,18621,24654,19793,31296,25544,33976,33540,40833,34715,47200,8766,17246,2469,2244,5905,7614,5595,8953,6069,12124,7014,11374,5159,6603,18462,24782,7295,14499,238254,127057,38829,18860,114469,191,30,41,24
2021-04-22T23:59:59+02:00,11,16,6044,7132,17377,23240,17828,23872,18743,30274,24225,32544,32500,39481,34470,46844,8728,17168,2455,2229,5861,7563,5547,8869,5994,12046,6938,11304,4875,6186,17750,23909,7176,14305,229219,124901,37912,17897,113298,157,30,38,23
2021-04-21T23:59:59+02:00,11,15,5845,6952,16846,22769,17167,23269,17763,29377,22671,30953,31495,38250,34173,46408,8680,17080,2431,2212,5819,7508,5489,8794,5928,11946,6843,11224,4716,5911,17052,23062,7060,14124,220350,122814,37142,17128,112166,125,30,36,23
2021-04-20T23:59:59+02:00,10,14,5662,6759,16291,22296,16427,22612,16769,28376,21205,29484,30349,36765,33859,45977,8632,16992,2418,2197,5770,7471,5449,8749,5880,11880,6764,11160,4597,5758,16451,22288,6934,13945,211384,121133,36260,16412,110770,117,29,36,21
2021-04-19T23:59:59+02:00,10,14,5477,6602,15759,21866,15752,22055,15779,27499,19815,28085,28978,35132,33542,45504,8574,16877,2407,2183,5745,7438,5412,8716,5841,11835,6683,11084,4471,5597,15803,21579,6826,13784,202711,119492,35481,15749,109065,114,29,34,21
2021-04-18T23:59:59+02:00,9,14,5290,6461,15326,21542,15135,21494,14809,26712,18478,26947,27592,33485,33211,45086,8518,16791,2356,2137,5614,7317,5298,8603,5734,11684,6578,10965,4355,5410,15210,20913,6713,13605,194189,117854,34652,14480,107996,110,29,34,20
2021-04-17T23:59:59+02:00,9,13,5254,6426,15172,21467,14959,21409,14574,26533,18224,26726,27085,32944,33085,44938,8509,16776,2329,2097,5514,7163,5191,8444,5634,11496,6488,10832,4303,5348,14969,20619,6703,13592,192971,116097,34647,14476,106422,101,29,34,20
2021-04-16T23:59:59+02:00,9,13,5191,6372,14995,21316,14748,21249,14292,26284,17809,26315,26042,31713,32952,44727,8488,16753,2283,2047,5398,6977,5055,8263,5482,11255,6292,10610,4098,5115,14323,19830,6605,13447,189624,112861,34359,14079,105222,92,29,34,20
2021-04-15T23:59:59+02:00,7,12,5122,6295,14782,21103,14480,20960,13863,25934,17174,25685,24681,30106,32695,44404,8453,16675,2213,1963,5202,6741,4853,7942,5275,10938,6076,10326,3900,4865,13494,18748,6490,13280,185076,109041,33550,13136,103742,81,29,34,20
2021-04-14T23:59:59+02:00,7,12,5041,6224,14578,20903,14226,20736,13474,25600,16508,25067,23105,28321,32382,44001,8402,16581,2025,1843,4984,6479,4664,7692,5048,10689,5842,10041,3764,4656,12768,17831,6363,13066,180477,105951,32676,11681,101952,75,29,34,20
2021-04-13T23:59:59+02:00,7,12,4990,6177,14379,20768,13992,20555,13131,25305,15938,24564,21401,26477,32066,43580,8370,16474,1940,1791,4817,6292,4479,7472,4847,10434,5638,9807,3628,4491,12252,17215,6240,12905,176260,103569,31800,10566,100064,65,29,33,20
2021-04-12T23:59:59+02:00,7,11,4926,6112,14163,20571,13687,20292,12746,24893,15360,24011,19808,24536,31776,43220,8330,16400,1810,1700,4637,6133,4331,7296,4685,10242,5501,9649,3511,4336,11821,16706,6129,12742,171907,101889,30747,9230,98133,64,29,33,18
2021-04-11T23:59:59+02:00,7,11,4857,6036,13939,20373,13392,20081,12333,24542,14799,23502,18302,22762,31515,42882,8287,16321,1773,1664,4517,6020,4220,7173,4563,10111,5367,9519,3397,4217,11330,16096,5998,12535,167626,100142,29787,8252,96468,62,28,32,17
2021-04-10T23:59:59+02:00,7,11,4852,6028,13920,20359,13383,20071,12316,24525,14776,23483,17614,21840,31224,42464,8269,16294,1769,1652,4505,6009,4205,7159,4550,10097,5314,9454,3295,4104,10773,15262,5869,12337,166559,98001,29760,8252,95059,59,26,32,17
2021-04-09T23:59:59+02:00,7,11,4839,6011,13884,20310,13339,20024,12269,24471,14516,23231,16097,19954,30819,41818,8235,16251,1745,1642,4483,5994,4179,7132,4509,10063,5277,9405,3210,3985,9907,14274,5721,12139,163946,95564,29419,8004,92666,58,24,31,16
2021-04-08T23:59:59+02:00,7,11,4796,5983,13783,20236,13259,19944,12169,24367,14181,22872,14330,17745,30202,40809,8177,16130,1724,1629,4451,5941,4127,7047,4445,9983,5205,9328,3102,3882,9429,13674,5516,11894,160122,93720,28391,7569,90443,57,16,29,16
2021-04-07T23:59:59+02:00,7,11,4766,5954,13679,20154,13166,19859,12067,24265,13804,22515,12823,15895,29559,39839,8122,16032,1705,1617,4399,5874,4042,6973,4356,9899,5115,9228,3015,3787,8686,12580,5281,11491,155721,91175,27516,6796,89236,47,15,29,16
2021-04-06T23:59:59+02:00,7,11,4737,5928,13582,20087,13085,19798,11991,24200,13429,22164,11190,13890,28898,38869,8090,15961,1645,1563,4271,5747,3934,6849,4237,9751,5012,9099,2900,3666,7981,11651,5009,11126,151710,88793,26634,5575,87530,45,14,29,15
2021-04-05T23:59:59+02:00,7,10,4700,5900,13505,20021,13018,19730,11935,24120,13157,21910,9580,11947,28172,37820,8055,15899,1574,1494,4116,5597,3766,6693,4084,9602,4857,8971,2768,3549,7175,10690,4738,10737,148519,86428,25618,3914,85307,42,13,29,15
2021-04-04T23:59:59+02:00,7,10,4686,5882,13494,20001,13010,19713,11927,24100,13060,21840,8557,10687,27725,37179,8030,15842,1572,1492,4108,5591,3764,6688,4079,9597,4855,8963,2763,3540,6939,10225,4654,10612,146793,85470,25614,3914,83304,36,10,29,13
2021-04-03T23:59:59+02:00,7,10,4683,5872,13477,19981,13000,19703,11917,24090,13046,21822,7653,9619,26843,35937,7981,15730,1568,1488,4106,5586,3762,6685,4071,9585,4841,8950,2756,3529,6801,9964,4615,10532,144318,84868,25606,3914,81410,36,9,28,13
2021-04-02T23:59:59+02:00,7,10,4678,5854,13440,19956,12961,19660,11874,24042,12971,21755,7140,8872,25259,33838,7835,15462,1559,1472,4080,5563,3736,6644,4035,9524,4720,8663,2628,3374,6426,9571,4467,10334,139869,83052,25268,3688,80442,36,8,27,13
2021-04-01T23:59:59+02:00,6,9,4630,5795,13346,19810,12845,19509,11725,23886,12374,21307,6577,8167,23755,31867,7708,15225,1493,1426,3971,5440,3669,6573,3967,9458,4642,8560,2534,3233,5915,8887,4298,10060,135679,80793,24131,3284,78699,31,7,25,12
2021-03-31T23:59:59+02:00,6,9,4579,5740,13222,19657,12714,19355,11537,23706,12111,21047,6258,7796,22280,29914,7558,14997,1480,1415,3949,5417,3637,6545,3927,9411,4605,8507,2471,3158,5433,8244,4124,9822,131754,79031,23044,3068,77658,31,5,25,11
2021-03-30T23:59:59+02:00,6,9,4516,5675,13084,19508,12602,19180,11406,23541,11941,20908,6067,7581,20894,28187,7414,14794,1463,1379,3908,5384,3573,6475,3839,9297,4474,8336,2337,2954,5013,7689,3981,9566,128401,76811,22120,2826,76767,19,2,23,11
2021-03-29T23:59:59+02:00,6,9,4476,5636,12965,19413,12535,19097,11324,23439,11792,20772,5910,7383,19478,26509,7286,14593,1404,1338,3853,5341,3499,6405,3721,9153,4324,8147,2215,2813,4450,7023,3827,9291,124825,74160,21255,2615,76518,18,2,23,10
2021-03-28T23:59:59+02:00,6,9,4429,5572,12844,19276,12450,19003,11223,23343,11686,20671,5759,7178,18301,25003,7167,14398,1371,1294,3755,5234,3306,6180,3634,9036,4274,8091,2161,2749,3691,6003,3642,9024,121832,71108,20467,2317,75995,10,2,22,9
2021-03-27T23:59:59+01:00,6,9,4397,5521,12737,19112,12336,18838,11109,23138,11579,20522,5694,7096,18016,24657,7156,14383,1365,1291,3750,5230,3303,6173,3348,8687,4076,7793,2155,2746,3677,5970,3608,8964,119996,69804,20428,2317,75858,5,2,22,9
2021-03-26T23:59:59+01:00,6,8,4361,5468,12627,18922,12203,18637,10956,22909,11418,20311,5531,6882,17413,23866,7057,14234,1364,1290,3745,5223,3280,6155,3329,8667,3864,7346,1978,2342,3413,5686,3458,8732,116907,67549,20090,2310,75789,4,1,22,9
2021-03-25T23:59:59+01:00,6,8,4294,5380,12429,18684,11998,18308,10742,22581,11177,19984,5319,6598,16385,22560,6929,14045,1355,1280,3724,5197,3246,6127,3278,8630,3818,7302,1906,2229,2979,5004,3300,8428,112930,65583,19018,2209,75456,2,1,22,9
2021-03-24T23:59:59+01:00,6,8,4215,5269,12218,18232,11780,17894,10524,22191,10944,19612,5051,6252,15346,21343,6790,13821,1332,1267,3700,5152,3210,6065,3223,8560,3764,7229,1853,2170,2672,4670,3148,8153,109826,64191,17926,1966,73721,2,1,22,9
2021-03-23T23:59:59+01:00,6,8,4159,5206,12051,17889,11581,17543,10332,21828,10725,19325,4918,6057,14706,20528,6650,13648,1317,1261,3685,5134,3189,6047,3198,8510,3727,7186,1818,2112,2443,4400,2940,7832,107481,62863,17200,1925,72456,2,1,22,9
2021-03-22T23:59:59+01:00,6,8,4112,5128,11855,17557,11393,17215,10107,21502,10510,19022,4768,5851,14088,19815,6517,13462,1304,1252,3658,5101,3158,6011,3169,8454,3691,7141,1774,2056,2244,4150,2745,7500,105631,61612,16483,1785,70780,2,1,21,9
2021-03-21T23:59:59+01:00,6,8,4038,5005,11573,17146,11112,16808,9838,21048,10254,18671,4654,5680,13392,19024,6376,13254,1296,1251,3641,5085,3137,5978,3146,8424,3671,7119,1756,2029,2079,3988,2573,7232,103754,60614,15184,1780,68927,2,1,21,9
2021-03-20T23:59:59+01:00,5,8,4008,4936,11430,16811,10987,16491,9695,20745,10078,18389,4529,5520,12762,18074,6240,13039,1295,1250,3641,5083,3134,5977,3143,8419,3666,7115,1752,2024,2048,3927,2550,7191,101562,60424,15180,1780,66983,2,1,21,9
2021-03-19T23:59:59+01:00,5,7,3964,4856,11263,16451,10805,16135,9521,20365,9866,18030,4370,5325,11739,16862,6079,12828,1286,1243,3623,5056,3105,5901,3099,8326,3564,6941,1627,1914,1974,3865,2438,6983,98867,59158,14771,1776,64812,2,1,20,9
2021-03-18T23:59:59+01:00,5,7,3878,4753,11017,16025,10537,15690,9243,19897,9643,17688,4226,5159,11116,15996,5851,12561,1282,1232,3606,5021,3085,5857,3077,8270,3536,6895,1608,1881,1935,3795,2315,6772,97068,58470,13764,1686,62439,2,1,20,9
2021-03-17T23:59:59+01:00,5,7,3707,4638,10722,15605,10272,15331,9001,19535,9392,17340,4107,4992,10302,14753,5589,12138,1281,1229,3592,5003,3079,5837,3067,8237,3518,6872,1607,1857,1911,3766,2205,6585,94422,57963,12222,1672,60771,2,1,20,9
2021-03-16T23:59:59+01:00,5,7,3565,4513,10383,15142,9998,14961,8726,19092,9096,16977,3964,4827,9486,13629,5308,11779,1267,1226,3588,4996,3068,5833,3061,8226,3511,6858,1583,1834,1872,3715,2085,6407,92090,57527,11033,1592,58315,2,1,19,9
2021-03-15T23:59:59+01:00,5,7,3417,4397,10069,14674,9707,14502,8430,18618,8808,16564,3818,4657,8779,12565,5084,11458,1257,1218,3568,4984,3056,5809,3041,8187,3491,6815,1568,1821,1855,3682,1970,6222,90130,56943,9670,1591,55742,2,0,17,9
2021-03-14T23:59:59+01:00,5,7,3347,4308,9803,14241,9452,14100,8112,18126,8528,16169,3655,4471,7978,11331,4776,11003,1243,1212,3547,4966,3035,5768,3019,8107,3463,6747,1542,1771,1794,3555,1805,5834,87821,56417,8652,981,52925,2,0,14,9
2021-03-13T23:59:59+01:00,5,7,3271,4058,9493,13576,9209,13522,7888,17555,8326,15738,3548,4369,7787,11039,4728,10915,1243,1212,3547,4966,3035,5768,3018,8107,3462,6745,1538,1770,1792,3551,1804,5833,87169,56400,8652,981,49199,2,0,14,9
2021-03-12T23:59:59+01:00,5,7,3209,3922,9247,13036,8971,12991,7655,16919,7970,14987,3385,4199,7404,10632,4591,10730,1240,1209,3542,4952,3032,5765,3011,8099,3458,6739,1511,1741,1771,3533,1704,5655,85402,55972,8406,980,46038,2,0,14,9
2021-03-11T23:59:59+01:00,5,7,3058,3654,8871,12277,8667,12315,7322,16136,7628,14344,3228,3997,6849,9913,4402,10418,1221,1199,3508,4908,2990,5688,2976,7975,3407,6641,1467,1688,1692,3333,1506,5143,82957,55228,7961,105,42160,1,0,13,9
2021-03-10T23:59:59+01:00,5,7,2993,3547,8372,11766,7990,11832,7001,15645,7329,13753,3068,3840,6289,9220,4231,10144,1210,1185,3478,4850,2959,5612,2940,7835,3353,6519,1429,1648,1634,3237,1390,4864,81142,54053,7410,82,38468,0,0,12,9
2021-03-09T23:59:59+01:00,5,6,2888,3371,7688,11315,7093,11345,6582,15033,6965,13146,2840,3540,5781,8589,4075,9868,1205,1181,3456,4804,2932,5547,2923,7783,3335,6473,1414,1624,1599,3194,1285,4666,78849,53367,6054,48,35215,0,0,12,7
2021-03-08T23:59:59+01:00,5,6,2715,3136,7046,10770,6279,10866,6181,14504,6571,12579,2631,3329,5178,7850,3929,9601,1198,1175,3435,4738,2907,5471,2884,7689,3303,6397,1407,1615,1596,3186,1280,4663,76026,52892,4916,46,32223,0,0,11,7
2021-03-07T23:59:59+01:00,5,6,2603,3004,6715,10269,5868,10325,5885,14054,6331,12190,2533,3238,4413,6788,3712,9319,1195,1172,3432,4733,2902,5459,2880,7672,3295,6384,1402,1602,1575,3146,1265,4622,72774,52686,4085,44,30389,0,0,10,7
2021-03-06T23:59:59+01:00,5,5,2558,2862,6531,9815,5669,9908,5409,13198,5957,11451,2512,3211,4407,6777,3711,9318,1195,1171,3429,4728,2900,5458,2879,7671,3294,6381,1400,1599,1575,3144,1264,4622,71548,52660,4085,44,27661,0,0,10,7
2021-03-05T23:59:59+01:00,5,5,2466,2607,6319,9230,5455,9511,5232,12631,5573,10473,2286,2748,4028,6395,3572,9104,1183,1168,3411,4712,2895,5445,2871,7653,3283,6362,1386,1592,1574,3140,1259,4618,69222,52503,3852,44,24556,0,0,10,6
2021-03-04T23:59:59+01:00,5,5,2390,2402,6104,8794,5292,9170,5051,12210,5398,10094,2194,2578,3475,5571,3406,8766,1171,1154,3368,4614,2862,5379,2839,7555,3250,6288,1366,1585,1560,3126,1251,4607,67174,51928,3412,44,22309,0,0,10,4
2021-03-03T23:59:59+01:00,4,5,2333,2351,5934,8380,5121,8810,4838,11758,5208,9648,2112,2470,3072,5133,3247,8472,1151,1146,3334,4566,2825,5314,2799,7456,3204,6215,1346,1560,1541,3095,1245,4590,65749,51343,3169,42,19968,0,0,10,3
2021-03-02T23:59:59+01:00,4,5,2279,2263,5772,8046,4964,8554,4675,11357,5047,9330,2046,2379,2767,4776,3030,8151,1146,1137,3316,4545,2810,5288,2782,7407,3196,6187,1341,1549,1523,3078,1242,4584,64398,51087,2909,42,18128,0,0,10,3
2021-03-01T23:59:59+01:00,4,5,2253,2236,5668,7830,4865,8409,4591,11205,4948,9156,1991,2302,2471,4454,2842,7835,1140,1134,3302,4527,2798,5259,2766,7361,3181,6159,1335,1546,1516,3069,1239,4580,63136,50868,2688,42,17231,0,0,10,3
2021-02-28T23:59:59+01:00,3,5,2201,2193,5490,7571,4689,8188,4455,11019,4841,9030,1954,2240,2176,4151,2639,7526,1131,1128,3287,4517,2791,5252,2760,7347,3174,6145,1330,1543,1509,3053,1238,4548,62027,50709,2385,42,15949,0,0,10,3
2021-02-27T23:59:59+01:00,3,5,2114,1884,5313,7146,4591,7876,4372,10670,4769,8780,1926,2179,2148,4106,2619,7472,1127,1125,3285,4516,2786,5250,2756,7344,3169,6142,1328,1543,1509,3052,1237,4548,61795,50676,2385,39,13783,0,0,10,3
2021-02-26T23:59:59+01:00,3,5,2057,1806,5166,6909,4445,7617,4221,10405,4560,8498,1797,2072,2087,4069,2512,7292,1106,1112,3268,4482,2774,5210,2743,7291,3147,6088,1322,1532,1505,3044,1236,4546,60472,50366,2379,38,12660,0,0,10,3
2021-02-25T23:59:59+01:00,3,5,1940,1707,4840,6507,4017,7157,3935,9891,4325,8117,1739,2014,2054,4008,2402,7098,1090,1097,3231,4439,2744,5158,2697,7184,3107,5995,1312,1516,1491,3005,1223,4487,59996,49738,2272,36,9481,0,0,10,3
2021-02-24T23:59:59+01:00,3,5,1911,1648,4723,6293,3912,6943,3813,9650,4201,7957,1717,1982,2022,3966,2290,6900,1077,1092,3204,4377,2708,5092,2672,7100,3078,5924,1296,1499,1466,2957,1211,4418,59452,49144,2026,25,8448,0,0,10,3
2021-02-23T23:59:59+01:00,3,5,1686,1501,4350,5805,3631,6549,3592,9271,4046,7672,1688,1951,1978,3919,2177,6717,1058,1081,3166,4349,2680,5035,2648,7024,3043,5865,1276,1479,1440,2922,1201,4368,58997,48622,1979,11,5555,0,0,10,3
2021-02-22T23:59:59+01:00,3,5,1677,1482,4299,5746,3595,6486,3528,9178,3985,7577,1656,1924,1952,3868,2060,6520,1054,1068,3145,4304,2660,4996,2623,6965,3014,5812,1264,1465,1431,2912,1193,4359,58456,48257,1837,6,5238,0,0,10,3
2021-02-21T23:59:59+01:00,3,5,1665,1478,4269,5713,3552,6448,3487,9124,3941,7527,1648,1917,1947,3859,1940,6358,1049,1057,3124,4266,2631,4946,2608,6896,2985,5725,1250,1449,1411,2852,1169,4282,58114,47692,1831,6,4926,0,0,10,3
2021-02-20T23:59:59+01:00,3,5,1664,1477,4264,5710,3550,6447,3487,9123,3940,7526,1643,1915,1945,3855,1939,6358,1049,1057,3122,4264,2631,4946,2607,6895,2985,5725,1250,1448,1410,2852,1169,4282,58099,47684,1831,6,4911,0,0,10,3
2021-02-19T23:59:59+01:00,3,5,1647,1470,4251,5690,3539,6433,3476,9113,3930,7511,1617,1886,1924,3836,1839,6178,1048,1056,3121,4263,2630,4945,2607,6893,2982,5723,1250,1447,1410,2851,1169,4282,57680,47669,1826,6,4834,0,0,8,3
2021-02-18T23:59:59+01:00,3,5,1603,1439,4155,5579,3468,6331,3388,8949,3845,7370,1595,1851,1890,3766,1709,5981,1002,1013,2982,4038,2504,4673,2496,6558,2876,5459,1219,1404,1378,2766,1143,4133,57035,45637,1736,6,4148,0,0,8,2
2021-02-17T23:59:59+01:00,3,4,1581,1410,4059,5429,3383,6180,3270,8714,3718,7169,1543,1783,1818,3665,1592,5676,945,963,2829,3816,2387,4361,2369,6147,2747,5147,1171,1344,1332,2659,1096,3971,55825,43276,1725,6,3439,0,0,8,2
2021-02-16T23:59:59+01:00,3,4,1507,1343,3898,5232,3246,5999,3162,8481,3596,7003,1519,1757,1783,3635,1479,5469,859,931,2698,3660,2288,4150,2243,5825,2616,4893,1116,1253,1187,2359,842,3359,55134,40274,1708,3,2268,0,0,6,2
2021-02-15T23:59:59+01:00,3,4,1492,1325,3853,5146,3188,5912,3105,8366,3529,6897,1508,1743,1768,3612,1471,5449,825,909,2617,3531,2212,3970,2159,5547,2528,4680,1073,1189,1101,2185,778,3144,54669,38446,1706,1,1990,0,0,6,1
2021-02-14T23:59:59+01:00,3,4,1426,1297,3768,5069,3145,5803,3049,8212,3485,6788,1488,1712,1716,3485,1416,5202,816,903,2568,3463,2173,3902,2105,5427,2462,4573,1047,1153,1016,2013,707,2909,54426,37235,1095,1,1541,0,0,6,1
2021-02-13T23:59:59+01:00,3,4,1424,1296,3760,5064,3138,5802,3046,8210,3482,6786,1487,1709,1716,3483,1414,5202,816,903,2568,3463,2173,3902,2104,5427,2461,4573,1045,1152,1016,2013,707,2909,54407,37232,1094,0,1519,0,0,6,0
2021-02-12T23:59:59+01:00,3,3,1391,1280,3722,5030,3116,5782,3024,8177,3463,6742,1471,1699,1706,3466,1405,5183,809,895,2535,3410,2139,3857,2074,5373,2443,4542,1044,1151,1015,2013,706,2907,54180,36913,1092,0,1385,0,0,6,0
2021-02-11T23:59:59+01:00,3,3,1344,1237,3609,4858,3025,5608,2926,7866,3363,6530,1411,1639,1639,3288,1321,4859,772,832,2281,2966,1913,3380,1843,4629,2172,4014,961,1082,929,1821,657,2638,53549,32890,128,0,848,0,0,4,0
2021-02-10T23:59:59+01:00,3,3,1323,1215,3550,4748,2959,5503,2884,7716,3310,6400,1394,1622,1612,3248,1308,4822,695,775,1989,2557,1703,2931,1604,4022,1915,3552,851,935,766,1450,529,2148,52902,28422,126,0,589,0,0,3,0
2021-02-09T23:59:59+01:00,3,2,1310,1197,3495,4679,2929,5434,2864,7620,3273,6332,1387,1609,1584,3226,1298,4809,647,697,1729,2201,1509,2542,1419,3523,1743,3188,820,901,744,1378,508,2035,52592,25584,121,0,335,0,0,3,0
2021-02-08T23:59:59+01:00,3,2,1296,1193,3466,4649,2909,5397,2843,7568,3254,6302,1377,1602,1575,3200,1296,4791,634,663,1578,1964,1368,2288,1285,3215,1583,2928,781,880,696,1272,476,1866,52293,23477,95,0,332,0,0,3,0
2021-02-07T23:59:59+01:00,3,2,1164,1150,3359,4593,2854,5355,2816,7529,3229,6265,1367,1586,1567,3178,1291,4759,487,517,1309,1608,1128,1837,1077,2624,1355,2407,675,754,614,1113,431,1650,51997,19586,67,0,0,0,0,3,0
2021-02-06T23:59:59+01:00,3,2,1160,1148,3357,4591,2850,5352,2809,7526,3225,6261,1365,1584,1566,3175,1290,4759,363,368,1109,1356,991,1533,933,2210,1189,1988,586,652,586,1096,428,1647,51953,17035,67,0,0,0,0,3,0
2021-02-05T23:59:59+01:00,3,1,1149,1138,3341,4570,2843,5325,2798,7481,3206,6215,1359,1576,1563,3168,1289,4759,261,206,925,1038,842,1161,758,1758,1011,1579,469,546,559,1076,425,1643,51714,14257,67,0,0,0,0,3,0
2021-02-04T23:59:59+01:00,3,1,1133,1121,3296,4522,2802,5249,2755,7349,3158,6131,1345,1561,1550,3136,1280,4732,133,81,620,664,551,739,516,1147,669,987,288,363,459,930,387,1492,51076,10026,45,0,0,0,0,3,0
2021-02-03T23:59:59+01:00,3,1,1111,1115,3269,4477,2773,5207,2733,7295,3128,6074,1335,1552,1527,3096,1274,4687,115,65,494,513,420,597,415,907,513,743,240,284,359,730,303,1163,50610,7861,44,0,0,0,0,3,0
2021-02-02T23:59:59+01:00,3,1,1090,1102,3230,4446,2743,5154,2707,7219,3094,6010,1312,1524,1493,3039,1248,4596,105,56,411,415,348,519,367,820,460,661,219,261,314,660,279,1044,49965,6939,43,0,0,0,0,3,0
2021-02-01T23:59:59+01:00,3,1,1074,1091,3209,4393,2712,5093,2676,7092,3064,5913,1292,1496,1469,3003,1232,4533,78,41,314,310,256,394,274,611,326,496,180,211,248,523,217,813,49300,5292,43,0,0,0,0,3,0
2021-01-31T23:59:59+01:00,3,1,1069,1081,3194,4364,2688,5049,2661,7036,3050,5869,1281,1479,1449,2939,1209,4455,68,40,288,286,231,347,253,570,296,457,161,193,208,427,176,657,48831,4658,43,0,0,0,0,3,0
2021-01-30T23:59:59+01:00,3,1,1069,1081,3191,4360,2687,5049,2660,7035,3050,5868,1281,1478,1448,2939,1209,4455,68,37,281,272,218,331,248,559,292,451,160,190,207,427,176,657,48821,4574,40,0,0,0,0,3,0
2021-01-29T23:59:59+01:00,3,1,1068,1080,3190,4357,2687,5047,2660,7033,3047,5866,1281,1478,1448,2938,1209,4455,64,33,263,258,195,311,232,542,281,443,155,188,203,421,175,655,48805,4419,40,0,0,0,0,3,0
2021-01-28T23:59:59+01:00,3,1,1048,1061,3123,4252,2633,4936,2603,6877,2980,5735,1267,1456,1434,2872,1187,4335,55,18,166,154,129,187,162,357,206,280,124,145,157,262,102,378,47764,2882,37,0,0,0,0,2,0
2021-01-27T23:59:59+01:00,3,1,1003,1023,3037,4108,2552,4757,2508,6594,2896,5534,1237,1414,1398,2783,1154,4195,26,7,100,71,58,92,83,209,116,147,94,113,113,193,77,270,46168,1769,27,0,0,0,0,2,0
2021-01-26T23:59:59+01:00,2,1,926,994,2921,3973,2473,4572,2426,6414,2825,5379,1211,1365,1307,2630,940,3796,26,7,95,70,57,91,81,209,114,146,92,112,113,193,77,270,44137,1753,16,0,0,0,0,2,0
2021-01-25T23:59:59+01:00,2,1,911,977,2842,3844,2427,4424,2365,6217,2766,5228,1193,1343,1293,2605,930,3763,26,7,94,70,55,91,81,209,114,144,92,112,113,193,77,270,43119,1748,11,0,0,0,0,1,0
2021-01-24T23:59:59+01:00,2,1,901,973,2822,3829,2417,4392,2339,6178,2733,5167,1181,1337,1284,2583,917,3729,26,7,94,70,55,91,81,209,113,144,91,112,113,193,77,270,42776,1746,8,0,0,0,0,1,0
2021-01-23T23:59:59+01:00,2,1,901,973,2822,3828,2417,4392,2339,6178,2732,5167,1179,1336,1284,2583,917,3729,26,7,94,70,55,91,81,209,113,144,91,112,113,193,77,269,42773,1745,7,0,0,0,0,0,0
2021-01-22T23:59:59+01:00,2,1,895,966,2790,3782,2383,4327,2308,6103,2711,5120,1178,1335,1283,2582,916,3726,26,7,94,70,55,91,81,209,113,144,91,112,113,193,77,269,42401,1745,7,0,0,0,0,0,0
2021-01-21T23:59:59+01:00,2,1,880,898,2532,3366,2182,3910,2128,5494,2487,4634,1126,1287,1239,2461,886,3574,22,7,83,64,51,74,68,169,93,133,81,97,96,143,65,208,39080,1454,7,0,0,0,0,0,0
2021-01-20T23:59:59+01:00,2,1,805,836,2220,2960,1975,3444,1896,4885,2231,4157,1014,1147,1081,2115,773,3111,22,7,83,64,51,73,68,169,93,133,81,97,96,143,64,208,34646,1452,7,0,0,0,0,0,0
2021-01-19T23:59:59+01:00,2,1,745,758,1930,2516,1732,2982,1660,4229,1988,3685,941,1052,961,1842,676,2762,11,3,50,45,32,45,35,100,44,77,36,37,46,75,39,133,30456,808,6,0,0,0,0,0,0
2021-01-18T23:59:59+01:00,2,1,675,702,1702,2118,1494,2506,1412,3544,1732,3179,860,967,862,1636,624,2492,5,2,19,11,13,20,17,54,17,33,19,22,25,53,28,75,26505,413,3,0,0,0,0,0,0
2021-01-17T23:59:59+01:00,1,1,495,542,1385,1715,1213,1971,1156,2808,1453,2556,721,815,714,1357,514,2123,0,1,3,2,0,0,0,0,0,0,0,0,0,0,0,0,21538,6,2,0,0,0,0,0,0
2021-01-16T23:59:59+01:00,1,0,372,395,1203,1468,1093,1684,1015,2408,1296,2149,634,717,686,1341,512,2122,0,0,0,0,0,0,0,0,0,0,0,0,0,0,0,0,19095,0,1,0,0,0,0,0,0
2021-01-15T23:59:59+01:00,1,0,266,232,1019,1166,944,1337,846,1960,1116,1748,517,607,648,1308,501,2082,0,0,0,0,0,0,0,0,0,0,0,0,0,0,0,0,16297,0,1,0,0,0,0,0,0
2021-01-14T23:59:59+01:00,0,0,151,102,703,778,652,866,610,1302,751,1130,331,420,539,1126,451,1858,0,0,0,0,0,0,0,0,0,0,0,0,0,0,0,0,11770,0,0,0,0,0,0,0,0
2021-01-13T23:59:59+01:00,0,0,127,81,592,608,528,698,493,1046,593,865,278,346,453,958,394,1590,0,0,0,0,0,0,0,0,0,0,0,0,0,0,0,0,9650,0,0,0,0,0,0,0,0
2021-01-12T23:59:59+01:00,0,0,116,65,511,520,449,596,430,919,522,762,244,297,369,766,328,1242,0,0,0,0,0,0,0,0,0,0,0,0,0,0,0,0,8136,0,0,0,0,0,0,0,0
2021-01-11T23:59:59+01:00,0,0,87,52,417,421,365,485,344,742,415,589,210,246,309,637,269,1045,0,0,0,0,0,0,0,0,0,0,0,0,0,0,0,0,6633,0,0,0,0,0,0,0,0
2021-01-10T23:59:59+01:00,0,0,73,45,352,348,299,404,288,645,345,522,185,218,249,505,212,814,0,0,0,0,0,0,0,0,0,0,0,0,0,0,0,0,5504,0,0,0,0,0,0,0,0
2021-01-09T23:59:59+01:00,0,0,73,43,337,328,275,382,280,629,337,515,184,217,248,503,212,814,0,0,0,0,0,0,0,0,0,0,0,0,0,0,0,0,5377,0,0,0,0,0,0,0,0
2021-01-08T23:59:59+01:00,0,0,69,37,303,296,229,341,253,588,310,476,167,199,223,445,192,716,0,0,0,0,0,0,0,0,0,0,0,0,0,0,0,0,4844,0,0,0,0,0,0,0,0
2021-01-07T23:59:59+01:00,0,0,58,25,213,198,160,242,194,421,239,340,138,160,169,288,121,445,0,0,0,0,0,0,0,0,0,0,0,0,0,0,0,0,3411,0,0,0,0,0,0,0,0
2021-01-06T23:59:59+01:00,0,0,47,16,163,120,113,161,144,294,176,240,108,128,128,222,82,312,0,0,0,0,0,0,0,0,0,0,0,0,0,0,0,0,2454,0,0,0,0,0,0,0,0
2021-01-05T23:59:59+01:00,0,0,29,8,97,72,58,94,86,212,115,149,98,118,119,204,81,291,0,0,0,0,0,0,0,0,0,0,0,0,0,0,0,0,1831,0,0,0,0,0,0,0,0
2021-01-04T23:59:59+01:00,0,0,27,8,97,71,55,92,86,212,115,147,98,117,119,204,81,291,0,0,0,0,0,0,0,0,0,0,0,0,0,0,0,0,1820,0,0,0,0,0,0,0,0
2021-01-03T23:59:59+01:00,0,0,27,8,97,71,55,92,86,212,114,147,97,117,119,204,81,291,0,0,0,0,0,0,0,0,0,0,0,0,0,0,0,0,1818,0,0,0,0,0,0,0,0
2021-01-02T23:59:59+01:00,0,0,27,8,97,71,55,92,86,212,113,147,97,117,119,204,81,290,0,0,0,0,0,0,0,0,0,0,0,0,0,0,0,0,1816,0,0,0,0,0,0,0,0
2021-01-01T23:59:59+01:00,0,0,27,8,97,71,55,92,86,212,113,146,97,117,119,204,81,290,0,0,0,0,0,0,0,0,0,0,0,0,0,0,0,0,1815,0,0,0,0,0,0,0,0
2020-12-31T23:59:59+01:00,0,0,27,8,97,71,55,92,86,212,112,146,97,117,119,204,81,290,0,0,0,0,0,0,0,0,0,0,0,0,0,0,0,0,1814,0,0,0,0,0,0,0,0
2020-12-30T23:59:59+01:00,0,0,27,8,97,71,54,92,86,212,112,146,97,117,119,204,80,290,0,0,0,0,0,0,0,0,0,0,0,0,0,0,0,0,1812,0,0,0,0,0,0,0,0
2020-12-29T23:59:59+01:00,0,0,15,2,65,53,32,61,50,138,64,89,47,51,66,119,51,195,0,0,0,0,0,0,0,0,0,0,0,0,0,0,0,0,1098,0,0,0,0,0,0,0,0
2020-12-28T23:59:59+01:00,0,0,5,2,36,26,19,30,21,67,25,41,20,22,26,47,28,74,0,0,0,0,0,0,0,0,0,0,0,0,0,0,0,0,489,0,0,0,0,0,0,0,0
2020-12-27T23:59:59+01:00,0,0,0,0,7,5,7,2,1,5,0,2,0,1,2,2,4,6,0,0,0,0,0,0,0,0,0,0,0,0,0,0,0,0,44,0,0,0,0,0,0,0,0
