Datum,<24_1_m,<24_1_w,25-34_1_m,25-34_1_w,35-44_1_m,35-44_1_w,45-54_1_m,45-54_1_w,55-64_1_m,55-64_1_w,65-74_1_m,65-74_1_w,75-84_1_m,75-84_1_w,>84_1_m,>84_1_w,<24_2_m,<24_2_w,25-34_2_m,25-34_2_w,35-44_2_m,35-44_2_w,45-54_2_m,45-54_2_w,55-64_2_m,55-64_2_w,65-74_2_m,65-74_2_w,75-84_2_m,75-84_2_w,>84_2_m,>84_2_w,bp_1,bp_2,mo_1,mo_2,az_1,az_2,ja
2021-05-24T23:59:59+02:00,16779,18373,37865,42057,38328,43494,44352,53577,65482,71886,46293,58203,37756,52440,8234,17045,4946,5067,10058,12364,9724,14041,11746,18806,16448,21125,22472,28455,29378,40152,6865,14210,448022,210042,60706,35231,140917,18065,2519
2021-05-23T23:59:59+02:00,16593,18177,37400,41696,37905,43122,43920,53196,65256,71693,46240,58127,37736,52413,8232,17040,4731,4907,9605,11893,9102,13447,10776,17990,15396,20153,22043,27944,29201,39942,6850,14176,444981,203463,60346,35154,140901,17021,2518
2021-05-22T23:59:59+02:00,16355,17917,36706,41166,37264,42679,43359,52798,64282,70727,46054,57886,37681,52318,8223,17021,4591,4564,9418,11511,8943,13129,10527,17530,15172,19798,21959,27844,29175,39913,6846,14170,438713,202327,60343,35154,140893,15122,2487
2021-05-21T23:59:59+02:00,15916,17450,35639,40271,36247,41803,42307,51895,63018,69515,45856,57578,37608,52188,8210,16989,4469,4450,9219,11252,8749,12892,10190,17200,14812,19454,21770,27585,29122,39831,6837,14164,429329,200517,60013,34861,140672,14142,2476
2021-05-20T23:59:59+02:00,15049,16667,34233,38806,34907,40531,40935,50691,61895,68495,45605,57294,37491,52029,8194,16948,4310,4250,8742,10721,8180,12245,9521,16411,14102,18526,21059,26603,28957,39571,6806,14094,419512,196415,58388,34047,139693,11459,2177
2021-05-19T23:59:59+02:00,14444,16048,33108,37357,33856,39312,39843,49741,60032,66836,45221,56823,37327,51799,8155,16855,4197,4094,8482,10379,7909,11872,9088,15932,13458,17833,20278,25574,28751,39296,6755,13993,409167,192330,56933,33256,138664,10312,1993
2021-05-18T23:59:59+02:00,13939,15535,32101,36368,32829,38420,38846,48814,58083,65098,44917,56418,37190,51578,8129,16804,3975,3884,8028,9809,7455,11348,8547,15259,12775,17048,19416,24460,28551,38998,6723,13893,400761,188359,55042,32417,137524,7651,1742
2021-05-17T23:59:59+02:00,13628,15221,31612,35843,32376,37876,38258,48179,56194,63396,44287,55661,36951,51230,8102,16745,3867,3742,7781,9543,7161,11058,8141,14851,12197,16412,18580,23428,28353,38722,6694,13826,393359,184164,53968,31672,136773,7061,1459
2021-05-16T23:59:59+02:00,13376,14932,31102,35350,31925,37391,37723,47608,54330,61543,43801,55039,36779,50948,8078,16702,3738,3620,7510,9254,6834,10735,7652,14373,11625,15801,17715,22378,28170,38473,6666,13768,386523,180014,53008,30842,136137,6497,959
2021-05-15T23:59:59+02:00,13194,14690,30846,35030,31674,37064,37497,47364,52752,60035,43590,54769,36707,50824,8075,16676,3718,3603,7490,9231,6822,10719,7638,14361,11611,15782,17567,22128,27995,38206,6660,13761,380745,179045,53008,30842,136089,6460,945
2021-05-14T23:59:59+02:00,12904,14358,30384,34547,31317,36610,36981,46885,50913,58211,43267,54325,36586,50645,8061,16645,3687,3579,7428,9174,6772,10658,7583,14298,11379,15520,16875,21079,27748,37794,6647,13730,373086,176219,52696,30508,135960,6327,897
2021-05-13T23:59:59+02:00,12570,13984,29749,33919,30738,36004,36280,46222,49485,56682,42891,53777,36429,50420,8042,16617,3607,3526,7317,9081,6695,10570,7481,14193,10985,15065,15857,19906,27417,37226,6610,13663,366059,172489,51706,29963,135247,5950,797
2021-05-12T23:59:59+02:00,12422,13813,29477,33616,30478,35723,35983,45908,49233,56400,42798,53680,36381,50342,8036,16580,3587,3502,7292,9047,6671,10538,7459,14161,10791,14893,15483,19439,27153,36826,6593,13619,363471,170520,51628,29952,135095,5906,676
2021-05-11T23:59:59+02:00,12003,13409,28651,32829,29659,34992,35124,45124,47547,54671,42406,53155,36221,50067,8007,16495,3481,3376,7051,8779,6470,10240,7242,13787,10244,14285,14545,18309,26802,36316,6569,13540,356713,166917,49944,29084,133249,4581,454
2021-05-10T23:59:59+02:00,11638,13090,27924,32115,28877,34298,34344,44362,46300,53425,42045,52690,36047,49778,7962,16399,3438,3321,6924,8654,6378,10132,7107,13592,9934,13931,13855,17462,26438,35780,6548,13475,350510,164151,48830,28718,131605,3751,349
2021-05-09T23:59:59+02:00,11357,12796,27243,31436,28237,33627,33603,43669,44823,51957,41608,52149,35865,49497,7933,16323,3382,3263,6798,8511,6279,9989,7003,13388,9524,13543,13126,16583,26121,35321,6532,13430,343581,161341,47759,28170,130520,3019,263
2021-05-08T23:59:59+02:00,11247,12712,26839,31131,27802,33318,33157,43370,43810,51132,41480,52010,35826,49441,7931,16317,3378,3260,6794,8509,6272,9982,6998,13376,9514,13528,12992,16400,25541,34498,6502,13367,339110,159498,47719,28145,130434,3008,260
2021-05-07T23:59:59+02:00,11077,12534,26379,30768,27374,32964,32659,43022,42800,50330,41246,51703,35727,49290,7921,16296,3322,3229,6747,8471,6226,9935,6944,13322,9288,13229,12300,15493,24736,33332,6463,13302,334151,155495,47416,27784,130281,2818,242
2021-05-06T23:59:59+02:00,10630,12186,25432,30007,26344,32184,31438,42196,41283,49167,40902,51190,35555,49069,7887,16234,3253,3171,6619,8331,6117,9806,6789,13140,8984,12864,11561,14505,23935,32191,6438,13246,326417,151776,46352,26848,128703,2094,232
2021-05-05T23:59:59+02:00,10208,11948,24557,29414,25479,31511,30329,41404,39385,47370,40504,50671,35357,48805,7840,16134,3208,3132,6509,8205,6024,9695,6687,12998,8707,12543,10748,13550,23095,31089,6413,13190,318610,147969,45503,25972,126654,1703,149
2021-05-04T23:59:59+02:00,9919,11675,23753,28775,24513,30783,29254,40551,37925,45929,40075,50127,35109,48485,7798,16031,3172,3108,6443,8137,5946,9628,6616,12928,8411,12247,9940,12605,22313,30036,6389,13139,312041,144327,44544,25174,124066,1506,51
2021-05-03T23:59:59+02:00,9675,11413,23016,28190,23702,30201,28329,39825,37048,45222,39739,49694,34915,48204,7757,15938,3122,3075,6372,8061,5874,9567,6525,12844,8136,11969,9108,11570,21565,29041,6368,13101,307214,140655,43772,24364,121868,1265,14
2021-05-02T23:59:59+02:00,9476,11193,22354,27631,22968,29617,27495,39191,36313,44636,39498,49373,34810,48032,7727,15886,3083,3053,6334,8020,5845,9535,6489,12809,7896,11721,8422,10784,21015,28323,6350,13086,302427,137529,43010,24092,120754,1135,9
2021-05-01T23:59:59+02:00,9290,10983,21968,27158,22485,29040,26831,38460,35523,43766,39268,49040,34726,47891,7723,15874,3076,3047,6312,8013,5833,9529,6471,12794,7882,11709,8382,10708,20983,28282,6346,13083,296369,137257,43009,24087,120639,1097,9
2021-04-30T23:59:59+02:00,9104,10766,21582,26728,22029,28487,26050,37678,34602,42853,39052,48737,34642,47761,7711,15854,3057,3032,6291,7999,5815,9514,6446,12774,7852,11677,8342,10630,20938,28214,6344,13077,290169,136967,43003,24018,120457,1010,7
2021-04-29T23:59:59+02:00,8789,10487,20998,26151,21355,27792,25081,36704,33350,41487,38076,47426,34363,47330,7662,15742,3019,2991,6196,7891,5740,9410,6344,12627,7615,11359,7720,9924,20588,27749,6325,13014,281502,134931,42219,22809,119066,766,6
2021-04-28T23:59:59+02:00,8480,10239,20474,25670,20706,27197,24159,35797,31967,39985,36991,45952,34054,46878,7609,15622,2947,2939,6087,7772,5641,9292,6248,12467,7347,11039,7047,9086,20227,27242,6287,12950,272875,132540,41449,21525,117450,547,6
2021-04-27T23:59:59+02:00,8268,10033,20043,25249,20097,26671,23322,35022,30794,38621,35977,44629,33725,46365,7553,15514,2920,2908,5985,7671,5590,9202,6176,12342,7101,10795,6448,8361,19877,26808,6272,12934,265346,130476,40585,20602,115946,306,6
2021-04-26T23:59:59+02:00,8055,9835,19627,24837,19555,26145,22498,34252,29605,37357,34995,43320,33458,45922,7512,15398,2903,2896,5950,7630,5548,9165,6138,12301,6866,10557,5855,7652,19548,26424,6254,12911,257841,128555,39766,19763,114759,275,5
2021-04-25T23:59:59+02:00,7923,9681,19287,24574,19179,25808,21860,33616,28594,36332,33956,42000,33172,45534,7478,15327,2890,2886,5934,7609,5528,9147,6117,12276,6828,10521,5697,7435,19254,26007,6238,12869,250767,127939,39054,19027,114495,265,5
2021-04-24T23:59:59+02:00,7720,9466,18846,24140,18629,25277,21033,32768,27605,35359,33728,41706,33093,45397,7468,15316,2886,2881,5920,7601,5521,9139,6111,12273,6813,10502,5617,7317,19174,25893,6235,12861,244897,127502,39053,18992,113596,245,5
2021-04-23T23:59:59+02:00,7465,9241,18389,23671,18069,24661,20170,31913,26487,34163,33030,40631,32966,45195,7456,15295,2878,2862,5891,7579,5487,9097,6069,12235,6767,10447,5419,7015,18653,25279,6160,12732,237433,125668,38728,18673,112636,224,5
2021-04-22T23:59:59+02:00,7202,9000,17763,23050,17272,23879,19092,30862,25187,32709,32083,39392,32745,44873,7420,15225,2861,2844,5849,7525,5441,9015,6002,12157,6683,10367,5079,6552,17986,24445,6072,12578,228471,123542,37813,17717,111465,192,5
2021-04-21T23:59:59+02:00,6962,8799,17224,22546,16601,23287,18081,29922,23665,31127,31150,38223,32481,44489,7376,15147,2842,2824,5809,7474,5389,8942,5939,12059,6584,10289,4870,6212,17332,23648,5985,12429,219704,121495,37045,16963,110326,164,5
2021-04-20T23:59:59+02:00,6749,8574,16653,22065,15855,22601,17046,28891,22213,29627,30099,36838,32195,44124,7332,15065,2825,2809,5766,7436,5349,8896,5889,11994,6509,10223,4722,5998,16739,22921,5894,12283,210855,119847,36173,16245,108894,156,5
2021-04-19T23:59:59+02:00,6537,8391,16103,21631,15180,22036,16020,27962,20788,28211,28856,35309,31912,43701,7284,14965,2812,2794,5745,7405,5315,8866,5846,11946,6429,10145,4561,5788,16117,22235,5815,12163,202252,118231,35401,15594,107228,152,5
2021-04-18T23:59:59+02:00,6323,8227,15651,21290,14544,21470,14967,27133,19428,27001,27607,33788,31617,43325,7239,14884,2751,2741,5612,7280,5209,8754,5745,11797,6329,10033,4403,5566,15548,21585,5728,12025,193750,116621,34574,14331,106165,149,5
2021-04-17T23:59:59+02:00,6278,8190,15495,21213,14376,21386,14706,26941,19152,26730,27143,33286,31510,43200,7233,14872,2718,2690,5512,7127,5096,8596,5647,11603,6240,9921,4340,5479,15327,21318,5721,12016,192543,114885,34570,14327,104593,134,5
2021-04-16T23:59:59+02:00,6198,8129,15314,21045,14165,21239,14401,26667,18644,26194,26219,32192,31391,43006,7212,14854,2664,2627,5392,6949,4975,8418,5483,11363,6055,9710,4102,5214,14722,20556,5646,11913,189189,111725,34287,13936,103389,123,5
2021-04-15T23:59:59+02:00,6114,8036,15095,20827,13894,20952,13939,26287,17875,25411,25016,30749,31165,42710,7186,14785,2584,2524,5192,6697,4772,8115,5278,11045,5843,9435,3886,4931,13915,19498,5555,11789,184643,107952,33479,12994,101914,108,5
2021-04-14T23:59:59+02:00,6018,7953,14887,20620,13638,20714,13529,25940,17047,24625,23610,29129,30884,42345,7141,14701,2369,2387,4985,6440,4589,7870,5056,10794,5623,9171,3741,4688,13193,18616,5462,11620,180040,104940,32598,11558,100138,101,5
2021-04-13T23:59:59+02:00,5951,7889,14692,20481,13416,20532,13153,25623,16314,23925,22091,27484,30616,41959,7114,14602,2269,2319,4819,6246,4413,7665,4850,10542,5439,8954,3604,4509,12660,18010,5371,11489,175846,102618,31726,10445,98265,91,5
2021-04-12T23:59:59+02:00,5872,7800,14466,20283,13119,20278,12751,25187,15598,23201,20655,25723,30362,41647,7080,14534,2123,2206,4644,6091,4265,7481,4691,10358,5302,8800,3477,4349,12229,17492,5284,11362,171520,100948,30674,9111,96357,90,5
2021-04-11T23:59:59+02:00,5780,7712,14248,20087,12831,20062,12315,24821,14914,22543,19299,24123,30138,41348,7044,14462,2079,2168,4529,5978,4152,7358,4568,10236,5177,8685,3350,4205,11743,16886,5176,11193,167295,99222,29723,8168,94704,88,5
2021-04-10T23:59:59+02:00,5776,7704,14233,20077,12823,20052,12298,24807,14831,22451,18629,23209,29893,40991,7026,14439,2073,2156,4520,5968,4140,7347,4555,10220,5116,8607,3245,4091,11185,16054,5064,11014,166232,97098,29697,8168,93305,84,5
2021-04-09T23:59:59+02:00,5762,7690,14206,20028,12787,20004,12253,24759,14453,22010,17184,21416,29541,40450,6998,14404,2048,2147,4502,5950,4114,7323,4512,10187,5080,8556,3130,3954,10321,15062,4954,10855,163657,94685,29359,7924,90925,82,4
2021-04-08T23:59:59+02:00,5714,7661,14111,19954,12712,19927,12147,24650,13999,21445,15467,19306,29004,39554,6947,14296,2024,2131,4476,5895,4062,7243,4447,10110,5012,8485,3022,3834,9818,14450,4787,10648,159841,92861,28339,7500,88711,80,3
2021-04-07T23:59:59+02:00,5679,7626,14008,19878,12628,19848,12058,24540,13524,20971,14026,17500,28440,38722,6900,14205,2002,2118,4425,5826,3979,7167,4358,10021,4927,8398,2922,3729,9050,13305,4594,10326,155516,90353,27463,6722,87571,69,3
2021-04-06T23:59:59+02:00,5643,7595,13912,19806,12548,19792,11977,24475,13037,20479,12427,15496,27860,37904,6883,14139,1930,2054,4296,5706,3880,7042,4238,9879,4824,8277,2809,3605,8308,12326,4378,10037,151518,87994,26583,5524,85869,68,3
2021-04-05T23:59:59+02:00,5603,7562,13841,19739,12477,19724,11922,24390,12637,20098,10826,13538,27247,36986,6846,14078,1853,1974,4131,5552,3717,6889,4084,9742,4685,8153,2663,3472,7469,11320,4183,9746,148332,85654,25523,3910,83656,66,3
2021-04-04T23:59:59+02:00,5589,7543,13830,19718,12472,19708,11914,24376,12498,19979,9789,12239,26851,36424,6825,14033,1851,1969,4125,5550,3715,6885,4080,9736,4684,8149,2657,3459,7216,10827,4118,9657,146599,84706,25521,3910,81665,59,3
2021-04-03T23:59:59+02:00,5585,7533,13815,19701,12464,19700,11905,24366,12478,19930,8763,11029,26097,35351,6784,13939,1848,1966,4123,5545,3713,6881,4072,9724,4669,8139,2651,3448,7061,10550,4100,9599,144142,84119,25516,3910,79780,58,2
2021-04-02T23:59:59+02:00,5579,7513,13776,19676,12429,19658,11862,24319,12385,19847,8082,10051,24667,33442,6672,13730,1837,1951,4097,5524,3692,6839,4032,9645,4542,7860,2518,3310,6678,10128,3982,9439,139695,82325,25179,3689,78812,58,2
2021-04-01T23:59:59+02:00,5516,7431,13684,19540,12317,19515,11714,24158,11764,19371,7356,9137,23334,31690,6576,13540,1764,1880,3994,5425,3630,6774,3962,9577,4471,7757,2417,3159,6151,9398,3852,9233,135501,80105,24052,3286,77088,51,2
2021-03-31T23:59:59+02:00,5460,7369,13560,19390,12187,19369,11536,23958,11483,19120,6844,8502,22045,29977,6454,13355,1750,1868,3973,5402,3597,6746,3927,9527,4435,7707,2345,3073,5638,8709,3723,9066,131586,78362,22968,3071,76053,51,2
2021-03-30T23:59:59+02:00,5393,7293,13428,19233,12077,19201,11404,23795,11319,18983,6453,8076,20833,28431,6346,13187,1731,1831,3932,5367,3529,6677,3839,9408,4308,7537,2202,2858,5196,8147,3617,8853,128234,76164,22045,2831,75173,37,0
2021-03-29T23:59:59+02:00,5341,7244,13321,19146,12016,19117,11310,23693,11177,18838,6113,7633,19587,26972,6251,13035,1668,1786,3883,5326,3446,6603,3728,9259,4153,7344,2092,2725,4599,7432,3507,8636,124676,73533,21183,2619,74935,35,0
2021-03-28T23:59:59+02:00,5280,7170,13206,19005,11936,19036,11218,23589,11075,18736,5775,7249,18584,25635,6157,12877,1631,1733,3774,5220,3244,6363,3665,9167,4102,7293,2028,2659,3799,6344,3387,8458,121705,70520,20400,2323,74423,24,0
2021-03-27T23:59:59+01:00,5243,7107,13098,18840,11815,18870,11109,23379,10970,18606,5702,7144,18322,25317,6149,12867,1625,1730,3770,5215,3241,6357,3345,8765,3941,7050,2023,2655,3780,6307,3358,8402,119873,69229,20365,2323,74300,12,0
2021-03-26T23:59:59+01:00,5195,7042,12987,18659,11699,18680,10945,23149,10818,18411,5509,6884,17742,24549,6074,12759,1624,1728,3764,5209,3220,6340,3323,8744,3712,6560,1874,2316,3484,5981,3241,8217,116820,67009,20027,2317,74255,11,0
2021-03-25T23:59:59+01:00,5116,6941,12783,18405,11501,18360,10729,22818,10580,18094,5255,6558,16752,23270,5973,12614,1613,1717,3742,5179,3189,6315,3274,8707,3660,6519,1794,2174,3028,5280,3123,7977,112860,65065,18959,2217,73930,9,0
2021-03-24T23:59:59+01:00,5017,6803,12573,17968,11297,17974,10504,22428,10368,17768,4936,6150,15748,22116,5869,12432,1587,1704,3718,5131,3154,6250,3217,8638,3611,6450,1737,2117,2696,4901,3000,7751,109794,63678,17873,1975,72284,9,0
2021-03-23T23:59:59+01:00,4947,6705,12408,17638,11114,17630,10316,22068,10171,17508,4800,5917,15083,21331,5765,12289,1571,1698,3705,5113,3133,6233,3197,8589,3577,6406,1703,2063,2447,4606,2817,7464,107501,62379,17147,1934,71042,9,0
2021-03-22T23:59:59+01:00,4886,6603,12210,17299,10936,17309,10112,21736,9961,17239,4642,5690,14460,20619,5663,12140,1555,1689,3680,5077,3103,6195,3163,8539,3543,6359,1660,2009,2234,4326,2641,7168,105682,61138,16436,1795,69387,8,0
2021-03-21T23:59:59+01:00,4794,6448,11924,16885,10663,16912,9860,21294,9714,16916,4511,5503,13773,19830,5544,11963,1546,1688,3663,5060,3082,6162,3142,8508,3524,6335,1642,1989,2058,4140,2491,6931,103814,60164,15140,1789,67580,8,0
2021-03-20T23:59:59+01:00,4755,6356,11782,16535,10533,16617,9720,20976,9538,16649,4386,5346,13142,18881,5427,11768,1545,1687,3663,5059,3079,6161,3139,8504,3519,6331,1636,1984,2026,4076,2472,6893,101634,59977,15136,1789,65641,8,0
2021-03-19T23:59:59+01:00,4699,6251,11608,16176,10363,16258,9539,20587,9331,16317,4199,5128,12128,17675,5304,11599,1537,1681,3646,5026,3048,6088,3100,8411,3416,6160,1523,1891,1955,4017,2362,6689,98950,58759,14728,1785,63484,6,0
2021-03-18T23:59:59+01:00,4602,6114,11339,15738,10100,15832,9272,20118,9119,15996,4055,4961,11476,16797,5117,11365,1531,1665,3631,4993,3026,6044,3081,8354,3390,6120,1504,1858,1916,3943,2236,6486,97152,58077,13721,1695,61128,6,0
2021-03-17T23:59:59+01:00,4404,5978,11046,15305,9846,15484,9030,19740,8880,15676,3927,4776,10635,15501,4900,11026,1529,1662,3618,4973,3022,6026,3070,8317,3373,6098,1502,1838,1892,3912,2125,6302,94508,57572,12181,1681,59465,6,0
2021-03-16T23:59:59+01:00,4244,5826,10689,14836,9596,15116,8737,19300,8602,15331,3785,4618,9795,14334,4669,10736,1514,1659,3614,4967,3013,6019,3064,8309,3363,6083,1481,1815,1855,3863,2007,6126,92191,57143,10988,1603,57035,6,0
2021-03-15T23:59:59+01:00,4077,5673,10373,14361,9307,14649,8434,18824,8339,14944,3635,4441,9057,13235,4498,10483,1503,1651,3596,4953,3002,5996,3045,8271,3343,6040,1465,1803,1840,3830,1894,5941,90241,56565,9623,1603,54466,5,0
2021-03-14T23:59:59+01:00,3997,5557,10091,13909,9050,14255,8119,18338,8078,14575,3457,4235,8217,11953,4250,10111,1489,1644,3571,4934,2980,5947,3025,8193,3318,5977,1431,1752,1782,3694,1731,5560,87924,56040,8610,983,51658,5,0
2021-03-13T23:59:59+01:00,3918,5345,9843,13387,8879,13838,7940,17925,7937,14285,3380,4167,8021,11646,4218,10044,1489,1644,3571,4934,2979,5947,3025,8193,3317,5975,1427,1751,1780,3690,1730,5559,87273,56023,8610,983,48890,5,0
2021-03-12T23:59:59+01:00,3833,5167,9595,12854,8652,13292,7693,17255,7583,13592,3223,4015,7636,11223,4111,9896,1487,1640,3568,4921,2975,5942,3018,8187,3313,5969,1401,1718,1759,3672,1632,5383,85517,55597,8362,983,45741,5,0
2021-03-11T23:59:59+01:00,3659,4801,9231,12132,8353,12620,7340,16465,7271,13007,3067,3814,7048,10453,3968,9661,1463,1623,3540,4879,2929,5853,2982,8069,3263,5880,1359,1663,1679,3458,1436,4876,83089,54851,7915,97,41886,4,0
2021-03-10T23:59:59+01:00,3577,4647,8661,11628,7733,12144,7030,15921,6978,12482,2910,3671,6461,9705,3842,9459,1448,1606,3511,4818,2897,5771,2944,7920,3207,5779,1322,1620,1624,3357,1318,4600,81285,53665,7360,74,38204,3,0
2021-03-09T23:59:59+01:00,3441,4431,7906,11178,6891,11652,6631,15302,6627,11911,2690,3383,5933,9054,3721,9230,1442,1601,3486,4768,2871,5707,2928,7870,3190,5735,1306,1597,1592,3316,1208,4401,79005,52976,6008,40,34968,2,0
2021-03-08T23:59:59+01:00,3239,4145,7180,10653,6156,11172,6236,14753,6251,11390,2497,3189,5309,8288,3621,9030,1434,1589,3464,4700,2843,5638,2891,7779,3162,5665,1303,1588,1588,3308,1204,4399,76196,52514,4914,40,31999,1,0
2021-03-07T23:59:59+01:00,3105,3976,6831,10150,5735,10617,5958,14310,6029,11042,2407,3111,4480,7151,3478,8835,1431,1586,3460,4695,2838,5626,2887,7760,3153,5654,1299,1570,1568,3270,1187,4359,72959,52304,4084,39,30172,0,0
2021-03-06T23:59:59+01:00,3054,3790,6637,9711,5540,10185,5446,13391,5707,10415,2393,3095,4475,7139,3475,8834,1430,1584,3458,4692,2836,5625,2886,7759,3152,5651,1297,1567,1568,3268,1186,4359,71737,52279,4084,39,27466,0,0
2021-03-05T23:59:59+01:00,2947,3473,6415,9166,5339,9777,5271,12814,5308,9433,2193,2701,4078,6723,3366,8664,1417,1577,3441,4678,2831,5612,2878,7741,3141,5633,1284,1564,1568,3263,1181,4355,69418,52125,3853,39,24397,0,0
2021-03-04T23:59:59+01:00,2852,3219,6195,8748,5186,9432,5094,12383,5132,9097,2080,2501,3510,5872,3242,8398,1405,1555,3401,4583,2799,5548,2847,7641,3114,5572,1270,1557,1558,3252,1176,4344,67370,51583,3412,39,22159,0,0
2021-03-03T23:59:59+01:00,2789,3140,6015,8338,5007,9052,4883,11929,4951,8681,1996,2398,3088,5393,3113,8151,1382,1545,3365,4532,2761,5485,2806,7537,3072,5509,1257,1536,1539,3221,1170,4327,65937,51006,3171,38,19816,0,0
2021-03-02T23:59:59+01:00,2727,3032,5845,8003,4850,8783,4723,11525,4813,8389,1918,2311,2778,5022,2921,7864,1376,1534,3346,4515,2745,5457,2793,7490,3064,5480,1253,1528,1520,3202,1168,4323,64607,50756,2915,38,17982,0,0
2021-03-01T23:59:59+01:00,2691,2984,5739,7779,4761,8659,4637,11368,4715,8225,1867,2230,2470,4680,2753,7584,1368,1531,3333,4496,2736,5424,2774,7439,3053,5463,1247,1524,1513,3194,1166,4319,63359,50542,2694,38,17089,0,0
2021-02-28T23:59:59+01:00,2624,2925,5558,7521,4590,8436,4506,11186,4617,8109,1816,2172,2175,4359,2575,7311,1356,1524,3321,4486,2728,5417,2767,7422,3046,5453,1243,1521,1507,3178,1165,4288,62277,50384,2393,38,15810,0,0
2021-02-27T23:59:59+01:00,2509,2546,5400,7138,4489,8130,4429,10835,4550,7877,1789,2119,2148,4316,2557,7259,1353,1521,3319,4486,2723,5415,2763,7418,3042,5451,1242,1520,1506,3178,1165,4288,62047,50355,2393,35,13651,0,0
2021-02-26T23:59:59+01:00,2443,2439,5257,6905,4344,7877,4279,10567,4345,7602,1667,2031,2090,4280,2452,7082,1332,1507,3301,4452,2713,5375,2751,7367,3019,5402,1236,1510,1502,3171,1164,4286,60735,50054,2387,34,12538,0,0
2021-02-25T23:59:59+01:00,2312,2308,4896,6493,3934,7409,4006,10067,4129,7258,1618,1986,2058,4221,2337,6891,1313,1487,3269,4412,2675,5315,2714,7257,2982,5320,1225,1494,1488,3131,1152,4231,60255,49433,2281,32,9387,0,0
2021-02-24T23:59:59+01:00,2273,2236,4775,6269,3840,7191,3878,9829,4014,7116,1598,1961,2028,4177,2223,6695,1299,1476,3239,4347,2641,5248,2689,7179,2952,5253,1209,1476,1465,3082,1141,4166,59711,48840,2037,22,8355,0,0
2021-02-23T23:59:59+01:00,2016,2041,4412,5800,3569,6789,3657,9454,3867,6867,1582,1932,1983,4133,2110,6513,1279,1464,3197,4312,2616,5188,2665,7105,2914,5204,1192,1455,1440,3045,1131,4117,59262,48316,1991,8,5472,0,0
2021-02-22T23:59:59+01:00,2005,2018,4356,5741,3533,6724,3591,9357,3812,6779,1550,1910,1960,4080,1994,6320,1274,1446,3177,4271,2595,5148,2639,7044,2885,5157,1184,1444,1428,3035,1125,4108,58725,47957,1848,3,5157,0,0
2021-02-21T23:59:59+01:00,1994,2011,4322,5707,3490,6690,3552,9292,3772,6737,1540,1904,1954,4071,1877,6155,1266,1430,3155,4234,2567,5097,2625,6977,2855,5075,1171,1428,1405,2973,1102,4036,58378,47393,1844,3,4846,0,0
2021-02-20T23:59:59+01:00,1993,2009,4317,5705,3488,6690,3552,9291,3771,6736,1535,1903,1952,4067,1876,6155,1266,1430,3154,4232,2567,5097,2624,6976,2855,5075,1171,1427,1404,2973,1102,4036,58364,47386,1844,3,4832,0,0
2021-02-19T23:59:59+01:00,1972,2000,4307,5689,3480,6675,3541,9281,3760,6722,1510,1871,1930,4047,1777,5975,1264,1429,3154,4231,2566,5096,2624,6974,2853,5073,1171,1427,1404,2972,1102,4036,57942,47373,1839,3,4756,0,0
2021-02-18T23:59:59+01:00,1927,1956,4204,5582,3417,6571,3445,9104,3683,6600,1494,1837,1895,3973,1647,5779,1213,1367,3006,4004,2446,4809,2512,6642,2753,4856,1141,1379,1372,2887,1078,3895,57289,45357,1749,3,4076,0,0
2021-02-17T23:59:59+01:00,1900,1914,4101,5426,3333,6418,3327,8851,3561,6435,1439,1765,1825,3870,1531,5475,1145,1295,2852,3782,2333,4494,2381,6204,2637,4603,1092,1315,1319,2775,1040,3738,56033,43002,1738,3,3400,0,0
2021-02-16T23:59:59+01:00,1801,1823,3947,5233,3204,6230,3213,8632,3444,6276,1417,1741,1797,3835,1414,5269,1049,1253,2724,3619,2234,4276,2242,5891,2516,4374,1045,1214,1160,2464,795,3143,55298,39998,1721,1,2257,0,0
2021-02-15T23:59:59+01:00,1785,1797,3897,5146,3147,6142,3150,8518,3386,6178,1407,1728,1784,3813,1406,5247,1009,1218,2642,3484,2160,4097,2157,5611,2430,4180,1002,1147,1075,2275,732,2948,54833,38166,1720,1,1978,0,0
2021-02-14T23:59:59+01:00,1710,1762,3816,5069,3106,6026,3094,8358,3343,6083,1387,1697,1731,3673,1349,5008,996,1208,2597,3417,2120,4028,2098,5486,2371,4083,967,1109,996,2091,665,2722,54586,36953,1098,1,1528,0,0
2021-02-13T23:59:59+01:00,1707,1760,3808,5066,3100,6024,3091,8357,3340,6081,1386,1694,1731,3671,1347,5008,996,1208,2597,3417,2120,4028,2097,5486,2370,4083,967,1109,996,2091,665,2722,54568,36952,1097,0,1506,0,0
2021-02-12T23:59:59+01:00,1669,1735,3770,5037,3080,6005,3067,8320,3323,6043,1370,1687,1722,3653,1339,4989,987,1196,2563,3366,2087,3979,2069,5437,2353,4053,966,1109,995,2091,664,2720,54342,36635,1096,0,1371,0,0
2021-02-11T23:59:59+01:00,1614,1671,3664,4873,2981,5825,2967,8015,3231,5854,1315,1627,1658,3467,1256,4672,938,1097,2291,2922,1877,3469,1827,4702,2103,3583,888,1038,902,1883,615,2458,53733,32593,121,0,836,0,0
2021-02-10T23:59:59+01:00,1594,1644,3602,4755,2913,5726,2920,7850,3185,5744,1301,1611,1634,3425,1242,4636,844,1010,2004,2508,1666,3012,1583,4080,1857,3175,791,882,735,1504,489,1982,53082,28122,119,0,581,0,0
2021-02-09T23:59:59+01:00,1576,1618,3551,4689,2884,5654,2896,7751,3148,5680,1299,1602,1604,3404,1234,4622,781,902,1737,2160,1473,2608,1414,3576,1693,2861,762,849,712,1424,470,1880,52768,25302,115,0,329,0,0
2021-02-08T23:59:59+01:00,1556,1615,3527,4658,2865,5612,2871,7699,3133,5654,1289,1594,1596,3376,1232,4608,762,852,1584,1918,1326,2357,1283,3261,1537,2632,733,826,662,1309,441,1722,52468,23205,90,0,327,0,0
2021-02-07T23:59:59+01:00,1406,1566,3436,4601,2813,5571,2844,7657,3109,5620,1282,1578,1587,3355,1228,4577,590,664,1322,1575,1097,1893,1073,2659,1318,2176,629,706,587,1144,399,1515,52167,19347,63,0,0,0,0
2021-02-06T23:59:59+01:00,1402,1563,3434,4599,2807,5568,2839,7652,3105,5617,1280,1575,1585,3353,1228,4577,443,473,1131,1350,965,1563,922,2235,1154,1788,551,623,568,1130,396,1512,52121,16804,63,0,0,0,0
2021-02-05T23:59:59+01:00,1391,1551,3419,4578,2798,5541,2829,7607,3084,5572,1276,1567,1582,3346,1227,4577,325,272,946,1041,814,1187,758,1782,966,1406,451,532,545,1114,394,1508,51882,14041,63,0,0,0,0
2021-02-04T23:59:59+01:00,1372,1529,3369,4526,2758,5457,2788,7478,3037,5494,1263,1554,1568,3312,1220,4552,167,116,640,674,522,747,511,1142,633,873,288,362,446,968,359,1364,51237,9812,40,0,0,0,0
2021-02-03T23:59:59+01:00,1349,1519,3328,4474,2725,5405,2765,7412,3002,5432,1253,1532,1533,3243,1204,4447,146,95,507,521,398,607,422,900,485,672,238,289,357,784,288,1108,50583,7817,40,0,0,0,0
2021-02-02T23:59:59+01:00,1327,1505,3284,4435,2693,5343,2738,7334,2968,5370,1231,1501,1497,3181,1177,4353,130,79,423,427,334,526,380,819,430,608,221,267,311,714,266,994,49898,6929,39,0,0,0,0
2021-02-01T23:59:59+01:00,1310,1488,3259,4383,2663,5269,2704,7201,2939,5282,1215,1479,1470,3143,1163,4292,102,56,316,321,246,398,283,610,307,455,183,217,243,569,205,769,49221,5280,39,0,0,0,0
2021-01-31T23:59:59+01:00,1303,1474,3243,4353,2640,5225,2690,7147,2925,5243,1204,1462,1447,3076,1142,4216,91,53,286,297,225,351,260,567,278,422,162,196,200,463,168,624,48751,4643,39,0,0,0,0
2021-01-30T23:59:59+01:00,1303,1474,3240,4349,2639,5225,2689,7145,2925,5243,1204,1461,1446,3076,1142,4216,91,50,276,283,215,335,255,558,274,414,161,195,199,463,168,624,48741,4561,36,0,0,0,0
2021-01-29T23:59:59+01:00,1301,1473,3240,4345,2639,5224,2688,7143,2923,5241,1203,1461,1446,3075,1142,4216,85,46,255,269,193,311,243,545,262,406,158,193,195,457,167,622,48725,4407,35,0,0,0,0
2021-01-28T23:59:59+01:00,1278,1443,3166,4234,2587,5105,2625,6987,2865,5130,1189,1435,1432,3008,1122,4102,71,24,157,163,129,189,166,362,194,254,128,144,149,285,98,362,47675,2875,33,0,0,0,0
2021-01-27T23:59:59+01:00,1224,1386,3078,4095,2510,4919,2532,6699,2786,4958,1155,1389,1394,2914,1094,3968,36,9,91,77,62,90,80,209,111,138,99,113,110,212,74,256,46078,1767,23,0,0,0,0
2021-01-26T23:59:59+01:00,1138,1348,2959,3949,2437,4740,2447,6511,2714,4827,1135,1332,1298,2761,882,3572,35,9,88,76,61,89,78,209,109,137,97,112,110,212,74,256,44038,1752,12,0,0,0,0
2021-01-25T23:59:59+01:00,1119,1318,2879,3817,2391,4588,2383,6315,2654,4694,1123,1313,1283,2727,872,3545,35,9,87,76,59,89,78,208,109,136,97,112,110,212,74,256,43014,1747,7,0,0,0,0
2021-01-24T23:59:59+01:00,1107,1313,2862,3800,2381,4558,2353,6264,2623,4648,1114,1305,1272,2704,861,3511,35,9,87,76,59,89,78,208,109,136,97,112,110,212,74,256,42671,1747,5,0,0,0,0
2021-01-23T23:59:59+01:00,1107,1313,2862,3800,2381,4558,2353,6264,2622,4648,1114,1305,1272,2704,861,3511,35,9,87,76,59,89,78,208,109,136,97,112,110,212,74,256,42670,1747,5,0,0,0,0
2021-01-22T23:59:59+01:00,1099,1303,2827,3754,2349,4487,2322,6195,2603,4605,1113,1304,1271,2703,860,3508,35,9,87,76,59,89,78,208,109,136,97,112,110,212,74,256,42298,1747,5,0,0,0,0
2021-01-21T23:59:59+01:00,1067,1199,2562,3343,2159,4053,2136,5587,2392,4160,1066,1262,1225,2570,832,3363,30,8,77,68,55,72,65,171,89,125,89,95,91,156,63,199,38971,1453,5,0,0,0,0
2021-01-20T23:59:59+01:00,970,1111,2256,2925,1947,3577,1898,4966,2148,3735,968,1111,1060,2217,723,2911,30,8,77,68,55,71,65,171,89,125,89,95,91,156,63,199,34518,1452,5,0,0,0,0
2021-01-19T23:59:59+01:00,891,992,1964,2493,1703,3084,1670,4302,1921,3325,899,1010,929,1933,631,2576,13,4,49,47,33,39,33,100,39,75,38,35,47,84,37,130,30319,803,4,0,0,0,0
2021-01-18T23:59:59+01:00,813,905,1721,2087,1467,2600,1411,3606,1687,2872,821,929,825,1705,585,2326,7,2,17,12,14,18,17,53,15,34,22,23,24,56,28,75,26357,417,3,0,0,0,0
2021-01-17T23:59:59+01:00,602,699,1406,1694,1191,2041,1156,2852,1416,2313,677,782,690,1416,481,1970,1,0,2,2,0,0,0,0,0,0,0,0,0,0,0,0,21383,5,3,0,0,0,0
2021-01-16T23:59:59+01:00,457,506,1231,1475,1075,1729,1008,2441,1262,1936,600,702,670,1403,479,1969,0,0,0,0,0,0,0,0,0,0,0,0,0,0,0,0,18941,0,2,0,0,0,0
2021-01-15T23:59:59+01:00,334,303,1049,1180,923,1381,846,1984,1073,1562,499,607,636,1371,469,1931,0,0,0,0,0,0,0,0,0,0,0,0,0,0,0,0,16146,0,2,0,0,0,0
2021-01-14T23:59:59+01:00,188,136,731,801,627,881,607,1302,717,1001,329,429,527,1183,422,1718,0,0,0,0,0,0,0,0,0,0,0,0,0,0,0,0,11599,0,0,0,0,0,0
2021-01-13T23:59:59+01:00,162,110,611,626,501,699,495,1029,563,777,275,350,442,1007,366,1454,0,0,0,0,0,0,0,0,0,0,0,0,0,0,0,0,9467,0,0,0,0,0,0
2021-01-12T23:59:59+01:00,146,91,533,537,430,604,439,916,493,693,247,309,367,832,311,1183,0,0,0,0,0,0,0,0,0,0,0,0,0,0,0,0,8131,0,0,0,0,0,0
2021-01-11T23:59:59+01:00,116,71,429,438,352,493,351,729,390,534,215,256,304,698,253,988,0,0,0,0,0,0,0,0,0,0,0,0,0,0,0,0,6617,0,0,0,0,0,0
2021-01-10T23:59:59+01:00,100,58,355,362,290,408,297,636,324,473,187,224,241,555,201,769,0,0,0,0,0,0,0,0,0,0,0,0,0,0,0,0,5480,0,0,0,0,0,0
2021-01-09T23:59:59+01:00,100,56,337,343,267,384,290,622,316,466,186,223,240,553,201,769,0,0,0,0,0,0,0,0,0,0,0,0,0,0,0,0,5353,0,0,0,0,0,0
2021-01-08T23:59:59+01:00,94,50,297,308,226,343,265,591,289,438,170,204,219,487,183,686,0,0,0,0,0,0,0,0,0,0,0,0,0,0,0,0,4850,0,0,0,0,0,0
2021-01-07T23:59:59+01:00,76,31,203,207,162,246,202,426,224,309,141,160,164,317,115,427,0,0,0,0,0,0,0,0,0,0,0,0,0,0,0,0,3410,0,0,0,0,0,0
2021-01-06T23:59:59+01:00,64,19,149,124,115,160,149,303,166,215,109,129,125,245,79,298,0,0,0,0,0,0,0,0,0,0,0,0,0,0,0,0,2449,0,0,0,0,0,0
2021-01-05T23:59:59+01:00,40,9,89,77,62,94,84,212,110,139,104,119,117,227,78,275,0,0,0,0,0,0,0,0,0,0,0,0,0,0,0,0,1836,0,0,0,0,0,0
2021-01-04T23:59:59+01:00,38,9,89,77,59,92,84,211,110,138,104,118,117,227,78,275,0,0,0,0,0,0,0,0,0,0,0,0,0,0,0,0,1826,0,0,0,0,0,0
2021-01-03T23:59:59+01:00,38,9,89,77,59,92,84,211,110,138,104,118,117,227,78,275,0,0,0,0,0,0,0,0,0,0,0,0,0,0,0,0,1826,0,0,0,0,0,0
2021-01-02T23:59:59+01:00,38,9,89,77,59,92,84,211,110,138,104,118,117,227,78,275,0,0,0,0,0,0,0,0,0,0,0,0,0,0,0,0,1826,0,0,0,0,0,0
2021-01-01T23:59:59+01:00,38,9,89,77,59,92,84,211,110,137,103,117,117,227,78,275,0,0,0,0,0,0,0,0,0,0,0,0,0,0,0,0,1823,0,0,0,0,0,0
2020-12-31T23:59:59+01:00,38,9,89,77,59,92,84,211,110,137,103,117,117,227,78,275,0,0,0,0,0,0,0,0,0,0,0,0,0,0,0,0,1823,0,0,0,0,0,0
2020-12-30T23:59:59+01:00,38,9,89,77,58,92,84,211,110,137,103,117,117,227,78,275,0,0,0,0,0,0,0,0,0,0,0,0,0,0,0,0,1822,0,0,0,0,0,0
2020-12-29T23:59:59+01:00,19,5,62,57,35,58,49,137,61,87,47,50,69,138,48,186,0,0,0,0,0,0,0,0,0,0,0,0,0,0,0,0,1108,0,0,0,0,0,0
2020-12-28T23:59:59+01:00,7,4,36,26,20,28,20,68,22,41,23,22,25,51,28,74,0,0,0,0,0,0,0,0,0,0,0,0,0,0,0,0,495,0,0,0,0,0,0
2020-12-27T23:59:59+01:00,1,0,7,5,6,2,1,5,0,2,0,1,2,3,4,5,0,0,0,0,0,0,0,0,0,0,0,0,0,0,0,0,44,0,0,0,0,0,0
