Datum,<15_m,<15_w,15-24_1_m,15-24_1_w,25-34_1_m,25-34_1_w,35-44_1_m,35-44_1_w,45-54_1_m,45-54_1_w,55-64_1_m,55-64_1_w,65-74_1_m,65-74_1_w,75-84_1_m,75-84_1_w,>84_1_m,>84_1_w,<24_2_m,<24_2_w,25-34_2_m,25-34_2_w,35-44_2_m,35-44_2_w,45-54_2_m,45-54_2_w,55-64_2_m,55-64_2_w,65-74_2_m,65-74_2_w,75-84_2_m,75-84_2_w,>84_2_m,>84_2_w,bp_1,bp_2,mo_1,mo_2,az_1,az_2,ja,unb_1,unb_2
2021-08-23T23:59:59+02:00,7570,7256,57400,57810,100444,98229,92416,91903,90265,95782,90757,93096,54839,68183,43378,60168,10489,21137,50464,51169,92899,90181,85920,84538,84820,89778,86408,88741,52813,65611,42020,58022,10065,20114,774377,723385,132412,123421,158326,141905,75909,98,87
2021-08-22T23:59:59+02:00,7503,7201,57209,57632,100258,98080,92261,91776,90169,95668,90684,93031,54808,68142,43366,60150,10486,21126,50104,50830,92511,89798,85620,84247,84586,89550,86243,88621,52742,65517,41989,57968,10058,20095,773407,721148,132319,123120,158314,141695,75412,98,87
2021-08-21T23:59:59+02:00,7450,7163,57079,57512,100128,97977,92158,91672,90072,95610,90628,92996,54788,68121,43358,60133,10484,21123,49779,50531,92351,89657,85451,84097,84440,89430,86159,88562,52711,65495,41979,57953,10057,20089,772739,719659,132248,122893,158313,141655,75054,98,87
2021-08-20T23:59:59+02:00,7401,7110,56928,57343,99960,97825,92009,91537,89956,95490,90554,92936,54766,68099,43348,60115,10482,21119,49461,50209,92095,89398,85193,83861,84227,89230,86031,88455,52680,65454,41957,57929,10050,20083,771798,717762,132202,122687,158309,141588,74571,98,87
2021-08-19T23:59:59+02:00,7335,7050,56699,57120,99707,97606,91817,91358,89797,95334,90432,92836,54726,68042,43324,60085,10476,21106,49032,49786,91685,89010,84799,83466,83927,88927,85819,88274,52610,65349,41919,57871,10040,20065,770516,715146,132080,122252,158304,141388,73852,98,87
2021-08-18T23:59:59+02:00,7274,6996,56524,56965,99532,97438,91678,91204,89663,95217,90331,92741,54660,67980,43296,60041,10467,21086,48694,49432,91317,88696,84486,83139,83655,88675,85632,88108,52499,65239,41851,57782,10026,20035,769410,712826,131998,121864,158297,141155,73290,98,87
2021-08-17T23:59:59+02:00,7213,6945,56344,56813,99343,97266,91521,91064,89543,95089,90235,92652,54624,67934,43274,60013,10465,21071,48214,49027,90875,88276,84089,82788,83328,88390,85430,87910,52397,65118,41796,57708,10020,20013,768335,709874,131897,121460,158283,140869,72796,98,87
2021-08-16T23:59:59+02:00,7156,6879,56168,56649,99155,97098,91376,90913,89408,94975,90125,92557,54572,67873,43246,59965,10457,21058,47663,48469,90415,87850,83630,82396,83004,88100,85206,87713,52296,65005,41740,57630,10011,19977,767205,706433,131811,121020,158276,140643,72240,98,87
2021-08-15T23:59:59+02:00,7093,6830,55958,56468,98978,96927,91224,90779,89285,94873,90036,92499,54537,67832,43227,59936,10453,21052,46557,47374,89781,87175,83085,81872,82613,87716,84921,87509,52189,64883,41699,57573,10002,19957,766179,700744,131703,120393,158267,140467,71740,98,87
2021-08-14T23:59:59+02:00,7063,6801,55841,56378,98839,96828,91121,90704,89199,94805,89986,92455,54522,67816,43222,59929,10452,21051,46411,47238,89559,86999,82877,81670,82491,87619,84854,87465,52161,64853,41690,57562,10001,19955,765665,699964,131648,120076,158263,140415,71338,98,87
2021-08-13T23:59:59+02:00,7020,6757,55695,56257,98689,96705,90999,90573,89099,94693,89910,92395,54494,67767,43208,59907,10450,21045,46118,46932,89098,86612,82491,81301,82234,87385,84691,87329,52119,64787,41669,57538,9998,19944,764877,697801,131591,119533,158256,140341,70841,98,87
2021-08-12T23:59:59+02:00,6985,6707,55492,56100,98490,96530,90828,90416,88956,94556,89820,92319,54457,67715,43183,59873,10442,21028,45714,46551,88477,86053,81925,80767,81861,87069,84464,87157,52047,64688,41618,57479,9988,19927,763855,694925,131485,118705,158245,140098,70214,98,87
2021-08-11T23:59:59+02:00,6950,6653,55306,55936,98291,96355,90677,90284,88827,94447,89711,92218,54406,67658,43152,59835,10432,21013,45307,46102,87876,85400,81355,80264,81534,86769,84200,86920,51964,64555,41546,57359,9971,19884,762763,691835,131390,117767,158224,139768,69676,98,86
2021-08-10T23:59:59+02:00,6890,6607,55125,55780,98091,96218,90519,90139,88704,94340,89628,92145,54363,67613,43136,59798,10428,21001,44884,45645,87241,84798,80759,79734,81131,86395,83960,86711,51843,64450,41490,57274,9958,19854,761755,688579,131297,116832,158205,139458,69170,98,86
2021-08-09T23:59:59+02:00,6841,6551,54961,55619,97907,96076,90377,90006,88575,94247,89523,92086,54326,67568,43111,59766,10421,20987,44336,45101,86417,84130,80077,79156,80721,86053,83668,86491,51736,64320,41434,57175,9944,19814,760817,684829,131226,115778,158196,139118,68611,98,86
2021-08-08T23:59:59+02:00,6776,6485,54743,55438,97714,95896,90208,89847,88444,94135,89431,92013,54273,67523,43086,59732,10414,20966,43745,44504,85374,83217,79191,78354,80190,85584,83345,86196,51607,64169,41374,57085,9932,19788,759670,679829,131117,114602,158176,138812,68063,98,86
2021-08-07T23:59:59+02:00,6732,6437,54606,55316,97581,95788,90082,89747,88351,94077,89369,91973,54255,67497,43082,59722,10411,20962,42921,43639,85046,82889,78723,77919,79837,85236,83162,86055,51544,64086,41353,57050,9927,19779,759030,676186,131053,113459,158172,138707,67635,98,85
2021-08-06T23:59:59+02:00,6678,6387,54420,55174,97359,95611,89934,89619,88227,93966,89276,91905,54216,67470,43073,59696,10408,20958,42008,42764,84593,82438,78133,77364,79449,84857,82972,85908,51494,64022,41327,57018,9919,19767,758101,672276,130965,112182,158165,138573,67048,98,85
2021-08-05T23:59:59+02:00,6614,6319,54112,54941,97080,95360,89692,89413,88023,93786,89110,91778,54153,67383,43044,59644,10399,20939,40790,41621,83876,81777,77366,76577,78854,84298,82618,85605,51364,63865,41266,56919,9904,19735,756561,666791,130842,110566,158154,138032,66135,98,85
2021-08-04T23:59:59+02:00,6534,6268,53882,54762,96849,95157,89522,89250,87886,93648,88995,91684,54100,67331,43008,59599,10396,20929,40332,41143,82685,80739,76044,75436,78366,83853,82302,85359,51227,63728,41210,56836,9888,19710,755316,661664,130739,109068,158141,137579,65506,98,85
2021-08-03T23:59:59+02:00,6470,6206,53627,54574,96624,94969,89354,89091,87747,93504,88852,91564,54023,67250,42973,59541,10388,20921,39897,40737,81443,79608,74626,74248,77765,83290,81762,84871,51018,63526,41109,56681,9875,19675,753972,655896,130638,107372,158118,136874,64852,98,85
2021-08-02T23:59:59+02:00,6410,6143,53389,54378,96374,94759,89145,88922,87585,93360,88711,91449,53941,67180,42942,59493,10385,20901,39436,40273,80143,78510,73084,73043,77144,82723,81223,84393,50849,63325,41035,56562,9858,19642,752582,649909,130494,105613,158097,136276,64196,98,85
2021-08-01T23:59:59+02:00,6346,6058,53125,54118,96119,94493,88915,88754,87381,93217,88548,91339,53880,67098,42906,59441,10378,20894,38922,39783,78856,77434,71683,71946,76258,81973,80642,83932,50665,63090,40953,56458,9848,19618,751011,643783,130305,103716,158077,135670,63519,98,85
2021-07-31T23:59:59+02:00,6311,6020,53010,54027,96004,94401,88814,88686,87292,93146,88504,91303,53869,67089,42900,59437,10378,20893,37980,38779,78413,76996,71152,71394,75877,81646,80526,83836,50646,63057,40936,56447,9848,19615,750540,639159,130141,102844,158075,135575,63230,98,85
2021-07-30T23:59:59+02:00,6258,5985,52842,53888,95850,94230,88664,88542,87165,93033,88423,91234,53832,67059,42888,59419,10376,20891,36987,37739,77724,76357,70407,70664,75365,81123,80126,83515,50572,62969,40904,56387,9842,19604,749671,633034,129830,101712,158072,135368,62908,98,85
2021-07-29T23:59:59+02:00,6207,5927,52613,53710,95602,94007,88452,88335,87001,92861,88284,91112,53776,66996,42865,59386,10369,20873,35748,36526,76680,75485,69358,69714,74564,80378,79588,83091,50439,62807,40838,56293,9825,19577,748459,625334,129367,100163,158058,134812,62394,98,85
2021-07-28T23:59:59+02:00,6169,5875,52420,53548,95398,93807,88308,88158,86885,92722,88176,91022,53720,66925,42833,59338,10360,20844,35145,35948,75529,74518,68086,68609,73806,79668,79098,82641,50302,62606,40770,56191,9809,19539,747327,619066,128929,98756,158040,134030,62114,98,85
2021-07-27T23:59:59+02:00,6121,5836,52189,53327,95139,93601,88132,87976,86730,92574,88056,90925,53668,66854,42789,59277,10346,20796,34496,35225,74086,73288,66643,67398,72947,78819,78557,82132,50131,62398,40690,56071,9786,19496,745945,611881,128510,97306,158018,132797,61765,98,84
2021-07-26T23:59:59+02:00,6064,5785,51977,53125,94902,93409,87942,87812,86572,92440,87926,90827,53608,66774,42760,59223,10339,20775,33743,34427,72584,71961,65285,66165,71907,77840,77969,81605,49962,62186,40612,55925,9764,19451,744626,603897,128089,95783,158002,131734,61445,98,84
2021-07-25T23:59:59+02:00,6026,5743,51779,52934,94652,93185,87777,87629,86423,92312,87819,90731,53558,66711,42732,59179,10329,20739,33039,33688,71247,70760,64178,65157,70906,76936,77503,81160,49846,62003,40548,55838,9758,19417,743278,596993,127815,94219,157984,130943,61083,98,84
2021-07-24T23:59:59+02:00,5939,5688,51508,52647,94349,92875,87534,87417,86247,92158,87720,90652,53528,66677,42721,59156,10329,20733,32555,33214,70395,70075,63508,64606,70032,76239,77299,81009,49792,61961,40527,55813,9758,19415,741433,592639,127760,93289,157981,130820,60606,98,84
2021-07-23T23:59:59+02:00,5887,5633,51244,52379,93963,92600,87246,87204,86067,91977,87586,90557,53495,66630,42713,59138,10326,20727,32053,32599,69343,69234,62729,63944,69127,75395,76899,80684,49717,61863,40495,55775,9751,19401,739422,587107,127690,92130,157975,130643,60187,98,84
2021-07-22T23:59:59+02:00,5818,5569,50834,51984,93511,92166,86867,86878,85763,91680,87370,90378,53410,66537,42684,59080,10317,20702,31369,31895,68049,68249,61688,63066,67510,74047,76255,80179,49566,61660,40405,55665,9730,19363,736442,580758,127457,89378,157950,129880,59601,98,84
2021-07-21T23:59:59+02:00,5767,5518,50479,51612,93084,91761,86566,86581,85510,91440,87201,90197,53328,66456,42626,59014,10306,20674,30775,31271,66719,67212,60610,62172,65476,72363,75351,79436,49277,61352,40245,55476,9706,19308,733701,574517,127224,85080,157925,128796,59172,98,84
2021-07-20T23:59:59+02:00,5709,5455,50095,51227,92629,91303,86203,86262,85248,91191,86986,90005,53238,66323,42582,58956,10300,20649,30126,30646,65270,66039,59473,61219,64293,71306,74741,78884,49071,61119,40139,55319,9684,19247,730796,567519,127006,83421,157876,127775,58585,98,84
2021-07-19T23:59:59+02:00,5630,5381,49635,50779,92160,90836,85841,85935,84999,90980,86782,89830,53145,66205,42546,58879,10283,20613,29594,30086,64115,64988,58559,60357,63142,70271,74147,78370,48897,60923,40048,55175,9656,19202,727568,561782,126784,81619,157843,126591,58166,98,84
2021-07-18T23:59:59+02:00,5562,5312,48815,49974,91112,89811,85122,85329,84529,90557,86491,89540,53038,66057,42483,58783,10273,20582,29049,29508,62947,63922,57636,59446,61968,69248,73601,77873,48751,60762,39990,55092,9644,19174,721200,555979,126456,79601,157827,125789,57789,98,84
2021-07-17T23:59:59+02:00,5388,5126,48465,49646,90968,89678,84927,85171,84373,90423,86382,89457,53016,66030,42472,58771,10272,20579,28672,29140,62309,63329,57089,59022,61210,68513,73296,77632,48641,60645,39950,55034,9634,19163,720027,552995,126279,78634,157821,125171,56919,98,84
2021-07-16T23:59:59+02:00,5290,5035,48147,49364,90705,89460,84683,84971,84169,90239,86244,89349,52975,65999,42453,58757,10269,20574,28183,28652,61380,62424,56245,58335,60155,67479,72794,77214,48482,60458,39905,54966,9629,19154,718660,548073,126111,77313,157810,124436,56004,98,84
2021-07-15T23:59:59+02:00,5154,4904,47673,48959,90319,89092,84327,84592,83872,89965,86024,89181,52896,65909,42399,58689,10259,20547,27459,28044,60076,61376,55132,57354,58757,66174,72070,76633,48261,60200,39819,54840,9613,19099,716231,542331,125692,75128,157775,122781,54965,98,84
2021-07-14T23:59:59+02:00,5048,4791,47332,48586,90024,88802,84044,84281,83623,89726,85821,89025,52808,65801,42341,58601,10242,20517,26945,27506,58998,60391,54172,56521,57885,65331,71459,76052,47994,59922,39716,54667,9591,19055,714091,536987,125334,74214,157728,121098,54162,98,84
2021-07-13T23:59:59+02:00,4935,4674,46933,48211,89635,88446,83740,83980,83360,89471,85618,88860,52701,65697,42287,58538,10236,20497,26302,26856,57632,59212,52981,55536,56896,64421,70735,75417,47719,59601,39588,54491,9562,19005,711766,530693,124965,73115,157679,119064,53312,97,83
2021-07-12T23:59:59+02:00,4767,4505,46396,47706,89239,88113,83351,83667,83114,89218,85431,88702,52621,65603,42239,58473,10224,20482,25684,26216,56130,57869,51689,54477,55671,63285,69993,74799,47348,59174,39413,54270,9521,18940,709105,523444,124596,72089,157616,116724,52437,97,82
2021-07-11T23:59:59+02:00,4372,4134,45456,46789,88817,87686,82938,83283,82808,88933,85241,88557,52536,65513,42214,58417,10213,20465,25088,25654,54758,56613,50394,53438,54627,62255,69404,74250,47003,58792,39289,54095,9496,18898,705189,516845,124125,71081,157577,114939,51384,97,82
2021-07-10T23:59:59+02:00,4360,4119,45126,46454,88366,87208,82609,82973,82705,88836,85173,88499,52516,65490,42205,58403,10212,20461,24604,25129,53683,55680,49537,52857,54033,61687,69188,74064,46632,58373,39189,53992,9491,18888,704527,512563,123661,70998,157402,113622,50028,97,82
2021-07-09T23:59:59+02:00,4341,4106,44706,46022,87757,86659,82233,82635,82455,88652,85059,88406,52482,65461,42198,58390,10208,20452,23910,24363,52368,54446,48603,51977,53256,60837,68768,73665,46272,57967,39103,53902,9483,18876,703137,506419,123083,70594,157236,112278,48669,97,81
2021-07-08T23:59:59+02:00,4316,4080,44160,45543,86900,85959,81714,82128,82202,88414,84864,88253,52417,65394,42167,58344,10197,20436,22941,23446,50438,52892,47229,50830,52124,59715,68088,73033,45758,57416,38968,53739,9455,18807,701056,498746,122196,69329,156946,109750,47193,97,81
2021-07-07T23:59:59+02:00,4293,4052,43593,44974,86075,85196,81173,81652,81918,88122,84662,88092,52339,65295,42127,58282,10190,20416,22081,22559,48499,51218,45725,49696,50892,58540,67402,72500,45029,56679,38779,53502,9424,18749,698585,490648,121203,68216,156694,106653,45873,96,79
2021-07-06T23:59:59+02:00,4260,4032,43053,44459,85229,84468,80566,81063,81550,87794,84489,87918,52250,65213,42090,58219,10181,20391,21254,21708,46521,49434,44341,48446,49620,57207,66658,71780,44203,55909,38594,53263,9406,18693,695975,481716,120180,67136,156393,103700,44582,95,79
2021-07-05T23:59:59+02:00,4237,3996,41914,43492,83737,83387,79836,80454,81099,87377,84218,87658,52133,65077,42041,58141,10167,20363,20084,20667,44580,47846,43317,47484,48595,56249,65962,71164,43446,55048,38422,53040,9383,18654,692716,475766,119122,66269,156030,100616,41364,95,79
2021-07-04T23:59:59+02:00,4210,3975,40570,42302,82106,82074,79118,79846,80629,86952,83949,87463,52044,64952,41995,58090,10154,20334,18740,19464,42796,46336,42619,46746,47788,55392,65384,70597,42704,54205,38258,52849,9364,18606,689657,471137,117969,65342,155610,98001,37432,95,79
2021-07-03T23:59:59+02:00,3747,3560,39013,40776,81251,81423,78634,79356,80187,86476,83733,87293,51975,64851,41977,58038,10151,20328,17931,18777,41884,45648,42202,46365,47383,54994,65220,70432,42117,53479,38196,52750,9357,18596,685965,469211,116661,65242,155525,96413,34523,95,79
2021-07-02T23:59:59+02:00,3188,2990,37466,39299,80535,80698,77963,78658,79668,85972,83491,87093,51924,64765,41948,57990,10139,20315,17177,18066,40745,44696,41469,45674,46550,54212,64700,69985,41169,52274,38067,52562,9341,18577,680963,464179,115256,64782,155369,93926,32419,95,78
2021-07-01T23:59:59+02:00,2546,2446,35757,37653,79567,79842,77133,77830,78964,85336,83176,86815,51803,64608,41886,57886,10120,20287,16314,17177,39215,43465,40256,44610,45246,53086,63965,69412,40282,51140,37917,52355,9324,18545,674684,457844,113550,63133,155142,91166,30184,95,78
2021-06-30T23:59:59+02:00,2504,2415,34756,36653,77741,78343,75428,76331,78305,84789,82892,86522,51673,64448,41826,57791,10108,20260,15294,16217,37535,42239,39058,43499,44087,52034,63213,68787,39738,50459,37802,52160,9302,18510,668842,451743,111817,61795,154926,89290,27105,95,77
2021-06-29T23:59:59+02:00,2471,2382,33927,35772,76145,76858,73810,74913,77515,84071,82349,86033,51492,64229,41750,57660,10091,20224,14465,15321,36223,41100,38138,42678,42862,50984,62502,68203,39032,49527,37666,51943,9280,18467,662523,446592,109944,59958,154655,87344,24475,95,76
2021-06-28T23:59:59+02:00,2431,2349,33124,34976,74525,75449,72130,73513,76491,83284,81743,85536,51313,64002,41673,57553,10078,20190,13724,14578,35169,40085,37312,41948,41738,49990,61854,67659,38160,48441,37499,51723,9260,18420,656074,441781,107980,58446,154060,85147,22151,95,75
2021-06-27T23:59:59+02:00,2417,2334,32392,34236,72957,74079,70727,72309,75094,82164,81067,84984,51113,63785,41608,57437,10068,20161,13092,13951,34210,39334,36657,41344,40808,49142,61317,67215,37301,47414,37347,51546,9245,18389,649889,437901,106042,57683,153108,82890,19798,95,75
2021-06-26T23:59:59+02:00,1785,1727,31362,33141,72606,73762,70262,71844,74800,81852,80972,84901,51091,63757,41594,57427,10067,20158,12901,13745,33550,38793,36016,40924,40289,48807,60322,66214,36313,46279,37180,51332,9231,18356,645122,431942,105105,57631,153103,80951,19687,91,75
2021-06-25T23:59:59+02:00,1167,1129,30251,31982,72121,73236,69647,71147,74377,81408,80596,84578,51030,63670,41560,57384,10062,20144,12579,13359,32696,37995,35148,40101,39351,47970,59111,64982,35798,45582,36988,51032,9208,18313,638833,423534,103916,57185,153094,79894,19555,91,75
2021-06-24T23:59:59+02:00,567,570,28920,30673,71350,72492,68774,70263,73706,80782,80151,84214,50924,63541,41508,57314,10051,20110,11923,12667,31535,36695,33935,38834,38225,46861,57477,63606,35325,45063,36832,50845,9189,18253,631072,414231,102424,55635,152980,78006,19343,91,74
2021-06-23T23:59:59+02:00,540,537,28418,30133,70246,71511,67498,69127,72959,80095,79702,83812,50813,63367,41447,57218,10034,20079,11436,12142,30537,35447,33005,37610,37213,45984,55541,61897,34775,44498,36664,50618,9168,18188,624867,404496,100852,54571,152875,76752,18851,91,74
2021-06-22T23:59:59+02:00,517,521,27907,29554,69074,70485,66295,68095,72280,79391,79287,83446,50707,63240,41399,57134,10025,20054,11092,11746,29616,34513,32041,36724,36253,45095,53575,60064,34388,44022,36527,50377,9139,18131,618554,395986,99392,52998,152742,75632,18632,91,73
2021-06-21T23:59:59+02:00,485,487,27244,28895,67757,69318,65112,66964,71520,78612,78891,83052,50600,63131,41340,57047,10012,20012,10802,11436,28992,33931,31491,36157,35653,44507,51730,58407,33681,43223,36232,49955,9110,18055,611760,388434,97897,51800,152621,74961,18111,90,73
2021-06-20T23:59:59+02:00,400,406,26607,28238,66539,68187,64090,66023,70716,77872,78535,82716,50522,63006,41291,56979,10007,19979,10514,11176,28446,33431,31035,35664,35144,43984,49894,56622,33139,42541,36035,49620,9080,17995,605386,381031,96430,51048,152523,74498,17684,90,71
2021-06-19T23:59:59+02:00,368,372,26229,27873,65809,67617,63566,65528,69920,77219,78382,82591,50501,62981,41275,56964,10006,19979,10385,10983,28199,33113,30781,35344,34923,43724,48449,55228,32879,42193,35952,49483,9072,17967,601450,375639,95488,51036,152521,74310,17631,90,71
2021-06-18T23:59:59+02:00,341,338,25769,27414,64797,66882,62828,64915,69001,76382,77992,82255,50440,62905,41248,56928,10002,19971,10171,10748,27796,32692,30455,34933,34537,43334,46724,53569,32528,41680,35815,49272,9053,17933,596043,368814,94246,50750,152513,74100,17517,89,71
2021-06-17T23:59:59+02:00,312,307,25139,26812,63544,65882,61835,64101,67409,74979,77469,81855,50340,62752,41185,56845,9989,19943,9756,10395,27003,32007,29714,34254,33701,42633,45221,52078,32083,41053,35652,49018,9021,17883,589976,361403,91595,49610,152355,73717,16684,88,70
2021-06-16T23:59:59+02:00,278,269,24619,26236,62248,64756,60727,63119,65136,73058,76623,81199,50129,62541,41094,56733,9970,19912,9437,10144,26351,31338,29006,33631,32972,42001,44629,51514,31813,40694,35506,48819,9000,17842,583749,357710,87087,48905,151916,72213,15809,86,70
2021-06-15T23:59:59+02:00,239,238,23983,25553,60847,63554,59645,62134,63981,71972,76119,80776,50005,62393,41044,56636,9963,19882,9177,9876,25750,30604,28367,32875,32295,41279,43072,49892,31368,40141,35335,48586,8970,17778,576654,351015,85458,48013,151447,70958,15319,86,70
2021-06-14T23:59:59+02:00,217,206,23518,24969,59744,62498,58770,61284,62907,70964,75645,80383,49918,62270,40994,56564,9947,19856,8891,9577,24997,29714,27602,32040,31504,40464,41789,48555,31000,39642,35198,48362,8940,17727,570797,344885,83737,46989,151245,69278,14789,86,70
2021-06-13T23:59:59+02:00,212,191,23101,24504,58814,61593,57994,60500,61800,69995,75176,79952,49829,62154,40945,56505,9935,19826,8615,9280,24288,28872,26886,31200,30741,39613,40244,46980,30538,39036,34997,48059,8910,17638,565787,337858,81873,46210,151015,67504,14265,86,69
2021-06-12T23:59:59+02:00,199,174,22875,24240,58266,61093,57636,60221,61158,69352,74976,79838,49805,62123,40933,56491,9932,19822,8501,9164,23810,28286,26369,30631,30226,39054,39168,46007,30371,38857,34901,47894,8906,17627,562897,333662,80917,46207,151007,65616,14227,86,69
2021-06-11T23:59:59+02:00,181,158,22524,23829,57528,60282,56961,59593,60253,68421,74625,79530,49732,62050,40908,56455,9929,19816,8370,8976,23301,27614,25837,29974,29646,38421,38097,44999,30102,38503,34759,47671,8893,17601,557905,328831,79627,45948,150994,63762,14163,86,68
2021-06-10T23:59:59+02:00,166,141,21993,23272,56400,59355,56031,58775,58997,67249,74090,79124,49661,61943,40884,56404,9916,19788,8109,8729,22436,26668,24874,29036,28528,37493,36708,43836,29749,38026,34479,47238,8826,17526,552367,321945,77422,45240,150752,61456,13562,86,66
2021-06-09T23:59:59+02:00,145,127,21374,22725,55148,58262,54969,57866,58047,66344,73626,78732,49574,61843,40834,56342,9902,19758,7823,8466,21520,25802,23938,28142,27496,36545,34991,42053,29366,37526,34294,46968,8785,17436,546649,314521,75973,44514,150399,59549,12511,86,64
2021-06-08T23:59:59+02:00,123,109,20705,22044,53840,57132,53850,56892,57092,65485,73079,78297,49487,61719,40779,56250,9882,19727,7555,8233,20606,24907,22879,27278,26464,35589,33642,40751,29008,37018,33974,46516,8732,17353,539999,308221,75054,43748,149954,57080,11399,86,63
2021-06-07T23:59:59+02:00,106,91,20061,21448,52405,55880,52586,55915,55933,64501,72528,77896,49402,61612,40733,56186,9869,19699,7309,8014,19764,24084,21854,26464,25432,34718,32708,39971,28724,36629,33729,46089,8681,17262,532748,303607,74159,42931,149542,54519,10316,86,63
2021-06-06T23:59:59+02:00,99,85,19554,20914,51258,54792,51486,54939,54971,63548,72020,77493,49317,61537,40696,56123,9862,19683,7101,7816,18976,23192,20954,25592,24361,33735,31796,39155,28440,36291,33473,45699,8632,17187,526428,299046,73138,42192,149208,51584,9519,84,63
2021-06-05T23:59:59+02:00,93,77,19289,20623,50488,54044,50833,54436,54496,63059,71886,77378,49303,61521,40693,56119,9859,19683,6875,7406,18337,22118,20234,24476,23487,32495,30772,37839,28112,35829,33349,45526,8625,17167,522123,292749,73133,42153,149091,48237,9449,84,63
2021-06-04T23:59:59+02:00,83,71,18846,20042,49442,53043,50023,53568,53848,62275,71542,77049,49274,61485,40673,56105,9857,19676,6657,7096,17718,21268,19558,23489,22559,31228,29564,36509,27825,35468,33237,45351,8613,17148,515666,286346,72811,42084,149073,45530,9268,84,63
2021-06-03T23:59:59+02:00,72,60,18174,19370,47924,51748,48817,52448,52885,61262,71046,76589,49209,61382,40635,56060,9844,19652,6369,6706,16983,20225,18766,22343,21560,29816,28404,35031,27281,34690,33032,45026,8577,17073,507949,279620,71797,41338,148798,42315,8550,83,62
2021-06-02T23:59:59+02:00,67,56,17805,18869,46912,50769,47957,51705,52146,60514,70799,76377,49173,61346,40616,56032,9836,19638,6187,6467,16335,19545,17860,21593,20730,28878,27311,33631,26815,34086,32873,44776,8548,17003,501705,273357,71780,41323,148775,39627,8275,82,59
2021-06-01T23:59:59+02:00,56,50,17136,18150,45058,49033,46312,50248,50627,59071,70123,75777,49083,61234,40557,55959,9823,19589,5913,6158,15177,18644,16354,20634,19525,27640,26088,32240,26264,33395,32624,44430,8502,16899,492593,266888,70439,40758,148224,36234,6550,80,59
2021-05-31T23:59:59+02:00,54,46,16661,17668,43749,47895,45106,49150,49391,57961,69446,75267,49005,61131,40513,55889,9811,19553,5636,5839,14137,17814,14955,19718,18356,26534,24869,30901,25748,32680,32430,44134,8468,16800,486353,260608,69276,40214,147762,33315,4826,79,58
2021-05-30T23:59:59+02:00,47,45,16338,17276,42773,46962,44201,48245,48398,56964,68887,74723,48898,60976,40442,55777,9796,19510,5448,5597,13589,17115,14334,19024,17471,25569,23768,29729,24979,31731,32137,43716,8423,16711,480377,254650,68241,39415,147354,31017,4207,79,54
2021-05-29T23:59:59+02:00,47,45,16207,17160,42414,46646,43858,47979,48157,56775,68829,74666,48892,60969,40436,55774,9796,19510,5285,5357,13079,16304,13688,18176,16629,24403,22658,28429,24823,31500,32074,43623,8420,16704,478415,249062,68118,39415,147345,28421,4203,79,53
2021-05-28T23:59:59+02:00,46,43,15907,16855,41718,46018,43348,47419,47651,56234,68554,74370,48827,60888,40408,55725,9793,19505,5046,4973,12543,15387,13011,17313,15765,23170,21562,26995,24576,31134,31980,43489,8410,16687,474133,243043,67617,39310,147315,25474,4165,79,51
2021-05-27T23:59:59+02:00,43,39,15388,16335,40571,45039,42330,46536,46665,55347,67967,73937,48705,60728,40354,55653,9782,19464,4823,4637,11902,14559,12226,16376,14697,21979,20304,25488,24072,30393,31808,43227,8377,16605,468305,235704,66105,38506,146594,23416,3800,79,49
2021-05-26T23:59:59+02:00,41,38,14980,15910,39473,44122,41295,45654,45640,54471,67361,73428,48553,60550,40274,55485,9761,19416,4630,4441,11345,13798,11503,15527,13694,20845,18910,23901,23487,29612,31592,42885,8325,16504,463184,228446,64079,37645,145608,21359,3502,79,49
2021-05-25T23:59:59+02:00,41,37,14590,15507,38468,43234,40328,44799,44689,53554,66751,72898,48373,60315,40195,55353,9735,19362,4423,4238,10803,13152,10743,14745,12629,19611,17476,22395,22904,28833,31358,42566,8267,16416,457884,221095,62497,36706,144500,19444,3269,79,47
2021-05-24T23:59:59+02:00,40,36,14248,15183,37640,42497,39455,44126,43826,52771,66222,72414,48248,60137,40131,55230,9715,19318,4280,4113,10356,12691,10103,14158,11748,18779,16189,21139,22234,28001,31141,42237,8208,16326,453264,214202,61268,35766,143767,18832,2859,79,46
2021-05-23T23:59:59+02:00,36,36,14080,15010,37170,42125,39005,43721,43374,52367,65952,72186,48173,60046,40093,55184,9707,19294,4090,3973,9893,12216,9480,13549,10809,17964,14996,20074,21767,27434,30889,41950,8159,16243,450074,207215,60891,35685,143741,17768,2774,79,46
2021-05-22T23:59:59+02:00,34,34,13884,14794,36483,41561,38326,43267,42803,51959,64933,71175,47968,59789,40023,55071,9697,19273,3978,3678,9677,11803,9327,13221,10567,17519,14727,19674,21674,27317,30855,41910,8152,16234,443638,205994,60888,35682,143726,15850,2743,79,46
2021-05-21T23:59:59+02:00,33,33,13505,14392,35410,40645,37264,42336,41739,51062,63578,69892,47738,59452,39942,54924,9680,19240,3872,3582,9470,11538,9116,12957,10238,17191,14315,19305,21454,27031,30795,41820,8143,16226,434034,204050,60535,35376,143491,14858,2727,78,44
2021-05-20T23:59:59+02:00,31,33,12711,13668,33971,39187,35842,40928,40335,49864,62295,68741,47448,59110,39799,54743,9659,19189,3724,3401,8944,10936,8469,12248,9541,16344,13560,18342,20639,25913,30601,41523,8104,16140,423832,199688,58834,34531,142462,11818,2350,76,44
2021-05-19T23:59:59+02:00,31,32,12174,13104,32792,37763,34738,39547,39210,48904,60294,66975,46972,58553,39616,54481,9618,19083,3621,3269,8671,10560,8173,11873,9099,15836,12923,17679,19775,24783,30375,41220,8048,16025,412996,195443,57314,33718,141353,10581,2148,76,42
2021-05-18T23:59:59+02:00,28,32,11752,12661,31750,36744,33644,38632,38169,47969,58237,65118,46617,58104,39462,54242,9586,19024,3423,3106,8174,9954,7701,11328,8558,15169,12242,16909,18833,23552,30138,40877,8011,15920,404343,191353,55354,32876,140158,7784,1842,74,42
2021-05-17T23:59:59+02:00,26,31,11501,12385,31232,36187,33148,38072,37579,47336,56337,63409,45916,57281,39186,53844,9549,18951,3341,2997,7911,9672,7408,11029,8157,14756,11672,16306,17917,22421,29905,40558,7976,15846,396763,186981,54230,32129,139349,7168,1555,73,41
2021-05-16T23:59:59+02:00,26,31,11279,12131,30710,35683,32686,37579,37057,46764,54443,61584,45371,56582,38992,53524,9522,18896,3240,2898,7623,9382,7087,10684,7681,14293,11092,15722,16986,21273,29696,40268,7938,15777,389804,182701,53262,31283,138685,6582,1037,72,39
2021-05-15T23:59:59+02:00,26,31,11125,11928,30432,35350,32448,37259,36827,46501,52872,60105,45121,56276,38915,53386,9516,18868,3219,2880,7598,9353,7072,10663,7662,14280,11075,15701,16876,21057,29487,39960,7930,15767,383997,181711,53258,31282,138639,6531,1020,72,38
2021-05-14T23:59:59+02:00,26,31,10877,11648,29964,34842,32068,36795,36314,46028,51001,58275,44759,55775,38775,53179,9500,18828,3192,2861,7528,9281,7016,10591,7603,14222,10892,15501,16145,19989,29201,39474,7913,15727,376202,178795,52931,30943,138510,6392,970,72,38
2021-05-13T23:59:59+02:00,23,30,10594,11323,29316,34202,31469,36191,35641,45362,49531,56758,44330,55147,38605,52936,9473,18782,3124,2815,7401,9180,6929,10497,7499,14113,10566,15156,15086,18755,28815,38830,7870,15653,369112,174997,51913,30381,137758,6017,859,71,37
2021-05-12T23:59:59+02:00,23,28,10465,11180,29034,33884,31202,35898,35329,45048,49246,56450,44231,55044,38552,52858,9466,18744,3112,2789,7367,9144,6899,10462,7471,14074,10399,15000,14714,18323,28512,38347,7848,15606,366444,172950,51832,30371,137599,5973,737,70,37
2021-05-11T23:59:59+02:00,22,25,10119,10857,28181,33058,30371,35144,34468,44265,47512,54681,43776,54449,38377,52567,9428,18642,3025,2692,7122,8864,6676,10162,7256,13704,9919,14452,13734,17174,28098,37730,7811,15511,359528,169280,50127,29479,135706,4624,511,70,37
2021-05-10T23:59:59+02:00,21,25,9813,10580,27435,32356,29593,34443,33698,43497,46206,53416,43393,53938,38189,52263,9378,18529,2983,2646,6995,8741,6581,10044,7117,13522,9654,14145,13039,16314,27670,37119,7785,15430,353275,166466,49009,29097,134020,3786,402,67,35
2021-05-09T23:59:59+02:00,20,25,9581,10334,26753,31672,28926,33742,32975,42800,44683,51945,42893,53319,37989,51959,9341,18444,2935,2600,6872,8598,6474,9902,7005,13310,9338,13834,12241,15413,27306,36584,7765,15374,346198,163615,47934,28541,132891,3046,315,63,35
2021-05-08T23:59:59+02:00,20,25,9488,10267,26368,31371,28480,33428,32520,42496,43651,51116,42741,53156,37949,51897,9339,18438,2932,2596,6864,8593,6468,9894,6997,13298,9328,13822,12203,15351,26628,35635,7728,15298,341681,161745,47892,28514,132805,3033,309,63,35
2021-05-07T23:59:59+02:00,19,25,9346,10119,25897,30991,28030,33054,32014,42147,42611,50290,42469,52816,37836,51737,9327,18411,2885,2570,6811,8552,6412,9839,6946,13246,9155,13601,11572,14539,25689,34253,7680,15216,336553,157657,47585,28145,132647,2839,291,63,35
2021-05-06T23:59:59+02:00,17,24,8947,9830,24980,30222,26968,32250,30785,41329,40994,49080,42088,52268,37641,51494,9289,18338,2821,2524,6680,8405,6297,9710,6798,13058,8884,13304,10924,13676,24725,32872,7646,15155,328700,153874,46510,27191,130993,2101,279,62,35
2021-05-05T23:59:59+02:00,17,23,8581,9630,24098,29623,26104,31586,29697,40538,39015,47266,41643,51715,37434,51213,9232,18226,2780,2493,6562,8276,6195,9596,6696,12917,8639,13046,10216,12848,23711,31548,7617,15084,320848,149990,45657,26304,128879,1701,195,62,35
2021-05-04T23:59:59+02:00,17,22,8338,9403,23302,28975,25130,30846,28626,39704,37503,45800,41175,51132,37156,50865,9185,18105,2741,2471,6489,8204,6113,9529,6622,12836,8402,12826,9485,11993,22766,30305,7583,15021,314200,146269,44690,25498,126242,1496,90,62,34
2021-05-03T23:59:59+02:00,17,21,8135,9189,22603,28395,24291,30241,27719,39009,36544,45050,40827,50660,36941,50576,9135,18001,2696,2438,6418,8127,6034,9464,6532,12752,8174,12613,8742,11094,21850,29089,7552,14971,309339,142530,43913,24678,123991,1255,50,61,34
2021-05-02T23:59:59+02:00,17,21,7972,9024,21965,27817,23552,29650,26901,38386,35730,44415,40568,50331,36829,50390,9101,17944,2658,2415,6376,8086,5997,9429,6492,12711,7992,12441,8142,10357,21141,28222,7531,14953,304512,139345,43143,24402,122855,1121,43,60,33
2021-05-01T23:59:59+02:00,16,21,7820,8841,21592,27359,23070,29075,26258,37676,34906,43520,40306,49956,36732,50237,9095,17927,2652,2409,6350,8076,5982,9420,6474,12697,7975,12426,8105,10293,21102,28165,7527,14949,298413,139054,43142,24395,122749,1078,43,60,33
2021-04-30T23:59:59+02:00,16,20,7672,8663,21205,26929,22624,28508,25510,36899,33898,42555,40077,49637,36635,50083,9083,17906,2634,2396,6325,8058,5960,9403,6447,12677,7943,12392,8065,10223,21051,28082,7524,14940,292122,138742,43135,24322,122567,987,37,59,33
2021-04-29T23:59:59+02:00,15,20,7403,8423,20612,26356,21953,27824,24578,35934,32622,41219,39033,48235,36317,49607,9026,17778,2602,2362,6233,7948,5875,9301,6353,12535,7739,12116,7441,9500,20645,27566,7502,14866,283379,136678,42352,23094,121133,745,37,54,31
2021-04-28T23:59:59+02:00,14,18,7128,8205,20091,25882,21316,27224,23692,35087,31227,39768,37872,46647,35975,49115,8963,17636,2533,2314,6124,7827,5765,9170,6251,12385,7520,11845,6753,8655,20229,26991,7461,14795,274699,134231,41580,21799,119495,521,37,49,31
2021-04-27T23:59:59+02:00,13,18,6945,8027,19657,25457,20696,26687,22838,34309,30012,38445,36784,45205,35592,48545,8893,17509,2507,2289,6021,7730,5712,9072,6185,12262,7305,11646,6152,7917,19823,26493,7441,14772,266883,132132,40717,20855,117946,273,37,49,31
2021-04-26T23:59:59+02:00,12,18,6763,7862,19238,25033,20152,26162,22032,33552,28797,37209,35724,43783,35286,48061,8843,17385,2495,2279,5978,7688,5667,9032,6148,12218,7119,11481,5538,7186,19451,26045,7417,14745,259194,130170,39891,20011,116745,242,34,48,31
2021-04-25T23:59:59+02:00,12,17,6658,7729,18900,24763,19773,25823,21419,32935,27812,36253,34594,42354,34971,47631,8801,17303,2483,2272,5960,7664,5648,9015,6128,12193,7082,11454,5411,7005,19116,25581,7401,14701,252006,129549,39177,19270,116484,232,33,48,31
2021-04-24T23:59:59+02:00,12,17,6494,7553,18457,24331,19214,25286,20636,32133,26731,35204,34343,42040,34877,47466,8791,17291,2479,2266,5947,7654,5640,9004,6123,12189,7072,11447,5338,6894,19018,25440,7398,14693,246044,129095,39172,19231,115579,214,33,48,30
2021-04-23T23:59:59+02:00,12,17,6271,7352,18009,23857,18644,24674,19812,31319,25574,34007,33567,40866,34734,47231,8777,17268,2473,2248,5920,7630,5603,8965,6078,12145,7026,11395,5172,6617,18479,24813,7298,14524,238474,127251,38845,18883,114592,192,33,47,28
2021-04-22T23:59:59+02:00,11,16,6056,7144,17404,23269,17851,23892,18762,30297,24255,32575,32525,39513,34490,46875,8739,17190,2459,2233,5876,7578,5554,8881,6003,12067,6950,11325,4888,6199,17766,23940,7179,14330,229438,125092,37928,17919,113421,158,33,44,27
2021-04-21T23:59:59+02:00,11,15,5857,6963,16873,22798,17190,23289,17779,29399,22701,30984,31521,38282,34193,46437,8691,17102,2435,2216,5834,7523,5496,8806,5937,11967,6855,11245,4728,5925,17068,23091,7063,14148,220562,123003,37159,17149,112289,126,33,42,27
2021-04-20T23:59:59+02:00,10,14,5674,6769,16317,22323,16449,22630,16783,28398,21233,29514,30375,36793,33878,46002,8640,17012,2422,2201,5785,7485,5456,8761,5889,11901,6776,11180,4609,5770,16467,22317,6937,13969,211577,121318,36277,16433,110886,118,32,42,25
2021-04-19T23:59:59+02:00,10,14,5487,6612,15784,21893,15772,22071,15793,27520,19840,28113,29000,35158,33561,45523,8582,16894,2411,2186,5761,7452,5419,8727,5850,11855,6695,11104,4483,5609,15818,21607,6829,13807,202879,119674,35498,15767,109178,116,32,40,25
2021-04-18T23:59:59+02:00,9,14,5299,6471,15350,21569,15154,21510,14822,26733,18502,26975,27613,33507,33230,45105,8524,16807,2360,2140,5629,7330,5304,8613,5743,11704,6590,10985,4367,5422,15225,20941,6716,13628,194345,118033,34668,14497,108109,112,32,40,24
2021-04-17T23:59:59+02:00,9,13,5263,6436,15196,21493,14978,21425,14587,26554,18248,26754,27106,32965,33104,44957,8515,16792,2333,2100,5529,7176,5197,8454,5643,11516,6501,10852,4315,5359,14984,20647,6706,13615,193127,116276,34663,14493,106533,103,32,40,24
2021-04-16T23:59:59+02:00,9,13,5200,6382,15020,21342,14766,21265,14305,26307,17833,26343,26063,31735,32971,44745,8494,16769,2287,2050,5413,6990,5060,8271,5491,11273,6304,10629,4108,5125,14337,19855,6608,13470,189784,113028,34375,14094,105331,94,32,40,24
2021-04-15T23:59:59+02:00,7,12,5131,6305,14807,21128,14498,20975,13876,25955,17197,25711,24701,30127,32715,44422,8458,16690,2217,1966,5217,6754,4858,7950,5284,10956,6088,10344,3910,4875,13507,18772,6493,13303,185228,109204,33566,13151,103850,84,32,39,24
2021-04-14T23:59:59+02:00,7,12,5051,6234,14603,20927,14244,20751,13487,25621,16531,25093,23124,28341,32403,44019,8405,16596,2028,1846,4999,6491,4669,7700,5056,10707,5854,10059,3774,4666,12780,17854,6366,13089,180626,106110,32692,11695,102060,78,32,39,24
2021-04-13T23:59:59+02:00,7,12,4999,6186,14401,20793,14010,20570,13146,25325,15961,24590,21421,26497,32087,43602,8373,16490,1942,1793,4832,6303,4484,7479,4855,10452,5650,9823,3638,4500,12263,17238,6243,12928,176403,103722,31818,10578,100179,68,32,38,24
2021-04-12T23:59:59+02:00,7,11,4935,6120,14184,20596,13705,20307,12760,24911,15382,24037,19828,24555,31797,43242,8332,16416,1812,1703,4650,6144,4334,7303,4692,10259,5513,9664,3519,4345,11832,16728,6132,12765,172043,102036,30765,9240,98247,66,32,38,22
2021-04-11T23:59:59+02:00,7,11,4866,6045,13960,20398,13409,20096,12346,24560,14821,23528,18320,22781,31536,42900,8289,16336,1775,1667,4530,6031,4223,7180,4570,10128,5379,9533,3404,4226,11341,16118,6001,12558,167760,100289,29806,8262,96575,64,31,37,19
2021-04-10T23:59:59+02:00,7,11,4861,6037,13941,20384,13400,20085,12329,24542,14797,23509,17632,21859,31245,42482,8271,16309,1771,1655,4518,6020,4208,7166,4557,10114,5326,9467,3301,4113,10784,15283,5872,12360,166691,98144,29779,8262,95165,62,29,37,19
2021-04-09T23:59:59+02:00,7,11,4848,6020,13904,20335,13356,20037,12282,24488,14537,23256,16114,19970,30840,41837,8237,16266,1747,1644,4495,6004,4182,7139,4516,10079,5288,9418,3216,3994,9917,14295,5723,12162,164074,95701,29438,8014,92770,60,27,36,18
2021-04-08T23:59:59+02:00,7,11,4805,5992,13803,20260,13275,19957,12182,24384,14202,22897,14346,17761,30223,40828,8179,16145,1726,1631,4463,5951,4130,7054,4452,9999,5216,9341,3108,3891,9439,13694,5519,11917,160248,93857,28409,7579,90547,59,19,34,18
2021-04-07T23:59:59+02:00,7,11,4775,5963,13698,20178,13180,19871,12079,24282,13821,22537,12839,15908,29579,39855,8124,16047,1707,1619,4410,5884,4046,6980,4363,9915,5126,9241,3021,3796,8694,12600,5284,11512,155835,91308,27533,6806,89334,49,18,34,18
2021-04-06T23:59:59+02:00,7,11,4746,5937,13599,20111,13098,19810,12003,24217,13445,22186,11207,13903,28917,38885,8092,15976,1647,1565,4280,5756,3938,6856,4244,9767,5023,9112,2906,3674,7989,11671,5012,11147,151822,88924,26651,5584,87627,47,16,34,17
2021-04-05T23:59:59+02:00,7,10,4708,5909,13522,20044,13031,19742,11948,24137,13173,21932,9597,11958,28189,37833,8057,15914,1576,1496,4125,5606,3770,6700,4090,9618,4868,8984,2774,3557,7181,10709,4741,10758,148626,86555,25634,3923,85402,44,15,34,17
2021-04-04T23:59:59+02:00,7,10,4694,5891,13511,20024,13023,19724,11940,24117,13076,21862,8574,10698,27742,37193,8032,15857,1574,1494,4117,5600,3768,6695,4085,9613,4866,8976,2769,3548,6945,10243,4657,10633,146900,85596,25630,3923,83399,38,12,34,15
2021-04-03T23:59:59+02:00,7,10,4691,5881,13494,20004,13013,19714,11930,24107,13062,21844,7670,9630,26859,35951,7983,15745,1570,1490,4115,5595,3766,6692,4077,9601,4852,8963,2762,3536,6807,9981,4618,10552,144424,84991,25622,3923,81505,38,11,33,15
2021-04-02T23:59:59+02:00,7,10,4686,5863,13457,19978,12974,19671,11886,24059,12988,21777,7157,8883,25275,33851,7837,15476,1561,1474,4089,5571,3740,6651,4041,9540,4729,8676,2634,3381,6432,9586,4469,10350,139973,83166,25284,3697,80537,38,9,32,15
2021-04-01T23:59:59+02:00,6,9,4638,5804,13363,19833,12858,19520,11737,23903,12390,21328,6594,8177,23771,31880,7711,15239,1495,1428,3980,5447,3673,6580,3973,9474,4651,8573,2540,3240,5919,8901,4299,10076,135782,80903,24147,3292,78794,33,8,30,14
2021-03-31T23:59:59+02:00,6,9,4587,5749,13238,19680,12726,19366,11549,23724,12129,21068,6275,7806,22294,29928,7561,15010,1482,1417,3956,5424,3641,6552,3933,9427,4612,8520,2477,3165,5437,8256,4125,9837,131855,79136,23060,3075,77755,33,5,30,13
2021-03-30T23:59:59+02:00,6,9,4523,5684,13100,19530,12613,19191,11418,23559,11959,20929,6085,7589,20908,28200,7417,14807,1465,1381,3915,5391,3577,6482,3845,9313,4481,8349,2342,2960,5017,7701,3982,9581,128500,76914,22134,2833,76863,21,2,28,13
2021-03-29T23:59:59+02:00,6,9,4483,5646,12981,19437,12546,19107,11336,23457,11810,20794,5927,7391,19492,26521,7289,14606,1406,1340,3860,5347,3503,6412,3727,9169,4331,8159,2220,2819,4454,7032,3828,9305,124926,74258,21269,2621,76613,20,2,28,12
2021-03-28T23:59:59+02:00,6,9,4436,5582,12860,19299,12460,19013,11235,23360,11704,20693,5776,7185,18314,25015,7170,14411,1373,1296,3762,5239,3310,6186,3640,9052,4281,8103,2166,2755,3695,6011,3643,9037,121930,71203,20479,2322,76090,12,2,27,11
2021-03-27T23:59:59+01:00,6,9,4404,5531,12753,19134,12345,18848,11121,23155,11597,20543,5710,7103,18028,24669,7159,14396,1367,1293,3757,5235,3307,6179,3354,8703,4083,7805,2160,2752,3681,5978,3609,8976,120094,69898,20440,2322,75948,7,2,27,11
2021-03-26T23:59:59+01:00,6,8,4368,5478,12642,18944,12212,18646,10968,22925,11436,20332,5547,6889,17424,23876,7060,14246,1366,1292,3752,5228,3284,6161,3335,8683,3870,7356,1983,2346,3417,5694,3458,8743,116999,67636,20101,2315,75879,6,1,27,11
2021-03-25T23:59:59+01:00,6,8,4300,5390,12444,18705,12007,18317,10754,22598,11195,20005,5335,6605,16395,22569,6932,14057,1357,1282,3731,5202,3250,6133,3284,8645,3824,7312,1911,2233,2983,5012,3300,8438,113020,65669,19029,2214,75545,3,1,27,11
2021-03-24T23:59:59+01:00,6,8,4220,5279,12230,18253,11788,17904,10532,22207,10961,19632,5066,6259,15355,21352,6793,13833,1334,1269,3707,5156,3214,6070,3229,8575,3770,7239,1858,2174,2676,4678,3148,8163,109914,64275,17936,1971,73800,3,1,27,11
2021-03-23T23:59:59+01:00,6,8,4164,5215,12063,17910,11589,17551,10340,21843,10741,19344,4933,6063,14715,20537,6653,13660,1319,1263,3692,5138,3193,6052,3204,8524,3733,7196,1823,2115,2447,4409,2940,7842,107566,62947,17210,1929,72531,3,1,27,11
2021-03-22T23:59:59+01:00,6,8,4115,5137,11865,17577,11400,17223,10114,21515,10526,19038,4782,5857,14096,19822,6520,13474,1306,1254,3665,5105,3161,6016,3175,8468,3696,7151,1779,2059,2248,4159,2745,7509,105706,61693,16492,1789,70850,3,1,26,11
2021-03-21T23:59:59+01:00,6,8,4041,5014,11583,17166,11119,16816,9844,21060,10269,18686,4668,5686,13400,19031,6379,13266,1298,1253,3648,5089,3140,5983,3152,8438,3676,7129,1760,2032,2083,3997,2573,7241,103827,60695,15193,1784,68995,3,1,26,10
2021-03-20T23:59:59+01:00,5,8,4011,4945,11440,16831,10994,16498,9701,20757,10093,18404,4541,5526,12770,18080,6242,13051,1297,1252,3648,5087,3137,5982,3149,8432,3671,7125,1756,2027,2052,3936,2550,7200,101632,60504,15188,1784,67050,3,1,26,10
2021-03-19T23:59:59+01:00,5,7,3967,4864,11272,16470,10812,16143,9528,20377,9879,18044,4381,5331,11746,16869,6081,12840,1288,1245,3630,5059,3107,5905,3104,8339,3569,6950,1631,1915,1978,3872,2438,6992,98934,59229,14778,1780,64878,3,1,25,10
2021-03-18T23:59:59+01:00,5,7,3880,4761,11026,16044,10543,15699,9249,19908,9656,17701,4237,5165,11122,16002,5853,12573,1284,1234,3613,5024,3087,5861,3082,8283,3542,6903,1612,1882,1939,3802,2315,6782,97134,58543,13771,1689,62500,3,1,25,10
2021-03-17T23:59:59+01:00,5,7,3709,4646,10731,15624,10278,15339,9006,19546,9405,17353,4118,4998,10308,14759,5591,12150,1283,1231,3599,5006,3081,5841,3072,8249,3524,6879,1611,1858,1915,3773,2205,6595,94488,58034,12228,1675,60831,3,1,25,10
2021-03-16T23:59:59+01:00,5,7,3567,4521,10391,15160,10004,14969,8731,19103,9109,16989,3975,4832,9491,13635,5310,11791,1269,1228,3595,4999,3070,5837,3066,8238,3517,6865,1587,1835,1876,3722,2085,6417,92154,57598,11038,1595,58373,3,1,24,10
2021-03-15T23:59:59+01:00,5,7,3419,4405,10076,14692,9712,14510,8434,18629,8821,16576,3829,4662,8783,12570,5086,11470,1259,1220,3575,4987,3058,5813,3046,8199,3497,6822,1572,1822,1859,3689,1970,6232,90190,57014,9674,1594,55800,3,0,22,10
2021-03-14T23:59:59+01:00,5,7,3349,4316,9810,14259,9457,14108,8116,18137,8541,16181,3666,4476,7982,11335,4778,11015,1245,1214,3554,4969,3037,5772,3024,8119,3469,6754,1546,1772,1798,3562,1805,5843,87881,56487,8656,984,52982,3,0,19,10
2021-03-13T23:59:59+01:00,5,7,3272,4063,9498,13588,9214,13527,7891,17562,8336,15747,3557,4374,7791,11042,4730,10927,1245,1214,3554,4969,3037,5772,3023,8119,3467,6752,1542,1771,1796,3558,1804,5842,87226,56470,8656,984,49230,2,0,19,10
2021-03-12T23:59:59+01:00,5,7,3211,3926,9252,13048,8976,12997,7658,16926,7979,14996,3394,4204,7408,10634,4592,10738,1241,1211,3549,4955,3034,5769,3016,8111,3463,6746,1515,1742,1775,3540,1704,5664,85453,56041,8410,983,46069,2,0,19,10
2021-03-11T23:59:59+01:00,5,7,3060,3658,8877,12288,8672,12321,7325,16142,7637,14352,3237,4002,6853,9915,4402,10426,1222,1201,3515,4911,2991,5692,2981,7987,3412,6648,1471,1689,1696,3340,1506,5150,83006,55296,7965,106,42190,1,0,18,10
2021-03-10T23:59:59+01:00,5,7,2995,3551,8377,11777,7995,11838,7004,15651,7336,13761,3077,3845,6293,9220,4231,10152,1211,1187,3485,4853,2960,5616,2945,7847,3358,6526,1433,1649,1638,3244,1390,4871,81187,54121,7414,83,38497,0,0,17,10
2021-03-09T23:59:59+01:00,5,6,2890,3375,7693,11325,7098,11351,6585,15039,6971,13154,2847,3544,5785,8589,4075,9876,1206,1183,3463,4806,2933,5551,2928,7795,3340,6480,1418,1625,1603,3201,1285,4673,78893,53434,6058,49,35240,0,0,17,8
2021-03-08T23:59:59+01:00,5,6,2717,3140,7051,10780,6284,10872,6184,14510,6577,12587,2636,3333,5182,7850,3929,9608,1199,1177,3442,4740,2908,5475,2889,7701,3308,6404,1411,1616,1600,3193,1280,4670,76068,52959,4920,47,32247,0,0,16,8
2021-03-07T23:59:59+01:00,5,6,2605,3007,6720,10279,5873,10330,5888,14060,6337,12198,2538,3242,4417,6787,3712,9325,1196,1174,3439,4735,2903,5463,2885,7684,3300,6391,1406,1603,1579,3153,1265,4629,72814,52753,4089,45,30411,0,0,15,8
2021-03-06T23:59:59+01:00,5,5,2560,2865,6536,9825,5673,9913,5412,13204,5962,11458,2517,3215,4411,6776,3711,9323,1196,1173,3436,4730,2901,5462,2884,7683,3299,6388,1404,1600,1579,3151,1264,4629,71586,52727,4089,45,27681,0,0,15,8
2021-03-05T23:59:59+01:00,5,5,2468,2610,6323,9241,5459,9515,5235,12636,5578,10480,2291,2750,4032,6394,3572,9108,1184,1170,3418,4714,2896,5449,2876,7665,3288,6369,1390,1593,1578,3147,1259,4625,69256,52570,3856,45,24575,0,0,15,7
2021-03-04T23:59:59+01:00,5,5,2392,2405,6108,8805,5296,9173,5054,12215,5403,10101,2199,2580,3478,5570,3406,8770,1173,1155,3375,4615,2863,5383,2844,7567,3255,6295,1370,1586,1564,3133,1251,4614,67207,51994,3415,45,22328,0,0,15,5
2021-03-03T23:59:59+01:00,4,5,2335,2354,5938,8390,5125,8812,4840,11763,5213,9655,2117,2472,3075,5132,3247,8475,1153,1147,3340,4567,2826,5318,2804,7468,3207,6221,1350,1561,1545,3102,1245,4597,65780,51406,3172,42,19985,0,0,15,4
2021-03-02T23:59:59+01:00,4,5,2281,2266,5776,8056,4967,8555,4677,11361,5052,9337,2051,2381,2770,4775,3030,8154,1148,1138,3322,4546,2811,5292,2787,7419,3199,6193,1345,1550,1527,3085,1242,4591,64428,51150,2911,42,18144,0,0,15,4
2021-03-01T23:59:59+01:00,4,5,2255,2239,5672,7840,4867,8410,4593,11209,4951,9163,1996,2304,2474,4453,2842,7838,1142,1135,3308,4528,2799,5263,2771,7373,3185,6165,1339,1547,1520,3076,1239,4587,63164,50932,2690,42,17246,0,0,15,4
2021-02-28T23:59:59+01:00,3,5,2203,2196,5494,7579,4691,8189,4457,11023,4844,9036,1958,2241,2179,4151,2639,7529,1133,1129,3293,4518,2792,5256,2765,7359,3178,6151,1334,1544,1513,3060,1238,4555,62053,50773,2388,42,15961,0,0,15,4
2021-02-27T23:59:59+01:00,3,5,2116,1887,5317,7154,4593,7877,4374,10674,4772,8786,1930,2180,2151,4106,2619,7475,1129,1125,3291,4517,2787,5254,2761,7356,3173,6148,1332,1544,1513,3059,1237,4554,61821,50738,2388,39,13795,0,0,15,4
2021-02-26T23:59:59+01:00,3,5,2059,1809,5170,6915,4446,7617,4223,10409,4563,8503,1801,2073,2090,4068,2512,7295,1108,1112,3274,4483,2775,5214,2748,7303,3151,6094,1326,1533,1509,3051,1236,4552,60494,50428,2382,38,12670,0,0,15,4
2021-02-25T23:59:59+01:00,3,5,1942,1710,4844,6513,4018,7156,3937,9895,4328,8122,1743,2015,2056,4007,2402,7101,1092,1097,3237,4440,2745,5162,2702,7196,3111,6001,1316,1517,1495,3011,1223,4493,60018,49799,2275,36,9490,0,0,14,4
2021-02-24T23:59:59+01:00,3,5,1913,1650,4727,6299,3913,6941,3815,9652,4203,7962,1721,1983,2024,3965,2290,6903,1079,1092,3210,4378,2709,5096,2677,7112,3082,5930,1300,1500,1470,2963,1211,4424,59471,49205,2029,25,8455,0,0,14,4
2021-02-23T23:59:59+01:00,3,5,1688,1503,4353,5809,3632,6547,3595,9273,4048,7676,1692,1952,1980,3918,2177,6720,1060,1081,3172,4350,2681,5039,2651,7036,3047,5871,1280,1480,1443,2928,1201,4374,59017,48681,1982,11,5558,0,0,14,3
2021-02-22T23:59:59+01:00,3,5,1679,1484,4302,5750,3596,6484,3531,9180,3987,7581,1660,1925,1954,3867,2060,6523,1056,1068,3151,4305,2661,5000,2626,6976,3018,5818,1268,1466,1434,2918,1193,4365,58476,48315,1840,6,5241,0,0,14,3
2021-02-21T23:59:59+01:00,3,5,1667,1480,4272,5717,3553,6446,3490,9126,3943,7531,1651,1918,1949,3858,1940,6360,1050,1057,3130,4267,2632,4950,2611,6907,2989,5730,1254,1450,1414,2858,1169,4288,58133,47748,1834,6,4929,0,0,13,3
2021-02-20T23:59:59+01:00,3,5,1666,1479,4267,5714,3551,6445,3490,9125,3942,7530,1646,1916,1947,3854,1939,6360,1050,1057,3128,4265,2632,4950,2610,6906,2989,5730,1254,1449,1413,2858,1169,4288,58118,47740,1834,6,4914,0,0,13,3
2021-02-19T23:59:59+01:00,3,5,1648,1472,4254,5694,3540,6431,3479,9115,3932,7515,1620,1887,1926,3836,1839,6180,1049,1056,3127,4264,2631,4949,2610,6904,2986,5728,1254,1448,1413,2857,1169,4288,57699,47725,1829,6,4837,0,0,11,3
2021-02-18T23:59:59+01:00,3,5,1604,1441,4158,5583,3469,6329,3391,8951,3847,7374,1598,1852,1892,3767,1709,5983,1003,1013,2988,4039,2505,4677,2499,6567,2879,5464,1223,1405,1381,2771,1143,4139,57055,45689,1739,6,4151,0,0,11,2
2021-02-17T23:59:59+01:00,3,4,1582,1412,4062,5433,3384,6179,3273,8716,3720,7173,1546,1784,1820,3666,1592,5678,946,963,2835,3817,2388,4364,2372,6156,2750,5152,1174,1345,1335,2664,1096,3977,55846,43326,1728,6,3442,0,0,11,2
2021-02-16T23:59:59+01:00,3,4,1508,1345,3902,5235,3247,5998,3165,8484,3598,7007,1522,1759,1785,3636,1479,5471,860,931,2704,3660,2289,4153,2246,5834,2619,4898,1118,1253,1190,2363,842,3365,55156,40320,1711,3,2272,0,0,9,2
2021-02-15T23:59:59+01:00,3,4,1493,1327,3856,5149,3188,5911,3108,8369,3531,6901,1511,1745,1770,3613,1471,5451,825,909,2623,3531,2213,3973,2162,5556,2531,4685,1075,1189,1104,2189,778,3150,54691,38491,1709,1,1992,0,0,9,1
2021-02-14T23:59:59+01:00,3,4,1427,1299,3771,5072,3145,5802,3052,8215,3487,6792,1491,1714,1718,3486,1416,5204,816,903,2574,3463,2174,3905,2108,5436,2465,4578,1048,1153,1019,2017,707,2915,54448,37279,1098,1,1543,0,0,9,1
2021-02-13T23:59:59+01:00,3,4,1425,1298,3763,5067,3138,5801,3049,8213,3484,6790,1490,1711,1718,3484,1414,5204,816,903,2574,3463,2174,3905,2106,5435,2464,4578,1046,1152,1019,2017,707,2915,54429,37274,1097,0,1521,0,0,9,0
2021-02-12T23:59:59+01:00,3,3,1392,1282,3725,5033,3116,5781,3027,8180,3465,6745,1474,1701,1708,3467,1405,5185,809,895,2541,3410,2140,3860,2076,5381,2446,4547,1045,1151,1018,2017,706,2913,54202,36955,1095,0,1386,0,0,9,0
2021-02-11T23:59:59+01:00,3,3,1345,1239,3611,4861,3025,5609,2929,7869,3365,6533,1414,1641,1641,3289,1321,4859,772,832,2286,2966,1914,3382,1845,4636,2175,4018,962,1082,932,1825,657,2644,53572,32928,129,0,849,0,0,7,0
2021-02-10T23:59:59+01:00,3,3,1325,1216,3552,4751,2959,5505,2887,7719,3311,6402,1397,1624,1614,3250,1308,4822,695,775,1994,2557,1704,2932,1606,4028,1918,3556,852,935,769,1453,529,2154,52925,28457,127,0,590,0,0,6,0
2021-02-09T23:59:59+01:00,3,2,1312,1198,3497,4681,2929,5436,2867,7624,3274,6334,1390,1610,1586,3228,1298,4809,647,697,1733,2201,1510,2543,1421,3528,1746,3192,820,901,746,1381,508,2041,52615,25615,122,0,335,0,0,6,0
2021-02-08T23:59:59+01:00,3,2,1298,1194,3468,4651,2909,5399,2846,7572,3255,6304,1380,1603,1577,3202,1296,4791,634,663,1582,1964,1369,2289,1287,3220,1586,2932,781,880,698,1275,476,1872,52316,23508,96,0,332,0,0,6,0
2021-02-07T23:59:59+01:00,3,2,1166,1151,3361,4596,2855,5357,2819,7533,3230,6266,1369,1587,1569,3180,1291,4759,487,517,1313,1608,1128,1839,1079,2630,1358,2411,675,754,616,1116,431,1656,52022,19618,68,0,0,0,0,4,0
2021-02-06T23:59:59+01:00,3,2,1162,1149,3359,4594,2851,5354,2812,7530,3226,6262,1367,1585,1568,3177,1290,4758,363,368,1113,1356,991,1535,935,2216,1192,1992,586,652,588,1099,428,1653,51977,17067,68,0,0,0,0,4,0
2021-02-05T23:59:59+01:00,3,1,1151,1138,3343,4573,2844,5327,2801,7485,3207,6216,1361,1577,1565,3170,1289,4758,261,206,928,1038,842,1163,759,1763,1014,1583,469,546,561,1079,425,1649,51737,14286,68,0,0,0,0,4,0
2021-02-04T23:59:59+01:00,3,1,1135,1121,3298,4525,2803,5251,2758,7354,3159,6132,1347,1562,1552,3139,1280,4731,133,81,623,664,551,740,517,1151,672,989,288,363,461,933,387,1498,51101,10051,46,0,0,0,0,4,0
2021-02-03T23:59:59+01:00,3,1,1113,1115,3272,4480,2774,5209,2737,7302,3129,6075,1337,1553,1528,3099,1275,4686,115,65,495,513,420,597,415,909,514,744,240,284,361,732,303,1167,50640,7874,44,0,0,0,0,4,0
2021-02-02T23:59:59+01:00,3,1,1092,1102,3233,4449,2744,5156,2711,7227,3095,6011,1314,1525,1494,3042,1249,4596,105,56,412,415,348,519,367,820,461,662,219,261,316,662,279,1048,49997,6950,43,0,0,0,0,4,0
2021-02-01T23:59:59+01:00,3,1,1076,1091,3213,4397,2713,5095,2679,7100,3065,5914,1294,1497,1470,3006,1233,4533,78,41,314,310,256,394,274,611,327,497,181,213,250,525,217,817,49334,5305,43,0,0,0,0,3,0
2021-01-31T23:59:59+01:00,3,1,1071,1081,3198,4368,2689,5051,2664,7044,3051,5870,1283,1480,1450,2942,1210,4455,68,40,288,286,231,347,253,570,297,458,162,195,210,429,176,661,48865,4671,43,0,0,0,0,3,0
2021-01-30T23:59:59+01:00,3,1,1070,1081,3195,4364,2688,5051,2663,7043,3051,5869,1283,1479,1449,2942,1210,4455,68,37,281,272,218,331,248,559,293,452,161,192,209,429,176,661,48854,4587,40,0,0,0,0,3,0
2021-01-29T23:59:59+01:00,3,1,1069,1080,3194,4360,2688,5049,2663,7041,3048,5867,1283,1479,1449,2941,1210,4455,64,33,263,258,195,311,232,542,282,444,155,188,205,423,175,659,48837,4429,40,0,0,0,0,3,0
2021-01-28T23:59:59+01:00,3,1,1049,1061,3127,4255,2634,4938,2605,6885,2981,5736,1269,1457,1435,2875,1188,4335,55,18,166,154,129,187,162,357,207,281,124,145,159,264,102,382,47795,2892,37,0,0,0,0,2,0
2021-01-27T23:59:59+01:00,3,1,1004,1023,3041,4111,2553,4758,2510,6602,2897,5536,1239,1415,1399,2786,1155,4195,26,7,100,71,58,92,83,209,117,147,94,113,115,195,77,274,46199,1778,27,0,0,0,0,2,0
2021-01-26T23:59:59+01:00,2,1,927,994,2925,3976,2474,4573,2428,6422,2826,5381,1213,1365,1308,2632,941,3796,26,7,95,70,57,91,81,209,115,146,92,112,115,195,77,274,44166,1762,16,0,0,0,0,2,0
2021-01-25T23:59:59+01:00,2,1,911,977,2846,3847,2428,4425,2367,6225,2767,5230,1195,1343,1294,2607,931,3763,26,7,94,70,55,91,81,209,115,144,92,112,115,195,77,274,43147,1757,11,0,0,0,0,1,0
2021-01-24T23:59:59+01:00,2,1,901,973,2826,3832,2418,4393,2341,6186,2734,5169,1182,1337,1285,2585,918,3729,26,7,94,70,55,91,81,209,114,144,91,112,115,195,77,274,42803,1755,8,0,0,0,0,1,0
2021-01-23T23:59:59+01:00,2,1,901,973,2826,3831,2418,4393,2340,6185,2733,5169,1180,1336,1285,2585,918,3729,26,7,94,70,55,91,81,209,114,144,91,112,115,195,77,273,42798,1754,7,0,0,0,0,0,0
2021-01-22T23:59:59+01:00,2,1,895,966,2794,3785,2384,4328,2309,6110,2712,5122,1179,1335,1284,2584,917,3726,26,7,94,70,55,91,81,209,114,144,91,112,115,195,77,273,42426,1754,7,0,0,0,0,0,0
2021-01-21T23:59:59+01:00,2,1,880,898,2536,3369,2183,3910,2129,5501,2488,4636,1128,1289,1240,2463,887,3574,22,7,83,64,51,74,68,169,94,133,81,97,98,145,65,212,39107,1463,7,0,0,0,0,0,0
2021-01-20T23:59:59+01:00,2,1,805,836,2224,2963,1976,3443,1897,4892,2232,4159,1016,1149,1082,2117,774,3111,22,7,83,64,51,73,68,169,93,133,81,97,98,145,64,212,34672,1460,7,0,0,0,0,0,0
2021-01-19T23:59:59+01:00,2,1,745,758,1933,2516,1733,2981,1661,4234,1989,3687,943,1054,962,1843,677,2762,11,3,50,45,32,45,35,100,44,77,36,37,48,77,39,137,30475,816,6,0,0,0,0,0,0
2021-01-18T23:59:59+01:00,2,1,675,702,1704,2118,1495,2505,1413,3548,1733,3181,862,969,864,1639,625,2496,5,2,19,11,13,20,17,54,17,33,19,22,25,53,28,75,26529,413,3,0,0,0,0,0,0
2021-01-17T23:59:59+01:00,1,1,495,542,1387,1715,1214,1971,1157,2813,1454,2558,723,817,716,1359,515,2127,0,1,3,2,0,0,0,0,0,0,0,0,0,0,0,0,21563,6,2,0,0,0,0,0,0
2021-01-16T23:59:59+01:00,1,0,372,395,1205,1468,1094,1684,1016,2414,1297,2151,636,719,688,1343,513,2126,0,0,0,0,0,0,0,0,0,0,0,0,0,0,0,0,19121,0,1,0,0,0,0,0,0
2021-01-15T23:59:59+01:00,1,0,266,232,1021,1166,945,1337,847,1965,1117,1750,519,609,650,1310,502,2086,0,0,0,0,0,0,0,0,0,0,0,0,0,0,0,0,16322,0,1,0,0,0,0,0,0
2021-01-14T23:59:59+01:00,0,0,151,102,705,778,652,866,611,1306,752,1131,333,422,541,1128,452,1862,0,0,0,0,0,0,0,0,0,0,0,0,0,0,0,0,11792,0,0,0,0,0,0,0,0
2021-01-13T23:59:59+01:00,0,0,127,81,594,608,528,698,494,1050,594,866,280,348,455,960,394,1594,0,0,0,0,0,0,0,0,0,0,0,0,0,0,0,0,9671,0,0,0,0,0,0,0,0
2021-01-12T23:59:59+01:00,0,0,116,65,511,520,449,596,430,920,523,763,246,299,371,768,328,1246,0,0,0,0,0,0,0,0,0,0,0,0,0,0,0,0,8151,0,0,0,0,0,0,0,0
2021-01-11T23:59:59+01:00,0,0,87,52,417,421,365,485,344,743,416,590,212,248,311,639,269,1049,0,0,0,0,0,0,0,0,0,0,0,0,0,0,0,0,6648,0,0,0,0,0,0,0,0
2021-01-10T23:59:59+01:00,0,0,73,45,352,348,299,404,288,646,346,523,186,220,251,507,212,818,0,0,0,0,0,0,0,0,0,0,0,0,0,0,0,0,5518,0,0,0,0,0,0,0,0
2021-01-09T23:59:59+01:00,0,0,73,43,337,328,275,382,280,630,338,516,185,219,250,505,212,818,0,0,0,0,0,0,0,0,0,0,0,0,0,0,0,0,5391,0,0,0,0,0,0,0,0
2021-01-08T23:59:59+01:00,0,0,69,37,303,296,229,341,253,588,311,477,167,199,225,447,192,720,0,0,0,0,0,0,0,0,0,0,0,0,0,0,0,0,4854,0,0,0,0,0,0,0,0
2021-01-07T23:59:59+01:00,0,0,58,25,213,198,160,242,194,421,240,341,138,160,171,290,121,449,0,0,0,0,0,0,0,0,0,0,0,0,0,0,0,0,3421,0,0,0,0,0,0,0,0
2021-01-06T23:59:59+01:00,0,0,47,16,163,120,113,161,144,294,177,241,108,128,130,224,82,316,0,0,0,0,0,0,0,0,0,0,0,0,0,0,0,0,2464,0,0,0,0,0,0,0,0
2021-01-05T23:59:59+01:00,0,0,29,8,97,72,58,94,86,212,116,149,98,118,121,206,81,295,0,0,0,0,0,0,0,0,0,0,0,0,0,0,0,0,1840,0,0,0,0,0,0,0,0
2021-01-04T23:59:59+01:00,0,0,27,8,97,71,55,92,86,212,116,147,98,117,121,206,81,295,0,0,0,0,0,0,0,0,0,0,0,0,0,0,0,0,1829,0,0,0,0,0,0,0,0
2021-01-03T23:59:59+01:00,0,0,27,8,97,71,55,92,86,212,115,147,97,117,121,206,81,295,0,0,0,0,0,0,0,0,0,0,0,0,0,0,0,0,1827,0,0,0,0,0,0,0,0
2021-01-02T23:59:59+01:00,0,0,27,8,97,71,55,92,86,212,114,147,97,117,121,206,81,294,0,0,0,0,0,0,0,0,0,0,0,0,0,0,0,0,1825,0,0,0,0,0,0,0,0
2021-01-01T23:59:59+01:00,0,0,27,8,97,71,55,92,86,212,113,146,97,117,121,206,81,294,0,0,0,0,0,0,0,0,0,0,0,0,0,0,0,0,1823,0,0,0,0,0,0,0,0
2020-12-31T23:59:59+01:00,0,0,27,8,97,71,55,92,86,212,112,146,97,117,121,206,81,294,0,0,0,0,0,0,0,0,0,0,0,0,0,0,0,0,1822,0,0,0,0,0,0,0,0
2020-12-30T23:59:59+01:00,0,0,27,8,97,71,54,92,86,212,112,146,97,117,121,206,80,294,0,0,0,0,0,0,0,0,0,0,0,0,0,0,0,0,1820,0,0,0,0,0,0,0,0
2020-12-29T23:59:59+01:00,0,0,15,2,65,53,32,61,50,138,64,89,47,51,68,121,51,199,0,0,0,0,0,0,0,0,0,0,0,0,0,0,0,0,1106,0,0,0,0,0,0,0,0
2020-12-28T23:59:59+01:00,0,0,5,2,36,26,19,30,21,67,25,41,20,22,26,47,28,74,0,0,0,0,0,0,0,0,0,0,0,0,0,0,0,0,489,0,0,0,0,0,0,0,0
2020-12-27T23:59:59+01:00,0,0,0,0,7,5,7,2,1,5,0,2,0,1,2,2,4,6,0,0,0,0,0,0,0,0,0,0,0,0,0,0,0,0,44,0,0,0,0,0,0,0,0
