Datum,<15_m,<15_w,15-24_1_m,15-24_1_w,25-34_1_m,25-34_1_w,35-44_1_m,35-44_1_w,45-54_1_m,45-54_1_w,55-64_1_m,55-64_1_w,65-74_1_m,65-74_1_w,75-84_1_m,75-84_1_w,>84_1_m,>84_1_w,<24_2_m,<24_2_w,25-34_2_m,25-34_2_w,35-44_2_m,35-44_2_w,45-54_2_m,45-54_2_w,55-64_2_m,55-64_2_w,65-74_2_m,65-74_2_w,75-84_2_m,75-84_2_w,>84_2_m,>84_2_w,bp_1,bp_2,mo_1,mo_2,az_1,az_2,ja,unb_1,unb_2
2021-09-11T23:59:59+02:00,8934,8613,61587,61825,104297,101997,95773,95524,92993,98547,92752,94818,55720,69254,43938,60911,10643,21527,55207,55382,97830,94834,90239,88917,88273,93090,88912,90914,53933,66980,42696,58955,10243,20538,800674,752550,134257,128095,159022,144196,85569,143,136
2021-09-10T23:59:59+02:00,8836,8503,61356,61566,104102,101796,95603,95335,92848,98422,92659,94746,55688,69226,43924,60893,10643,21525,54974,55180,97640,94649,90054,88733,88136,92963,88828,90844,53911,66959,42683,58936,10243,20534,799317,751416,134193,127980,159020,144180,85010,143,136
2021-09-09T23:59:59+02:00,8740,8405,61058,61313,103838,101493,95383,95049,92673,98203,92523,94633,55650,69165,43904,60864,10634,21507,54729,54969,97400,94409,89846,88507,87977,92809,88693,90756,53867,66913,42663,58904,10237,20528,797438,750055,134091,127800,159017,144110,84358,143,136
2021-09-08T23:59:59+02:00,8686,8357,60856,61094,103642,101264,95201,94830,92517,98041,92411,94507,55616,69099,43870,60825,10621,21484,54583,54818,97228,94212,89698,88321,87823,92671,88573,90649,53828,66853,42625,58861,10225,20491,796035,749077,133985,127652,159006,144025,83764,143,136
2021-09-07T23:59:59+02:00,8635,8309,60638,60887,103421,101035,95011,94644,92375,97902,92311,94433,55582,69047,43841,60770,10611,21461,54400,54655,97011,94021,89515,88157,87700,92567,88479,90562,53789,66805,42597,58829,10219,20473,794589,748016,133882,127532,159002,143901,83309,143,136
2021-09-06T23:59:59+02:00,8598,8268,60443,60729,103230,100871,94881,94488,92266,97778,92228,94362,55529,68988,43820,60741,10604,21428,54241,54489,96826,93863,89356,87997,87575,92443,88383,90481,53739,66757,42574,58784,10209,20448,793419,746937,133792,127393,158991,143817,82919,143,136
2021-09-05T23:59:59+02:00,8543,8219,60240,60535,103081,100694,94737,94326,92145,97665,92153,94292,55503,68946,43809,60720,10599,21420,54042,54295,96640,93669,89171,87840,87437,92320,88301,90396,53687,66705,42555,58761,10203,20430,792275,745792,133721,127221,158988,143724,82512,143,136
2021-09-04T23:59:59+02:00,8492,8190,60132,60431,102997,100598,94639,94243,92091,97601,92119,94266,55494,68935,43803,60710,10599,21419,53920,54183,96525,93545,89057,87741,87369,92242,88254,90363,53673,66694,42548,58750,10203,20429,791704,745148,133671,127099,158983,143706,82270,143,136
2021-09-03T23:59:59+02:00,8415,8119,59952,60257,102830,100454,94495,94107,91989,97487,92047,94215,55467,68909,43795,60696,10597,21413,53716,54004,96329,93338,88866,87546,87227,92068,88158,90283,53641,66662,42537,58731,10199,20426,790644,743911,133620,126869,158975,143670,81874,143,136
2021-09-02T23:59:59+02:00,8302,8036,59719,60024,102591,100226,94309,93893,91809,97334,91932,94120,55421,68852,43772,60661,10591,21391,53458,53753,96046,93071,88634,87276,87008,91870,88017,90168,53597,66581,42504,58679,10189,20390,789083,742299,133514,126515,158963,143552,81291,143,136
2021-09-01T23:59:59+02:00,8240,7955,59517,59820,102407,100059,94163,93740,91696,97208,91830,94046,55379,68802,43753,60638,10583,21373,53206,53542,95825,92860,88445,87058,86836,91708,87878,90060,53532,66496,42465,58636,10179,20370,787862,740878,133443,126259,158947,143433,80825,143,133
2021-08-31T23:59:59+02:00,8162,7881,59314,59595,102231,99887,93994,93588,91579,97098,91709,93966,55333,68751,43727,60598,10573,21357,52960,53301,95574,92622,88232,86825,86682,91551,87719,89954,53483,66419,42432,58579,10171,20349,786554,739387,133365,125953,158934,143323,80358,143,133
2021-08-30T23:59:59+02:00,8068,7804,59119,59418,102067,99750,93881,93459,91466,96998,91645,93890,55299,68724,43710,60564,10568,21341,52726,53117,95335,92392,88030,86597,86508,91411,87595,89830,53427,66341,42392,58515,10154,20319,785473,737987,133311,125636,158927,143174,79927,143,133
2021-08-29T23:59:59+02:00,7992,7729,58843,59181,101838,99560,93701,93289,91325,96879,91558,93801,55254,68674,43686,60534,10566,21331,52378,52816,95026,92111,87746,86340,86274,91218,87441,89706,53358,66266,42362,58475,10147,20302,784137,736120,133223,125304,158913,143030,79335,143,133
2021-08-28T23:59:59+02:00,7935,7665,58710,59071,101732,99453,93599,93207,91241,96803,91513,93772,55240,68661,43678,60529,10565,21329,52203,52671,94870,91983,87611,86232,86165,91130,87372,89663,53341,66245,42353,58467,10145,20301,783526,735313,133186,125203,158909,143005,78949,143,133
2021-08-27T23:59:59+02:00,7870,7581,58523,58887,101570,99293,93462,93083,91134,96698,91424,93716,55218,68632,43669,60512,10564,21324,51956,52434,94583,91711,87393,86030,85994,90977,87262,89563,53299,66209,42339,58442,10140,20298,782574,733757,133123,125004,158861,142968,78469,143,133
2021-08-26T23:59:59+02:00,7784,7483,58294,58646,101354,99077,93248,92861,90955,96521,91320,93618,55170,68571,43635,60484,10558,21312,51624,52157,94227,91365,87064,85721,85751,90723,87106,89433,53239,66120,42292,58399,10133,20286,781144,731875,133026,124605,158835,142836,77753,143,132
2021-08-25T23:59:59+02:00,7713,7393,58079,58463,101188,98943,93100,92681,90841,96399,91215,93543,55132,68524,43601,60440,10554,21288,51332,51914,93932,91116,86842,85476,85553,90535,86975,89307,53170,66034,42243,58330,10128,20254,779988,730179,132947,124293,158826,142766,77202,143,131
2021-08-24T23:59:59+02:00,7665,7344,57867,58255,101011,98777,92940,92522,90734,96279,91131,93476,55094,68469,43578,60397,10547,21264,51019,51660,93593,90833,86548,85221,85351,90347,86824,89151,53086,65941,42195,58263,10119,20231,778892,728380,132856,123992,158821,142549,76647,143,131
2021-08-23T23:59:59+02:00,7611,7295,57670,58062,100846,98624,92814,92368,90640,96195,91057,93392,55059,68426,43549,60371,10543,21246,50705,51396,93257,90562,86301,84952,85157,90182,86693,89028,53009,65848,42159,58213,10112,20213,777790,726521,132785,123710,158811,142371,76248,143,131
2021-08-22T23:59:59+02:00,7544,7238,57479,57883,100656,98472,92657,92239,90544,96076,90980,93327,55026,68382,43535,60347,10538,21232,50342,51049,92862,90168,85993,84657,84921,89949,86525,88905,52933,65744,42123,58150,10098,20181,776805,724207,132685,123405,158799,142156,75732,143,130
2021-08-21T23:59:59+02:00,7491,7200,57349,57762,100524,98368,92554,92136,90446,96017,90924,93292,55005,68361,43527,60330,10536,21229,50015,50749,92700,90025,85824,84501,84773,89826,86441,88843,52901,65721,42113,58135,10097,20175,776134,722702,132614,123174,158798,142115,75371,143,130
2021-08-20T23:59:59+02:00,7441,7147,57193,57593,100355,98215,92401,91998,90329,95896,90850,93232,54983,68339,43517,60313,10534,21224,49693,50422,92440,89763,85561,84263,84557,89623,86310,88734,52870,65680,42090,58111,10090,20168,775185,720778,132567,122966,158793,142048,74881,143,130
2021-08-19T23:59:59+02:00,7375,7087,56958,57367,100099,97995,92205,91815,90170,95737,90727,93131,54941,68282,43492,60282,10527,21211,49256,49992,92025,89374,85159,83862,84250,89315,86096,88550,52799,65574,42052,58051,10080,20150,773885,718125,132440,122523,158788,141843,74154,143,129
2021-08-18T23:59:59+02:00,7313,7032,56782,57210,99922,97826,92063,91659,90034,95614,90625,93036,54873,68219,43463,60236,10517,21191,48915,49636,91652,89055,84842,83534,83971,89061,85906,88379,52683,65458,41981,57959,10065,20120,772761,715765,132355,122131,158781,141604,73584,143,129
2021-08-17T23:59:59+02:00,7250,6981,56602,57058,99731,97652,91902,91515,89912,95485,90529,92945,54836,68171,43438,60209,10515,21176,48431,49228,91206,88631,84440,83178,83641,88771,85702,88179,52581,65334,41923,57884,10059,20096,771671,712782,132253,121724,158767,141314,73082,143,129
2021-08-16T23:59:59+02:00,7192,6914,56424,56889,99541,97479,91755,91362,89774,95370,90416,92848,54785,68110,43409,60158,10507,21162,47878,48669,90743,88195,83973,82786,83315,88479,85474,87977,52477,65219,41865,57807,10050,20060,770526,709319,132161,121278,158760,141084,72514,143,129
2021-08-15T23:59:59+02:00,7128,6865,56208,56705,99363,97298,91601,91227,89649,95265,90326,92788,54747,68069,43389,60128,10503,21155,46766,47567,90104,87513,83422,82255,82921,88094,85188,87771,52370,65096,41823,57748,10041,20040,769477,703596,132049,120650,158751,140904,72003,143,128
2021-08-14T23:59:59+02:00,7098,6833,56090,56615,99222,97199,91498,91151,89562,95197,90275,92743,54732,68053,43384,60121,10502,21154,46619,47428,89879,87336,83209,82051,82798,87996,85119,87727,52342,65065,41814,57737,10040,20038,768957,702803,131993,120328,158747,140852,71598,143,128
2021-08-13T23:59:59+02:00,7054,6787,55938,56491,99070,97075,91371,91015,89460,95083,90196,92680,54702,68003,43370,60098,10500,21148,46319,47119,89414,86944,82815,81677,82535,87760,84954,87590,52298,64998,41793,57713,10037,20027,768145,700614,131936,119781,158740,140774,71088,141,128
2021-08-12T23:59:59+02:00,7019,6736,55735,56333,98868,96899,91199,90853,89317,94944,90102,92602,54664,67950,43345,60064,10492,21131,45913,46734,88788,86382,82241,81129,82158,87440,84725,87416,52224,64897,41743,57654,10027,20009,767106,697702,131830,118949,158727,140523,70458,141,127
2021-08-11T23:59:59+02:00,6985,6681,55547,56165,98666,96723,91047,90718,89186,94831,89993,92499,54612,67891,43314,60024,10482,21116,45503,46285,88184,85730,81668,80622,81827,87138,84459,87176,52137,64756,41671,57528,10008,19958,765999,694566,131734,118008,158703,140193,69914,139,126
2021-08-10T23:59:59+02:00,6924,6634,55365,56008,98463,96581,90887,90568,89059,94720,89908,92423,54567,67844,43298,59985,10478,21103,45078,45825,87540,85117,81068,80083,81420,86759,84214,86962,52015,64649,41613,57443,9994,19926,764963,691266,131640,117062,158683,139881,69399,139,126
2021-08-09T23:59:59+02:00,6873,6576,55198,55843,98276,96431,90741,90432,88925,94625,89799,92361,54529,67794,43272,59953,10470,21087,44525,45275,86714,84441,80381,79499,81007,86411,83920,86738,51903,64514,41555,57343,9980,19881,763983,687470,131567,116002,158672,139533,68833,139,125
2021-08-08T23:59:59+02:00,6804,6509,54974,55657,98079,96250,90567,90267,88788,94509,89704,92285,54475,67746,43246,59917,10463,21066,43926,44672,85666,83517,79489,78690,80471,85939,83596,86440,51771,64362,41493,57252,9968,19855,762795,682423,131453,114823,158651,139224,68276,139,125
2021-08-07T23:59:59+02:00,6759,6459,54834,55533,97942,96138,90436,90165,88695,94451,89642,92245,54456,67720,43242,59907,10460,21061,43097,43804,85336,83189,79019,78249,80115,85589,83413,86297,51708,64279,41472,57216,9963,19846,762134,678758,131389,113679,158647,139118,67844,139,124
2021-08-06T23:59:59+02:00,6704,6409,54644,55389,97714,95960,90286,90036,88570,94335,89544,92173,54416,67692,43233,59881,10457,21057,42182,42928,84879,82735,78429,77695,79727,85207,83220,86150,51656,64215,41445,57183,9955,19832,761185,674835,131293,112398,158640,138983,67251,139,124
2021-08-05T23:59:59+02:00,6639,6338,54330,55146,97423,95700,90035,89821,88357,94148,89374,92041,54350,67602,43203,59828,10448,21038,40960,41782,84155,82070,77656,76900,79129,84641,82862,85845,51525,64053,41383,57083,9940,19800,759562,669305,131167,110776,158627,138438,66334,139,124
2021-08-04T23:59:59+02:00,6558,6287,54096,54966,97186,95494,89865,89656,88216,94006,89257,91942,54297,67550,43166,59782,10444,21028,40497,41301,82960,81027,76331,75755,78638,84192,82542,85596,51385,63915,41324,56996,9924,19774,758295,664144,131059,109272,158613,137982,65698,139,124
2021-08-03T23:59:59+02:00,6493,6223,53838,54772,96956,95306,89694,89494,88075,93863,89111,91822,54217,67469,43129,59723,10436,21020,40061,40892,81714,79891,74910,74561,78032,83626,81999,85106,51172,63711,41223,56840,9911,19738,756930,658348,130955,107571,158589,137275,65036,139,124
2021-08-02T23:59:59+02:00,6432,6160,53600,54571,96700,95089,89479,89320,87911,93719,88969,91707,54135,67399,43095,59672,10433,21000,39597,40423,80407,78788,73360,73350,77407,83057,81456,84624,51003,63508,41147,56720,9894,19703,755516,652323,130806,105806,158567,136676,64371,139,122
2021-08-01T23:59:59+02:00,6368,6074,53332,54308,96439,94819,89246,89147,87704,93576,88805,91597,54071,67314,43058,59620,10426,20993,39080,39932,79113,77703,71955,72246,76517,82303,80873,84159,50817,63270,41059,56615,9883,19679,753921,646156,130614,103905,158544,136066,63685,139,120
2021-07-31T23:59:59+02:00,6332,6035,53214,54218,96322,94725,89145,89081,87614,93505,88761,91560,54060,67304,43052,59616,10426,20992,38134,38925,78669,77261,71423,71693,76136,81976,80757,84063,50798,63237,41043,56603,9883,19676,753444,641515,130449,103033,158542,135971,63394,139,120
2021-07-30T23:59:59+02:00,6279,6000,53046,54076,96166,94551,88992,88932,87484,93391,88678,91490,54023,67273,43039,59598,10424,20990,37138,37880,77980,76620,70676,70959,75622,81448,80355,83740,50724,63148,41010,56543,9877,19664,752564,635368,130131,101900,158539,135764,63065,139,120
2021-07-29T23:59:59+02:00,6228,5941,52813,53897,95913,94327,88779,88724,87316,93216,88537,91363,53964,67210,43016,59560,10416,20968,35898,36666,76934,75745,69622,70001,74819,80696,79815,83311,50591,62985,40943,56448,9859,19637,751332,627630,129653,100349,158524,135207,62547,138,120
2021-07-28T23:59:59+02:00,6190,5888,52616,53733,95711,94124,88628,88541,87199,93077,88427,91268,53907,67136,42983,59512,10406,20937,35294,36087,75777,74773,68345,68892,74061,79981,79323,82858,50453,62784,40873,56345,9843,19598,750173,621335,129205,98938,158506,134421,62267,138,118
2021-07-27T23:59:59+02:00,6141,5849,52384,53512,95448,93918,88451,88358,87042,92927,88305,91172,53854,67061,42939,59448,10391,20888,34643,35354,74330,73540,66895,67676,73199,79130,78777,82345,50280,62572,40793,56224,9818,19555,748778,614103,128780,97486,158481,133185,61917,138,117
2021-07-26T23:59:59+02:00,6084,5797,52172,53309,95203,93725,88257,88194,86884,92789,88175,91072,53794,66982,42910,59394,10384,20866,33888,34554,72820,72205,65533,66438,72157,78146,78188,81816,50107,62357,40715,56077,9796,19510,747448,606088,128355,95959,158464,132115,61592,138,117
2021-07-25T23:59:59+02:00,6046,5755,51971,53115,94949,93497,88086,88007,86729,92660,88069,90976,53743,66919,42882,59350,10374,20830,33184,33812,71478,71001,64419,65414,71155,77240,77718,81369,49989,62173,40650,55990,9790,19476,746083,599152,128076,94387,158442,131322,61225,138,117
2021-07-24T23:59:59+02:00,5958,5697,51699,52823,94645,93186,87837,87788,86551,92504,87969,90897,53713,66885,42870,59327,10374,20824,32698,33337,70624,70314,63749,64853,70277,76541,77513,81218,49935,62131,40628,55965,9790,19474,744215,594786,128021,93456,158440,131197,60738,138,117
2021-07-23T23:59:59+02:00,5905,5641,51429,52554,94255,92905,87546,87573,86371,92323,87834,90802,53680,66838,42862,59309,10371,20818,32193,32721,69570,69468,62966,64188,69372,75691,77111,80891,49860,62033,40596,55926,9783,19460,742190,589235,127948,92295,158433,131019,60312,138,117
2021-07-22T23:59:59+02:00,5834,5577,51019,52156,93800,92467,87161,87238,86064,92024,87616,90620,53595,66743,42833,59248,10362,20792,31485,32004,68241,68456,61902,63269,67714,74303,76456,80382,49704,61827,40505,55808,9762,19421,739174,582627,127713,89534,158408,130251,59722,137,117
2021-07-21T23:59:59+02:00,5782,5526,50658,51783,93371,92059,86857,86935,85807,91780,87447,90434,53512,66659,42775,59181,10351,20763,30890,31372,66908,67415,60818,62374,65671,72615,75549,79639,49415,61517,40344,55620,9738,19365,736404,576359,127473,85227,158381,129162,59289,137,117
2021-07-20T23:59:59+02:00,5724,5463,50272,51396,92910,91593,86493,86614,85541,91526,87227,90239,53421,66524,42728,59121,10344,20738,30239,30744,65452,66237,59678,61418,64485,71556,74938,79082,49207,61283,40238,55463,9714,19303,733471,569335,127249,83566,158325,128135,58696,137,117
2021-07-19T23:59:59+02:00,5645,5389,49808,50943,92439,91123,86128,86285,85291,91313,87018,90063,53328,66404,42692,59042,10326,20702,29697,30176,64293,65182,58752,60551,63331,70514,74340,78566,49033,61086,40146,55317,9685,19258,730219,563543,127024,81764,158289,126944,58274,137,117
2021-07-18T23:59:59+02:00,5576,5320,48983,50131,91383,90092,85404,85677,84813,90887,86724,89770,53221,66256,42629,58945,10316,20671,29150,29599,63124,64114,57823,59638,62151,69487,73792,78064,48887,60925,40088,55234,9673,19230,723817,557726,126689,79743,158272,126139,57887,137,116
2021-07-17T23:59:59+02:00,5402,5134,48633,49802,91239,89958,85209,85518,84656,90751,86615,89686,53199,66229,42618,58933,10315,20668,28772,29231,62486,63521,57274,59214,61393,68751,73487,77823,48777,60808,40048,55175,9663,19219,722640,554740,126511,78776,158265,125520,57015,137,116
2021-07-16T23:59:59+02:00,5303,5043,48315,49519,90975,89737,84962,85314,84453,90565,86477,89578,53157,66197,42600,58919,10312,20663,28283,28742,61557,62615,56427,58527,60338,67716,72985,77405,48614,60620,40001,55107,9658,19210,721260,549810,126343,77451,158254,124785,56099,136,116
2021-07-15T23:59:59+02:00,5166,4911,47839,49113,90586,89364,84605,84934,84152,90289,86257,89408,53076,66107,42545,58850,10302,20636,27555,28129,60248,61566,55309,57543,58938,66405,72259,76822,48393,60362,39913,54978,9642,19155,718809,544043,125922,75256,158218,123127,55058,136,116
2021-07-14T23:59:59+02:00,5060,4798,47492,48737,90283,89070,84320,84623,83901,90048,86054,89253,52987,66000,42487,58761,10285,20605,27038,27587,59161,60579,54341,56701,58063,65560,71648,76239,48126,60083,39806,54805,9620,19111,716645,538656,125562,74342,158170,121440,54255,135,116
2021-07-13T23:59:59+02:00,4947,4682,47091,48358,89891,88714,84014,84317,83634,89791,85847,89088,52879,65895,42433,58695,10279,20584,26393,26935,57793,59396,53148,55714,57071,64647,70925,75603,47850,59760,39675,54626,9588,19058,714304,532340,125192,73241,158110,119399,53401,134,115
2021-07-12T23:59:59+02:00,4777,4513,46553,47850,89495,88377,83622,84000,83389,89535,85659,88930,52797,65797,42384,58630,10267,20569,25774,26287,56287,58046,51856,54651,55844,63505,70182,74986,47477,59333,39499,54404,9547,18993,711625,525067,124819,72212,158047,117054,52521,134,115
2021-07-11T23:59:59+02:00,4382,4141,45608,46933,89071,87947,83207,83615,83081,89245,85465,88784,52710,65706,42359,58574,10256,20552,25177,25724,54913,56788,50560,53605,54799,62471,69591,74436,47132,58950,39374,54229,9522,18951,707685,518446,124348,71204,158006,115268,51467,132,115
2021-07-10T23:59:59+02:00,4370,4126,45278,46596,88617,87468,82871,83303,82979,89148,85397,88726,52689,65683,42350,58560,10255,20548,24692,25199,53834,55851,49703,53024,54201,61903,69374,74248,46761,58531,39274,54124,9517,18940,707016,514153,123882,71120,157829,113947,50108,131,115
2021-07-09T23:59:59+02:00,4351,4113,44858,46162,88007,86916,82491,82962,82728,88964,85281,88634,52655,65654,42343,58546,10251,20539,23995,24431,52519,54615,48767,52144,53422,61051,68952,73848,46400,58124,39188,54034,9509,18928,705612,507993,123304,70716,157661,112601,48749,131,114
2021-07-08T23:59:59+02:00,4323,4087,44309,45680,87150,86214,81966,82454,82474,88723,85086,88479,52589,65587,42311,58500,10240,20523,23023,23513,50589,53054,47391,50992,52284,59926,68271,73214,45885,57571,39052,53870,9481,18859,703508,500301,122418,69445,157369,110064,47272,130,114
2021-07-07T23:59:59+02:00,4299,4059,43740,45108,86324,85450,81421,81977,82189,88428,84884,88314,52511,65486,42269,58437,10233,20503,22160,22624,48646,51377,45880,49857,51049,58746,67582,72681,45154,56834,38861,53632,9450,18801,701021,492178,121424,68333,157113,106960,45947,127,112
2021-07-06T23:59:59+02:00,4267,4039,43196,44592,85477,84718,80812,81387,81819,88096,84710,88140,52422,65404,42231,58374,10224,20478,21330,21773,46665,49591,44494,48605,49777,57412,66837,71961,44323,56060,38675,53392,9432,18745,698391,483235,120402,67252,156812,103995,44655,126,112
2021-07-05T23:59:59+02:00,4243,4001,42055,43622,83984,83630,80080,80770,81367,87678,84437,87877,52303,65267,42182,58296,10210,20450,20157,20730,44715,47999,43468,47642,48746,56449,66139,71343,43563,55198,38502,53167,9408,18706,695105,477256,119342,66383,156445,100901,41434,126,112
2021-07-04T23:59:59+02:00,4216,3980,40705,42429,82347,82311,79360,80159,80895,87253,84166,87678,52209,65141,42136,58244,10197,20421,18796,19508,42911,46465,42745,46858,47902,55537,65527,70763,42817,54342,38338,52969,9389,18658,692017,472323,118188,65454,156019,98283,37497,126,112
2021-07-03T23:59:59+02:00,3752,3565,39146,40901,81488,81658,78875,79664,80450,86776,83950,87509,52141,65040,42118,58192,10194,20415,17987,18819,41996,45775,42327,46477,47497,55138,65362,70598,42229,53615,38276,52870,9382,18648,688311,470391,116877,65353,155935,96693,34585,126,112
2021-07-02T23:59:59+02:00,3192,2993,37598,39421,80771,80933,78202,78962,79928,86274,83708,87308,52089,64953,42089,58145,10182,20402,17231,18108,40853,44818,41592,45783,46663,54354,64842,70150,41279,52410,38146,52681,9366,18629,683297,465345,115471,64891,155780,94202,32476,126,111
2021-07-01T23:59:59+02:00,2550,2447,35886,37773,79800,80071,77368,78128,79220,85637,83392,87029,51968,64795,42026,58041,10163,20373,16368,17219,39320,43585,40375,44715,45355,53222,64103,69577,40390,51272,37996,52474,9349,18597,676993,458989,113754,63241,155554,91432,30240,126,111
2021-06-30T23:59:59+02:00,2508,2416,34884,36771,77971,78570,75663,76628,78562,85089,83106,86736,51837,64636,41966,57943,10151,20346,15346,16258,37637,42358,39175,43601,44192,52164,63351,68950,39845,50589,37881,52279,9327,18561,671139,452870,112020,61900,155338,89549,27160,126,111
2021-06-29T23:59:59+02:00,2475,2383,34055,35887,76371,77080,74044,75206,77771,84367,82562,86245,51654,64416,41889,57812,10134,20310,14513,15362,36323,41218,38256,42779,42966,51112,62639,68365,39138,49654,37745,52061,9305,18517,664797,447708,110142,60062,155066,87597,24530,126,110
2021-06-28T23:59:59+02:00,2435,2350,33250,35090,74752,75670,72361,73799,76746,83578,81953,85745,51475,64186,41811,57705,10121,20276,13770,14618,35267,40198,37428,42046,41841,50117,61990,67818,38265,48566,37578,51840,9285,18470,658329,442879,108172,58547,154471,85397,22205,126,109
2021-06-27T23:59:59+02:00,2421,2335,32517,34350,73181,74300,70954,72589,75346,82458,81274,85190,51276,63969,41746,57588,10111,20247,13138,13990,34309,39442,36769,41441,40906,49268,61450,67373,37405,47536,37426,51662,9270,18439,652129,438982,106232,57783,153517,83137,19848,126,109
2021-06-26T23:59:59+02:00,1789,1728,31486,33252,72829,73985,70490,72126,75052,82146,81179,85108,51255,63941,41732,57578,10110,20244,12943,13783,33646,38899,36127,41019,40387,48933,60455,66369,36415,46400,37259,51448,9256,18406,647363,433005,105295,57731,153512,81197,19737,123,109
2021-06-25T23:59:59+02:00,1170,1130,30373,32088,72343,73460,69874,71427,74621,81700,80802,84785,51193,63855,41698,57535,10105,20230,12618,13396,32792,38098,35258,40195,39448,48096,59244,65134,35899,45700,37067,51147,9233,18363,641056,424583,104101,57284,153504,80137,19605,123,109
2021-06-24T23:59:59+02:00,570,571,29039,30775,71570,72714,69001,70538,73948,81072,80354,84420,51087,63725,41646,57465,10094,20196,11960,12702,31630,36794,34041,38926,38320,46986,57609,63755,35422,45180,36910,50958,9214,18303,633274,415257,102607,55733,153390,78245,19391,123,108
2021-06-23T23:59:59+02:00,543,538,28536,30235,70460,71733,67724,69399,73200,80383,79901,84016,50976,63551,41585,57369,10077,20165,11473,12176,30630,35544,33109,37702,37305,46106,55669,62045,34872,44614,36742,50730,9193,18238,627055,405504,101031,54668,153283,76991,18899,123,107
2021-06-22T23:59:59+02:00,520,522,28024,29656,69284,70705,66518,68370,72519,79676,79487,83650,50869,63423,41537,57285,10068,20139,11129,11779,29708,34608,32143,36812,36345,45216,53700,60209,34484,44139,36603,50488,9164,18180,620733,396982,99570,53094,153147,75864,18679,123,106
2021-06-21T23:59:59+02:00,488,488,27360,28995,67966,69533,65331,67234,71758,78896,79091,83256,50761,63314,41478,57195,10054,20097,10838,11469,29082,34024,31592,36242,35743,44627,51851,58551,33771,43338,36307,50065,9134,18104,613919,389410,98074,51895,153025,75189,18155,122,106
2021-06-20T23:59:59+02:00,403,407,26722,28336,66747,68396,64307,66288,70953,78152,78736,82920,50684,63189,41429,57127,10049,20064,10550,11208,28533,33523,31135,35750,35234,44104,50011,56760,33228,42657,36110,49729,9104,18044,607528,382000,96605,51141,152927,74723,17727,122,101
2021-06-19T23:59:59+02:00,371,373,26344,27971,66016,67823,63782,65791,70156,77498,78583,82795,50663,63163,41413,57111,10048,20064,10419,11016,28286,33205,30881,35429,35012,43843,48565,55366,32968,42310,36026,49592,9096,18016,603583,376603,95661,51129,152925,74535,17674,122,101
2021-06-18T23:59:59+02:00,344,339,25884,27513,65004,67087,63043,65178,69236,76661,78193,82460,50602,63088,41386,57075,10044,20056,10205,10779,27881,32778,30553,35016,34624,43451,46833,53702,32617,41796,35889,49381,9077,17982,598177,369750,94418,50841,152917,74324,17560,121,101
2021-06-17T23:59:59+02:00,315,308,25235,26894,63715,66068,62026,64325,67605,75220,77658,82057,50498,62934,41323,56989,10031,20028,9790,10425,27085,32090,29811,34334,33787,42749,45328,52208,32172,41166,35726,49127,9045,17932,591864,362323,91761,49699,152759,73940,16725,120,100
2021-06-16T23:59:59+02:00,281,269,24713,26313,62415,64942,60918,63344,65332,73300,76811,81401,50286,62724,41232,56877,10012,19996,9469,10174,26432,31416,29102,33710,33057,42113,44735,51644,31902,40805,35580,48928,9024,17891,585627,358620,87251,48993,152322,72431,15848,118,100
2021-06-15T23:59:59+02:00,242,238,24076,25631,61014,63734,59832,62353,64172,72214,76307,80981,50163,62576,41182,56780,10005,19966,9208,9907,25831,30681,28463,32951,32380,41389,43175,50015,31456,40252,35408,48695,8994,17827,578515,351915,85620,48100,151856,71170,15357,118,100
2021-06-14T23:59:59+02:00,220,206,23599,25040,59906,62675,58953,61497,63096,71199,75833,80586,50075,62453,41132,56708,9989,19940,8922,9608,25074,29790,27695,32114,31589,40571,41892,48678,31088,39753,35271,48470,8964,17776,572614,345776,83898,47076,151653,69488,14824,118,100
2021-06-13T23:59:59+02:00,215,191,23182,24573,58976,61769,58176,60711,61987,70227,75366,80159,49987,62336,41082,56647,9977,19909,8643,9309,24361,28946,26977,31272,30825,39720,40344,47095,30624,39145,35070,48165,8934,17687,567601,338726,82029,46296,151423,67707,14299,118,98
2021-06-12T23:59:59+02:00,201,174,22954,24309,58427,61268,57816,60432,61345,69584,75165,80046,49963,62305,41070,56633,9974,19905,8527,9193,23882,28361,26460,30703,30309,39161,39266,46121,30456,38966,34973,48000,8930,17676,564708,334524,81072,46293,151414,65819,14259,118,98
2021-06-11T23:59:59+02:00,183,159,22603,23896,57688,60455,57139,59801,60439,68652,74813,79736,49887,62232,41044,56597,9971,19899,8395,9005,23371,27687,25927,30045,29727,38527,38195,45112,30185,38611,34830,47776,8917,17649,559706,329685,79777,46032,151399,63959,14194,118,97
2021-06-10T23:59:59+02:00,168,142,22069,23337,56559,59526,56209,58981,59181,67478,74277,79332,49816,62123,41020,56546,9957,19870,8133,8758,22503,26742,24961,29107,28608,37597,36805,43943,29831,38132,34549,47341,8850,17573,554162,322786,77567,45320,151154,61650,13590,118,95
2021-06-09T23:59:59+02:00,147,128,21446,22785,55294,58430,55140,58064,58224,66569,73813,78935,49729,62022,40970,56483,9943,19839,7846,8493,21585,25876,24024,28211,27575,36649,35085,42156,29446,37632,34364,47072,8809,17483,548396,315347,76111,44594,150798,59742,12538,118,93
2021-06-08T23:59:59+02:00,124,110,20775,22103,53982,57300,54021,57087,57265,65709,73267,78498,49640,61897,40915,56391,9923,19808,7578,8259,20672,24979,22965,27347,26540,35691,33732,40854,29087,37124,34043,46619,8756,17400,541727,309041,75191,43828,150355,57268,11424,118,91
2021-06-07T23:59:59+02:00,107,92,20132,21503,52544,56046,52757,56109,56105,64721,72715,78094,49555,61788,40868,56327,9910,19780,7331,8040,19827,24153,21940,26533,25504,34819,32796,40071,28802,36732,33798,46190,8705,17309,534467,304418,74294,43011,149935,54695,10339,118,91
2021-06-06T23:59:59+02:00,100,86,19624,20967,51394,54955,51652,55128,55142,63767,72208,77691,49469,61711,40831,56264,9903,19764,7123,7840,19039,23259,21039,25660,24432,33836,31883,39255,28516,36393,33542,45799,8656,17234,528129,299851,73272,42272,149597,51754,9542,116,91
2021-06-05T23:59:59+02:00,94,78,19359,20678,50624,54205,51001,54626,54668,63283,72074,77578,49458,61697,40828,56260,9900,19764,6896,7426,18397,22184,20316,24541,23556,32589,30857,37936,28183,35929,33418,45624,8649,17214,523824,293543,73267,42233,149496,48380,9472,116,91
2021-06-04T23:59:59+02:00,84,72,18916,20098,49576,53199,50190,53757,54020,62498,71730,77250,49429,61660,40808,56245,9898,19756,6678,7115,17775,21333,19639,23552,22628,31320,29645,36600,27896,35566,33306,45449,8637,17194,517357,287121,72944,42164,149478,45669,9291,116,91
2021-06-03T23:59:59+02:00,73,61,18242,19425,48059,51897,48979,52634,53053,61484,71235,76788,49362,61555,40770,56197,9885,19731,6389,6725,17040,20288,18842,22403,21629,29904,28481,35122,27351,34785,33100,45124,8601,17119,509617,280384,71928,41418,149199,42444,8571,115,89
2021-06-02T23:59:59+02:00,68,57,17873,18921,47042,50916,48117,51889,52312,60733,70986,76574,49324,61519,40751,56169,9877,19717,6206,6486,16391,19607,17932,21653,20797,28963,27385,33719,26885,34180,32941,44874,8572,17049,503347,274108,71911,41403,149178,39751,8296,113,85
2021-06-01T23:59:59+02:00,57,51,17203,18202,45185,49178,46470,50426,50793,59286,70309,75972,49232,61409,40690,56095,9864,19668,5932,6177,15232,18703,16423,20691,19588,27720,26160,32325,26334,33487,32692,44527,8526,16945,494224,267625,70560,40837,148625,36347,6570,111,85
2021-05-31T23:59:59+02:00,55,47,16727,17719,43873,48037,45259,49324,49554,58174,69631,75462,49153,61306,40646,56025,9852,19632,5655,5858,14192,17872,15021,19773,18419,26611,24936,30981,25818,32770,32497,44230,8492,16846,487970,261330,69396,40292,148155,33422,4845,110,84
2021-05-30T23:59:59+02:00,47,46,16388,17309,42881,47080,44332,48377,48527,57127,69038,74903,49043,61136,40575,55904,9837,19589,5466,5614,13643,17172,14396,19078,17531,25643,23832,29808,25048,31820,32203,43811,8446,16757,481702,255359,68360,39493,147743,31113,4225,109,80
2021-05-29T23:59:59+02:00,47,46,16257,17192,42522,46763,43989,48112,48286,56937,68979,74846,49038,61129,40569,55899,9837,19588,5303,5374,13130,16360,13748,18227,16687,24476,22722,28508,24891,31589,32140,43718,8443,16750,479737,249760,68235,39493,147734,28515,4221,109,79
2021-05-28T23:59:59+02:00,46,44,15956,16889,41825,46131,43476,47547,47780,56395,68708,74549,48973,61048,40541,55850,9834,19583,5064,4990,12594,15443,13065,17363,15821,23241,21621,27074,24643,31222,32046,43584,8433,16733,475445,243727,67733,39388,147706,25565,4182,109,77
2021-05-27T23:59:59+02:00,43,40,15437,16369,40676,45150,42456,46663,46792,55507,68124,74114,48850,60888,40487,55778,9823,19541,4839,4652,11952,14616,12278,16424,14750,22048,20360,25566,24138,30481,31873,43321,8400,16650,469615,236371,66215,38584,146982,23505,3817,109,73
2021-05-26T23:59:59+02:00,41,39,15026,15943,39577,44232,41418,45780,45766,54628,67518,73603,48695,60709,40407,55610,9802,19493,4646,4456,11394,13852,11554,15571,13746,20914,18961,23974,23552,29698,31657,42977,8347,16549,464478,229099,64190,37720,145991,21439,3519,109,73
2021-05-25T23:59:59+02:00,41,38,14636,15540,38569,43344,40445,44922,44814,53710,66908,73072,48514,60471,40328,55479,9776,19439,4438,4253,10851,13206,10793,14789,12679,19676,17521,22468,22967,28918,31423,42654,8288,16456,459168,221730,62607,36780,144876,19515,3286,109,71
2021-05-24T23:59:59+02:00,40,37,14294,15216,37738,42604,39572,44247,43950,52925,66377,72585,48389,60294,40263,55355,9756,19394,4295,4126,10403,12742,10151,14201,11794,18840,16234,21206,22293,28084,31205,42323,8228,16366,454540,214813,61374,35837,144137,18897,2876,109,70
2021-05-23T23:59:59+02:00,36,37,14125,15043,37269,42229,39121,43842,43498,52520,66107,72356,48312,60203,40224,55308,9749,19370,4105,3986,9937,12266,9525,13591,10851,18021,15038,20140,21825,27514,30953,42032,8177,16281,451345,207802,60992,35755,144114,17829,2789,109,69
2021-05-22T23:59:59+02:00,34,35,13927,14827,36579,41663,38441,43386,42927,52112,65085,71342,48104,59945,40154,55195,9739,19349,3993,3691,9722,11851,9370,13260,10608,17574,14769,19738,21731,27396,30919,41992,8170,16272,444891,206576,60989,35752,144097,15903,2758,109,69
2021-05-21T23:59:59+02:00,33,34,13548,14423,35505,40743,37379,42454,41859,51215,63730,70057,47875,59607,40074,55047,9722,19316,3887,3595,9515,11585,9159,12995,10279,17246,14356,19367,21510,27110,30858,41902,8161,16264,435276,204627,60635,35446,143860,14909,2742,108,67
2021-05-20T23:59:59+02:00,31,34,12754,13699,34062,39285,35955,41045,40450,50013,62443,68905,47585,59264,39931,54864,9701,19265,3738,3413,8987,10982,8511,12283,9580,16399,13600,18400,20693,25989,30664,41604,8122,16177,425050,200253,58933,34600,142832,11859,2365,106,67
2021-05-19T23:59:59+02:00,31,33,12216,13134,32881,37861,34851,39662,39323,49050,60440,67134,47107,58706,39748,54601,9660,19159,3634,3280,8713,10605,8215,11910,9138,15891,12961,17736,19827,24857,30437,41301,8066,16062,414197,196001,57412,33786,141720,10620,2163,105,65
2021-05-18T23:59:59+02:00,28,33,11792,12691,31837,36842,33754,38744,38279,48115,58381,65276,46751,58256,39592,54361,9628,19100,3436,3117,8212,9998,7743,11363,8595,15222,12275,16966,18884,23625,30199,40957,8029,15957,405528,191901,55450,32944,140524,7814,1856,102,65
2021-05-17T23:59:59+02:00,26,32,11541,12415,31315,36282,33256,38183,37689,47480,56479,63564,46046,57432,39315,53963,9591,19027,3354,3008,7948,9715,7449,11065,8194,14809,11704,16362,17966,22490,29966,40638,7994,15883,397934,187522,54323,32196,139710,7196,1569,100,64
2021-05-16T23:59:59+02:00,26,32,11318,12161,30793,35776,32792,37689,37167,46908,54585,61736,45500,56734,39121,53643,9564,18971,3253,2908,7660,9423,7128,10720,7716,14345,11123,15776,17035,21339,29757,40348,7956,15814,390972,183237,53354,31347,139040,6606,1051,99,62
2021-05-15T23:59:59+02:00,26,32,11162,11957,30515,35443,32554,37368,36936,46644,53013,60257,45249,56428,39044,53505,9558,18943,3232,2890,7635,9394,7113,10699,7696,14330,11105,15754,16925,21123,29548,40040,7948,15804,385157,182243,53350,31346,138994,6554,1034,99,61
2021-05-14T23:59:59+02:00,26,32,10914,11677,30041,34932,32173,36904,36423,46170,51139,58425,44888,55926,38904,53298,9542,18903,3205,2871,7563,9320,7057,10626,7637,14269,10921,15553,16193,20055,29262,39554,7931,15764,377348,179319,53021,31005,138865,6414,984,99,61
2021-05-13T23:59:59+02:00,23,31,10630,11352,29392,34289,31572,36293,35750,45502,49668,56907,44458,55297,38733,53054,9515,18857,3136,2825,7436,9218,6970,10532,7533,14160,10595,15205,15134,18818,28876,38910,7888,15690,370241,175516,52004,30441,138108,6038,873,97,60
2021-05-12T23:59:59+02:00,23,29,10499,11209,29109,33967,31304,36000,35437,45187,49384,56599,44361,55191,38682,52975,9508,18819,3124,2799,7402,9181,6939,10497,7501,14121,10426,15049,14758,18385,28572,38427,7866,15643,367566,173457,51921,30431,137950,5993,750,96,60
2021-05-11T23:59:59+02:00,22,26,10151,10885,28253,33141,30471,35245,34575,44404,47649,54828,43906,54596,38507,52683,9470,18716,3037,2700,7156,8899,6713,10196,7286,13751,9944,14502,13776,17234,28156,37808,7828,15548,360645,169773,50214,29539,136051,4641,522,96,60
2021-05-10T23:59:59+02:00,21,26,9845,10608,27506,32435,29691,34541,33804,43632,46341,53561,43523,54086,38320,52377,9420,18603,2995,2654,7026,8774,6617,10076,7145,13570,9676,14194,13079,16373,27726,37197,7802,15467,354381,166949,49097,29156,134359,3801,410,93,56
2021-05-09T23:59:59+02:00,20,26,9611,10361,26824,31748,29021,33840,33081,42934,44813,52084,43021,53465,38118,52073,9383,18518,2947,2608,6903,8630,6510,9933,7031,13357,9360,13883,12281,15472,27362,36660,7782,15411,347284,164095,48022,28598,133223,3059,323,89,56
2021-05-08T23:59:59+02:00,20,26,9518,10294,26439,31447,28575,33526,32625,42630,43781,51254,42869,53301,38078,52011,9381,18512,2944,2604,6895,8625,6504,9925,7023,13345,9350,13871,12243,15410,26683,35711,7745,15335,342764,162224,47980,28571,133137,3046,317,89,56
2021-05-07T23:59:59+02:00,19,26,9376,10146,25967,31066,28120,33151,32119,42280,42740,50428,42597,52961,37967,51851,9369,18485,2897,2578,6840,8581,6448,9869,6972,13293,9177,13648,11611,14597,25741,34324,7697,15253,337630,158123,47673,28199,132979,2850,299,87,56
2021-05-06T23:59:59+02:00,17,25,8975,9857,25047,30296,27055,32344,30888,41459,41124,49210,42216,52413,37774,51608,9331,18412,2833,2532,6706,8433,6330,9740,6824,13105,8904,13348,10961,13733,24775,32938,7662,15192,329762,154329,46597,27240,131323,2107,285,84,56
2021-05-05T23:59:59+02:00,17,24,8609,9656,24160,29696,26190,31680,29797,40666,39141,47393,41769,51859,37566,51326,9274,18300,2792,2501,6587,8304,6227,9626,6722,12964,8657,13090,10251,12903,23760,31614,7633,15121,321899,150442,45742,26350,129198,1707,200,84,54
2021-05-04T23:59:59+02:00,17,23,8366,9428,23363,29046,25215,30940,28725,39830,37627,45927,41299,51275,37289,50978,9227,18179,2753,2479,6513,8232,6144,9557,6647,12880,8420,12869,9521,12046,22813,30370,7599,15058,315241,146709,44775,25544,126559,1501,95,84,53
2021-05-03T23:59:59+02:00,17,22,8163,9214,22660,28466,24375,30332,27817,39131,36668,45176,40950,50799,37074,50689,9177,18075,2707,2446,6442,8155,6063,9492,6557,12796,8192,12654,8777,11145,21897,29154,7568,15008,310364,142963,43998,24723,124305,1261,55,83,52
2021-05-02T23:59:59+02:00,17,22,7999,9049,22020,27887,23633,29741,26997,38508,35854,44540,40691,50470,36961,50502,9143,18018,2669,2423,6399,8113,6026,9457,6517,12755,8009,12481,8174,10404,21187,28286,7547,14989,305529,139769,43228,24445,123166,1125,47,82,51
2021-05-01T23:59:59+02:00,16,22,7846,8866,21647,27428,23150,29166,26351,37793,35029,43643,40428,50094,36863,50350,9137,18001,2663,2417,6373,8103,6011,9448,6499,12742,7992,12465,8137,10340,21148,28229,7543,14985,299414,139478,43226,24438,123061,1082,47,82,51
2021-04-30T23:59:59+02:00,16,21,7697,8688,21258,26998,22703,28596,25600,37014,34019,42675,40198,49774,36767,50196,9125,17980,2644,2404,6348,8085,5989,9431,6472,12722,7960,12432,8097,10269,21097,28146,7540,14976,293106,139166,43219,24365,122878,990,41,81,51
2021-04-29T23:59:59+02:00,15,21,7428,8448,20664,26420,22032,27911,24666,36047,32741,41340,39152,48371,36450,49720,9068,17852,2612,2370,6256,7975,5903,9329,6378,12580,7756,12156,7472,9544,20690,27629,7518,14902,284351,137099,42437,23135,121441,747,41,76,49
2021-04-28T23:59:59+02:00,14,19,7153,8230,20142,25947,21393,27311,23779,35199,31343,39887,37991,46781,36107,49228,9005,17711,2542,2322,6146,7852,5793,9198,6276,12429,7537,11884,6781,8698,20274,27054,7477,14830,275662,134644,41663,21840,119803,520,41,71,49
2021-04-27T23:59:59+02:00,13,19,6969,8052,19707,25522,20770,26774,22921,34418,30125,38560,36902,45335,35723,48657,8935,17584,2516,2297,6043,7755,5740,9099,6210,12305,7322,11685,6179,7958,19868,26556,7457,14807,267827,132542,40800,20894,118247,272,41,71,49
2021-04-26T23:59:59+02:00,12,19,6787,7886,19287,25098,20225,26246,22114,33661,28905,37321,35842,43913,35417,48172,8885,17460,2504,2287,5999,7712,5695,9059,6173,12261,7136,11519,5565,7224,19496,26105,7433,14780,260123,130574,39974,20047,117045,241,38,70,49
2021-04-25T23:59:59+02:00,12,18,6682,7751,18949,24827,19844,25906,21501,33038,27918,36364,34710,42481,35102,47742,8842,17378,2492,2280,5981,7688,5676,9042,6152,12236,7099,11492,5438,7043,19161,25641,7417,14736,252916,129953,39260,19306,116783,231,37,69,48
2021-04-24T23:59:59+02:00,12,18,6518,7576,18505,24393,19285,25367,20716,32236,26836,35315,34457,42167,35008,47577,8832,17366,2488,2274,5968,7678,5665,9031,6147,12232,7089,11485,5365,6932,19063,25500,7414,14728,246946,129497,39255,19266,115877,213,37,69,47
2021-04-23T23:59:59+02:00,12,18,6295,7375,18056,23917,18714,24755,19890,31419,25675,34118,33680,40993,34865,47342,8818,17343,2482,2256,5941,7655,5628,8992,6102,12187,7042,11430,5199,6655,18524,24873,7314,14559,239362,127650,38928,18919,114890,191,37,68,43
2021-04-22T23:59:59+02:00,11,17,6080,7167,17450,23328,17921,23970,18840,30394,24351,32685,32638,39638,34618,46986,8780,17264,2468,2241,5897,7601,5578,8907,6026,12109,6967,11359,4915,6235,17810,23997,7195,14365,230309,125482,38009,17953,113718,157,37,65,42
2021-04-21T23:59:59+02:00,11,16,5881,6986,16919,22857,17259,23364,17853,29496,22794,31092,31633,38403,34321,46548,8731,17175,2444,2224,5854,7546,5519,8832,5960,12009,6872,11279,4755,5960,17112,23147,7078,14183,221417,123388,37238,17183,112584,125,37,63,42
2021-04-20T23:59:59+02:00,10,15,5698,6790,16363,22381,16516,22705,16857,28494,21322,29622,30484,36911,34005,46108,8679,17080,2431,2209,5804,7508,5478,8787,5911,11943,6793,11214,4636,5803,16511,22373,6951,14003,212403,121698,36357,16467,111181,117,36,63,38
2021-04-19T23:59:59+02:00,10,15,5511,6633,15827,21949,15837,22145,15864,27614,19926,28217,29107,35272,33688,45629,8619,16962,2420,2194,5780,7475,5441,8753,5872,11896,6711,11138,4510,5641,15862,21661,6843,13841,203681,120051,35577,15800,109471,114,36,60,38
2021-04-18T23:59:59+02:00,9,15,5323,6492,15392,21625,15218,21581,14889,26822,18586,27077,27718,33620,33356,45206,8560,16873,2369,2148,5648,7353,5326,8637,5765,11743,6605,11016,4392,5452,15268,20993,6728,13658,195122,118393,34747,14526,108398,110,36,59,37
2021-04-17T23:59:59+02:00,9,14,5287,6457,15237,21548,15043,21495,14654,26643,18332,26855,27210,33077,33230,45058,8551,16858,2342,2108,5548,7200,5218,8478,5665,11555,6516,10883,4339,5389,15027,20699,6718,13645,193903,116634,34742,14522,106818,102,36,59,37
2021-04-16T23:59:59+02:00,9,14,5224,6403,15060,21396,14830,21334,14372,26396,17915,26444,26165,31845,33097,44849,8530,16835,2296,2058,5431,7011,5081,8294,5511,11312,6319,10660,4130,5154,14379,19903,6620,13500,190554,113374,34453,14119,105616,94,36,59,37
2021-04-15T23:59:59+02:00,7,13,5155,6326,14845,21183,14559,21045,13943,26045,17276,25811,24801,30236,32840,44526,8494,16755,2226,1974,5235,6773,4878,7971,5304,10995,6103,10375,3931,4903,13548,18819,6505,13333,185987,109543,33645,13174,104134,84,36,58,37
2021-04-14T23:59:59+02:00,7,13,5075,6255,14640,20981,14304,20821,13552,25711,16610,25191,23222,28446,32529,44123,8442,16661,2036,1854,5017,6509,4689,7720,5076,10745,5867,10090,3794,4692,12818,17901,6377,13119,181378,106440,32770,11715,102341,77,36,58,37
2021-04-13T23:59:59+02:00,7,13,5023,6207,14436,20847,14069,20639,13212,25415,16040,24687,21517,26598,32210,43706,8412,16555,1950,1801,4850,6321,4504,7499,4874,10489,5662,9852,3655,4524,12301,17285,6254,12958,177148,104040,31893,10600,100459,67,36,57,37
2021-04-12T23:59:59+02:00,7,12,4959,6140,14219,20648,13764,20375,12826,24999,15460,24133,19921,24654,31920,43344,8369,16481,1820,1710,4667,6160,4354,7323,4711,10296,5525,9693,3536,4369,11868,16773,6143,12795,172778,102349,30837,9259,98523,65,36,57,35
2021-04-11T23:59:59+02:00,7,12,4890,6063,13994,20449,13468,20162,12408,24649,14896,23623,18411,22880,31660,43001,8325,16401,1782,1674,4547,6047,4243,7199,4588,10165,5390,9561,3421,4249,11376,16162,6012,12587,168488,100596,29875,8279,96846,63,34,56,32
2021-04-10T23:59:59+02:00,7,12,4885,6055,13975,20435,13459,20151,12391,24631,14872,23603,17720,21958,31368,42583,8307,16374,1778,1662,4535,6036,4228,7184,4575,10151,5337,9495,3318,4136,10819,15327,5883,12389,167416,98450,29848,8279,95434,61,32,56,32
2021-04-09T23:59:59+02:00,7,12,4871,6038,13938,20385,13415,20103,12344,24577,14613,23349,16197,20065,30960,41937,8273,16331,1754,1651,4512,6019,4200,7157,4532,10116,5298,9446,3233,4017,9952,14338,5734,12191,164791,96004,29505,8031,93035,59,30,54,27
2021-04-08T23:59:59+02:00,7,12,4827,6010,13837,20310,13334,20023,12244,24472,14276,22988,14426,17850,30343,40925,8214,16208,1733,1638,4480,5966,4148,7072,4468,10035,5226,9369,3125,3913,9470,13732,5530,11946,160954,94151,28473,7594,90805,58,22,52,27
2021-04-07T23:59:59+02:00,7,12,4796,5981,13732,20227,13238,19936,12140,24369,13892,22627,12912,15996,29698,39953,8159,16110,1714,1626,4426,5899,4062,6998,4379,9951,5136,9269,3037,3818,8722,12633,5292,11540,156530,91590,27595,6819,89589,48,20,51,26
2021-04-06T23:59:59+02:00,7,12,4767,5955,13633,20160,13156,19875,12064,24304,13515,22275,11277,13983,29035,38981,8127,16039,1653,1572,4296,5771,3953,6874,4258,9800,5033,9140,2921,3696,8015,11702,5019,11175,152508,89200,26712,5590,87877,46,18,50,25
2021-04-05T23:59:59+02:00,7,11,4729,5927,13556,20092,13088,19807,12008,24224,13242,22019,9664,12034,28304,37927,8092,15977,1582,1503,4139,5621,3785,6718,4104,9651,4878,9011,2789,3579,7203,10740,4748,10786,149299,86824,25696,3929,85646,43,17,50,25
2021-04-04T23:59:59+02:00,7,11,4715,5910,13545,20072,13080,19789,12000,24203,13145,21949,8639,10773,27855,37287,8067,15920,1580,1500,4131,5615,3782,6713,4099,9646,4876,9003,2784,3570,6967,10274,4663,10661,147570,85862,25692,3929,83641,37,14,50,23
2021-04-03T23:59:59+02:00,7,11,4712,5900,13528,20052,13068,19779,11990,24193,13131,21931,7734,9705,26972,36045,8018,15808,1576,1496,4129,5610,3780,6710,4091,9634,4862,8990,2777,3557,6828,10011,4624,10579,145091,85253,25684,3929,81747,37,13,49,23
2021-04-02T23:59:59+02:00,7,11,4707,5882,13491,20026,13028,19736,11946,24145,13057,21862,7220,8956,25386,33944,7872,15539,1567,1479,4102,5586,3754,6669,4055,9573,4739,8701,2649,3401,6453,9615,4475,10376,140633,83422,25346,3702,80778,37,11,47,23
2021-04-01T23:59:59+02:00,6,10,4659,5823,13397,19881,12911,19585,11796,23989,12455,21411,6657,8251,23879,31970,7746,15301,1501,1433,3992,5460,3687,6598,3987,9507,4661,8598,2554,3259,5939,8928,4304,10101,136439,81149,24206,3297,79028,32,10,44,22
2021-03-31T23:59:59+02:00,6,10,4608,5768,13272,19728,12776,19430,11607,23809,12192,21151,6336,7879,22403,30019,7595,15072,1488,1422,3966,5436,3656,6570,3947,9460,4622,8545,2491,3184,5454,8280,4130,9861,132503,79376,23119,3078,77988,31,7,44,21
2021-03-30T23:59:59+02:00,6,10,4544,5703,13133,19578,12663,19255,11476,23644,12022,21012,6146,7661,21013,28287,7451,14869,1471,1386,3925,5403,3592,6500,3859,9347,4491,8373,2356,2979,5034,7724,3987,9604,129140,77151,22190,2837,77097,19,4,42,21
2021-03-29T23:59:59+02:00,6,10,4504,5665,13013,19485,12596,19171,11393,23539,11872,20877,5988,7461,19591,26603,7323,14668,1412,1345,3870,5358,3518,6430,3741,9203,4342,8182,2234,2839,4472,7054,3833,9328,125551,74496,21324,2625,76845,18,3,42,20
2021-03-28T23:59:59+02:00,6,10,4457,5599,12892,19347,12510,19078,11291,23442,11765,20775,5836,7256,18411,25095,7204,14473,1379,1301,3772,5250,3323,6203,3654,9086,4292,8126,2180,2775,3712,6031,3648,9060,122553,71436,20532,2325,76318,10,3,41,19
2021-03-27T23:59:59+01:00,6,10,4425,5548,12785,19182,12390,18913,11176,23237,11655,20624,5770,7173,18125,24748,7193,14456,1373,1298,3767,5246,3320,6196,3368,8736,4094,7828,2174,2772,3698,5997,3614,8998,120706,70127,20492,2325,76174,6,3,41,19
2021-03-26T23:59:59+01:00,6,9,4389,5495,12673,18990,12255,18711,11022,23007,11494,20410,5604,6958,17517,23952,7093,14306,1371,1297,3762,5239,3297,6178,3349,8716,3880,7378,1997,2366,3434,5712,3463,8764,117595,67860,20153,2318,76100,5,2,41,19
2021-03-25T23:59:59+01:00,6,9,4321,5407,12474,18750,12050,18381,10810,22679,11251,20083,5391,6673,16488,22643,6965,14116,1362,1287,3741,5213,3263,6150,3297,8678,3834,7334,1925,2253,2997,5029,3305,8458,113609,65886,19081,2217,75764,3,2,41,19
2021-03-24T23:59:59+01:00,6,9,4241,5296,12257,18296,11830,17966,10588,22284,11017,19710,5122,6324,15446,21425,6825,13892,1339,1274,3717,5167,3227,6086,3242,8608,3780,7261,1872,2194,2689,4695,3152,8182,110496,64489,17986,1974,74009,3,2,41,18
2021-03-23T23:59:59+01:00,6,9,4185,5231,12090,17951,11629,17612,10394,21917,10793,19421,4987,6125,14805,20610,6684,13719,1324,1267,3702,5148,3206,6068,3217,8557,3742,7217,1837,2135,2460,4425,2943,7859,108134,63153,17260,1932,72731,3,2,41,18
2021-03-22T23:59:59+01:00,6,9,4135,5152,11891,17617,11440,17284,10168,21589,10577,19114,4834,5914,14187,19891,6551,13532,1310,1258,3673,5115,3174,6030,3188,8500,3705,7172,1793,2079,2260,4174,2748,7527,106265,61893,16540,1791,71045,3,2,39,18
2021-03-21T23:59:59+01:00,6,9,4061,5029,11607,17206,11159,16876,9896,21134,10320,18758,4720,5742,13488,19099,6409,13324,1302,1257,3656,5099,3152,5997,3165,8470,3685,7150,1774,2052,2093,4012,2577,7257,104381,60891,15237,1786,69184,3,2,39,17
2021-03-20T23:59:59+01:00,5,9,4031,4960,11464,16871,11034,16558,9754,20831,10143,18474,4593,5582,12855,18149,6271,13108,1301,1256,3656,5097,3149,5996,3162,8464,3680,7145,1770,2047,2061,3950,2554,7216,102182,60697,15232,1786,67237,3,2,39,17
2021-03-19T23:59:59+01:00,5,8,3987,4879,11296,16508,10851,16203,9578,20450,9926,18112,4430,5386,11831,16935,6110,12897,1292,1249,3638,5068,3119,5919,3117,8371,3577,6970,1643,1934,1986,3885,2442,7008,99475,59415,14818,1782,65063,3,2,34,17
2021-03-18T23:59:59+01:00,5,8,3899,4776,11049,16082,10581,15757,9299,19980,9703,17769,4286,5220,11202,16065,5882,12629,1288,1238,3621,5033,3099,5875,3095,8314,3550,6923,1624,1901,1947,3815,2319,6798,97669,58728,13808,1691,62679,3,2,34,17
2021-03-17T23:59:59+01:00,5,8,3727,4661,10754,15661,10314,15397,9056,19617,9452,17421,4167,5053,10389,14818,5619,12204,1287,1235,3606,5015,3092,5855,3085,8280,3532,6899,1623,1876,1923,3786,2209,6611,95014,58217,12263,1677,61010,2,2,34,17
2021-03-16T23:59:59+01:00,5,8,3584,4536,10414,15196,10041,15027,8779,19173,9153,17056,4023,4886,9566,13693,5337,11845,1273,1232,3602,5008,3081,5851,3079,8269,3525,6885,1599,1851,1884,3735,2089,6432,92672,57778,11071,1597,58544,2,2,33,17
2021-03-15T23:59:59+01:00,5,8,3435,4420,10097,14728,9749,14568,8482,18698,8865,16643,3876,4715,8854,12626,5113,11523,1263,1224,3582,4996,3069,5827,3058,8230,3505,6842,1584,1838,1867,3701,1973,6246,90702,57190,9706,1596,55965,2,1,31,17
2021-03-14T23:59:59+01:00,5,8,3364,4330,9830,14291,9491,14163,8162,18204,8583,16248,3713,4529,8049,11391,4805,11068,1249,1218,3561,4978,3048,5785,3036,8150,3477,6774,1558,1786,1807,3574,1808,5857,88389,56661,8685,987,53132,2,0,28,17
2021-03-13T23:59:59+01:00,5,8,3285,4073,9516,13618,9243,13578,7933,17622,8375,15810,3601,4425,7856,11097,4757,10979,1249,1218,3561,4978,3048,5785,3035,8149,3476,6772,1554,1785,1805,3570,1807,5856,87731,56643,8685,987,49337,2,0,28,17
2021-03-12T23:59:59+01:00,5,8,3222,3936,9269,13078,9004,13046,7700,16986,8017,15056,3438,4254,7470,10689,4618,10790,1245,1215,3556,4964,3045,5782,3028,8141,3472,6766,1527,1756,1784,3552,1707,5678,85950,56214,8438,986,46170,2,0,28,17
2021-03-11T23:59:59+01:00,5,8,3071,3668,8892,12316,8700,12367,7367,16201,7673,14409,3279,4048,6912,9966,4427,10477,1226,1205,3523,4920,3002,5705,2993,8017,3421,6668,1481,1701,1705,3352,1509,5164,83484,55470,7991,109,42284,1,0,27,13
2021-03-10T23:59:59+01:00,5,8,3006,3561,8390,11805,8018,11884,7046,15710,7372,13818,3118,3891,6352,9268,4256,10202,1215,1191,3493,4862,2971,5629,2957,7877,3367,6545,1443,1661,1646,3256,1393,4885,81660,54294,7439,85,38586,0,0,25,13
2021-03-09T23:59:59+01:00,5,7,2900,3385,7706,11352,7119,11395,6626,15093,7007,13210,2887,3588,5844,8636,4100,9926,1210,1187,3471,4815,2943,5563,2940,7822,3349,6499,1428,1637,1611,3213,1288,4687,79364,53602,6076,51,35321,0,0,25,11
2021-03-08T23:59:59+01:00,5,7,2727,3149,7064,10806,6303,10914,6222,14564,6612,12639,2676,3377,5237,7895,3953,9657,1203,1181,3450,4749,2918,5487,2901,7727,3317,6423,1421,1628,1608,3205,1283,4684,76528,53126,4931,49,32324,0,0,24,11
2021-03-07T23:59:59+01:00,5,7,2615,3016,6733,10305,5891,10370,5926,14114,6372,12249,2578,3285,4470,6827,3736,9374,1200,1178,3447,4744,2913,5475,2897,7710,3309,6410,1416,1614,1587,3165,1268,4643,73266,52919,4099,47,30485,0,0,23,11
2021-03-06T23:59:59+01:00,5,6,2570,2874,6549,9851,5691,9953,5448,13257,5997,11509,2557,3258,4464,6816,3735,9371,1200,1177,3444,4739,2911,5474,2896,7709,3308,6407,1414,1611,1587,3163,1267,4643,72036,52893,4099,47,27753,0,0,23,11
2021-03-05T23:59:59+01:00,5,6,2478,2619,6335,9265,5477,9554,5271,12687,5612,10527,2331,2791,4083,6434,3596,9155,1188,1174,3426,4723,2906,5460,2888,7690,3296,6388,1400,1603,1586,3159,1262,4638,69698,52732,3866,47,24639,0,0,23,9
2021-03-04T23:59:59+01:00,5,6,2402,2413,6120,8829,5314,9210,5089,12265,5436,10149,2239,2620,3526,5609,3430,8816,1177,1159,3383,4623,2872,5393,2856,7592,3264,6313,1380,1596,1572,3145,1253,4627,67643,52153,3424,46,22388,0,0,23,7
2021-03-03T23:59:59+01:00,4,6,2344,2361,5950,8412,5143,8847,4875,11812,5246,9702,2156,2512,3121,5171,3270,8519,1157,1151,3348,4575,2835,5328,2816,7493,3216,6239,1360,1571,1553,3114,1247,4610,66208,51565,3179,43,20042,0,0,22,6
2021-03-02T23:59:59+01:00,4,6,2290,2272,5788,8076,4984,8591,4711,11410,5084,9381,2090,2421,2815,4814,3052,8196,1152,1141,3330,4554,2820,5302,2799,7444,3208,6211,1355,1559,1535,3095,1244,4604,64849,51305,2918,43,18196,0,0,22,6
2021-03-01T23:59:59+01:00,4,6,2263,2245,5683,7860,4884,8443,4625,11258,4982,9206,2034,2344,2516,4490,2864,7879,1146,1138,3316,4536,2808,5273,2783,7398,3192,6183,1348,1556,1528,3086,1241,4600,63574,51084,2696,43,17294,0,0,22,6
2021-02-28T23:59:59+01:00,3,6,2211,2202,5503,7599,4708,8221,4487,11071,4873,9077,1996,2281,2217,4188,2661,7569,1137,1132,3301,4526,2801,5266,2777,7384,3185,6169,1343,1553,1521,3069,1240,4568,62456,50925,2392,43,16003,0,0,22,5
2021-02-27T23:59:59+01:00,3,6,2124,1893,5327,7173,4609,7905,4403,10722,4800,8825,1967,2220,2186,4141,2641,7515,1133,1128,3299,4524,2796,5264,2773,7381,3180,6165,1341,1553,1521,3068,1239,4567,62215,50888,2392,40,13831,0,0,22,5
2021-02-26T23:59:59+01:00,3,6,2067,1815,5180,6933,4462,7644,4253,10455,4591,8541,1838,2112,2125,4101,2533,7335,1112,1115,3282,4490,2784,5225,2760,7327,3158,6111,1335,1542,1517,3060,1238,4565,60880,50578,2386,39,12706,0,0,22,5
2021-02-25T23:59:59+01:00,3,6,1950,1715,4853,6528,4033,7181,3965,9938,4355,8157,1779,2053,2091,4040,2422,7140,1096,1099,3245,4447,2753,5173,2714,7220,3118,6018,1325,1526,1501,3020,1225,4506,60397,49946,2279,37,9511,0,0,22,4
2021-02-24T23:59:59+01:00,3,6,1921,1655,4736,6314,3928,6966,3842,9695,4228,7997,1757,2021,2058,3998,2310,6942,1083,1094,3218,4385,2717,5107,2689,7136,3089,5947,1309,1509,1476,2972,1213,4437,59847,49352,2032,26,8476,0,0,22,4
2021-02-23T23:59:59+01:00,3,6,1697,1508,4361,5824,3647,6573,3620,9315,4073,7711,1728,1989,2014,3951,2197,6758,1064,1082,3180,4357,2689,5049,2662,7060,3054,5888,1289,1489,1449,2937,1203,4387,59392,48825,1985,12,5577,0,0,21,3
2021-02-22T23:59:59+01:00,3,6,1687,1489,4310,5765,3611,6510,3555,9220,4011,7616,1696,1962,1987,3898,2079,6561,1060,1069,3159,4312,2669,5010,2637,7000,3025,5835,1277,1475,1439,2927,1195,4378,58845,48458,1842,7,5258,0,0,21,3
2021-02-21T23:59:59+01:00,3,6,1675,1485,4280,5731,3568,6472,3514,9166,3967,7566,1687,1955,1982,3889,1959,6398,1054,1058,3138,4274,2639,4960,2621,6931,2996,5745,1262,1459,1419,2866,1171,4301,58502,47885,1836,7,4945,0,0,20,3
2021-02-20T23:59:59+01:00,3,6,1674,1484,4275,5728,3566,6471,3514,9164,3966,7565,1682,1953,1980,3885,1958,6398,1054,1058,3136,4272,2639,4960,2620,6930,2996,5745,1262,1458,1418,2866,1171,4301,58486,47877,1836,7,4930,0,0,20,3
2021-02-19T23:59:59+01:00,3,6,1656,1477,4262,5708,3555,6457,3503,9154,3956,7549,1656,1924,1959,3865,1856,6217,1053,1057,3135,4271,2638,4959,2620,6928,2993,5743,1262,1457,1418,2865,1171,4301,58062,47862,1831,7,4852,0,0,18,3
2021-02-18T23:59:59+01:00,3,6,1611,1446,4166,5597,3483,6354,3415,8990,3869,7409,1634,1889,1925,3795,1726,6020,1007,1014,2995,4046,2512,4687,2509,6590,2886,5478,1231,1414,1385,2779,1145,4151,57415,45821,1741,7,4164,0,0,18,2
2021-02-17T23:59:59+01:00,3,5,1589,1417,4070,5447,3398,6204,3297,8755,3742,7208,1582,1820,1852,3694,1609,5715,950,964,2842,3823,2394,4374,2382,6179,2757,5166,1181,1354,1339,2672,1098,3989,56206,43455,1730,7,3453,0,0,18,2
2021-02-16T23:59:59+01:00,3,5,1515,1350,3909,5249,3261,6021,3189,8521,3620,7042,1558,1795,1816,3664,1495,5507,864,932,2710,3665,2295,4163,2256,5856,2625,4911,1125,1262,1194,2369,844,3375,55512,40440,1713,4,2279,0,0,16,2
2021-02-15T23:59:59+01:00,3,5,1500,1332,3863,5163,3202,5934,3132,8406,3553,6936,1547,1781,1801,3641,1487,5486,829,910,2629,3535,2219,3983,2172,5578,2537,4698,1082,1198,1108,2195,780,3160,55046,38610,1711,2,1999,0,0,16,1
2021-02-14T23:59:59+01:00,3,5,1433,1304,3778,5086,3158,5825,3076,8252,3509,6827,1527,1750,1749,3514,1432,5239,820,904,2580,3467,2180,3915,2118,5458,2470,4591,1055,1162,1023,2023,709,2925,54803,37397,1100,2,1548,0,0,16,1
2021-02-13T23:59:59+01:00,3,5,1431,1303,3770,5080,3151,5824,3073,8250,3506,6825,1526,1746,1749,3512,1430,5239,820,904,2580,3467,2180,3914,2116,5457,2469,4591,1053,1161,1023,2023,709,2925,54783,37392,1099,0,1525,0,0,16,0
2021-02-12T23:59:59+01:00,3,4,1397,1287,3732,5046,3129,5804,3051,8217,3487,6780,1509,1735,1739,3495,1421,5219,813,896,2547,3413,2146,3869,2086,5403,2451,4560,1052,1160,1022,2022,708,2923,54554,37071,1097,0,1389,0,0,15,0
2021-02-11T23:59:59+01:00,3,4,1350,1244,3618,4875,3038,5632,2953,7905,3386,6567,1448,1674,1672,3317,1337,4893,776,833,2292,2968,1920,3391,1854,4655,2180,4030,968,1090,936,1830,659,2652,53924,33034,131,0,850,0,0,11,0
2021-02-10T23:59:59+01:00,3,4,1329,1221,3559,4765,2972,5528,2911,7755,3332,6436,1430,1657,1645,3278,1324,4856,699,776,2000,2559,1710,2939,1615,4046,1923,3567,858,943,773,1458,531,2163,53275,28560,129,0,591,0,0,10,0
2021-02-09T23:59:59+01:00,3,3,1316,1203,3504,4695,2942,5459,2890,7661,3295,6368,1422,1643,1617,3255,1314,4843,648,698,1739,2203,1516,2549,1426,3538,1751,3199,826,909,750,1385,510,2050,52964,25697,124,0,335,0,0,10,0
2021-02-08T23:59:59+01:00,3,3,1302,1199,3475,4665,2922,5421,2869,7609,3275,6338,1412,1636,1608,3229,1312,4825,635,664,1587,1966,1375,2295,1292,3230,1591,2939,787,888,702,1279,478,1881,52663,23589,98,0,332,0,0,10,0
2021-02-07T23:59:59+01:00,3,3,1170,1156,3368,4609,2868,5378,2840,7569,3250,6298,1402,1620,1600,3206,1307,4792,488,518,1318,1611,1133,1844,1082,2638,1363,2416,681,760,620,1120,433,1665,52362,19690,70,0,0,0,0,7,0
2021-02-06T23:59:59+01:00,3,3,1166,1154,3366,4607,2863,5375,2833,7566,3246,6294,1400,1618,1599,3203,1306,4791,364,369,1117,1359,996,1540,937,2224,1196,1997,591,658,591,1103,430,1662,52316,17134,70,0,0,0,0,7,0
2021-02-05T23:59:59+01:00,3,1,1155,1143,3350,4586,2856,5348,2821,7521,3227,6248,1394,1610,1596,3196,1305,4791,262,207,932,1041,847,1168,762,1769,1016,1588,473,551,564,1083,427,1657,52074,14347,70,0,0,0,0,7,0
2021-02-04T23:59:59+01:00,3,1,1139,1125,3305,4538,2815,5272,2778,7390,3178,6162,1380,1595,1582,3163,1294,4764,134,82,627,666,556,745,520,1156,673,990,292,368,464,937,389,1506,51430,10105,47,0,0,0,0,7,0
2021-02-03T23:59:59+01:00,3,1,1117,1119,3279,4493,2786,5229,2757,7337,3148,6105,1371,1586,1558,3123,1288,4719,116,66,499,515,425,602,417,914,515,745,243,288,364,736,305,1175,50967,7925,45,0,0,0,0,7,0
2021-02-02T23:59:59+01:00,3,1,1096,1106,3242,4462,2756,5175,2730,7261,3112,6041,1348,1558,1524,3066,1263,4630,106,57,413,416,353,524,368,826,462,663,222,265,319,665,280,1054,50323,6993,44,0,0,0,0,7,0
2021-02-01T23:59:59+01:00,3,1,1080,1094,3222,4410,2725,5114,2698,7134,3082,5943,1328,1530,1499,3030,1247,4567,79,42,315,310,261,399,275,616,327,498,184,217,251,526,218,822,49657,5340,44,0,0,0,0,6,0
2021-01-31T23:59:59+01:00,3,1,1075,1084,3207,4381,2700,5070,2683,7078,3068,5898,1316,1513,1479,2966,1224,4489,69,41,289,286,235,349,254,574,297,459,162,199,211,430,177,666,49185,4698,44,0,0,0,0,6,0
2021-01-30T23:59:59+01:00,3,1,1074,1084,3204,4377,2699,5070,2682,7077,3068,5897,1316,1512,1478,2966,1224,4489,69,38,282,272,222,333,249,563,293,453,161,196,210,430,177,666,49174,4614,41,0,0,0,0,6,0
2021-01-29T23:59:59+01:00,3,1,1073,1083,3203,4373,2699,5068,2681,7075,3065,5895,1316,1512,1478,2965,1224,4489,65,34,264,258,199,311,233,546,282,445,155,192,206,424,176,664,49156,4454,41,0,0,0,0,6,0
2021-01-28T23:59:59+01:00,3,1,1052,1064,3136,4267,2645,4957,2623,6919,2997,5764,1302,1490,1462,2899,1202,4369,55,19,167,155,133,187,163,361,207,281,124,149,160,264,102,385,48110,2912,38,0,0,0,0,4,0
2021-01-27T23:59:59+01:00,3,1,1007,1026,3050,4123,2564,4777,2528,6637,2913,5564,1271,1448,1426,2810,1169,4229,26,8,101,71,62,92,84,211,117,147,94,115,116,195,77,277,46514,1793,28,0,0,0,0,4,0
2021-01-26T23:59:59+01:00,2,1,930,996,2934,3988,2485,4592,2446,6457,2842,5407,1245,1396,1332,2654,954,3827,26,8,96,70,61,91,82,211,115,146,92,114,116,195,77,277,44467,1777,17,0,0,0,0,4,0
2021-01-25T23:59:59+01:00,2,1,914,979,2855,3858,2439,4444,2386,6260,2783,5255,1227,1374,1318,2629,944,3794,26,8,95,70,59,91,82,211,115,144,92,114,116,195,77,277,43447,1772,12,0,0,0,0,3,0
2021-01-24T23:59:59+01:00,2,1,904,975,2835,3843,2429,4412,2360,6221,2750,5194,1214,1368,1309,2607,931,3760,26,8,95,70,59,91,82,211,114,144,91,114,116,195,77,277,43103,1770,9,0,0,0,0,3,0
2021-01-23T23:59:59+01:00,2,1,904,975,2835,3842,2429,4412,2359,6220,2749,5194,1212,1367,1309,2607,931,3760,26,8,95,70,59,91,82,211,114,144,91,114,116,195,77,275,43098,1768,8,0,0,0,0,2,0
2021-01-22T23:59:59+01:00,2,1,898,968,2803,3796,2395,4347,2328,6145,2728,5147,1210,1365,1308,2605,930,3757,26,8,95,70,59,91,82,211,114,144,91,114,116,195,77,275,42725,1768,8,0,0,0,0,0,0
2021-01-21T23:59:59+01:00,2,1,883,900,2545,3380,2194,3929,2146,5536,2504,4661,1158,1317,1264,2481,899,3598,22,8,83,64,55,74,68,169,94,133,81,98,98,145,65,212,39390,1469,8,0,0,0,0,0,0
2021-01-20T23:59:59+01:00,2,1,808,838,2233,2974,1987,3462,1914,4927,2247,4184,1046,1175,1106,2135,786,3135,22,8,83,64,55,73,68,169,93,133,81,98,98,145,64,212,34952,1466,8,0,0,0,0,0,0
2021-01-19T23:59:59+01:00,2,1,748,760,1942,2527,1744,3000,1677,4267,2002,3710,973,1079,983,1860,688,2785,11,3,50,45,36,45,35,100,44,77,36,37,48,77,39,137,30741,820,7,0,0,0,0,0,0
2021-01-18T23:59:59+01:00,2,1,678,703,1710,2128,1506,2522,1426,3580,1746,3203,890,993,884,1655,636,2519,5,2,19,11,13,20,17,54,17,33,19,22,25,53,28,75,26778,413,4,0,0,0,0,0,0
2021-01-17T23:59:59+01:00,1,1,495,542,1393,1724,1222,1986,1167,2837,1466,2574,748,840,736,1375,526,2150,0,1,3,2,0,0,0,0,0,0,0,0,0,0,0,0,21780,6,3,0,0,0,0,0,0
2021-01-16T23:59:59+01:00,1,0,372,395,1210,1475,1101,1698,1024,2433,1308,2164,659,737,706,1359,523,2149,0,0,0,0,0,0,0,0,0,0,0,0,0,0,0,0,19312,0,2,0,0,0,0,0,0
2021-01-15T23:59:59+01:00,1,0,266,232,1026,1172,951,1348,855,1981,1124,1762,539,626,668,1326,512,2109,0,0,0,0,0,0,0,0,0,0,0,0,0,0,0,0,16497,0,1,0,0,0,0,0,0
2021-01-14T23:59:59+01:00,0,0,151,102,709,784,658,873,618,1316,756,1139,348,437,555,1141,462,1880,0,0,0,0,0,0,0,0,0,0,0,0,0,0,0,0,11929,0,0,0,0,0,0,0,0
2021-01-13T23:59:59+01:00,0,0,127,81,598,614,534,705,500,1058,597,873,294,362,466,972,403,1612,0,0,0,0,0,0,0,0,0,0,0,0,0,0,0,0,9796,0,0,0,0,0,0,0,0
2021-01-12T23:59:59+01:00,0,0,116,65,514,525,455,603,434,928,526,770,259,313,382,779,337,1264,0,0,0,0,0,0,0,0,0,0,0,0,0,0,0,0,8270,0,0,0,0,0,0,0,0
2021-01-11T23:59:59+01:00,0,0,87,52,418,425,371,492,347,750,418,594,225,262,320,648,277,1065,0,0,0,0,0,0,0,0,0,0,0,0,0,0,0,0,6751,0,0,0,0,0,0,0,0
2021-01-10T23:59:59+01:00,0,0,73,45,352,352,305,408,290,651,348,527,196,233,260,515,220,834,0,0,0,0,0,0,0,0,0,0,0,0,0,0,0,0,5609,0,0,0,0,0,0,0,0
2021-01-09T23:59:59+01:00,0,0,73,43,337,332,280,384,282,635,340,520,195,232,259,513,220,834,0,0,0,0,0,0,0,0,0,0,0,0,0,0,0,0,5479,0,0,0,0,0,0,0,0
2021-01-08T23:59:59+01:00,0,0,69,37,303,298,234,343,254,593,312,481,177,212,234,455,199,733,0,0,0,0,0,0,0,0,0,0,0,0,0,0,0,0,4934,0,0,0,0,0,0,0,0
2021-01-07T23:59:59+01:00,0,0,58,25,213,199,165,244,194,426,241,344,148,173,180,297,127,462,0,0,0,0,0,0,0,0,0,0,0,0,0,0,0,0,3496,0,0,0,0,0,0,0,0
2021-01-06T23:59:59+01:00,0,0,47,16,163,120,118,163,144,298,178,244,118,141,139,231,88,329,0,0,0,0,0,0,0,0,0,0,0,0,0,0,0,0,2537,0,0,0,0,0,0,0,0
2021-01-05T23:59:59+01:00,0,0,29,8,97,72,63,95,86,215,117,152,107,131,130,213,87,308,0,0,0,0,0,0,0,0,0,0,0,0,0,0,0,0,1910,0,0,0,0,0,0,0,0
2021-01-04T23:59:59+01:00,0,0,27,8,97,71,59,92,86,215,117,150,107,130,130,213,87,308,0,0,0,0,0,0,0,0,0,0,0,0,0,0,0,0,1897,0,0,0,0,0,0,0,0
2021-01-03T23:59:59+01:00,0,0,27,8,97,71,59,92,86,215,116,150,106,130,130,213,87,308,0,0,0,0,0,0,0,0,0,0,0,0,0,0,0,0,1895,0,0,0,0,0,0,0,0
2021-01-02T23:59:59+01:00,0,0,27,8,97,71,59,92,86,215,115,150,106,130,130,213,87,307,0,0,0,0,0,0,0,0,0,0,0,0,0,0,0,0,1893,0,0,0,0,0,0,0,0
2021-01-01T23:59:59+01:00,0,0,27,8,97,71,59,92,86,215,114,149,106,130,130,213,87,307,0,0,0,0,0,0,0,0,0,0,0,0,0,0,0,0,1891,0,0,0,0,0,0,0,0
2020-12-31T23:59:59+01:00,0,0,27,8,97,71,59,92,86,215,113,149,106,130,130,213,87,307,0,0,0,0,0,0,0,0,0,0,0,0,0,0,0,0,1890,0,0,0,0,0,0,0,0
2020-12-30T23:59:59+01:00,0,0,27,8,97,71,58,92,86,215,113,149,106,130,130,213,86,307,0,0,0,0,0,0,0,0,0,0,0,0,0,0,0,0,1888,0,0,0,0,0,0,0,0
2020-12-29T23:59:59+01:00,0,0,15,2,65,53,36,61,50,138,64,89,49,54,72,125,56,208,0,0,0,0,0,0,0,0,0,0,0,0,0,0,0,0,1137,0,0,0,0,0,0,0,0
2020-12-28T23:59:59+01:00,0,0,5,2,36,26,23,30,21,67,25,41,21,23,26,48,28,74,0,0,0,0,0,0,0,0,0,0,0,0,0,0,0,0,496,0,0,0,0,0,0,0,0
2020-12-27T23:59:59+01:00,0,0,0,0,7,5,11,2,1,5,0,2,0,1,2,2,4,6,0,0,0,0,0,0,0,0,0,0,0,0,0,0,0,0,48,0,0,0,0,0,0,0,0
