Datum,<15_1_m,<15_1_w,15-24_1_m,15-24_1_w,25-34_1_m,25-34_1_w,35-44_1_m,35-44_1_w,45-54_1_m,45-54_1_w,55-64_1_m,55-64_1_w,65-74_1_m,65-74_1_w,75-84_1_m,75-84_1_w,>84_1_m,>84_1_w,<15_2_m,<15_2_w,15-24_2_m,15-24_2_w,25-34_2_m,25-34_2_w,35-44_2_m,35-44_2_w,45-54_2_m,45-54_2_w,55-64_2_m,55-64_2_w,65-74_2_m,65-74_2_w,75-84_2_m,75-84_2_w,>84_2_m,>84_2_w,bp_1,bp_2,mo_1,mo_2,az_1,az_2,ja,unb_1,unb_2
2021-10-29T23:59:59+02:00,12298,11674,71404,71155,112959,109639,102151,101314,97821,103070,96014,97700,57193,70901,44695,62028,11087,22534,9898,9629,64884,65041,106132,102506,96532,95203,93176,97981,92364,93955,55494,68820,43530,60220,10614,21384,859714,809694,137727,132394,158748,145751,99290,235,234
2021-10-28T23:59:59+02:00,12210,11616,71193,70980,112669,109394,101921,101145,97652,102925,95911,97619,57171,70870,44684,62011,11085,22530,9835,9577,64692,64841,105944,102306,96377,95039,93058,97863,92278,93909,55468,68771,43522,60202,10613,21377,858030,808360,137641,132320,158745,145746,99012,235,234
2021-10-27T23:59:59+02:00,12157,11557,71037,70826,112476,109198,101756,101008,97532,102816,95823,97563,57145,70828,44664,61988,11083,22525,9767,9518,64545,64689,105815,102183,96269,94945,92975,97775,92222,93855,55436,68733,43510,60179,10607,21365,856667,807337,137562,132229,158743,145736,98852,235,234
2021-10-26T23:59:59+02:00,12090,11473,70815,70613,112256,109001,101571,100878,97397,102710,95751,97499,57112,70803,44651,61969,11082,22518,9702,9439,64355,64501,105651,102039,96140,94810,92882,97695,92151,93790,55413,68697,43495,60148,10604,21355,855148,806070,137470,132155,158740,145735,98673,235,234
2021-10-25T23:59:59+02:00,12055,11459,70714,70537,112150,108925,101490,100822,97321,102653,95720,97473,57109,70798,44650,61962,11080,22516,9688,9426,64280,64438,105589,101995,96105,94780,92845,97668,92128,93777,55407,68692,43494,60146,10604,21351,854527,805738,137433,132132,158739,145732,98577,235,234
2021-10-24T23:59:59+02:00,11983,11397,70537,70368,111887,108749,101316,100660,97171,102527,95640,97395,57082,70760,44638,61954,11079,22513,9627,9371,64097,64262,105395,101838,95962,94657,92741,97566,92072,93719,55377,68655,43486,60122,10602,21347,853069,804562,137367,132047,158738,145729,98324,235,234
2021-10-23T23:59:59+02:00,11957,11370,70437,70287,111761,108651,101219,100580,97111,102478,95594,97371,57070,70747,44637,61953,11079,22513,9592,9332,64019,64177,105301,101778,95899,94603,92686,97513,92040,93691,55360,68644,43485,60119,10601,21347,852391,804024,137321,131994,158737,145727,98208,235,234
2021-10-22T23:59:59+02:00,11883,11328,70280,70158,111543,108498,101062,100463,96999,102380,95535,97318,57059,70730,44634,61944,11079,22511,9503,9247,63854,64002,105127,101637,95771,94487,92590,97429,91987,93638,55347,68632,43482,60106,10600,21345,851267,802929,137259,131919,158737,145720,97982,235,234
2021-10-21T23:59:59+02:00,11756,11204,70097,70006,111372,108320,100897,100301,96852,102268,95450,97255,57035,70696,44619,61920,11074,22499,9409,9132,63642,63791,104942,101428,95622,94293,92471,97319,91915,93567,55322,68597,43469,60077,10598,21335,849733,801368,137195,131814,158733,145712,97801,235,234
2021-10-20T23:59:59+02:00,11714,11159,69982,69885,111228,108187,100787,100218,96764,102188,95391,97200,57005,70659,44604,61901,11069,22483,9289,9038,63455,63613,104821,101276,95511,94156,92377,97214,91844,93516,55293,68543,43443,60044,10582,21306,848697,799933,137145,131755,158732,145708,97691,235,234
2021-10-19T23:59:59+02:00,11613,11067,69844,69755,111108,108065,100704,100142,96700,102132,95337,97148,56982,70623,44594,61881,11065,22468,9195,8945,63243,63415,104661,101119,95399,94035,92299,97118,91793,93459,55261,68501,43426,60003,10572,21291,847661,798549,137095,131669,158730,145701,97583,235,233
2021-10-18T23:59:59+02:00,11564,11030,69727,69669,110984,107968,100616,100066,96647,102080,95290,97102,56955,70582,44569,61846,11056,22451,9151,8901,63104,63272,104543,100959,95304,93922,92234,97038,91735,93404,55237,68471,43413,59977,10568,21288,846856,797497,136968,131601,158727,145698,97492,235,233
2021-10-17T23:59:59+02:00,11521,10990,69582,69543,110868,107859,100518,99993,96601,102026,95253,97051,56932,70560,44563,61831,11054,22446,9097,8849,62875,63021,104387,100815,95180,93789,92138,96955,91680,93343,55214,68440,43404,59959,10564,21282,845995,796173,136921,131505,158726,145691,97390,235,233
2021-10-16T23:59:59+02:00,11502,10969,69527,69495,110814,107815,100494,99966,96569,101999,95236,97042,56931,70557,44562,61829,11052,22446,9068,8817,62783,62935,104321,100760,95131,93729,92107,96925,91659,93325,55209,68434,43402,59956,10564,21281,845666,795685,136912,131456,158726,145690,97342,235,233
2021-10-15T23:59:59+02:00,11449,10930,69417,69415,110703,107725,100427,99893,96513,101947,95209,97010,56924,70555,44561,61822,11051,22446,9018,8741,62647,62753,104210,100649,95041,93630,92029,96846,91611,93287,55201,68412,43396,59945,10564,21279,844984,794712,136888,131385,158725,145688,97241,235,233
2021-10-14T23:59:59+02:00,11346,10834,69243,69237,110573,107583,100315,99801,96422,101868,95158,96955,56903,70519,44548,61797,11047,22441,8892,8606,62356,62474,104065,100442,94899,93433,91912,96715,91538,93210,55163,68362,43379,59918,10560,21271,843751,792874,136815,131265,158723,145682,97141,235,233
2021-10-13T23:59:59+02:00,11250,10769,69108,69129,110469,107485,100230,99712,96346,101789,95109,96900,56869,70479,44533,61767,11042,22425,8854,8570,62196,62330,103939,100307,94794,93290,91827,96629,91479,93140,55125,68319,43358,59888,10551,21261,842773,791757,136754,131191,158721,145673,97003,235,233
2021-10-12T23:59:59+02:00,11110,10662,68930,68997,110376,107373,100137,99621,96288,101731,95069,96854,56854,70447,44524,61751,11038,22418,8792,8522,62039,62172,103810,100179,94680,93169,91739,96560,91420,93084,55073,68285,43346,59866,10547,21249,841720,790615,136692,131130,158718,145667,96890,234,230
2021-10-11T23:59:59+02:00,11039,10600,68791,68884,110266,107271,100052,99543,96230,101656,95014,96814,56826,70421,44505,61731,11033,22405,8754,8489,61872,62007,103683,100055,94585,93072,91667,96474,91371,93037,55037,68242,43331,59840,10538,21241,840785,789567,136626,131046,158715,145657,96795,234,230
2021-10-10T23:59:59+02:00,10967,10549,68635,68778,110134,107135,99962,99454,96165,101580,94971,96777,56808,70401,44499,61717,11025,22400,8719,8455,61688,61860,103526,99897,94481,92941,91579,96369,91294,92996,55012,68218,43322,59827,10535,21231,839863,788440,136577,130987,158711,145647,96646,234,230
2021-10-09T23:59:59+02:00,10942,10531,68550,68721,110072,107090,99923,99416,96129,101548,94956,96763,56802,70395,44498,61716,11025,22400,8684,8414,61602,61786,103445,99820,94425,92886,91538,96324,91273,92975,55006,68207,43317,59819,10534,21230,839487,787910,136548,130929,158709,145643,96573,234,230
2021-10-08T23:59:59+02:00,10869,10477,68410,68628,109941,106988,99853,99325,96065,101502,94909,96716,56790,70379,44495,61713,11025,22399,8623,8327,61435,61605,103315,99672,94311,92771,91455,96232,91225,92935,54990,68194,43311,59810,10532,21229,838671,786821,136501,130842,158708,145636,96443,234,230
2021-10-07T23:59:59+02:00,10791,10401,68214,68456,109777,106822,99721,99185,95979,101385,94837,96651,56768,70343,44482,61693,11021,22388,8494,8204,61158,61358,103122,99455,94164,92555,91347,96098,91151,92863,54958,68145,43296,59778,10525,21220,837333,785029,136431,130721,158706,145628,96283,234,230
2021-10-06T23:59:59+02:00,10724,10345,68048,68320,109654,106690,99632,99079,95897,101326,94792,96600,56727,70300,44469,61672,11018,22374,8451,8155,60980,61190,102988,99309,94053,92439,91272,96001,91075,92789,54927,68104,43282,59751,10520,21203,836301,783856,136369,130657,158705,145617,96129,234,230
2021-10-05T23:59:59+02:00,10619,10257,67878,68186,109514,106551,99524,98953,95834,101250,94747,96546,56709,70273,44460,61636,11013,22361,8417,8113,60786,61019,102841,99126,93939,92289,91175,95915,91014,92717,54900,68060,43268,59734,10518,21190,835163,782605,136298,130591,158704,145612,95983,234,230
2021-10-04T23:59:59+02:00,10582,10227,67717,68023,109361,106409,99437,98849,95746,101167,94696,96489,56675,70227,44446,61606,11011,22339,8385,8080,60637,60837,102706,98993,93810,92170,91086,95823,90954,92668,54865,68018,43244,59700,10512,21170,834138,781512,136225,130534,158702,145602,95780,233,230
2021-10-03T23:59:59+02:00,10517,10173,67517,67856,109195,106257,99320,98744,95660,101070,94632,96435,56644,70194,44438,61581,11010,22336,8324,8044,60443,60684,102519,98818,93672,92010,90990,95712,90880,92611,54829,67974,43227,59675,10509,21162,833010,780259,136157,130449,158698,145593,95552,233,230
2021-10-02T23:59:59+02:00,10492,10147,67416,67761,109110,106192,99257,98683,95610,101021,94611,96414,56633,70176,44438,61580,11009,22334,8284,8010,60325,60570,102447,98742,93605,91944,90944,95665,90854,92589,54822,67957,43226,59671,10508,21162,832480,779671,136095,130400,158696,145573,95451,233,230
2021-10-01T23:59:59+02:00,10407,10046,67265,67601,108932,106052,99140,98575,95532,100954,94558,96376,56616,70158,44435,61568,11007,22332,8172,7904,60131,60347,102279,98589,93476,91803,90839,95558,90793,92532,54805,67928,43223,59662,10507,21159,831439,778404,136035,130315,158694,145534,95224,233,230
2021-09-30T23:59:59+02:00,10329,9976,67045,67385,108725,105815,98965,98383,95398,100811,94466,96277,56581,70112,44418,61537,11003,22317,8063,7783,59881,60086,102080,98381,93291,91593,90701,95410,90705,92440,54778,67879,43208,59629,10497,21144,829844,776734,135945,130198,158688,145486,94901,233,230
2021-09-29T23:59:59+02:00,10251,9920,66853,67199,108534,105620,98818,98224,95276,100702,94384,96206,56541,70057,44402,61502,10998,22298,8006,7724,59709,59919,101898,98204,93155,91430,90588,95304,90634,92359,54745,67831,43189,59583,10494,21129,828466,775507,135880,130122,158684,145452,94590,233,230
2021-09-28T23:59:59+02:00,10167,9844,66670,66996,108335,105461,98673,98069,95167,100592,94300,96128,56500,70018,44390,61464,10991,22271,7957,7677,59523,59741,101711,98049,93023,91296,90466,95176,90555,92290,54714,67794,43172,59555,10485,21114,827101,774344,135818,130036,158682,145418,94270,233,230
2021-09-27T23:59:59+02:00,10038,9712,66433,66750,108128,105291,98541,97921,95080,100482,94224,96056,56473,69971,44377,61433,10986,22260,7919,7623,59323,59557,101531,97914,92886,91160,90364,95064,90485,92215,54677,67739,43150,59528,10477,21103,825714,773294,135738,129956,158681,145377,93858,233,230
2021-09-26T23:59:59+02:00,9917,9619,66195,66521,107900,105102,98373,97776,94961,100358,94140,95975,56435,69939,44363,61410,10981,22247,7866,7577,59087,59362,101329,97734,92741,90997,90258,94946,90412,92139,54648,67711,43136,59500,10472,21088,824284,772165,135660,129862,158675,145318,93428,233,230
2021-09-25T23:59:59+02:00,9879,9578,66080,66397,107797,105012,98299,97717,94904,100307,94109,95947,56431,69931,44361,61407,10980,22247,7826,7538,58977,59244,101228,97640,92660,90926,90218,94880,90375,92118,54637,67700,43132,59496,10472,21088,823735,771617,135600,129810,158675,145290,93208,233,230
2021-09-24T23:59:59+02:00,9818,9517,65923,66218,107629,104844,98153,97571,94785,100204,94040,95893,56416,69914,44353,61393,10980,22245,7728,7428,58763,59018,101047,97448,92534,90779,90109,94773,90291,92052,54616,67678,43129,59491,10471,21085,822723,770436,135530,129744,158675,145228,92802,233,230
2021-09-23T23:59:59+02:00,9726,9395,65607,65891,107371,104596,97961,97344,94626,100040,93938,95783,56371,69855,44329,61364,10974,22216,7612,7309,58472,58740,100806,97220,92347,90570,89976,94623,90196,91948,54567,67629,43107,59463,10470,21062,820951,768906,135411,129634,158669,145158,92189,233,230
2021-09-22T23:59:59+02:00,9655,9315,65273,65574,107167,104385,97765,97141,94471,99905,93810,95686,56324,69786,44295,61320,10963,22194,7556,7268,58294,58563,100627,97054,92170,90434,89860,94505,90089,91872,54533,67585,43079,59432,10464,21047,819210,767884,135301,129557,158664,145075,91686,233,230
2021-09-21T23:59:59+02:00,9568,9230,65050,65330,106960,104205,97592,96983,94356,99796,93730,95616,56274,69735,44277,61277,10956,22180,7518,7232,58105,58383,100436,96900,92030,90302,89772,94416,90000,91798,54494,67528,43058,59393,10455,21029,817762,766842,135220,129461,158661,145012,91304,233,230
2021-09-20T23:59:59+02:00,9507,9173,64768,65028,106766,104022,97432,96816,94251,99699,93665,95540,56234,69692,44257,61234,10951,22169,7461,7178,57915,58234,100257,96757,91878,90150,89631,94317,89921,91727,54448,67491,43032,59357,10449,21013,816350,765855,135143,129380,158656,144865,90886,233,230
2021-09-19T23:59:59+02:00,9457,9129,64491,64857,106539,103830,97283,96648,94113,99598,93562,95465,56206,69638,44247,61209,10949,22157,7423,7136,57674,58040,100016,96584,91693,89984,89448,94145,89804,91645,54411,67430,43014,59323,10448,21000,815034,764659,135061,129265,158653,144603,90461,233,230
2021-09-18T23:59:59+02:00,9424,9084,64397,64757,106419,103734,97173,96561,94045,99528,93528,95437,56198,69629,44243,61204,10947,22156,7383,7096,57553,57920,99911,96486,91571,89904,89377,94082,89768,91615,54401,67425,43007,59320,10446,20996,814463,764030,134971,129200,158651,144591,90210,233,230
2021-09-17T23:59:59+02:00,9345,8997,64204,64598,106244,103578,97004,96408,93916,99431,93456,95361,56182,69602,44232,61198,10941,22150,7292,6998,57350,57686,99726,96325,91419,89786,89261,93976,89691,91554,54386,67398,42999,59313,10446,20993,813368,762911,134882,129103,158647,144574,89781,233,230
2021-09-16T23:59:59+02:00,9255,8890,63932,64305,105970,103323,96772,96171,93728,99253,93354,95271,56131,69548,44219,61171,10934,22137,7201,6887,57101,57417,99462,96097,91226,89576,89085,93816,89590,91467,54340,67348,42977,59292,10441,20981,811585,761421,134795,128967,158636,144510,89178,233,228
2021-09-15T23:59:59+02:00,9185,8835,63584,64014,105772,103109,96565,95978,93592,99094,93252,95187,56094,69491,44184,61140,10929,22110,7153,6838,56928,57261,99268,95933,91057,89420,88980,93703,89487,91405,54308,67300,42952,59259,10437,20965,809846,760378,134742,128850,158632,144474,88724,233,228
2021-09-14T23:59:59+02:00,9143,8784,63294,63809,105539,102895,96368,95799,93459,98954,93136,95101,56048,69434,44159,61102,10924,22094,7111,6802,56726,57080,99093,95747,90889,89257,88846,93592,89405,91333,54271,67260,42930,59232,10432,20950,808319,759340,134672,128758,158624,144375,88256,233,227
2021-09-13T23:59:59+02:00,9107,8750,63003,63543,105313,102667,96198,95631,93315,98819,93049,95004,55997,69380,44142,61069,10917,22082,7079,6765,56519,56897,98897,95557,90735,89100,88715,93486,89319,91259,54234,67215,42910,59203,10429,20933,806821,758252,134584,128644,158614,144333,87796,233,227
2021-09-12T23:59:59+02:00,9054,8702,62698,63301,105069,102421,95988,95403,93153,98690,92953,94924,55946,69330,44125,61038,10913,22071,7041,6735,56319,56737,98654,95349,90568,88932,88580,93370,89222,91184,54191,67158,42888,59175,10425,20916,805300,757227,134486,128517,158610,144261,87212,233,227
2021-09-11T23:59:59+02:00,9007,8669,62577,63169,104927,102301,95885,95293,93068,98612,92914,94892,55931,69316,44120,61026,10913,22070,6988,6709,56172,56648,98506,95243,90470,88833,88482,93304,89185,91158,54181,67139,42884,59165,10425,20915,804615,756632,134428,128440,158610,144242,86866,233,227
2021-09-10T23:59:59+02:00,8913,8558,62341,62907,104729,102089,95713,95104,92927,98487,92820,94820,55897,69287,44106,61008,10913,22068,6908,6631,55931,56442,98308,95057,90287,88650,88350,93175,89101,91087,54159,67118,42871,59146,10425,20911,803237,755474,134365,128323,158608,144227,86306,233,227
2021-09-09T23:59:59+02:00,8815,8460,62032,62635,104454,101773,95479,94815,92751,98262,92685,94704,55858,69222,44085,60979,10903,22047,6805,6528,55682,56219,98056,94808,90063,88418,88189,93020,88959,91002,54116,67069,42850,59117,10419,20905,801281,754065,134261,128137,158604,144154,85642,233,227
2021-09-08T23:59:59+02:00,8755,8410,61816,62406,104240,101539,95289,94596,92584,98094,92571,94574,55823,69155,44051,60939,10890,22023,6774,6498,55524,56065,97872,94603,89904,88223,88032,92876,88840,90897,54078,67007,42814,59075,10408,20871,799813,753058,134156,127989,158595,144067,85020,233,227
2021-09-07T23:59:59+02:00,8704,8357,61579,62193,104015,101306,95104,94406,92443,97954,92469,94497,55789,69105,44022,60883,10880,22001,6728,6462,55329,55902,97655,94407,89719,88058,87904,92768,88742,90807,54036,66961,42789,59043,10403,20854,798333,751978,134051,127862,158591,143939,84561,233,227
2021-09-06T23:59:59+02:00,8663,8315,61376,62019,103813,101133,94965,94247,92326,97825,92381,94423,55732,69048,44000,60856,10873,21968,6686,6425,55159,55734,97456,94243,89551,87901,87776,92642,88643,90727,53984,66912,42768,58998,10393,20830,797103,750873,133961,127727,158581,143854,84147,233,227
2021-09-05T23:59:59+02:00,8602,8265,61165,61817,103650,100946,94810,94077,92203,97713,92304,94355,55705,69007,43990,60835,10868,21961,6633,6369,54955,55532,97262,94043,89362,87740,87636,92515,88559,90641,53935,66862,42751,58975,10388,20814,795920,749706,133880,127557,158578,143758,83724,233,227
2021-09-04T23:59:59+02:00,8551,8235,61047,61707,103564,100847,94709,93992,92146,97645,92269,94330,55696,68996,43984,60825,10868,21960,6605,6325,54829,55418,97144,93917,89246,87641,87567,92434,88510,90607,53920,66851,42745,58964,10388,20813,795326,749055,133832,127434,158574,143740,83468,233,227
2021-09-03T23:59:59+02:00,8473,8162,60858,61525,103395,100694,94562,93848,92042,97531,92197,94278,55668,68969,43976,60810,10866,21953,6538,6259,54623,55236,96943,93700,89054,87446,87421,92261,88417,90528,53888,66817,42734,58945,10384,20810,794229,747804,133779,127207,158566,143704,83062,233,227
2021-09-02T23:59:59+02:00,8354,8071,60607,61280,103144,100452,94366,93628,91857,97371,92080,94180,55622,68912,43953,60775,10862,21931,6441,6177,54357,54978,96649,93423,88809,87173,87200,92055,88274,90413,53843,66735,42703,58894,10374,20773,792586,746147,133670,126850,158555,143585,82462,233,227
2021-09-01T23:59:59+02:00,8290,7989,60398,61068,102948,100282,94218,93477,91741,97247,91974,94106,55578,68863,43935,60751,10854,21913,6384,6114,54101,54759,96422,93202,88614,86959,87022,91888,88134,90303,53778,66646,42665,58850,10364,20752,791342,744696,133597,126590,158539,143466,81982,233,223
2021-08-31T23:59:59+02:00,8210,7914,60194,60822,102749,100099,94040,93319,91618,97132,91851,94024,55533,68812,43909,60711,10845,21897,6323,6044,53848,54501,96152,92953,88397,86725,86865,91728,87973,90198,53734,66573,42639,58795,10357,20733,789986,743202,133517,126281,158528,143356,81476,233,223
2021-08-30T23:59:59+02:00,8114,7838,59991,60638,102576,99955,93922,93189,91501,97028,91784,93945,55500,68784,43893,60677,10840,21881,6251,5979,53597,54308,95912,92719,88186,86497,86687,91585,87847,90074,53677,66495,42598,58732,10340,20704,788881,741768,133459,125968,158521,143209,81022,233,221
2021-08-29T23:59:59+02:00,8037,7760,59714,60397,102336,99757,93737,93015,91362,96911,91695,93855,55455,68735,43869,60647,10838,21872,6143,5868,53245,53998,95592,92430,87895,86238,86452,91389,87694,89947,53608,66420,42568,58692,10334,20687,787520,739859,133369,125632,158506,143064,80424,233,221
2021-08-28T23:59:59+02:00,7980,7693,59576,60286,102230,99649,93634,92932,91277,96836,91650,93825,55441,68722,43861,60643,10837,21870,6104,5801,53067,53850,95430,92298,87761,86127,86341,91301,87625,89904,53591,66399,42559,58685,10332,20686,786899,739037,133330,125527,158502,143038,80038,233,221
2021-08-27T23:59:59+02:00,7914,7608,59390,60094,102059,99482,93493,92805,91166,96730,91564,93768,55419,68693,43852,60626,10836,21867,6025,5730,52821,53604,95133,92024,87540,85921,86168,91145,87518,89805,53548,66363,42544,58659,10327,20683,785913,737462,133268,125326,158465,143002,79547,233,221
2021-08-26T23:59:59+02:00,7829,7509,59153,59847,101833,99264,93275,92581,90987,96549,91457,93670,55370,68631,43819,60599,10830,21855,5952,5663,52485,53320,94765,91674,87205,85611,85927,90886,87359,89673,53484,66274,42498,58616,10320,20671,784444,735547,133170,124918,158442,142870,78829,233,219
2021-08-25T23:59:59+02:00,7757,7419,58925,59650,101663,99121,93124,92399,90867,96426,91348,93591,55332,68579,43785,60555,10825,21832,5880,5603,52184,53068,94462,91419,86980,85366,85729,90697,87226,89547,53417,66189,42450,58548,10314,20640,783231,733819,133088,124605,158432,142802,78275,232,218
2021-08-24T23:59:59+02:00,7707,7367,58705,59430,101477,98948,92958,92237,90755,96299,91263,93520,55294,68525,43758,60512,10819,21807,5835,5536,51862,52805,94112,91132,86679,85116,85519,90508,87075,89387,53332,66095,42402,58482,10306,20618,782091,732001,132996,124303,158425,142582,77697,232,218
2021-08-23T23:59:59+02:00,7651,7315,58502,59224,101312,98792,92828,92077,90663,96214,91187,93435,55256,68482,43729,60486,10815,21789,5772,5474,51539,52538,93773,90852,86431,84839,85324,90338,86940,89261,53254,66002,42367,58431,10299,20600,780950,730100,132925,124014,158415,142408,77295,232,217
2021-08-22T23:59:59+02:00,7581,7259,58307,59042,101109,98633,92670,91942,90568,96098,91108,93368,55220,68436,43715,60462,10809,21775,5691,5391,51167,52184,93370,90448,86124,84532,85087,90109,86771,89137,53175,65896,42335,58370,10291,20579,779927,727774,132823,123701,158403,142192,76777,232,213
2021-08-21T23:59:59+02:00,7527,7221,58173,58919,100975,98527,92565,91838,90469,96037,91051,93333,55200,68414,43707,60445,10807,21772,5499,5203,50834,51883,93203,90300,85955,84374,84940,89985,86685,89074,53144,65872,42325,58354,10290,20573,779250,726248,132748,123473,158402,142151,76408,232,213
2021-08-20T23:59:59+02:00,7475,7169,58018,58747,100803,98375,92414,91704,90354,95913,90975,93271,55178,68389,43697,60428,10805,21767,5373,5101,50502,51544,92939,90033,85692,84140,84725,89781,86552,88962,53113,65831,42302,58330,10283,20566,778295,724282,132698,123267,158396,142086,75921,232,213
2021-08-19T23:59:59+02:00,7408,7109,57770,58511,100528,98147,92206,91512,90194,95747,90847,93168,55135,68330,43672,60397,10798,21753,5256,4976,50058,51106,92509,89632,85283,83737,84414,89465,86338,88779,53042,65723,42263,58268,10273,20548,776929,721580,132565,122820,158388,141880,75178,232,212
2021-08-18T23:59:59+02:00,7344,7054,57589,58350,100344,97967,92061,91349,90055,95626,90746,93073,55068,68266,43643,60352,10788,21733,5161,4877,49707,50739,92130,89306,84962,83405,84136,89215,86148,88606,52928,65608,42192,58176,10258,20518,775776,719185,132476,122431,158381,141640,74604,231,212
2021-08-17T23:59:59+02:00,7282,7003,57400,58192,100151,97793,91895,91199,89933,95495,90649,92981,55029,68219,43619,60324,10786,21718,5042,4745,49214,50317,91680,88884,84559,83050,83807,88921,85941,88403,52825,65483,42134,58099,10252,20494,774660,716169,132372,122021,158368,141350,74098,230,212
2021-08-16T23:59:59+02:00,7223,6937,57218,58015,99948,97619,91747,91038,89791,95377,90534,92884,54977,68157,43590,60273,10779,21704,4832,4561,48646,49742,91202,88436,84090,82652,83472,88627,85710,88197,52721,65368,42076,58021,10243,20457,773491,712633,132280,121577,158361,141122,73509,230,212
2021-08-15T23:59:59+02:00,7157,6889,56996,57826,99762,97435,91589,90897,89665,95271,90445,92824,54939,68116,43570,60244,10775,21697,4434,4162,47522,48603,90557,87745,83533,82108,83077,88239,85423,87990,52613,65246,42032,57962,10234,20438,772404,706816,132169,120948,158353,140942,73001,230,211
2021-08-14T23:59:59+02:00,7125,6856,56875,57738,99621,97335,91484,90821,89578,95202,90394,92779,54924,68100,43565,60237,10774,21696,4405,4139,47368,48459,90324,87571,83319,81900,82953,88138,85353,87946,52585,65215,42023,57951,10233,20436,771879,705998,132113,120624,158348,140891,72594,230,211
2021-08-13T23:59:59+02:00,7078,6811,56719,57608,99463,97206,91356,90683,89472,95087,90313,92715,54894,68049,43551,60213,10772,21689,4345,4078,47063,48141,89847,87165,82919,81523,82689,87905,85182,87805,52542,65147,42001,57926,10230,20424,771043,703770,132054,120067,158341,140811,72073,228,211
2021-08-12T23:59:59+02:00,7043,6761,56515,57446,99249,97029,91181,90517,89327,94945,90219,92635,54856,67996,43525,60179,10764,21672,4293,4015,46648,47750,89199,86588,82337,80972,82309,87577,84955,87626,52468,65045,41948,57867,10220,20406,769978,700792,131950,119225,158328,140561,71435,228,210
2021-08-11T23:59:59+02:00,7007,6706,56328,57274,99042,96846,91021,90375,89194,94829,90108,92532,54804,67936,43494,60140,10755,21657,4219,3966,46232,47290,88571,85935,81755,80461,81971,87270,84684,87383,52379,64903,41876,57742,10201,20357,768844,697610,131852,118269,158305,140225,70882,225,209
2021-08-10T23:59:59+02:00,6946,6658,56143,57108,98820,96697,90864,90225,89066,94715,90024,92455,54759,67889,43478,60100,10751,21644,4155,3901,45794,46820,87924,85305,81146,79918,81560,86889,84439,87166,52258,64794,41816,57659,10187,20326,767780,694262,131757,117324,158286,139908,70354,225,209
2021-08-09T23:59:59+02:00,6894,6599,55970,56946,98625,96543,90709,90087,88925,94617,89913,92391,54719,67840,43453,60065,10744,21629,4086,3823,45227,46265,87087,84628,80456,79329,81145,86539,84146,86942,52145,64662,41760,57558,10173,20284,766752,690438,131684,116259,158276,139560,69792,225,206
2021-08-08T23:59:59+02:00,6823,6530,55743,56755,98413,96354,90530,89922,88788,94494,89818,92315,54664,67793,43427,60031,10737,21608,4030,3762,44621,45649,86014,83687,79548,78514,80599,86061,83814,86641,52011,64508,41696,57468,10160,20257,765528,685294,131572,115074,158256,139244,69223,225,205
2021-08-07T23:59:59+02:00,6779,6479,55598,56631,98273,96238,90401,89819,88693,94436,89755,92275,54645,67766,43424,60021,10734,21603,3569,3386,43780,44767,85676,83349,79071,78074,80238,85707,83632,86496,51948,64424,41675,57432,10155,20248,764855,681572,131510,113924,158252,139140,68787,225,204
2021-08-06T23:59:59+02:00,6723,6430,55406,56479,98041,96053,90248,89689,88568,94319,89657,92204,54605,67738,43415,59994,10731,21599,3188,2987,42858,43876,85205,82877,78482,77518,79847,85321,83441,86349,51896,64359,41649,57400,10147,20235,763890,677597,131410,112643,158245,139004,68188,225,203
2021-08-05T23:59:59+02:00,6655,6358,55084,56233,97741,95782,89986,89467,88354,94126,89486,92068,54540,67648,43386,59942,10722,21581,2672,2538,41616,42706,84470,82193,77702,76716,79249,84756,83083,86046,51766,64199,41589,57297,10132,20203,762228,672018,131282,111004,158233,138459,67250,225,202
2021-08-04T23:59:59+02:00,6574,6308,54844,56046,97488,95569,89801,89300,88212,93986,89368,91970,54487,67597,43348,59895,10718,21571,2600,2478,41140,42212,83243,81142,76358,75571,78758,84300,82762,85798,51624,64061,41532,57210,10116,20177,760935,666810,131173,109492,158219,137989,66589,225,202
2021-08-03T23:59:59+02:00,6508,6242,54586,55851,97252,95377,89623,89135,88069,93840,89221,91849,54410,67517,43311,59837,10710,21563,2545,2436,40701,41785,81993,80001,74933,74381,78149,83730,82215,85305,51411,63857,41431,57054,10103,20141,759554,660975,131068,107790,158194,137285,65919,225,202
2021-08-02T23:59:59+02:00,6446,6179,54347,55649,96990,95154,89399,88959,87896,93699,89077,91736,54327,67444,43278,59784,10707,21543,2494,2372,40221,41298,80670,78889,73381,73172,77521,83164,81671,84820,51241,63653,41356,56933,10086,20107,758116,654897,130918,106029,158172,136680,65243,224,200
2021-08-01T23:59:59+02:00,6380,6094,54079,55384,96724,94884,89161,88783,87693,93554,88913,91626,54258,67358,43241,59732,10700,21536,2418,2320,39700,40805,79374,77807,71967,72067,76627,82411,81085,84354,51051,63414,41267,56828,10075,20083,756507,648708,130723,104125,158147,136065,64559,221,196
2021-07-31T23:59:59+02:00,6344,6056,53957,55291,96603,94789,89060,88716,87602,93483,88868,91590,54246,67348,43235,59728,10700,21535,1894,1869,38740,39783,78928,77362,71430,71512,76242,82084,80969,84258,51032,63381,41251,56816,10075,20080,756026,644027,130553,103249,158144,135970,64264,221,196
2021-07-30T23:59:59+02:00,6289,6021,53779,55149,96444,94612,88902,88567,87470,93368,88785,91520,54209,67317,43222,59710,10698,21533,1427,1418,37733,38727,78222,76709,70675,70774,75727,81556,80568,83933,50955,63292,41217,56756,10069,20068,755126,637832,130237,102110,158140,135760,63929,220,195
2021-07-29T23:59:59+02:00,6238,5962,53543,54965,96182,94384,88689,88358,87299,93193,88645,91393,54149,67253,43199,59671,10689,21512,940,950,36484,37491,77164,75837,69624,69822,74919,80792,80030,83503,50823,63127,41150,56660,10052,20041,753878,630052,129755,100552,158123,135204,63406,219,195
2021-07-28T23:59:59+02:00,6201,5909,53342,54795,95975,94177,88538,88175,87183,93053,88533,91296,54091,67178,43165,59623,10679,21482,899,900,35869,36886,75992,74856,68347,68722,74156,80078,79539,83043,50682,62926,41080,56557,10036,20000,752699,623702,129306,99137,158106,134414,63122,219,193
2021-07-27T23:59:59+02:00,6152,5868,53108,54573,95715,93967,88354,87991,87025,92899,88409,91198,54038,67102,43123,59560,10665,21434,838,844,35215,36130,74532,73606,66892,67504,73291,79232,78995,82524,50507,62713,41000,56436,10011,19958,751288,616395,128875,97686,158083,133182,62773,219,192
2021-07-26T23:59:59+02:00,6095,5815,52888,54365,95469,93779,88155,87824,86862,92762,88279,91097,53977,67022,43094,59504,10658,21412,783,786,34447,35299,73015,72269,65519,66266,72242,78240,78402,81993,50334,62498,40922,56288,9989,19913,749941,608315,128451,96152,158066,132108,62438,218,192
2021-07-25T23:59:59+02:00,6057,5771,52679,54162,95217,93549,87978,87630,86704,92631,88171,90999,53926,66959,43066,59460,10648,21377,672,677,33741,34536,71669,71060,64400,65251,71239,77325,77923,81538,50216,62312,40857,56201,9983,19878,748533,601326,128176,94585,158045,131306,62069,218,192
2021-07-24T23:59:59+02:00,5970,5713,52404,53864,94908,93233,87731,87422,86528,92474,88071,90918,53897,66925,43054,59437,10648,21371,623,626,33236,34044,70804,70363,63729,64694,70362,76623,77718,81387,50161,62269,40835,56176,9983,19876,746651,596901,128123,93650,158044,131178,61588,218,192
2021-07-23T23:59:59+02:00,5917,5657,52130,53590,94507,92945,87431,87207,86347,92296,87931,90824,53863,66877,43046,59419,10645,21365,570,581,32716,33394,69738,69504,62948,64027,69460,75772,77315,81059,50086,62171,40803,56137,9976,19862,744594,591276,128049,92492,158038,131005,61154,218,192
2021-07-22T23:59:59+02:00,5847,5593,51711,53188,94028,92499,87044,86873,86037,91997,87721,90637,53778,66783,43017,59359,10637,21339,496,518,32007,32671,68421,68510,61897,63146,67841,74413,76660,80548,49934,61964,40711,56021,9955,19822,741543,584816,127814,89735,158013,130236,60557,217,191
2021-07-21T23:59:59+02:00,5795,5539,51338,52803,93591,92082,86737,86571,85780,91752,87547,90449,53693,66698,42958,59292,10626,21311,446,460,31392,32020,67088,67467,60809,62252,65797,72721,75755,79803,49643,61655,40550,55833,9931,19765,738727,578520,127574,85416,157983,129144,60116,217,191
2021-07-20T23:59:59+02:00,5737,5475,50946,52408,93126,91615,86371,86245,85512,91497,87324,90252,53601,66563,42909,59233,10619,21285,399,416,30733,31371,65623,66276,59675,61289,64618,71661,75143,79247,49437,61423,40444,55675,9907,19704,735754,571471,127353,83739,157927,128118,59522,217,191
2021-07-19T23:59:59+02:00,5660,5401,50474,51948,92656,91136,85998,85910,85264,91284,87117,90074,53508,66444,42873,59153,10601,21250,355,363,30189,30787,64457,65217,58756,60428,63464,70625,74544,78731,49263,61226,40352,55529,9879,19660,732478,565679,127123,81931,157892,126928,59096,217,191
2021-07-18T23:59:59+02:00,5591,5331,49647,51132,91576,90080,85266,85295,84780,90851,86823,89782,53402,66295,42810,59057,10591,21219,319,319,29634,30200,63268,64141,57831,59509,62285,69598,73993,78231,49115,61062,40294,55445,9867,19631,726000,559829,126791,79904,157875,126118,58701,216,190
2021-07-17T23:59:59+02:00,5417,5144,49294,50798,91433,89944,85071,85135,84623,90713,86716,89699,53382,66268,42799,59045,10590,21216,267,264,29246,29819,62620,63545,57275,59087,61533,68862,73687,77990,49005,60944,40255,55387,9857,19620,724818,556811,126615,78936,157870,125504,57822,216,190
2021-07-16T23:59:59+02:00,5316,5053,48971,50507,91167,89718,84825,84938,84423,90529,86577,89592,53340,66236,42781,59031,10587,21211,232,229,28749,29317,61680,62635,56428,58399,60479,67824,73185,77569,48844,60756,40209,55318,9852,19611,723438,551851,126445,77614,157861,124764,56897,215,190
2021-07-15T23:59:59+02:00,5180,4919,48497,50095,90767,89336,84464,84558,84118,90250,86355,89423,53259,66145,42726,58961,10578,21184,189,196,28020,28687,60361,61566,55300,57413,59065,66511,72451,76982,48613,60493,40120,55187,9837,19556,720960,546020,126024,75418,157826,123089,55830,214,190
2021-07-14T23:59:59+02:00,5074,4804,48142,49720,90460,89045,84177,84244,83869,90011,86155,89265,53169,66038,42668,58872,10561,21153,170,173,27488,28122,59263,60570,54329,56567,58186,65660,71842,76394,48345,60215,40014,55013,9814,19512,718792,540588,125665,74498,157781,121386,55015,213,190
2021-07-13T23:59:59+02:00,4962,4687,47738,49335,90062,88691,83872,83937,83601,89750,85949,89096,53059,65933,42613,58808,10555,21132,154,163,26824,27446,57893,59383,53138,55574,57196,64746,71116,75754,48067,59891,39884,54834,9782,19460,716426,534238,125292,73384,157726,119332,54162,212,189
2021-07-12T23:59:59+02:00,4791,4517,47186,48818,89666,88347,83475,83615,83353,89489,85759,88935,52979,65838,42565,58745,10543,21117,145,155,26194,26788,56390,58030,51851,54515,55972,63600,70371,75135,47692,59461,39708,54611,9741,19395,713702,526947,124924,72362,157663,116982,53275,212,188
2021-07-11T23:59:59+02:00,4396,4143,46235,47891,89233,87912,83061,83227,83043,89201,85562,88787,52892,65747,42539,58689,10532,21100,133,147,25590,26219,55011,56768,50555,53469,54930,62567,69776,74583,47345,59081,39583,54436,9716,19353,709729,520318,124455,71353,157623,115191,52213,208,187
2021-07-10T23:59:59+02:00,4383,4130,45905,47547,88777,87431,82729,82916,82938,89101,85496,88730,52871,65724,42530,58675,10531,21096,130,139,25102,25681,53919,55823,49692,52885,54330,61998,69560,74397,46975,58662,39483,54331,9711,19342,709058,515988,123986,71268,157447,113868,50849,207,187
2021-07-09T23:59:59+02:00,4364,4118,45487,47105,88157,86866,82352,82572,82686,88914,85382,88638,52835,65695,42523,58662,10527,21087,124,124,24398,24904,52596,54590,48749,52005,53550,61147,69138,73992,46616,58252,39395,54241,9704,19330,707638,509808,123400,70862,157284,112519,49479,206,187
2021-07-08T23:59:59+02:00,4334,4091,44935,46604,87296,86156,81821,82057,82432,88671,85188,88484,52768,65628,42491,58616,10516,21071,116,107,23409,23963,50653,53012,47363,50852,52409,60018,68447,73356,46094,57692,39259,54077,9676,19261,705510,502050,122508,69588,156995,109975,47965,205,186
2021-07-07T23:59:59+02:00,4311,4064,44350,46010,86455,85395,81268,81574,82146,88373,84979,88320,52689,65527,42448,58552,10508,21051,104,92,22518,23046,48705,51329,45844,49713,51168,58833,67746,72821,45357,56949,39064,53839,9643,19203,702989,493862,121508,68477,156737,106865,46586,202,184
2021-07-06T23:59:59+02:00,4278,4043,43805,45486,85589,84657,80654,80981,81776,88042,84803,88144,52600,65445,42410,58490,10499,21026,94,82,21679,22177,46700,49545,44458,48461,49887,57495,66998,72102,44526,56174,38878,53600,9625,19148,700335,484885,120486,67394,156437,103894,45272,200,184
2021-07-05T23:59:59+02:00,4256,4007,42643,44499,84070,83554,79925,80360,81317,87619,84528,87879,52485,65309,42359,58412,10485,20998,83,70,20486,21110,44738,47939,43436,47497,48859,56532,66301,71483,43762,55312,38703,53375,9600,19109,697010,478889,119426,66521,156072,100801,42000,199,184
2021-07-04T23:59:59+02:00,4229,3984,41279,43281,82418,82235,79197,79755,80843,87197,84255,87676,52393,65185,42316,58361,10472,20969,80,63,19132,19904,42936,46412,42736,46750,48047,55678,65716,70912,43018,54461,38540,53184,9580,19062,693882,474217,118273,65583,155650,98185,38043,199,183
2021-07-03T23:59:59+02:00,3762,3567,39705,41732,81551,81578,78711,79265,80397,86719,84036,87504,52325,65084,42298,58309,10469,20963,76,62,18321,19213,42016,45717,42317,46375,47641,55278,65550,70746,42428,53732,38477,53085,9573,19052,690129,472277,116960,65484,155566,96592,35123,199,183
2021-07-02T23:59:59+02:00,3204,2996,38149,40231,80818,80847,78039,78558,79878,86216,83795,87300,52274,64998,42270,58262,10457,20950,67,54,17551,18482,40857,44749,41581,45676,46808,54495,65028,70295,41475,52526,38347,52897,9557,19033,685081,467191,115555,65016,155415,94094,32995,198,182
2021-07-01T23:59:59+02:00,2557,2449,36427,38560,79834,79977,77199,77725,79170,85577,83480,87023,52150,64841,42207,58160,10439,20921,56,42,16663,17553,39308,43508,40365,44615,45504,53362,64285,69716,40584,51388,38198,52688,9540,19001,678734,460759,113825,63362,155191,91323,30750,198,182
2021-06-30T23:59:59+02:00,2515,2419,35415,37541,77991,78474,75499,76232,78524,85029,83194,86730,52018,64681,42147,58063,10427,20894,47,32,15629,16572,37628,42287,39166,43508,44347,52300,63528,69085,40039,50701,38080,52488,9518,18965,672865,454613,112088,62023,154977,89436,27667,198,181
2021-06-29T23:59:59+02:00,2480,2387,34574,36640,76391,76977,73887,74819,77729,84313,82648,86239,51835,64462,42071,57932,10409,20858,34,23,14792,15666,36312,41137,38254,42683,43128,51247,62810,68500,39327,49764,37944,52269,9495,18921,666502,449417,110210,60190,154708,87484,25035,198,180
2021-06-28T23:59:59+02:00,2439,2353,33747,35827,74776,75559,72206,73424,76708,83526,82044,85742,51660,64234,41994,57826,10396,20825,25,18,14040,14903,35250,40114,37433,41953,41999,50247,62159,67952,38454,48679,37777,52047,9476,18875,660024,444564,108253,58674,154112,85283,22701,198,179
2021-06-27T23:59:59+02:00,2424,2338,33009,35080,73212,74186,70798,72215,75310,82401,81366,85185,51463,64017,41929,57708,10386,20796,20,18,13403,14267,34290,39351,36777,41352,41062,49396,61616,67509,37589,47646,37625,51867,9461,18844,653806,440647,106316,57905,153159,83018,20346,197,177
2021-06-26T23:59:59+02:00,1787,1728,31966,33973,72852,73867,70332,71750,75018,82090,81272,85107,51443,63991,41915,57698,10385,20793,20,17,13208,14058,33624,38807,36130,40931,40539,49061,60624,66499,36593,46508,37457,51654,9447,18811,649007,434655,105376,57850,153155,81072,20235,195,176
2021-06-25T23:59:59+02:00,1169,1130,30842,32794,72356,73332,69721,71055,74592,81643,80895,84783,51381,63903,41882,57655,10380,20779,17,16,12874,13667,32773,38013,35261,40111,39592,48220,59409,65264,36077,45808,37265,51354,9424,18770,642667,426230,104181,57401,153149,80008,20101,195,175
2021-06-24T23:59:59+02:00,566,570,29498,31467,71576,72571,68847,70169,73919,81009,80448,84419,51274,63774,41830,57585,10369,20745,14,13,12206,12957,31597,36708,34041,38846,38461,47107,57771,63888,35598,45290,37108,51164,9405,18710,634831,416860,102693,55845,153037,78123,19882,194,174
2021-06-23T23:59:59+02:00,539,537,28994,30911,70461,71588,67576,69029,73169,80322,79997,84014,51162,63600,41770,57489,10353,20713,12,12,11711,12422,30597,35467,33105,37624,37436,46221,55824,62165,35043,44724,36941,50938,9384,18645,628587,407062,101120,54780,152931,76863,19393,194,173
2021-06-22T23:59:59+02:00,516,520,28473,30311,69287,70553,66370,68003,72490,79618,79585,83644,51054,63474,41722,57405,10344,20687,10,11,11363,12005,29684,34537,32151,36731,36478,45319,53847,60321,34658,44247,36804,50696,9355,18587,622238,398508,99657,53210,152797,75745,19171,194,170
2021-06-21T23:59:59+02:00,484,486,27804,29629,67967,69370,65181,66873,71731,78837,79191,83252,50947,63363,41663,57316,10330,20646,9,11,11069,11687,29059,33953,31600,36162,35870,44728,51998,58664,33946,43445,36506,50271,9325,18511,615404,390917,98154,52014,152674,75068,18646,193,169
2021-06-20T23:59:59+02:00,399,405,27168,28959,66737,68229,64161,65938,70925,78096,78837,82914,50870,63235,41614,57249,10325,20613,5,10,10781,11419,28509,33450,31144,35672,35357,44204,50150,56866,33404,42763,36309,49936,9295,18451,609002,383486,96691,51263,152574,74596,18215,193,165
2021-06-19T23:59:59+02:00,367,371,26781,28580,66004,67655,63633,65431,70125,77441,78686,82790,50849,63210,41598,57233,10324,20613,5,9,10646,11220,28255,33129,30889,35347,35133,43941,48704,55470,33145,42415,36225,49797,9287,18423,605030,378073,95746,51251,152574,74402,18149,193,165
2021-06-18T23:59:59+02:00,339,337,26321,28105,64988,66916,62896,64820,69204,76603,78296,82458,50786,63135,41571,57197,10320,20605,5,9,10430,10976,27855,32706,30557,34934,34741,43542,46964,53791,32790,41900,36088,49586,9268,18389,599602,371197,94505,50962,152568,74178,18030,193,164
2021-06-17T23:59:59+02:00,310,306,25676,27493,63717,65917,61892,64013,67614,75192,77771,82054,50685,62981,41508,57116,10307,20578,5,9,10013,10613,27067,32008,29816,34254,33904,42842,45452,52294,32343,41267,35924,49330,9237,18339,593494,363746,91843,49819,152406,73793,17196,192,163
2021-06-16T23:59:59+02:00,275,267,25142,26897,62414,64782,60786,63042,65346,73267,76927,81398,50471,62773,41417,57004,10288,20545,5,7,9689,10349,26417,31333,29112,33631,33175,42205,44856,51727,32072,40903,35778,49131,9216,18298,587221,360039,87332,49112,151988,72279,16311,190,163
2021-06-15T23:59:59+02:00,236,236,24489,26190,61005,63558,59707,62060,64190,72182,76420,80979,50349,62624,41366,56909,10281,20515,5,7,9419,10066,25815,30595,28476,32877,32494,41481,43294,50092,31620,40346,35606,48899,9186,18233,580057,353296,85705,48218,151535,71024,15810,190,163
2021-06-14T23:59:59+02:00,213,204,24013,25590,59895,62506,58831,61214,63113,71177,75947,80589,50261,62502,41316,56837,10266,20490,4,7,9125,9764,25065,29702,27713,32041,31705,40666,42004,48747,31249,39848,35470,48676,9156,18182,574180,347138,83987,47199,151330,69347,15278,190,162
2021-06-13T23:59:59+02:00,208,189,23594,25120,58954,61600,58057,60427,62005,70208,75483,80167,50171,62387,41265,56777,10254,20460,4,7,8840,9459,24356,28859,27002,31202,30944,39810,40443,47158,30783,39236,35267,48370,9126,18092,569158,340067,82131,46415,151104,67571,14744,190,161
2021-06-12T23:59:59+02:00,195,171,23336,24839,58395,61091,57696,60148,61363,69569,75282,80055,50146,62356,41253,56763,10251,20456,4,7,8720,9339,23880,28278,26480,30628,30415,39248,39342,46183,30614,39057,35172,48205,9122,18081,566203,335812,81177,46412,151096,65690,14700,190,161
2021-06-11T23:59:59+02:00,176,156,22967,24400,57643,60276,57019,59517,60456,68636,74936,79750,50071,62281,41227,56727,10249,20450,4,6,8580,9145,23364,27604,25947,29971,29830,38611,38262,45171,30346,38700,35029,47983,9109,18054,561157,330950,79885,46151,151082,63830,14625,189,160
2021-06-10T23:59:59+02:00,161,139,22424,23819,56501,59339,56091,58697,59193,67463,74397,79352,49999,62173,41203,56678,10234,20421,4,6,8315,8890,22491,26661,24983,29032,28707,37673,36871,44004,29989,38219,34749,47550,9042,17978,555567,324031,77676,45443,150844,61523,14009,189,158
2021-06-09T23:59:59+02:00,141,124,21790,23234,55237,58236,55015,57785,58243,66554,73934,78959,49911,62073,41151,56616,10220,20390,4,5,8019,8628,21559,25798,24054,28149,27671,36723,35150,42211,29599,37719,34562,47280,9000,17887,549765,316582,76223,44711,150491,59621,12947,188,157
2021-06-08T23:59:59+02:00,119,106,21113,22522,53923,57105,53897,56802,57290,65698,73388,78524,49822,61949,41096,56524,10202,20360,3,4,7753,8383,20659,24907,22999,27286,26636,35761,33786,40904,29242,37213,34241,46822,8949,17803,543075,310271,75292,43939,150051,57152,11834,188,155
2021-06-07T23:59:59+02:00,102,89,20460,21888,52484,55844,52637,55822,56133,64711,72836,78120,49737,61843,41050,56461,10189,20332,2,3,7497,8157,19818,24085,21977,26477,25603,34890,32851,40121,28959,36818,33990,46395,8898,17710,535779,305639,74391,43121,149644,54600,10736,188,155
2021-06-06T23:59:59+02:00,95,84,19948,21354,51338,54735,51529,54842,55165,63759,72325,77716,49650,61765,41014,56398,10181,20316,2,3,7285,7961,19037,23189,21076,25602,24531,33906,31934,39302,28669,36476,33735,46005,8847,17636,529441,301079,73369,42379,149309,51678,9908,187,152
2021-06-05T23:59:59+02:00,89,76,19678,21045,50555,53978,50876,54339,54691,63283,72194,77604,49638,61752,41010,56395,10178,20316,2,3,7054,7548,18394,22120,20350,24490,23655,32652,30896,37982,28335,36010,33611,45829,8840,17616,525090,294772,73363,42340,149229,48295,9828,187,152
2021-06-04T23:59:59+02:00,79,70,19225,20459,49490,52963,50056,53471,54036,62495,71851,77277,49611,61714,40990,56380,10176,20311,2,2,6831,7231,17768,21271,19661,23494,22715,31372,29672,36638,28046,35644,33497,45653,8828,17595,518599,288296,73035,42271,149212,45580,9622,186,151
2021-06-03T23:59:59+02:00,69,59,18544,19764,47970,51658,48838,52341,53063,61470,71347,76817,49544,61611,40952,56332,10163,20286,2,2,6539,6832,17031,20225,18860,22343,21707,29942,28503,35152,27504,34861,33291,45326,8791,17520,510824,281549,72022,41515,148938,42359,8860,184,148
2021-06-02T23:59:59+02:00,64,55,18163,19251,46946,50667,47952,51575,52312,60707,71097,76604,49505,61577,40933,56304,10155,20272,1,2,6348,6596,16390,19533,17932,21581,20858,28989,27408,33745,27038,34255,33130,45075,8762,17450,504530,275262,72004,41501,148918,39683,8505,182,142
2021-06-01T23:59:59+02:00,53,49,17483,18512,45078,48933,46294,50114,50795,59243,70419,76006,49413,61465,40874,56232,10143,20224,1,1,6068,6279,15227,18633,16418,20616,19642,27734,26176,32347,26481,33557,32879,44723,8716,17348,495421,268748,70638,40929,148371,36308,6723,177,138
2021-05-31T23:59:59+02:00,51,45,17001,18018,43768,47788,45076,49004,49555,58119,69735,75495,49330,61362,40828,56166,10131,20186,1,1,5790,5950,14182,17801,15006,19693,18459,26618,24947,31003,25961,32836,32684,44425,8682,17248,489170,262439,69474,40386,147902,33389,4936,176,137
2021-05-30T23:59:59+02:00,45,44,16671,17621,42796,46846,44167,48101,48549,57121,69178,74949,49225,61207,40756,56051,10115,20143,1,1,5599,5704,13635,17096,14375,18993,17557,25644,23844,29829,25190,31885,32385,44007,8637,17159,483215,256463,68443,39583,147493,31105,4259,175,131
2021-05-29T23:59:59+02:00,45,43,16538,17496,42430,46529,43822,47837,48309,56928,69120,74896,49219,61201,40749,56047,10115,20142,1,1,5435,5459,13124,16291,13731,18145,16711,24476,22728,28529,25031,31652,32321,43912,8634,17152,481236,250852,68320,39583,147486,28518,4250,174,130
2021-05-28T23:59:59+02:00,44,41,16234,17190,41726,45902,43309,47271,47798,56395,68843,74601,49153,61118,40722,55997,10112,20137,1,1,5192,5075,12589,15377,13051,17281,15847,23239,21624,27089,24780,31283,32226,43779,8624,17136,476934,244795,67813,39479,147461,25584,4211,174,125
2021-05-27T23:59:59+02:00,41,38,15708,16646,40573,44910,42290,46374,46808,55503,68264,74164,49031,60958,40668,55926,10101,20097,1,1,4954,4730,11944,14559,12268,16346,14775,22043,20366,25576,24278,30544,32054,43518,8590,17052,471047,237439,66294,38673,146743,23522,3844,172,121
2021-05-26T23:59:59+02:00,39,37,15296,16208,39478,43990,41251,45498,45779,54625,67658,73651,48879,60777,40584,55760,10079,20049,1,1,4761,4530,11389,13800,11548,15498,13764,20911,18966,23981,23693,29756,31837,43172,8536,16950,465896,230165,64272,37801,145754,21463,3544,172,121
2021-05-25T23:59:59+02:00,39,36,14889,15796,38473,43101,40283,44644,44827,53704,67039,73121,48696,60537,40505,55626,10053,19996,1,1,4545,4322,10848,13158,10783,14727,12692,19669,17531,22473,23104,28974,31600,42845,8479,16855,460559,222780,62692,36857,144643,19553,3299,172,118
2021-05-24T23:59:59+02:00,39,35,14542,15471,37636,42367,39415,43969,43966,52916,66509,72636,48572,60360,40442,55502,10033,19951,1,1,4400,4194,10402,12692,10148,14148,11801,18834,16244,21207,22428,28141,31383,42513,8420,16765,455945,215860,61457,35915,143896,18937,2892,171,118
2021-05-23T23:59:59+02:00,35,35,14374,15294,37169,41991,38964,43565,43516,52509,66239,72409,48488,60268,40403,55455,10026,19927,1,1,4210,4054,9936,12217,9529,13543,10856,18019,15046,20143,21955,27569,31130,42224,8369,16679,452743,208855,61075,35833,143874,17871,2804,171,118
2021-05-22T23:59:59+02:00,33,33,14177,15078,36478,41425,38276,43113,42940,52096,65221,71391,48282,60009,40331,55341,10016,19906,1,1,4099,3757,9722,11800,9376,13218,10614,17573,14775,19741,21861,27452,31096,42182,8362,16670,446272,207625,61071,35830,143859,15954,2773,171,118
2021-05-21T23:59:59+02:00,32,32,13792,14669,35411,40515,37213,42191,41873,51194,63863,70101,48053,59673,40251,55193,9999,19873,1,1,3989,3658,9515,11535,9161,12951,10278,17244,14358,19369,21640,27166,31034,42092,8353,16662,436668,205662,60711,35524,143624,14951,2756,169,114
2021-05-20T23:59:59+02:00,29,32,12985,13929,33971,39058,35796,40791,40466,49995,62568,68951,47760,59333,40105,55011,9978,19823,1,1,3838,3483,8990,10929,8511,12239,9578,16393,13602,18402,20821,26044,30839,41794,8314,16575,426426,201287,59011,34679,142604,11902,2373,167,113
2021-05-19T23:59:59+02:00,29,31,12440,13355,32793,37643,34697,39414,39337,49033,60560,67175,47277,58775,39919,54747,9935,19717,1,1,3733,3346,8712,10553,8215,11865,9138,15886,12962,17739,19955,24913,30612,41490,8257,16460,415559,197035,57492,33865,141492,10660,2169,165,109
2021-05-18T23:59:59+02:00,27,31,12017,12897,31758,36633,33617,38503,38295,48099,58492,65303,46921,58328,39764,54506,9903,19657,1,1,3532,3179,8215,9957,7744,11322,8589,15215,12281,16968,19011,23677,30375,41148,8219,16354,406877,192921,55541,33024,140300,7863,1871,162,109
2021-05-17T23:59:59+02:00,25,30,11763,12611,31239,36076,33122,37942,37701,47463,56591,63593,46217,57504,39486,54107,9866,19583,1,1,3445,3068,7948,9681,7446,11024,8185,14800,11707,16361,18088,22544,30140,40827,8184,16278,399280,188533,54411,32278,139489,7233,1579,160,105
2021-05-16T23:59:59+02:00,25,30,11545,12355,30712,35573,32659,37451,37179,46890,54691,61761,45668,56806,39292,53788,9838,19527,1,1,3347,2966,7658,9386,7122,10681,7711,14334,11124,15773,17158,21390,29930,40537,8145,16209,392303,184238,53443,31426,138824,6644,1062,158,103
2021-05-15T23:59:59+02:00,25,30,11385,12149,30434,35239,32422,37131,36951,46626,53122,60278,45418,56501,39215,53649,9832,19499,1,1,3325,2946,7633,9357,7107,10660,7692,14318,11105,15749,17047,21174,29720,40227,8137,16199,386486,183236,53439,31425,138778,6591,1045,158,101
2021-05-14T23:59:59+02:00,25,30,11137,11860,29961,34733,32042,36668,36432,46149,51241,58439,45055,55999,39075,53443,9816,19459,1,1,3297,2924,7562,9286,7049,10586,7628,14255,10922,15548,16309,20104,29434,39738,8120,16159,378660,180289,53108,31086,138644,6452,995,157,101
2021-05-13T23:59:59+02:00,22,29,10847,11524,29309,34081,31437,36063,35754,45477,49765,56922,44623,55370,38903,53196,9789,19412,1,1,3217,2874,7430,9181,6959,10491,7525,14144,10590,15199,15245,18859,29045,39096,8077,16084,371512,176459,52092,30523,137889,6063,875,155,98
2021-05-12T23:59:59+02:00,21,27,10713,11378,29021,33761,31165,35768,35440,45161,49481,56610,44528,55263,38851,53119,9782,19373,1,0,3203,2847,7397,9145,6927,10455,7494,14103,10418,15041,14864,18422,28739,38610,8055,16037,368819,174377,52005,30512,137731,6018,753,154,98
2021-05-11T23:59:59+02:00,20,24,10355,11047,28162,32939,30342,35011,34577,44374,47740,54833,44071,54663,38677,52831,9744,19270,1,0,3114,2749,7154,8864,6701,10151,7277,13734,9941,14496,13873,17273,28322,37992,8017,15943,361873,170685,50294,29614,135834,4679,526,153,98
2021-05-10T23:59:59+02:00,19,24,10044,10759,27414,32234,29567,34316,33808,43603,46431,53558,43687,54154,38489,52528,9694,19156,1,0,3071,2702,7025,8739,6604,10030,7132,13554,9672,14192,13170,16405,27892,37378,7992,15863,355605,167847,49176,29231,134139,3836,414,151,94
2021-05-09T23:59:59+02:00,18,24,9804,10505,26726,31547,28908,33622,33083,42906,44891,52074,43187,53531,38289,52224,9657,19070,1,0,3021,2654,6897,8598,6499,9890,7017,13340,9360,13880,12371,15505,27525,36837,7972,15807,348490,164979,48103,28680,132999,3094,327,147,94
2021-05-08T23:59:59+02:00,18,24,9711,10432,26343,31245,28453,33303,32615,42597,43836,51244,43034,53368,38250,52164,9654,19064,1,0,3017,2650,6887,8593,6494,9882,7009,13328,9350,13867,12334,15442,26844,35885,7935,15731,343913,163103,48063,28653,132911,3078,321,147,94
2021-05-07T23:59:59+02:00,17,24,9569,10282,25869,30859,27994,32923,32109,42244,42787,50415,42762,53025,38140,52007,9642,19037,1,0,2953,2623,6826,8549,6436,9827,6957,13275,9175,13645,11701,14631,25895,34493,7887,15649,338751,158979,47755,28283,132754,2865,302,143,94
2021-05-06T23:59:59+02:00,15,23,9163,9987,24950,30090,26930,32120,30880,41415,41170,49197,42378,52472,37945,51765,9604,18963,1,0,2881,2576,6695,8402,6317,9697,6808,13087,8902,13340,11046,13762,24925,33107,7852,15587,330882,155165,46676,27324,131085,2116,286,138,94
2021-05-05T23:59:59+02:00,15,22,8789,9784,24067,29490,26075,31467,29794,40627,39189,47376,41930,51923,37737,51481,9547,18850,1,0,2837,2543,6575,8272,6216,9582,6707,12941,8655,13080,10330,12927,23907,31780,7822,15515,323028,151251,45824,26434,128969,1709,204,138,92
2021-05-04T23:59:59+02:00,15,21,8546,9544,23284,28843,25099,30727,28722,39788,37663,45909,41456,51336,37460,51135,9496,18727,1,0,2794,2520,6503,8199,6131,9512,6630,12854,8417,12858,9595,12062,22957,30530,7788,15452,316348,147486,44853,25629,126332,1497,101,137,90
2021-05-03T23:59:59+02:00,15,20,8335,9330,22586,28261,24264,30125,27811,39089,36703,45156,41108,50865,37244,50843,9444,18625,1,0,2746,2486,6432,8121,6050,9444,6540,12771,8189,12642,8835,11160,22035,29309,7757,15401,311473,143710,44077,24804,124079,1255,62,133,88
2021-05-02T23:59:59+02:00,15,20,8169,9166,21951,27683,23530,29534,26993,38470,35886,44518,40850,50536,37131,50656,9409,18568,1,0,2709,2462,6390,8081,6012,9409,6499,12729,8007,12468,8233,10418,21322,28436,7736,15382,306653,140505,43311,24527,122940,1123,54,127,85
2021-05-01T23:59:59+02:00,14,20,8013,8979,21576,27230,23051,28966,26346,37752,35057,43623,40583,50159,37032,50502,9403,18551,1,0,2703,2454,6365,8071,5996,9400,6481,12716,7991,12451,8196,10354,21283,28379,7732,15378,300533,140213,43309,24519,122835,1081,53,127,85
2021-04-30T23:59:59+02:00,14,19,7862,8799,21188,26805,22601,28395,25589,36964,34038,42651,40351,49838,36934,50348,9391,18528,1,0,2681,2440,6341,8053,5974,9382,6452,12695,7958,12418,8156,10285,21233,28297,7729,15368,294190,139903,43301,24444,122652,987,46,126,83
2021-04-29T23:59:59+02:00,13,19,7584,8556,20593,26225,21932,27713,24658,35998,32760,41310,39305,48434,36617,49875,9333,18399,1,0,2645,2405,6250,7943,5884,9281,6358,12555,7753,12143,7529,9556,20823,27779,7705,15293,285422,137826,42515,23211,121220,740,46,121,80
2021-04-28T23:59:59+02:00,12,18,7302,8340,20072,25759,21293,27119,23774,35150,31354,39858,38138,46841,36275,49381,9271,18258,1,0,2573,2357,6135,7822,5772,9150,6255,12399,7532,11867,6835,8706,20407,27197,7665,15222,276735,135351,41736,21908,119581,512,46,117,78
2021-04-27T23:59:59+02:00,11,18,7112,8160,19644,25329,20670,26582,22914,34366,30133,38530,37045,45394,35893,48812,9201,18131,1,0,2547,2332,6034,7724,5719,9052,6189,12274,7317,11672,6229,7969,20004,26695,7645,15199,268890,133255,40868,20959,118024,265,46,117,77
2021-04-26T23:59:59+02:00,10,18,6930,7993,19222,24909,20122,26058,22103,33609,28918,37289,35985,43971,35586,48324,9150,18003,1,0,2534,2321,5988,7681,5674,9013,6151,12229,7129,11510,5616,7233,19629,26250,7622,15171,261179,131287,40043,20113,116820,233,42,116,77
2021-04-25T23:59:59+02:00,10,17,6824,7856,18887,24637,19742,25717,21491,32984,27926,36328,34849,42538,35268,47894,9108,17921,1,0,2520,2313,5970,7655,5654,8993,6131,12203,7091,11483,5488,7049,19292,25785,7606,15126,253955,130652,39327,19369,116559,222,41,115,76
2021-04-24T23:59:59+02:00,10,17,6659,7677,18445,24210,19189,25180,20704,32181,26839,35274,34598,42225,35175,47729,9098,17909,1,0,2516,2306,5958,7645,5643,8983,6126,12199,7081,11476,5413,6936,19195,25643,7603,15118,247981,130192,39322,19329,115660,205,41,115,75
2021-04-23T23:59:59+02:00,10,17,6430,7475,17996,23732,18622,24565,19875,31364,25672,34073,33816,41053,35031,47496,9084,17886,1,0,2510,2287,5931,7623,5606,8944,6081,12153,7035,11424,5249,6657,18655,25011,7503,14947,240377,128339,38992,18980,114673,183,41,114,74
2021-04-22T23:59:59+02:00,9,16,6214,7266,17389,23148,17830,23786,18822,30337,24345,32633,32776,39698,34786,47138,9044,17807,1,0,2494,2271,5884,7571,5556,8860,6002,12074,6959,11353,4962,6235,17937,24134,7382,14750,231323,126154,38069,18010,113500,148,41,111,72
2021-04-21T23:59:59+02:00,9,15,6011,7083,16859,22677,17170,23181,17830,29436,22791,31039,31768,38458,34488,46695,8995,17718,1,0,2470,2254,5840,7513,5496,8785,5936,11972,6863,11273,4800,5961,17236,23280,7266,14569,222414,124050,37293,17238,112365,116,41,110,70
2021-04-20T23:59:59+02:00,8,14,5825,6886,16295,22203,16419,22526,16830,28431,21315,29566,30614,36962,34170,46250,8941,17619,1,0,2456,2240,5791,7474,5455,8739,5889,11903,6785,11209,4683,5803,16634,22503,7140,14389,213368,122358,36404,16522,110953,108,40,109,66
2021-04-19T23:59:59+02:00,8,14,5638,6726,15761,21776,15743,21973,15831,27554,19921,28162,29225,35314,33851,45764,8881,17500,1,0,2445,2223,5767,7441,5419,8705,5850,11857,6704,11133,4554,5642,15986,21785,7032,14227,204630,120705,35624,15855,109244,105,40,104,66
2021-04-18T23:59:59+02:00,7,14,5448,6585,15328,21452,15123,21409,14857,26759,18583,27022,27832,33662,33517,45339,8819,17410,1,0,2395,2176,5636,7314,5303,8593,5744,11706,6598,11015,4434,5456,15396,21119,6916,14045,196063,119056,34790,14585,108171,101,40,102,65
2021-04-17T23:59:59+02:00,7,13,5410,6549,15175,21376,14950,21323,14620,26580,18327,26801,27325,33115,33392,45191,8810,17395,1,0,2368,2137,5535,7160,5198,8437,5644,11519,6510,10884,4381,5392,15150,20825,6906,14031,194838,117299,34785,14581,106594,93,40,102,65
2021-04-16T23:59:59+02:00,7,13,5345,6494,14995,21226,14736,21162,14333,26334,17907,26390,26279,31884,33256,44983,8789,17372,1,0,2323,2086,5421,6973,5059,8256,5493,11276,6311,10663,4179,5157,14499,20029,6809,13884,191476,114047,34498,14181,105389,86,40,102,65
2021-04-15T23:59:59+02:00,6,12,5273,6415,14781,21015,14469,20875,13903,25983,17267,25761,24908,30265,32996,44657,8754,17290,1,0,2251,2001,5224,6738,4862,7938,5287,10956,6097,10377,3977,4904,13666,18944,6694,13717,186895,110217,33687,13236,103907,77,40,101,64
2021-04-14T23:59:59+02:00,6,12,5191,6346,14577,20815,14213,20651,13517,25647,16598,25138,23324,28476,32683,44256,8699,17196,1,0,2059,1881,5005,6477,4676,7688,5060,10707,5861,10089,3842,4698,12932,18024,6566,13503,182279,107114,32813,11781,102114,71,40,99,63
2021-04-13T23:59:59+02:00,6,12,5137,6296,14371,20685,13973,20469,13173,25348,16027,24633,21609,26620,32363,43840,8669,17088,1,0,1972,1828,4838,6286,4491,7464,4860,10451,5654,9850,3700,4529,12412,17408,6441,13340,178028,104698,31937,10663,100216,61,40,98,63
2021-04-12T23:59:59+02:00,6,11,5074,6228,14152,20490,13668,20206,12783,24931,15445,24081,19999,24675,32071,43478,8627,17013,1,0,1844,1734,4655,6127,4339,7287,4698,10258,5518,9691,3580,4374,11977,16897,6329,13178,173638,103007,30883,9321,98281,59,40,96,60
2021-04-11T23:59:59+02:00,6,11,5003,6153,13930,20292,13371,19993,12365,24577,14877,23568,18488,22893,31810,43135,8582,16931,1,0,1806,1697,4535,6014,4228,7163,4575,10127,5382,9560,3464,4253,11484,16286,6196,12970,169335,101248,29923,8342,96596,57,38,93,56
2021-04-10T23:59:59+02:00,6,11,4998,6144,13912,20277,13362,19982,12347,24559,14851,23546,17797,21969,31518,42716,8564,16904,1,0,1802,1683,4520,6004,4213,7148,4562,10113,5329,9493,3359,4138,10929,15454,6066,12772,168256,99098,29896,8342,95183,55,35,93,56
2021-04-09T23:59:59+02:00,6,11,4984,6124,13872,20229,13315,19930,12298,24500,14586,23292,16273,20077,31111,42069,8530,16861,1,0,1777,1668,4497,5988,4186,7121,4517,10075,5291,9444,3272,4017,10060,14466,5917,12574,165615,96640,29558,8093,92772,53,33,90,52
2021-04-08T23:59:59+02:00,6,11,4939,6097,13771,20155,13234,19848,12197,24396,14245,22930,14499,17856,30488,41061,8467,16737,1,0,1754,1653,4467,5935,4134,7036,4452,9995,5219,9367,3162,3913,9581,13858,5710,12327,161754,94779,28525,7658,90544,52,26,88,49
2021-04-07T23:59:59+02:00,6,11,4908,6066,13660,20071,13138,19760,12088,24288,13861,22565,12973,15996,29845,40078,8413,16636,1,0,1735,1639,4413,5866,4047,6962,4363,9911,5130,9267,3071,3818,8820,12760,5470,11920,157284,92197,27645,6880,89323,45,24,87,47
2021-04-06T23:59:59+02:00,6,11,4877,6043,13561,20004,13055,19702,12013,24225,13484,22215,11333,13986,29185,39106,8381,16565,1,0,1672,1584,4282,5737,3938,6839,4243,9761,5025,9135,2955,3698,8112,11826,5196,11554,153268,89801,26767,5644,87610,44,22,85,47
2021-04-05T23:59:59+02:00,6,10,4839,6013,13485,19937,12985,19633,11957,24145,13209,21962,9718,12033,28458,38053,8345,16502,1,0,1601,1517,4127,5584,3769,6683,4089,9610,4870,9005,2824,3581,7296,10857,4924,11162,150051,87417,25750,3976,85388,41,19,82,47
2021-04-04T23:59:59+02:00,6,10,4822,5996,13474,19914,12974,19614,11950,24126,13110,21890,8690,10770,28006,37413,8320,16446,1,0,1599,1514,4119,5578,3768,6678,4084,9606,4868,8996,2819,3572,7058,10389,4840,11037,148311,86453,25746,3976,83377,35,17,80,45
2021-04-03T23:59:59+02:00,6,10,4819,5985,13457,19895,12962,19604,11940,24115,13096,21873,7782,9702,27124,36168,8270,16334,1,0,1595,1510,4117,5573,3766,6675,4076,9594,4854,8982,2812,3559,6919,10122,4801,10955,145833,85840,25737,3976,81477,34,16,79,45
2021-04-02T23:59:59+02:00,6,10,4814,5965,13421,19868,12924,19561,11894,24066,13023,21807,7269,8953,25533,34065,8125,16063,1,0,1585,1494,4091,5549,3740,6635,4040,9533,4732,8697,2684,3402,6543,9722,4651,10749,141371,84009,25396,3747,80507,34,14,79,44
2021-04-01T23:59:59+02:00,5,9,4764,5905,13327,19724,12806,19411,11745,23912,12424,21362,6704,8242,24023,32092,7997,15821,1,0,1521,1446,3979,5429,3674,6563,3972,9466,4653,8592,2587,3260,6028,9038,4473,10472,137165,81731,24256,3338,78762,30,13,77,42
2021-03-31T23:59:59+02:00,5,9,4713,5848,13203,19569,12672,19256,11556,23731,12162,21100,6381,7867,22539,30136,7844,15591,1,0,1508,1435,3954,5406,3641,6535,3933,9419,4613,8537,2523,3184,5538,8390,4294,10233,133218,79942,23162,3121,77715,30,10,77,41
2021-03-30T23:59:59+02:00,5,9,4648,5780,13065,19420,12561,19075,11426,23566,11994,20962,6190,7649,21146,28402,7699,15386,1,0,1491,1399,3913,5373,3576,6463,3843,9306,4481,8367,2386,2980,5114,7831,4148,9976,129845,77706,22233,2878,76824,18,6,75,40
2021-03-29T23:59:59+02:00,5,9,4608,5738,12945,19326,12495,18990,11345,23459,11842,20828,6031,7450,19717,26713,7572,15183,1,0,1431,1358,3858,5326,3502,6394,3724,9162,4327,8175,2263,2840,4547,7158,3991,9699,126238,75032,21367,2664,76571,17,5,75,38
2021-03-28T23:59:59+02:00,5,9,4560,5669,12823,19185,12409,18898,11243,23359,11735,20724,5879,7244,18531,25204,7452,14986,1,0,1398,1315,3759,5218,3308,6167,3636,9045,4275,8119,2210,2776,3789,6142,3806,9429,123227,71974,20570,2368,76041,10,5,72,36
2021-03-27T23:59:59+01:00,5,9,4527,5619,12714,19021,12293,18736,11127,23154,11626,20575,5812,7159,18241,24856,7441,14968,1,0,1391,1312,3754,5214,3305,6160,3349,8696,4075,7820,2204,2773,3776,6107,3769,9364,121383,70657,20530,2368,75894,6,5,71,34
2021-03-26T23:59:59+01:00,5,8,4491,5562,12602,18831,12158,18536,10975,22924,11467,20364,5647,6944,17631,24063,7342,14816,1,0,1389,1311,3749,5207,3282,6144,3330,8676,3863,7370,2025,2366,3513,5821,3616,9125,118284,68383,20189,2361,75818,6,4,71,34
2021-03-25T23:59:59+01:00,5,8,4415,5470,12404,18591,11957,18212,10765,22596,11227,20037,5432,6657,16598,22756,7214,14625,1,0,1380,1300,3729,5181,3248,6117,3278,8638,3816,7327,1953,2253,3077,5137,3453,8816,114306,66401,19116,2261,75473,4,4,70,34
2021-03-24T23:59:59+01:00,5,8,4334,5358,12183,18140,11738,17798,10542,22204,10994,19664,5162,6311,15553,21539,7072,14397,1,0,1357,1286,3705,5137,3212,6053,3224,8566,3764,7254,1899,2196,2767,4801,3302,8542,111187,65006,18025,2020,73716,4,4,70,32
2021-03-23T23:59:59+01:00,5,8,4277,5289,12015,17796,11538,17445,10351,21837,10768,19373,5023,6112,14911,20721,6932,14222,1,0,1341,1278,3689,5117,3191,6035,3198,8515,3725,7211,1862,2137,2535,4527,3090,8214,108808,63648,17293,1978,72448,4,4,70,32
2021-03-22T23:59:59+01:00,5,8,4225,5212,11816,17463,11349,17121,10127,21512,10552,19070,4871,5902,14289,20006,6799,14039,1,0,1328,1268,3658,5084,3159,5998,3171,8458,3688,7166,1817,2083,2338,4273,2892,7876,106942,62383,16574,1837,70779,3,4,67,31
2021-03-21T23:59:59+01:00,5,8,4153,5088,11537,17046,11066,16717,9855,21055,10295,18715,4757,5730,13592,19215,6655,13832,1,0,1320,1267,3641,5068,3137,5965,3148,8431,3669,7142,1797,2053,2169,4109,2720,7604,105055,61374,15272,1832,68923,3,4,67,28
2021-03-20T23:59:59+01:00,4,8,4125,5018,11395,16715,10943,16403,9715,20758,10119,18432,4629,5570,12964,18270,6515,13615,1,0,1319,1266,3640,5066,3134,5964,3145,8426,3663,7137,1793,2048,2137,4047,2694,7561,102861,61174,15267,1832,66999,3,4,67,28
2021-03-19T23:59:59+01:00,4,7,4080,4936,11227,16352,10758,16051,9539,20377,9899,18072,4471,5371,11934,17063,6352,13404,1,0,1310,1259,3623,5037,3104,5886,3099,8332,3559,6961,1667,1937,2060,3982,2581,7353,100152,59888,14855,1828,64823,3,4,63,28
2021-03-18T23:59:59+01:00,4,7,3994,4832,10978,15929,10493,15606,9257,19910,9674,17728,4324,5205,11307,16192,6121,13138,1,0,1306,1248,3606,5002,3084,5842,3078,8276,3532,6912,1647,1904,2024,3915,2455,7141,98342,59203,13846,1736,62445,3,4,62,27
2021-03-17T23:59:59+01:00,4,7,3818,4717,10681,15517,10233,15248,9013,19547,9419,17378,4203,5038,10489,14951,5858,12712,1,0,1305,1245,3593,4984,3077,5822,3068,8242,3515,6888,1644,1880,2000,3885,2343,6956,95684,58692,12298,1722,60785,3,4,62,27
2021-03-16T23:59:59+01:00,4,7,3675,4593,10344,15054,9964,14879,8738,19101,9121,17011,4062,4870,9666,13822,5577,12353,1,0,1292,1242,3589,4977,3067,5817,3062,8230,3507,6874,1617,1854,1961,3834,2222,6774,93348,58243,11105,1644,58325,3,3,60,27
2021-03-15T23:59:59+01:00,4,7,3528,4474,10033,14591,9672,14424,8440,18626,8833,16600,3916,4701,8950,12754,5348,12027,1,0,1282,1234,3568,4965,3055,5793,3040,8191,3487,6832,1602,1841,1942,3802,2105,6585,91372,57651,9742,1642,55757,3,2,55,27
2021-03-14T23:59:59+01:00,4,7,3455,4387,9774,14160,9420,14026,8121,18133,8551,16206,3755,4514,8142,11513,5037,11562,1,0,1268,1228,3547,4947,3034,5751,3018,8111,3459,6764,1575,1787,1881,3674,1936,6186,89043,57117,8720,1020,52951,3,0,53,27
2021-03-13T23:59:59+01:00,4,7,3373,4130,9459,13494,9170,13447,7893,17548,8342,15767,3644,4409,7949,11216,4985,11470,1,0,1268,1228,3547,4947,3033,5750,3017,8110,3456,6762,1572,1786,1879,3670,1935,6185,88372,57097,8720,1020,49162,3,0,53,26
2021-03-12T23:59:59+01:00,4,7,3310,3987,9211,12956,8931,12922,7659,16911,7983,15016,3481,4238,7561,10806,4844,11281,1,0,1264,1225,3542,4933,3030,5746,3010,8102,3452,6756,1545,1757,1857,3654,1837,6004,86586,56668,8468,1018,46002,3,0,52,26
2021-03-11T23:59:59+01:00,4,7,3156,3713,8828,12205,8627,12251,7325,16123,7636,14366,3320,4032,6998,10085,4649,10973,1,0,1246,1214,3510,4890,2985,5669,2975,7978,3400,6657,1499,1703,1773,3449,1633,5468,84124,55910,8011,116,42117,2,0,46,22
2021-03-10T23:59:59+01:00,4,7,3089,3606,8338,11701,7948,11772,7004,15628,7336,13773,3162,3872,6428,9387,4471,10695,1,0,1235,1200,3480,4833,2953,5592,2939,7839,3346,6534,1457,1660,1711,3350,1511,5179,82273,54707,7455,93,38448,0,0,45,20
2021-03-09T23:59:59+01:00,4,6,2982,3426,7661,11259,7069,11295,6587,15016,6971,13167,2925,3573,5915,8748,4313,10411,1,0,1230,1197,3457,4786,2926,5527,2922,7787,3328,6488,1443,1636,1675,3307,1399,4974,79951,54007,6090,58,35242,0,0,45,18
2021-03-08T23:59:59+01:00,4,6,2808,3188,7026,10717,6259,10816,6185,14495,6574,12597,2715,3364,5307,8011,4163,10140,1,0,1224,1190,3435,4722,2901,5450,2883,7692,3296,6413,1436,1627,1672,3298,1394,4971,77123,53531,4949,56,32261,0,0,42,18
2021-03-07T23:59:59+01:00,4,6,2696,3055,6697,10222,5850,10274,5890,14048,6329,12205,2615,3272,4543,6948,3946,9855,1,0,1220,1187,3432,4717,2896,5438,2879,7675,3288,6399,1430,1613,1649,3257,1377,4927,73863,53314,4116,53,30438,0,0,38,18
2021-03-06T23:59:59+01:00,4,6,2651,2912,6512,9774,5652,9860,5414,13190,5952,11467,2593,3244,4537,6937,3943,9852,1,0,1220,1186,3429,4711,2894,5437,2878,7674,3287,6396,1429,1610,1649,3255,1376,4927,72631,53289,4116,53,27717,0,0,36,17
2021-03-05T23:59:59+01:00,4,6,2555,2655,6299,9198,5438,9468,5237,12623,5573,10484,2364,2776,4157,6555,3804,9631,1,0,1207,1183,3413,4695,2889,5424,2869,7656,3275,6377,1415,1602,1648,3251,1371,4923,70292,53131,3881,53,24618,0,0,36,15
2021-03-04T23:59:59+01:00,4,6,2476,2448,6086,8763,5279,9128,5056,12200,5396,10106,2269,2606,3598,5730,3633,9283,1,0,1195,1167,3370,4596,2856,5356,2837,7559,3244,6302,1396,1594,1634,3237,1361,4912,68222,52553,3434,52,22375,0,0,36,12
2021-03-03T23:59:59+01:00,3,6,2419,2393,5915,8352,5110,8764,4840,11750,5207,9661,2186,2500,3189,5288,3473,8987,1,0,1174,1158,3335,4550,2819,5290,2795,7460,3195,6226,1376,1568,1614,3206,1355,4894,66785,51957,3189,48,20034,0,0,35,11
2021-03-02T23:59:59+01:00,3,6,2363,2299,5758,8020,4952,8509,4674,11350,5044,9341,2117,2409,2884,4929,3254,8661,1,0,1169,1148,3317,4529,2804,5263,2778,7411,3187,6198,1371,1558,1596,3186,1352,4889,65412,51699,2929,47,18197,0,0,35,11
2021-03-01T23:59:59+01:00,3,6,2336,2268,5651,7803,4853,8364,4589,11197,4942,9166,2060,2332,2585,4604,3063,8341,1,0,1163,1145,3303,4511,2792,5234,2761,7365,3173,6170,1365,1555,1589,3176,1349,4883,64134,51477,2705,47,17291,0,0,33,11
2021-02-28T23:59:59+01:00,2,6,2283,2224,5470,7543,4678,8144,4452,11011,4831,9036,2020,2267,2288,4302,2859,8025,1,0,1154,1139,3289,4501,2785,5227,2756,7351,3166,6156,1360,1552,1581,3156,1348,4850,63006,51315,2401,47,16001,0,0,33,10
2021-02-27T23:59:59+01:00,2,6,2195,1913,5297,7119,4579,7835,4370,10663,4758,8786,1992,2206,2258,4256,2837,7974,1,0,1150,1135,3287,4499,2780,5225,2752,7348,3161,6152,1359,1552,1580,3154,1347,4849,62768,51277,2401,44,13844,0,0,33,10
2021-02-26T23:59:59+01:00,2,6,2130,1836,5154,6883,4432,7576,4217,10396,4548,8502,1863,2098,2197,4216,2728,7791,1,0,1128,1122,3271,4464,2768,5185,2741,7296,3140,6098,1353,1541,1576,3146,1346,4847,61433,50970,2395,43,12714,0,0,33,10
2021-02-25T23:59:59+01:00,2,6,2001,1735,4831,6475,4004,7122,3933,9879,4315,8120,1804,2039,2166,4158,2612,7595,1,0,1110,1105,3231,4419,2737,5135,2695,7189,3101,6005,1342,1525,1559,3105,1332,4788,60952,50329,2289,41,9524,0,0,32,9
2021-02-24T23:59:59+01:00,2,6,1967,1669,4715,6261,3900,6909,3812,9637,4192,7960,1781,2006,2135,4115,2497,7394,1,0,1097,1100,3201,4357,2702,5071,2669,7104,3072,5934,1326,1508,1534,3055,1320,4719,60399,49733,2045,29,8482,0,0,32,8
2021-02-23T23:59:59+01:00,2,6,1740,1524,4343,5774,3618,6522,3593,9257,4036,7677,1750,1973,2090,4067,2383,7209,1,0,1078,1087,3165,4330,2674,5013,2644,7028,3036,5875,1306,1488,1507,3020,1310,4664,59934,49203,1998,15,5600,0,0,32,8
2021-02-22T23:59:59+01:00,2,6,1731,1506,4293,5715,3582,6458,3526,9161,3975,7581,1715,1946,2064,4016,2262,7011,1,0,1073,1073,3144,4284,2654,4974,2619,6968,3007,5822,1294,1474,1496,3009,1302,4655,59385,48832,1856,9,5278,0,0,31,8
2021-02-21T23:59:59+01:00,2,6,1719,1501,4263,5681,3538,6420,3486,9108,3931,7531,1705,1938,2059,4006,2138,6844,1,0,1066,1062,3123,4244,2625,4924,2604,6900,2978,5734,1281,1458,1473,2948,1274,4573,59031,48252,1850,8,4965,0,0,30,8
2021-02-20T23:59:59+01:00,2,6,1716,1500,4256,5678,3535,6418,3486,9106,3928,7530,1700,1936,2057,4002,2137,6844,1,0,1066,1062,3121,4242,2625,4924,2603,6899,2978,5734,1281,1457,1472,2948,1274,4573,59012,48244,1850,8,4946,0,0,29,8
2021-02-19T23:59:59+01:00,2,6,1690,1493,4242,5659,3524,6405,3475,9096,3919,7515,1673,1907,2036,3984,2036,6661,1,0,1065,1061,3120,4241,2624,4923,2603,6896,2975,5732,1281,1456,1472,2946,1274,4573,58588,48228,1844,8,4863,0,0,28,7
2021-02-18T23:59:59+01:00,2,6,1640,1461,4147,5548,3452,6301,3388,8931,3833,7373,1652,1886,2009,3922,1904,6463,1,0,1018,1019,2979,4022,2497,4655,2493,6557,2866,5467,1248,1413,1440,2859,1245,4420,57930,46185,1794,8,4168,0,0,26,6
2021-02-17T23:59:59+01:00,2,5,1618,1431,4050,5399,3369,6148,3269,8696,3707,7171,1598,1815,1931,3816,1778,6145,0,0,960,970,2830,3800,2381,4344,2369,6146,2737,5155,1196,1350,1392,2746,1195,4244,56685,43802,1784,7,3455,0,0,24,6
2021-02-16T23:59:59+01:00,2,5,1542,1363,3890,5207,3235,5966,3160,8463,3585,7005,1575,1791,1896,3787,1657,5934,0,0,873,939,2698,3645,2284,4133,2243,5824,2607,4904,1140,1256,1245,2441,929,3613,55988,40764,1768,4,2285,0,0,22,6
2021-02-15T23:59:59+01:00,2,5,1525,1344,3841,5121,3175,5880,3103,8349,3519,6900,1563,1777,1881,3764,1648,5911,0,0,837,916,2617,3516,2209,3954,2162,5546,2519,4694,1095,1191,1152,2262,858,3383,55519,38904,1765,2,2003,0,0,21,5
2021-02-14T23:59:59+01:00,2,5,1459,1316,3760,5047,3132,5774,3048,8195,3476,6791,1543,1745,1827,3633,1589,5653,0,0,828,910,2567,3448,2170,3886,2108,5427,2453,4588,1067,1152,1062,2085,783,3134,55277,37662,1137,2,1560,0,0,21,4
2021-02-13T23:59:59+01:00,2,5,1456,1315,3752,5041,3125,5773,3045,8193,3473,6789,1542,1741,1827,3631,1587,5653,0,0,828,910,2567,3448,2170,3885,2106,5426,2452,4588,1064,1151,1061,2085,783,3134,55256,37657,1136,0,1537,0,0,21,1
2021-02-12T23:59:59+01:00,2,4,1418,1297,3715,5008,3102,5753,3023,8161,3454,6744,1526,1731,1817,3614,1578,5632,0,0,820,903,2534,3394,2135,3840,2076,5373,2434,4557,1063,1150,1060,2084,782,3132,55031,37336,1133,0,1395,0,0,20,1
2021-02-11T23:59:59+01:00,2,4,1368,1251,3602,4835,3010,5579,2925,7851,3355,6532,1467,1671,1745,3430,1486,5285,0,0,781,839,2281,2948,1907,3367,1843,4625,2163,4026,973,1078,964,1885,723,2849,54390,33252,138,0,852,0,0,18,0
2021-02-10T23:59:59+01:00,2,4,1343,1227,3540,4732,2946,5474,2882,7701,3301,6399,1448,1654,1717,3392,1472,5246,0,0,700,781,1990,2538,1694,2922,1606,4016,1905,3566,861,931,793,1505,579,2324,53737,28711,136,0,590,0,0,17,0
2021-02-09T23:59:59+01:00,2,3,1330,1209,3484,4663,2917,5405,2861,7608,3264,6330,1440,1638,1689,3369,1462,5233,0,0,650,701,1725,2187,1502,2535,1421,3516,1734,3204,829,898,768,1428,557,2208,53424,25863,131,0,335,0,0,17,0
2021-02-08T23:59:59+01:00,2,3,1317,1205,3455,4633,2898,5366,2839,7557,3245,6301,1428,1631,1679,3343,1460,5214,0,0,635,666,1574,1951,1361,2278,1289,3208,1576,2941,789,878,720,1321,524,2033,53124,23744,105,0,332,0,0,15,0
2021-02-07T23:59:59+01:00,2,3,1183,1162,3351,4578,2844,5323,2812,7519,3220,6263,1418,1614,1670,3320,1453,5181,0,0,488,520,1308,1593,1119,1830,1077,2618,1348,2418,685,750,638,1159,477,1803,52828,19831,77,0,0,0,0,11,0
2021-02-06T23:59:59+01:00,2,3,1179,1160,3349,4576,2840,5321,2805,7516,3216,6260,1417,1612,1669,3317,1452,5180,0,0,365,371,1108,1345,983,1526,936,2212,1182,2002,598,654,611,1141,475,1800,52786,17309,77,0,0,0,0,11,0
2021-02-05T23:59:59+01:00,2,2,1167,1149,3334,4554,2833,5294,2795,7474,3198,6214,1411,1604,1666,3311,1451,5180,0,0,264,210,926,1028,837,1156,761,1763,1007,1591,483,549,585,1121,472,1796,52551,14549,77,0,0,0,0,11,0
2021-02-04T23:59:59+01:00,2,2,1151,1131,3288,4503,2793,5219,2753,7344,3150,6130,1397,1589,1652,3277,1441,5152,0,0,137,84,624,658,547,739,522,1157,668,994,303,368,480,974,427,1632,51909,10314,54,0,0,0,0,11,0
2021-02-03T23:59:59+01:00,2,2,1129,1125,3261,4458,2764,5178,2730,7293,3120,6074,1387,1578,1626,3236,1433,5100,0,0,117,68,494,510,415,597,417,913,512,747,250,288,375,759,330,1269,51437,8061,49,0,0,0,0,10,0
2021-02-02T23:59:59+01:00,2,2,1107,1111,3225,4427,2733,5125,2705,7219,3085,6011,1363,1550,1590,3180,1407,5003,0,0,108,59,412,412,343,519,367,823,459,665,230,265,329,686,302,1134,50787,7113,48,0,0,0,0,10,0
2021-02-01T23:59:59+01:00,2,2,1091,1100,3207,4374,2704,5064,2674,7092,3055,5916,1343,1521,1563,3142,1390,4938,0,0,80,44,311,308,252,393,275,617,328,500,192,216,258,546,234,887,50121,5441,48,0,0,0,0,9,0
2021-01-31T23:59:59+01:00,2,2,1085,1089,3192,4344,2680,5020,2658,7037,3042,5871,1331,1504,1540,3076,1363,4852,0,0,70,42,285,284,227,346,253,573,298,460,171,197,213,446,192,718,49631,4775,48,0,0,0,0,9,0
2021-01-30T23:59:59+01:00,2,2,1084,1089,3189,4340,2679,5020,2657,7036,3042,5870,1331,1503,1539,3076,1363,4852,0,0,70,38,278,270,214,331,248,562,294,454,170,194,212,446,192,718,49620,4691,45,0,0,0,0,9,0
2021-01-29T23:59:59+01:00,2,2,1083,1088,3188,4336,2679,5018,2656,7034,3039,5868,1331,1503,1539,3075,1363,4852,0,0,64,34,260,256,191,311,232,545,283,446,164,190,208,440,191,716,49602,4531,45,0,0,0,0,9,0
2021-01-28T23:59:59+01:00,2,2,1062,1069,3119,4234,2625,4909,2598,6878,2972,5737,1315,1481,1523,3007,1340,4728,0,0,54,18,164,153,127,188,163,360,208,282,131,147,162,277,114,427,48552,2975,42,0,0,0,0,7,0
2021-01-27T23:59:59+01:00,2,2,1016,1030,3037,4092,2544,4730,2504,6596,2888,5536,1282,1436,1482,2913,1303,4576,0,0,25,6,100,70,59,93,84,211,118,148,100,115,118,207,87,308,46930,1849,32,0,0,0,0,7,0
2021-01-26T23:59:59+01:00,1,2,939,1002,2920,3959,2465,4545,2422,6415,2818,5381,1256,1388,1392,2760,1079,4170,0,0,25,6,95,69,58,92,82,211,116,147,98,114,118,207,87,308,44887,1833,20,0,0,0,0,7,0
2021-01-25T23:59:59+01:00,1,2,921,985,2840,3831,2421,4398,2362,6220,2759,5231,1237,1366,1378,2733,1066,4134,0,0,25,6,94,69,56,90,82,211,116,145,98,113,118,207,87,308,43865,1825,14,0,0,0,0,6,0
2021-01-24T23:59:59+01:00,1,2,911,981,2820,3815,2411,4366,2336,6181,2726,5170,1224,1359,1369,2709,1052,4099,0,0,25,6,94,69,56,89,82,210,115,145,97,113,118,207,87,308,43516,1821,10,0,0,0,0,6,0
2021-01-23T23:59:59+01:00,1,2,911,981,2820,3814,2411,4366,2335,6180,2725,5170,1221,1358,1368,2709,1052,4099,0,0,25,6,94,69,56,89,82,210,115,145,97,113,118,207,87,306,43511,1819,9,0,0,0,0,3,0
2021-01-22T23:59:59+01:00,1,2,904,974,2789,3768,2376,4301,2303,6105,2704,5123,1219,1356,1367,2707,1051,4096,0,0,25,6,94,69,56,89,82,210,115,145,97,113,118,207,87,306,43136,1819,9,0,0,0,0,1,0
2021-01-21T23:59:59+01:00,1,2,889,907,2533,3356,2175,3886,2121,5494,2481,4638,1162,1309,1317,2582,1013,3933,0,0,21,6,83,63,52,73,69,170,95,134,87,98,99,154,73,235,39789,1512,9,0,0,0,0,1,0
2021-01-20T23:59:59+01:00,1,2,810,844,2221,2948,1967,3424,1889,4886,2225,4164,1048,1168,1147,2228,878,3407,0,0,21,6,83,63,52,72,68,170,94,134,87,98,99,154,71,235,35248,1507,9,0,0,0,0,0,0
2021-01-19T23:59:59+01:00,1,2,748,765,1927,2502,1727,2966,1655,4226,1983,3690,974,1071,1019,1939,772,3025,0,0,10,3,50,44,33,44,35,100,44,77,39,36,49,83,44,152,30985,843,7,0,0,0,0,0,0
2021-01-18T23:59:59+01:00,1,2,674,706,1698,2104,1488,2494,1409,3541,1730,3186,888,986,913,1724,716,2743,0,0,5,2,19,10,13,21,17,54,17,33,19,21,26,56,31,82,26999,426,4,0,0,0,0,0,0
2021-01-17T23:59:59+01:00,0,2,495,545,1382,1700,1210,1963,1154,2807,1449,2564,747,829,758,1431,593,2348,0,0,0,1,4,2,0,0,0,0,0,0,1,0,0,0,0,0,21974,8,3,0,0,0,0,0,0
2021-01-16T23:59:59+01:00,0,1,375,396,1200,1456,1090,1678,1014,2409,1292,2157,661,733,730,1414,591,2347,0,0,0,0,0,0,0,0,0,0,0,0,0,0,0,0,0,0,19542,0,2,0,0,0,0,0,0
2021-01-15T23:59:59+01:00,0,1,271,235,1017,1156,941,1332,846,1963,1114,1754,542,622,692,1379,578,2306,0,0,0,0,0,0,0,0,0,0,0,0,0,0,0,0,0,0,16748,0,1,0,0,0,0,0,0
2021-01-14T23:59:59+01:00,0,0,155,105,703,773,649,864,611,1307,751,1134,352,433,567,1191,518,2055,0,0,0,0,0,0,0,0,0,0,0,0,0,0,0,0,0,0,12168,0,0,0,0,0,0,0,0
2021-01-13T23:59:59+01:00,0,0,130,84,593,606,525,698,494,1050,594,869,296,357,478,1006,446,1750,0,0,0,0,0,0,0,0,0,0,0,0,0,0,0,0,0,0,9976,0,0,0,0,0,0,0,0
2021-01-12T23:59:59+01:00,0,0,120,68,510,518,448,597,429,920,523,764,261,308,390,809,372,1365,0,0,0,0,0,0,0,0,0,0,0,0,0,0,0,0,0,0,8402,0,0,0,0,0,0,0,0
2021-01-11T23:59:59+01:00,0,0,91,55,414,422,363,486,344,746,418,591,227,257,323,676,302,1152,0,0,0,0,0,0,0,0,0,0,0,0,0,0,0,0,0,0,6867,0,0,0,0,0,0,0,0
2021-01-10T23:59:59+01:00,0,0,76,47,350,349,296,404,291,649,348,523,199,226,259,537,241,896,0,0,0,0,0,0,0,0,0,0,0,0,0,0,0,0,0,0,5691,0,0,0,0,0,0,0,0
2021-01-09T23:59:59+01:00,0,0,76,45,335,328,272,382,283,633,340,516,198,225,258,535,241,896,0,0,0,0,0,0,0,0,0,0,0,0,0,0,0,0,0,0,5563,0,0,0,0,0,0,0,0
2021-01-08T23:59:59+01:00,0,0,71,37,301,295,227,341,255,590,313,477,180,205,233,475,220,793,0,0,0,0,0,0,0,0,0,0,0,0,0,0,0,0,0,0,5013,0,0,0,0,0,0,0,0
2021-01-07T23:59:59+01:00,0,0,57,25,210,197,159,242,196,424,243,340,150,166,178,310,146,507,0,0,0,0,0,0,0,0,0,0,0,0,0,0,0,0,0,0,3550,0,0,0,0,0,0,0,0
2021-01-06T23:59:59+01:00,0,0,45,15,162,118,112,161,145,297,178,241,118,134,136,243,103,362,0,0,0,0,0,0,0,0,0,0,0,0,0,0,0,0,0,0,2570,0,0,0,0,0,0,0,0
2021-01-05T23:59:59+01:00,0,0,28,7,97,71,59,94,87,214,117,149,108,124,127,224,102,336,0,0,0,0,0,0,0,0,0,0,0,0,0,0,0,0,0,0,1944,0,0,0,0,0,0,0,0
2021-01-04T23:59:59+01:00,0,0,26,7,97,70,56,91,87,214,117,147,108,122,127,224,102,336,0,0,0,0,0,0,0,0,0,0,0,0,0,0,0,0,0,0,1931,0,0,0,0,0,0,0,0
2021-01-03T23:59:59+01:00,0,0,26,7,97,70,56,90,87,213,116,147,107,122,127,224,102,336,0,0,0,0,0,0,0,0,0,0,0,0,0,0,0,0,0,0,1927,0,0,0,0,0,0,0,0
2021-01-02T23:59:59+01:00,0,0,26,7,97,70,56,90,87,213,115,147,107,122,127,224,102,335,0,0,0,0,0,0,0,0,0,0,0,0,0,0,0,0,0,0,1925,0,0,0,0,0,0,0,0
2021-01-01T23:59:59+01:00,0,0,26,7,97,70,56,90,87,213,114,146,107,122,127,224,102,335,0,0,0,0,0,0,0,0,0,0,0,0,0,0,0,0,0,0,1923,0,0,0,0,0,0,0,0
2020-12-31T23:59:59+01:00,0,0,26,7,97,70,56,90,87,213,113,146,107,122,127,224,102,335,0,0,0,0,0,0,0,0,0,0,0,0,0,0,0,0,0,0,1922,0,0,0,0,0,0,0,0
2020-12-30T23:59:59+01:00,0,0,26,7,97,70,55,90,86,213,113,146,107,122,127,224,101,335,0,0,0,0,0,0,0,0,0,0,0,0,0,0,0,0,0,0,1919,0,0,0,0,0,0,0,0
2020-12-29T23:59:59+01:00,0,0,14,2,65,52,33,60,50,138,64,88,53,53,72,135,63,227,0,0,0,0,0,0,0,0,0,0,0,0,0,0,0,0,0,0,1169,0,0,0,0,0,0,0,0
2020-12-28T23:59:59+01:00,0,0,5,2,36,24,20,30,21,67,25,41,23,22,27,51,34,82,0,0,0,0,0,0,0,0,0,0,0,0,0,0,0,0,0,0,510,0,0,0,0,0,0,0,0
2020-12-27T23:59:59+01:00,0,0,1,0,8,5,8,2,1,5,0,2,1,1,2,2,4,6,0,0,0,0,0,0,0,0,0,0,0,0,0,0,0,0,0,0,48,0,0,0,0,0,0,0,0
