Datum,<15_m,<15_w,15-24_1_m,15-24_1_w,25-34_1_m,25-34_1_w,35-44_1_m,35-44_1_w,45-54_1_m,45-54_1_w,55-64_1_m,55-64_1_w,65-74_1_m,65-74_1_w,75-84_1_m,75-84_1_w,>84_1_m,>84_1_w,<24_2_m,<24_2_w,25-34_2_m,25-34_2_w,35-44_2_m,35-44_2_w,45-54_2_m,45-54_2_w,55-64_2_m,55-64_2_w,65-74_2_m,65-74_2_w,75-84_2_m,75-84_2_w,>84_2_m,>84_2_w,bp_1,bp_2,mo_1,mo_2,az_1,az_2,ja,unb_1,unb_2
2021-07-31T23:59:59+02:00,6287,5985,52799,53794,95696,94083,88510,88436,87077,92920,88316,91141,53786,66988,42865,59362,10353,20845,37775,38611,78125,76668,70877,71107,75610,81368,80291,83600,50512,62901,40844,56316,9817,19557,748378,636824,129840,102589,157857,135124,63088,80,73
2021-07-30T23:59:59+02:00,6234,5952,52640,53665,95547,93918,88362,88292,86955,92812,88235,91072,53749,66958,42853,59345,10351,20843,36800,37576,77442,76038,70141,70382,75103,80849,79892,83281,50438,62812,40812,56256,9811,19546,747546,630748,129535,101460,157854,134935,62768,80,73
2021-07-29T23:59:59+02:00,6186,5896,52419,53490,95304,93705,88162,88092,86795,92653,88103,90957,53697,66897,42834,59318,10347,20832,35572,36380,76414,75190,69101,69442,74310,80117,79359,82865,50308,62650,40748,56164,9794,19522,746408,623170,129101,99916,157839,134383,62259,80,73
2021-07-28T23:59:59+02:00,6150,5844,52234,53332,95110,93518,88030,87921,86684,92518,88000,90870,53647,66832,42805,59275,10339,20807,34978,35810,75276,74225,67839,68343,73563,79413,78875,82417,50177,62454,40684,56065,9779,19488,745334,616936,128672,98526,157821,133617,62009,80,73
2021-07-27T23:59:59+02:00,6102,5806,52009,53115,94860,93321,87862,87742,86532,92376,87887,90777,53599,66764,42762,59218,10325,20759,34340,35095,73844,73005,66407,67143,72714,78571,78345,81914,50009,62247,40607,55949,9757,19445,743997,609797,128261,97095,157799,132408,61679,80,73
2021-07-26T23:59:59+02:00,6046,5756,51801,52916,94636,93138,87675,87585,86380,92246,87764,90683,53540,66686,42733,59165,10318,20738,33603,34310,72354,71701,65063,65948,71692,77625,77766,81404,49842,62037,40529,55808,9737,19401,742725,602000,127853,95580,157786,131352,61362,80,73
2021-07-25T23:59:59+02:00,6012,5714,51608,52729,94392,92922,87520,87407,86232,92124,87658,90591,53490,66624,42706,59125,10308,20709,32903,33575,71026,70513,63969,64949,70696,76724,77304,80963,49730,61858,40466,55725,9731,19370,741424,595162,127598,94022,157769,130574,61000,80,73
2021-07-24T23:59:59+02:00,5930,5662,51340,52452,94094,92620,87281,87199,86062,91976,87563,90513,53462,66590,42695,59103,10308,20703,32421,33106,70180,69832,63303,64401,69825,76029,77101,80811,49677,61816,40445,55700,9731,19368,739632,590836,127550,93095,157769,130451,60522,80,73
2021-07-23T23:59:59+02:00,5875,5608,51079,52194,93715,92354,87003,86991,85885,91802,87434,90422,53430,66545,42687,59085,10305,20697,31923,32499,69137,68996,62528,63744,68921,75189,76702,80486,49601,61719,40413,55663,9724,19354,737675,585338,127489,91938,157762,130278,60105,80,73
2021-07-22T23:59:59+02:00,5807,5545,50675,51808,93265,91927,86631,86678,85591,91520,87223,90246,53347,66454,42658,59027,10296,20672,31243,31802,67855,68019,61495,62878,67307,73849,76064,79983,49450,61516,40323,55553,9703,19316,734759,579044,127265,89191,157739,129518,59527,80,73
2021-07-21T23:59:59+02:00,5756,5495,50325,51439,92842,91526,86335,86390,85343,91285,87055,90068,53265,66373,42600,58961,10285,20645,30655,31186,66527,66990,60422,61989,65278,72171,75161,79242,49160,61208,40164,55365,9679,19261,732053,572834,127037,84904,157714,128437,59104,80,73
2021-07-20T23:59:59+02:00,5697,5434,49948,51056,92393,91071,85975,86071,85084,91042,86841,89877,53175,66242,42557,58904,10279,20620,30017,30562,65088,65830,59288,61037,64098,71115,74551,78694,48957,60978,40058,55208,9658,19200,729177,565880,126825,83251,157665,127419,58519,80,73
2021-07-19T23:59:59+02:00,5618,5361,49488,50610,91930,90608,85616,85747,84839,90830,86638,89703,53082,66126,42521,58829,10262,20584,29487,30007,63943,64791,58380,60176,62950,70087,73961,78183,48784,60784,39968,55066,9631,19155,725971,560186,126604,81458,157632,126240,58105,80,73
2021-07-18T23:59:59+02:00,5550,5295,48671,49810,90893,89591,84906,85146,84373,90411,86350,89414,52977,65980,42458,58733,10252,20553,28942,29431,62783,63732,57465,59268,61780,69066,73418,77688,48641,60625,39910,54983,9619,19127,719657,554419,126280,79440,157617,125447,57729,80,73
2021-07-17T23:59:59+02:00,5377,5110,48323,49481,90752,89458,84716,84989,84220,90277,86241,89331,52957,65954,42447,58722,10251,20550,28566,29066,62144,63140,56923,58845,61022,68333,73112,77448,48533,60508,39870,54925,9610,19117,718496,551443,126108,78474,157611,124835,56861,80,73
2021-07-16T23:59:59+02:00,5280,5020,48003,49204,90490,89242,84473,84789,84018,90094,86103,89223,52916,65923,42428,58708,10248,20545,28081,28580,61219,62236,56080,58162,59971,67300,72610,77032,48374,60321,39825,54857,9605,19108,717140,546541,125940,77156,157600,124099,55947,80,73
2021-07-15T23:59:59+02:00,5145,4892,47539,48805,90106,88878,84122,84414,83720,89820,85889,89059,52838,65834,42377,58641,10238,20519,27360,27977,59917,61191,54969,57188,58580,66005,71891,76452,48152,60066,39739,54731,9589,19053,714755,540823,125524,74978,157568,122459,54909,80,73
2021-07-14T23:59:59+02:00,5041,4779,47204,48433,89815,88599,83843,84108,83473,89586,85689,88904,52751,65727,42321,58553,10221,20489,26848,27441,58841,60204,54014,56355,57712,65162,71281,75871,47888,59788,39637,54559,9567,19009,712659,535495,125168,74066,157524,120779,54105,80,73
2021-07-13T23:59:59+02:00,4928,4662,46812,48061,89431,88247,83544,83809,83217,89334,85490,88742,52645,65625,42268,58490,10215,20470,26207,26793,57481,59027,52827,55377,56727,64257,70561,75236,47614,59469,39512,54383,9538,18959,710370,529222,124800,72971,157477,118754,53263,80,72
2021-07-12T23:59:59+02:00,4761,4493,46282,47557,89039,87916,83167,83501,82973,89087,85304,88584,52565,65532,42220,58426,10203,20455,25592,26156,55980,57684,51541,54326,55505,63122,69823,74619,47244,59042,39339,54162,9498,18894,707729,521999,124434,71947,157433,116419,52389,80,71
2021-07-11T23:59:59+02:00,4364,4125,45350,46643,88619,87489,82755,83121,82673,88804,85115,88442,52479,65444,42195,58371,10192,20438,24997,25598,54608,56431,50245,53293,54462,62093,69235,74074,46900,58660,39216,53986,9474,18852,703847,515418,123965,70943,157394,114637,51333,80,71
2021-07-10T23:59:59+02:00,4352,4110,45023,46313,88169,87011,82431,82815,82571,88707,85047,88384,52460,65421,42186,58357,10191,20434,24517,25075,53539,55505,49392,52716,53869,61529,69020,73888,46530,58245,39116,53883,9469,18843,703192,511162,123502,70860,157220,113323,49988,80,71
2021-07-09T23:59:59+02:00,4334,4097,44602,45882,87562,86464,82053,82480,82323,88523,84935,88292,52425,65392,42179,58344,10187,20425,23828,24309,52223,54272,48463,51835,53090,60679,68604,73490,46171,57840,39030,53794,9461,18831,701814,505036,122927,70457,157054,111980,48624,80,70
2021-07-08T23:59:59+02:00,4310,4071,44060,45403,86708,85765,81534,81976,82072,88284,84742,88139,52360,65325,42147,58298,10178,20408,22862,23395,50291,52723,47093,50687,51961,59559,67925,72862,45658,57288,38895,53632,9433,18762,699746,497377,122042,69197,156762,109454,47150,80,70
2021-07-07T23:59:59+02:00,4287,4044,43492,44837,85887,85004,80996,81504,81788,87993,84540,87980,52283,65227,42108,58236,10171,20388,22004,22510,48357,51056,45594,49558,50733,58387,67240,72332,44927,56552,38706,53395,9402,18704,697295,489306,121050,68088,156512,106364,45828,80,68
2021-07-06T23:59:59+02:00,4252,4024,42955,44326,85044,84282,80392,80918,81424,87666,84367,87806,52193,65146,42071,58173,10162,20363,21178,21663,46385,49275,44215,48306,49464,57048,66497,71614,44101,55784,38521,53156,9384,18648,694710,480388,120028,67009,156207,103414,44539,80,68
2021-07-05T23:59:59+02:00,4229,3988,41815,43359,83552,83203,79664,80314,80978,87249,84099,87548,52076,65009,42023,58095,10148,20336,20008,20622,44446,47688,43191,47345,48439,56095,65804,70998,43345,54924,38349,52933,9361,18609,691472,474456,118971,66143,155848,100332,41314,80,68
2021-07-04T23:59:59+02:00,4202,3967,40473,42173,81924,81896,78948,79708,80511,86827,83830,87354,51986,64883,41977,58044,10135,20307,18665,19416,42662,46177,42495,46607,47638,55239,65227,70431,42601,54079,38186,52742,9343,18562,688442,469836,117820,65216,155423,97716,37380,80,68
2021-07-03T23:59:59+02:00,3742,3552,38917,40648,81066,81245,78464,79219,80071,86350,83616,87186,51917,64782,41959,57992,10132,20301,17858,18728,41749,45491,42075,46228,47234,54844,65061,70266,42014,53351,38124,52642,9337,18552,684759,467909,116514,65118,155334,96127,34472,80,68
2021-07-02T23:59:59+02:00,3185,2985,37370,39172,80354,80517,77799,78521,79552,85844,83374,86986,51866,64695,41930,57944,10120,20288,17104,18019,40613,44537,41343,45538,46406,54064,64543,69820,41065,52146,37994,52453,9321,18533,679768,462886,115114,64660,155174,93644,32366,80,65
2021-07-01T23:59:59+02:00,2542,2442,35665,37532,79398,79670,76968,77699,78850,85207,83060,86706,51746,64538,41868,57840,10102,20260,16243,17128,39088,43312,40133,44477,45105,52941,63807,69250,40178,51012,37845,52246,9304,18501,673535,456571,113409,63018,154945,90889,30124,80,65
2021-06-30T23:59:59+02:00,2502,2411,34666,36540,77584,78180,75270,76201,78192,84659,82778,86412,51614,64374,41808,57746,10090,20233,15224,16169,37410,42088,38938,43365,43947,51887,63056,68626,39637,50337,37731,52051,9282,18466,667737,450476,111681,61683,154720,89026,27042,80,64
2021-06-29T23:59:59+02:00,2469,2379,33840,35663,75991,76700,73661,74783,77406,83947,82237,85927,51433,64156,41733,57615,10073,20197,14396,15275,36099,40949,38020,42546,42726,50839,62345,68044,38936,49404,37595,51834,9261,18423,661450,445337,109822,59847,154444,87086,24414,80,63
2021-06-28T23:59:59+02:00,2429,2345,33039,34872,74379,75296,71989,73386,76384,83164,81634,85432,51256,63929,41656,57509,10060,20163,13657,14533,35046,39937,37196,41818,41608,49848,61698,67503,38066,48323,37428,51616,9242,18376,655042,440548,107858,58337,153850,84897,22092,80,62
2021-06-27T23:59:59+02:00,2415,2330,32311,34137,72816,73927,70587,72186,74990,82048,80971,84888,51057,63715,41591,57394,10050,20134,13029,13908,34091,39188,36546,41216,40677,49001,61164,67062,37211,47299,37276,51439,9227,18345,648897,436692,105928,57575,152900,82644,19742,80,62
2021-06-26T23:59:59+02:00,1784,1726,31285,33048,72466,73610,70121,71723,74697,81740,80877,84801,51036,63686,41577,57384,10049,20131,12838,13703,33434,38651,35908,40798,40159,48666,60171,66065,36223,46168,37109,51226,9213,18312,644148,430753,104993,57525,152895,80708,19631,74,62
2021-06-25T23:59:59+02:00,1166,1130,30179,31889,71981,73086,69509,71024,74276,81297,80502,84481,50975,63600,41543,57341,10044,20118,12518,13318,32582,37855,35040,39979,39221,47830,58961,64833,35708,45472,36917,50926,9190,18268,637875,422356,103806,57080,152887,79651,19499,74,62
2021-06-24T23:59:59+02:00,566,572,28853,30587,71213,72352,68639,70146,73604,80673,80064,84118,50870,63471,41491,57272,10033,20084,11862,12627,31427,36558,33833,38715,38100,46723,57326,63458,35236,44953,36761,50739,9171,18208,630158,413075,102317,55532,152771,77765,19288,74,61
2021-06-23T23:59:59+02:00,539,538,28351,30050,70110,71376,67365,69013,72858,79986,79614,83716,50759,63297,41430,57176,10016,20053,11377,12103,30431,35314,32905,37496,37092,45847,55393,61748,34685,44391,36593,50512,9150,18143,623964,403361,100745,54472,152668,76511,18796,74,61
2021-06-22T23:59:59+02:00,516,522,27842,29475,68938,70355,66167,67985,72180,79284,79199,83350,50653,63169,41382,57092,10007,20028,11033,11707,29510,34380,31942,36613,36137,44961,53431,59917,34302,43915,36456,50271,9121,18086,617669,394863,99291,52901,152533,75399,18577,74,60
2021-06-21T23:59:59+02:00,484,488,27181,28820,67626,69188,64986,66856,71422,78505,78803,82955,50546,63060,41323,57006,9994,19986,10748,11400,28886,33803,31395,36049,35539,44373,51589,58265,33597,43116,36161,49849,9092,18010,610888,387329,97796,51706,152412,74734,18060,73,60
2021-06-20T23:59:59+02:00,399,406,26543,28164,66409,68057,63970,65915,70619,77765,78448,82620,50468,62936,41275,56937,9989,19953,10461,11141,28346,33303,30940,35557,35033,43853,49756,56484,33055,42437,35965,49517,9062,17950,604521,379947,96331,50957,152314,74275,17634,73,59
2021-06-19T23:59:59+02:00,367,372,26165,27806,65683,67489,63452,65424,69824,77114,78294,82492,50448,62911,41259,56922,9988,19953,10332,10948,28101,32986,30686,35239,34812,43594,48317,55097,32800,42092,35883,49381,9054,17922,600606,374581,95391,50945,152312,74090,17581,73,59
2021-06-18T23:59:59+02:00,340,338,25709,27349,64672,66752,62717,64812,68907,76281,77902,82154,50387,62835,41232,56886,9984,19945,10119,10714,27702,32568,30362,34829,34427,43204,46596,53444,32449,41579,35746,49169,9035,17889,595207,367780,94152,50659,152304,73879,17467,72,59
2021-06-17T23:59:59+02:00,311,307,25078,26751,63420,65755,61726,64003,67317,74882,77381,81755,50287,62683,41169,56803,9971,19917,9709,10364,26912,31884,29623,34152,33593,42505,45093,51956,32005,40953,35583,48915,9003,17839,589158,360381,91506,49522,152146,73505,16635,71,58
2021-06-16T23:59:59+02:00,278,269,24560,26179,62124,64632,60618,63022,65044,72965,76536,81099,50076,62472,41078,56690,9952,19886,9395,10114,26263,31221,28917,33531,32868,41879,44504,51394,31736,40596,35437,48717,8982,17798,582947,356706,87003,48818,151699,72018,15762,69,58
2021-06-15T23:59:59+02:00,239,238,23925,25498,60729,63433,59536,62038,63888,71881,76034,80675,49952,62323,41028,56593,9945,19856,9137,9847,25662,30488,28279,32776,32196,41157,42949,49774,31291,40044,35266,48484,8952,17734,575865,350022,85375,47926,151229,70767,15273,69,58
2021-06-14T23:59:59+02:00,217,207,23461,24917,59631,62380,58660,61192,62818,70878,75559,80286,49865,62202,40978,56522,9929,19830,8851,9548,24911,29601,27516,31946,31407,40343,41667,48439,30924,39546,35130,48260,8922,17683,570037,343904,83658,46905,151024,69092,14744,69,58
2021-06-13T23:59:59+02:00,212,192,23045,24453,58703,61476,57886,60409,61712,69910,75088,79855,49777,62085,40929,56463,9918,19801,8577,9252,24205,28766,26801,31112,30646,39492,40129,46869,30462,38941,34929,47956,8892,17594,565031,336898,81794,46130,150794,67321,14226,69,57
2021-06-12T23:59:59+02:00,199,175,22821,24190,58154,60978,57529,60129,61069,69267,74889,79741,49753,62054,40917,56449,9915,19797,8463,9136,23727,28181,26285,30543,30135,38933,39055,45899,30295,38762,34833,47791,8888,17583,562142,332709,80838,46127,150787,65435,14190,69,57
2021-06-11T23:59:59+02:00,181,159,22470,23781,57421,60167,56850,59502,60164,68337,74536,79430,49679,61981,40892,56413,9912,19791,8332,8947,23220,27512,25759,29889,29554,38301,37985,44893,30028,38408,34691,47568,8875,17557,557152,327893,79550,45868,150769,63584,14126,69,56
2021-06-10T23:59:59+02:00,166,142,21943,23226,56295,59243,55922,58683,58908,67166,74004,79022,49609,61874,40868,56361,9899,19763,8072,8700,22356,26571,24800,28954,28440,37380,36599,43734,29677,37933,34413,47136,8808,17482,551624,321027,77348,45162,150521,61288,13532,69,54
2021-06-09T23:59:59+02:00,145,129,21326,22681,55048,58152,54862,57777,57961,66262,73536,78630,49522,61774,40818,56299,9885,19733,7786,8437,21443,25707,23866,28065,27415,36434,34887,41954,29294,37435,34227,46867,8767,17392,545917,313621,75902,44437,150166,59386,12486,69,54
2021-06-08T23:59:59+02:00,123,111,20658,22001,53749,57028,53745,56806,57006,65404,72993,78196,49435,61650,40762,56206,9865,19702,7523,8204,20531,24816,22808,27202,26384,35481,33538,40654,28939,36928,33908,46416,8714,17309,539291,307333,74983,43674,149721,56925,11376,69,53
2021-06-07T23:59:59+02:00,106,93,20017,21406,52317,55779,52483,55833,55848,64421,72443,77796,49351,61544,40716,56141,9852,19674,7277,7985,19690,23994,21783,26389,25352,34615,32605,39874,28656,36540,33664,45992,8663,17218,532062,302726,74088,42858,149307,54370,10294,69,53
2021-06-06T23:59:59+02:00,99,87,19511,20873,51171,54692,51383,54860,54888,63471,71934,77392,49267,61470,40679,56078,9845,19658,7069,7787,18903,23105,20884,25517,24282,33634,31694,39062,28374,36203,33408,45602,8614,17143,525755,298174,73068,42120,148970,51440,9498,67,53
2021-06-05T23:59:59+02:00,94,79,19245,20578,50399,53940,50730,54351,54413,62976,71797,77272,49251,61453,40676,56074,9842,19658,6845,7382,18268,22041,20165,24409,23410,32403,30674,37752,28047,35743,33284,45429,8607,17123,521456,291892,73063,42082,148814,48131,9428,67,53
2021-06-04T23:59:59+02:00,84,72,18802,20001,49354,52941,49922,53482,53765,62195,71454,76944,49222,61418,40656,56059,9840,19651,6628,7073,17652,21192,19493,23426,22489,31139,29469,36425,27760,35381,33172,45257,8595,17104,515009,285517,72743,42014,148794,45425,9249,67,53
2021-06-03T23:59:59+02:00,73,61,18131,19331,47835,51646,48716,52364,52804,61185,70958,76484,49158,61317,40618,56014,9827,19627,6341,6683,16919,20152,18705,22281,21493,29728,28311,34948,27218,34605,32968,44933,8559,17029,507305,278809,71729,41270,148518,42214,8531,66,52
2021-06-02T23:59:59+02:00,68,57,17765,18831,46827,50672,47859,51625,52068,60439,70712,76271,49121,61281,40599,55986,9819,19613,6161,6447,16276,19474,17804,21534,20673,28792,27224,33551,26752,34001,32809,44683,8530,16959,501081,272582,71716,41255,148493,39529,8258,65,49
2021-06-01T23:59:59+02:00,57,51,17097,18112,44972,48936,46215,50168,50549,58994,70031,75672,49031,61169,40539,55913,9806,19565,5887,6138,15121,18579,16302,20577,19472,27559,26008,32164,26203,33312,32562,44336,8484,16855,491964,266144,70376,40691,147940,36143,6534,63,49
2021-05-31T23:59:59+02:00,55,47,16624,17632,43664,47798,45009,49067,49312,57884,69353,75159,48954,61067,40495,55844,9794,19530,5610,5819,14086,17754,14906,19664,18306,26458,24791,30828,25688,32598,32368,44040,8450,16757,485721,259885,69213,40147,147482,33235,4810,62,48
2021-05-30T23:59:59+02:00,48,46,16301,17241,42688,46865,44105,48161,48319,56888,68793,74610,48846,60912,40424,55731,9779,19487,5423,5578,13540,17057,14285,18973,17422,25494,23697,29659,24919,31651,32075,43625,8406,16669,479740,253941,68179,39348,147070,30946,4193,62,47
2021-05-29T23:59:59+02:00,48,46,16172,17125,42331,46550,43765,47897,48078,56699,68734,74551,48840,60905,40418,55728,9779,19487,5260,5338,13033,16247,13641,18124,16580,24330,22588,28362,24763,31421,32012,43532,8403,16662,477781,248364,68061,39348,147060,28351,4189,62,46
2021-05-28T23:59:59+02:00,47,44,15873,16820,41636,45922,43256,47338,47572,56157,68457,74254,48774,60823,40390,55679,9776,19482,5021,4954,12497,15332,12967,17264,15718,23105,21499,26930,24518,31057,31919,43398,8393,16645,473495,242370,67562,39243,147028,25409,4153,62,44
2021-05-27T23:59:59+02:00,44,40,15357,16301,40494,44944,42241,46457,46589,55273,67874,73822,48652,60663,40336,55607,9765,19441,4799,4618,11858,14508,12183,16329,14654,21916,20243,25424,24016,30318,31747,43137,8360,16563,467684,235051,66052,38438,146313,23355,3789,62,42
2021-05-26T23:59:59+02:00,42,39,14950,15876,39399,44028,41209,45576,45564,54397,67267,73312,48501,60484,40256,55439,9744,19393,4608,4423,11302,13748,11462,15480,13655,20784,18850,23840,23434,29539,31531,42797,8308,16462,462572,227800,64027,37581,145323,21310,3492,62,42
2021-05-25T23:59:59+02:00,42,38,14560,15475,38396,43141,40243,44722,44612,53479,66657,72782,48322,60252,40177,55307,9718,19339,4402,4221,10762,13104,10703,14699,12593,19554,17421,22336,22852,28761,31298,42480,8254,16375,457276,220474,62447,36642,144217,19401,3260,62,40
2021-05-24T23:59:59+02:00,41,38,14217,15152,37570,42407,39372,44051,43750,52697,66125,72299,48197,60075,40113,55185,9698,19295,4259,4096,10316,12645,10065,14115,11717,18724,16141,21082,22185,27931,31082,42156,8196,16289,452661,213617,61219,35703,143489,18791,2851,62,39
2021-05-23T23:59:59+02:00,37,38,14049,14979,37102,42034,38922,43648,43301,52293,65855,72073,48123,59985,40075,55140,9691,19271,4070,3957,9856,12172,9448,13510,10779,17913,14951,20022,21720,27366,30830,41870,8149,16208,449483,206661,60845,35624,143460,17733,2766,62,39
2021-05-22T23:59:59+02:00,35,36,13852,14763,36418,41469,38245,43195,42729,51886,64837,71067,47919,59729,40005,55027,9681,19249,3961,3662,9640,11759,9295,13183,10538,17469,14683,19622,21627,27249,30796,41830,8142,16199,443059,205445,60842,35622,143444,15816,2735,62,39
2021-05-21T23:59:59+02:00,34,35,13474,14362,35346,40555,37183,42267,41666,50989,63483,69784,47689,59392,39924,54880,9664,19216,3855,3566,9433,11495,9085,12919,10210,17142,14275,19254,21407,26963,30736,41740,8133,16191,433464,203509,60490,35316,143209,14825,2719,61,37
2021-05-20T23:59:59+02:00,31,35,12680,13638,33910,39103,35764,40858,40266,49792,62201,68634,47400,59050,39781,54700,9643,19165,3707,3385,8908,10894,8440,12213,9512,16297,13521,18297,20595,25851,30543,41444,8095,16106,423280,199168,58789,34472,142181,11791,2342,59,37
2021-05-19T23:59:59+02:00,31,34,12144,13074,32730,37679,34664,39478,39143,48835,60203,66868,46924,58493,39598,54439,9602,19059,3604,3255,8636,10522,8145,11839,9070,15790,12885,17637,19731,24722,30317,41141,8039,15991,412451,194935,57271,33659,141076,10556,2141,59,35
2021-05-18T23:59:59+02:00,28,34,11723,12631,31686,36660,33573,38565,38106,47900,58147,65011,46569,58044,39445,54200,9570,19000,3406,3091,8144,9918,7674,11294,8530,15125,12205,16868,18792,23495,30081,40798,8003,15886,403805,190854,55313,32820,139881,7768,1835,58,35
2021-05-17T23:59:59+02:00,26,33,11472,12355,31169,36105,33081,38005,37516,47266,56245,63305,45868,57222,39168,53803,9533,18926,3324,2982,7882,9635,7381,10995,8130,14713,11638,16265,17876,22363,29849,40479,7968,15812,396225,186486,54193,32073,139075,7153,1548,57,34
2021-05-16T23:59:59+02:00,26,33,11252,12101,30649,35602,32619,37513,36993,46695,54352,61481,45324,56524,38974,53484,9506,18871,3223,2883,7594,9346,7061,10651,7654,14252,11060,15681,16947,21216,29640,40190,7930,15744,389273,182214,53227,31228,138412,6569,1031,56,32
2021-05-15T23:59:59+02:00,26,33,11098,11898,30372,35269,32382,37193,36764,46432,52783,60004,45074,56218,38897,53346,9500,18843,3203,2865,7570,9318,7046,10630,7636,14239,11043,15660,16838,21003,29431,39883,7922,15734,383472,181232,53224,31227,138366,6519,1014,56,31
2021-05-14T23:59:59+02:00,26,33,10852,11617,29905,34763,32003,36732,36254,45960,50913,58177,44712,55717,38757,53138,9484,18803,3176,2847,7500,9248,6992,10559,7577,14181,10861,15462,16108,19938,29145,39397,7905,15694,375692,178329,52897,30888,138237,6380,964,56,31
2021-05-13T23:59:59+02:00,23,32,10570,11292,29258,34126,31404,36128,35583,45295,49444,56660,44282,55090,38587,52896,9457,18757,3108,2801,7373,9147,6905,10465,7474,14073,10536,15116,15052,18705,28759,38754,7862,15620,368608,174537,51880,30326,137487,6005,854,55,30
2021-05-12T23:59:59+02:00,23,30,10441,11150,28977,33809,31138,35835,35273,44982,49159,56352,44183,54984,38534,52816,9450,18719,3096,2775,7339,9111,6875,10430,7447,14034,10370,14960,14680,18276,28456,38276,7840,15573,365941,172500,51799,30316,137328,5961,732,55,30
2021-05-11T23:59:59+02:00,22,27,10095,10827,28125,32984,30307,35082,34413,44202,47425,54585,43730,54392,38358,52525,9412,18617,3009,2679,7096,8831,6652,10131,7232,13664,9890,14413,13703,17127,28043,37663,7803,15479,359033,168841,50094,29426,135440,4613,506,55,30
2021-05-10T23:59:59+02:00,21,27,9789,10551,27379,32284,29532,34385,33644,43438,46121,53321,43348,53881,38168,52220,9362,18504,2967,2634,6969,8708,6557,10014,7093,13483,9628,14106,13009,16269,27617,37054,7777,15399,352786,166036,48978,29047,133762,3777,397,52,28
2021-05-09T23:59:59+02:00,20,27,9558,10306,26702,31603,28866,33687,32923,42742,44602,51853,42847,53261,37968,51916,9325,18419,2919,2588,6846,8565,6451,9873,6981,13271,9313,13795,12212,15371,27254,36521,7757,15343,345721,163193,47902,28493,132641,3037,310,51,28
2021-05-08T23:59:59+02:00,20,27,9465,10238,26317,31302,28420,33373,32470,42438,43570,51025,42695,53098,37926,51854,9323,18413,2916,2584,6838,8560,6445,9865,6973,13260,9304,13783,12174,15309,26579,35573,7720,15267,341204,161329,47860,28466,132555,3024,304,51,28
2021-05-07T23:59:59+02:00,19,27,9324,10090,25846,30924,27975,32999,31965,42092,42534,50201,42424,52758,37813,51694,9311,18386,2869,2558,6785,8519,6389,9810,6922,13208,9131,13564,11544,14497,25641,34196,7673,15185,336095,157249,47553,28097,132397,2832,286,51,28
2021-05-06T23:59:59+02:00,17,26,8926,9801,24930,30156,26918,32200,30741,41276,40919,48992,42045,52214,37619,51452,9273,18313,2806,2512,6655,8373,6274,9682,6774,13022,8861,13267,10896,13637,24682,32817,7640,15124,328260,153480,46479,27144,130753,2096,275,51,28
2021-05-05T23:59:59+02:00,17,25,8560,9601,24050,29558,26055,31536,29654,40486,38944,47180,41602,51661,37411,51170,9216,18201,2766,2482,6538,8245,6173,9568,6672,12881,8616,13010,10191,12812,23672,31497,7611,15053,320414,149613,45628,26259,128643,1697,191,51,28
2021-05-04T23:59:59+02:00,17,24,8317,9374,23254,28913,25083,30797,28584,39651,37434,45717,41134,51076,37133,50823,9170,18080,2728,2461,6466,8173,6091,9503,6598,12803,8380,12790,9463,11959,22728,30256,7577,14990,313769,145908,44664,25453,126011,1493,86,51,27
2021-05-03T23:59:59+02:00,17,23,8114,9161,22555,28334,24245,30192,27677,38958,36477,44966,40787,50603,36919,50533,9120,17976,2683,2430,6397,8096,6013,9438,6510,12719,8152,12578,8721,11061,21814,29042,7546,14940,308908,142180,43887,24636,123766,1252,46,50,27
2021-05-02T23:59:59+02:00,17,23,7951,8997,21918,27758,23507,29601,26860,38336,35663,44335,40527,50272,36806,50347,9086,17919,2645,2407,6355,8054,5978,9403,6472,12679,7970,12405,8122,10327,21106,28175,7525,14922,304082,139002,43118,24361,122635,1117,39,49,27
2021-05-01T23:59:59+02:00,16,23,7799,8815,21545,27302,23025,29026,26217,37628,34839,43440,40264,49898,36709,50194,9080,17902,2639,2401,6329,8044,5963,9394,6454,12665,7953,12390,8086,10264,21067,28118,7521,14918,297988,138712,43117,24354,122529,1075,39,49,27
2021-04-30T23:59:59+02:00,16,21,7652,8637,21158,26873,22580,28461,25470,36852,33833,42477,40035,49579,36612,50041,9068,17881,2621,2388,6305,8026,5941,9377,6427,12645,7921,12356,8046,10194,21017,28035,7518,14909,291706,138401,43110,24281,122348,985,33,49,27
2021-04-29T23:59:59+02:00,15,21,7383,8398,20567,26302,21910,27779,24538,35889,32559,41141,38991,48175,36294,49568,9011,17753,2589,2354,6213,7916,5857,9275,6333,12503,7720,12083,7424,9472,20610,27520,7496,14835,282975,136344,42326,23055,120916,744,33,44,25
2021-04-28T23:59:59+02:00,14,19,7108,8181,20047,25831,21273,27181,23653,35042,31165,39691,37830,46589,35951,49073,8948,17611,2520,2307,6105,7795,5748,9145,6232,12354,7501,11813,6737,8628,20194,26945,7455,14764,274299,133906,41555,21760,119280,520,33,40,25
2021-04-27T23:59:59+02:00,13,19,6926,8003,19615,25407,20658,26644,22800,34269,29957,38372,36742,45147,35570,48503,8878,17484,2496,2282,6002,7698,5695,9049,6166,12231,7287,11615,6136,7893,19789,26448,7435,14741,266503,131814,40692,20819,117739,273,33,40,25
2021-04-26T23:59:59+02:00,12,19,6744,7839,19197,24984,20116,26121,21999,33515,28744,37141,35684,43726,35264,48020,8829,17360,2485,2272,5959,7656,5650,9010,6130,12188,7101,11450,5522,7163,19419,26000,7411,14714,258836,129856,39867,19978,116542,242,30,39,25
2021-04-25T23:59:59+02:00,12,18,6640,7706,18859,24715,19737,25783,21388,32901,27761,36186,34555,42299,34949,47592,8788,17279,2473,2265,5941,7633,5631,8993,6110,12163,7064,11423,5395,6982,19084,25536,7395,14670,251665,129235,39153,19237,116281,232,30,39,25
2021-04-24T23:59:59+02:00,12,18,6475,7530,18418,24284,19179,25246,20605,32100,26683,35140,34305,41986,34855,47427,8778,17267,2469,2259,5928,7624,5623,8982,6105,12159,7054,11416,5322,6871,18986,25395,7392,14662,245713,128782,39149,19198,115377,214,30,39,24
2021-04-23T23:59:59+02:00,12,18,6253,7332,17970,23812,18611,24637,19781,31287,25529,33948,33531,40814,34711,47190,8764,17244,2463,2241,5901,7600,5586,8943,6060,12115,7008,11364,5156,6595,18448,24770,7292,14493,238161,126940,38821,18852,114394,192,30,38,22
2021-04-22T23:59:59+02:00,11,17,6038,7124,17365,23224,17818,23855,18731,30265,24209,32518,32492,39462,34466,46834,8726,17166,2449,2226,5857,7550,5538,8859,5986,12037,6932,11294,4872,6180,17736,23897,7173,14299,229129,124788,37904,17889,113223,158,30,35,21
2021-04-21T23:59:59+02:00,11,16,5839,6944,16834,22753,17156,23252,17752,29368,22655,30927,31488,38232,34169,46398,8678,17078,2426,2209,5815,7495,5481,8784,5920,11937,6837,11214,4713,5906,17038,23050,7057,14118,220263,122703,37133,17121,112091,126,30,33,21
2021-04-20T23:59:59+02:00,10,15,5656,6751,16279,22281,16417,22596,16760,28369,21190,29461,30342,36747,33856,45968,8630,16990,2414,2195,5766,7458,5441,8739,5872,11871,6758,11151,4594,5753,16437,22276,6932,13939,211307,121026,36251,16405,110698,118,29,33,19
2021-04-19T23:59:59+02:00,10,15,5471,6595,15747,21852,15742,22039,15770,27493,19802,28063,28971,35114,33540,45495,8574,16876,2403,2182,5741,7425,5404,8706,5833,11826,6677,11075,4468,5592,15789,21567,6824,13778,202643,119386,35473,15742,108993,115,29,31,19
2021-04-18T23:59:59+02:00,9,15,5284,6454,15314,21528,15126,21478,14801,26706,18465,26925,27585,33467,33209,45077,8518,16790,2352,2136,5610,7305,5290,8593,5726,11677,6572,10956,4352,5405,15196,20901,6711,13599,194123,117751,34644,14473,107924,111,29,31,18
2021-04-17T23:59:59+02:00,9,14,5249,6419,15160,21453,14950,21393,14566,26527,18211,26704,27078,32927,33083,44929,8509,16775,2325,2096,5510,7151,5183,8434,5626,11489,6482,10823,4300,5343,14956,20607,6701,13586,192906,115995,34639,14469,106351,102,29,31,18
2021-04-16T23:59:59+02:00,9,14,5186,6365,14983,21301,14739,21232,14284,26277,17798,26293,26035,31696,32950,44718,8488,16752,2279,2046,5394,6967,5047,8253,5474,11249,6286,10602,4095,5110,14311,19820,6603,13441,189558,112766,34351,14072,105151,93,29,31,18
2021-04-15T23:59:59+02:00,7,13,5117,6288,14770,21088,14471,20944,13855,25927,17163,25665,24674,30089,32693,44395,8453,16674,2209,1962,5198,6732,4845,7932,5267,10932,6070,10318,3897,4860,13483,18738,6488,13274,185012,108948,33542,13129,103672,82,29,31,18
2021-04-14T23:59:59+02:00,7,13,5036,6218,14566,20888,14217,20720,13465,25593,16498,25048,23098,28305,32380,43992,8402,16580,2021,1842,4980,6471,4656,7683,5040,10683,5836,10033,3762,4653,12757,17821,6361,13060,180415,105862,32668,11675,101883,76,29,31,18
2021-04-13T23:59:59+02:00,7,13,4985,6171,14367,20753,13984,20539,13122,25298,15929,24545,21396,26461,32063,43570,8370,16473,1936,1790,4814,6284,4471,7464,4840,10428,5632,9801,3626,4489,12242,17206,6238,12899,176198,103487,31793,10561,99996,66,29,30,18
2021-04-12T23:59:59+02:00,7,12,4921,6106,14151,20556,13680,20276,12737,24886,15352,23992,19803,24520,31773,43210,8330,16399,1806,1699,4634,6125,4325,7288,4678,10236,5495,9643,3509,4334,11812,16697,6127,12736,171847,101808,30740,9226,98065,65,29,30,17
2021-04-11T23:59:59+02:00,7,12,4852,6030,13927,20358,13385,20065,12325,24535,14792,23483,18298,22749,31510,42871,8287,16320,1769,1663,4514,6012,4214,7165,4556,10105,5361,9514,3395,4215,11323,16088,5996,12530,167567,100065,29781,8249,96400,63,28,30,16
2021-04-10T23:59:59+02:00,7,12,4847,6022,13908,20344,13376,20055,12308,24519,14769,23464,17610,21827,31218,42453,8269,16293,1765,1651,4502,6001,4199,7151,4543,10091,5308,9449,3293,4102,10767,15254,5866,12332,166499,97925,29754,8249,94992,59,26,30,16
2021-04-09T23:59:59+02:00,7,12,4834,6005,13872,20295,13332,20008,12261,24465,14509,23212,16093,19942,30812,41807,8235,16250,1741,1641,4480,5986,4173,7124,4502,10057,5271,9400,3208,3983,9902,14266,5718,12134,163885,95489,29413,8001,92600,58,24,29,15
2021-04-08T23:59:59+02:00,7,12,4791,5977,13771,20221,13252,19928,12162,24361,14174,22853,14326,17734,30195,40798,8177,16129,1720,1628,4448,5933,4121,7040,4438,9977,5199,9323,3100,3880,9424,13666,5513,11889,160062,93646,28385,7566,90378,57,16,27,15
2021-04-07T23:59:59+02:00,7,12,4761,5949,13668,20139,13159,19843,12061,24260,13797,22497,12821,15890,29552,39830,8122,16031,1701,1616,4396,5866,4036,6966,4349,9893,5109,9224,3014,3785,8681,12573,5278,11486,155668,91104,27510,6793,89179,47,15,27,15
2021-04-06T23:59:59+02:00,7,12,4732,5923,13571,20072,13078,19783,11985,24195,13422,22146,11188,13886,28891,38860,8090,15960,1641,1562,4268,5740,3928,6842,4230,9745,5006,9095,2899,3664,7976,11644,5006,11121,151659,88723,26629,5572,87472,45,14,27,14
2021-04-05T23:59:59+02:00,7,11,4695,5895,13494,20006,13011,19715,11930,24115,13150,21892,9579,11944,28165,37811,8055,15898,1570,1493,4113,5590,3760,6686,4077,9596,4851,8967,2767,3547,7171,10683,4735,10732,148468,86358,25615,3912,85250,42,13,27,14
2021-04-04T23:59:59+02:00,7,11,4681,5877,13483,19986,13003,19698,11922,24095,13053,21822,8556,10684,27718,37169,8030,15841,1569,1491,4105,5584,3758,6681,4072,9591,4849,8959,2762,3538,6935,10219,4651,10607,146741,85402,25611,3912,83247,36,10,27,12
2021-04-03T23:59:59+02:00,7,11,4678,5867,13466,19967,12993,19688,11912,24085,13039,21804,7652,9616,26837,35928,7981,15730,1565,1487,4103,5579,3756,6678,4064,9579,4835,8946,2755,3527,6797,9958,4612,10527,144270,84800,25603,3912,81353,36,9,26,12
2021-04-02T23:59:59+02:00,7,11,4673,5849,13429,19942,12954,19645,11869,24037,12964,21737,7139,8869,25253,33828,7835,15462,1556,1471,4077,5556,3730,6637,4028,9518,4714,8659,2627,3372,6422,9565,4464,10329,139821,82984,25265,3686,80384,36,8,25,12
2021-04-01T23:59:59+02:00,6,10,4622,5790,13335,19797,12839,19494,11720,23881,12367,21291,6576,8164,23747,31857,7707,15225,1493,1425,3968,5433,3663,6566,3960,9452,4636,8556,2533,3231,5912,8882,4296,10055,135628,80729,24127,3284,78643,31,7,23,11
2021-03-31T23:59:59+02:00,6,10,4571,5735,13211,19644,12708,19340,11532,23701,12104,21031,6257,7793,22271,29904,7557,14997,1480,1414,3946,5410,3631,6538,3920,9405,4599,8503,2470,3156,5430,8239,4122,9817,131702,78967,23040,3068,77602,31,5,23,10
2021-03-30T23:59:59+02:00,6,10,4510,5671,13073,19495,12596,19165,11401,23536,11934,20893,6066,7578,20885,28177,7413,14794,1463,1378,3905,5377,3567,6468,3832,9291,4468,8332,2336,2952,5010,7685,3979,9561,128353,76748,22116,2826,76711,19,2,21,10
2021-03-29T23:59:59+02:00,6,10,4470,5632,12954,19400,12529,19082,11319,23434,11785,20757,5909,7380,19470,26499,7285,14593,1404,1337,3850,5334,3493,6398,3714,9147,4318,8143,2214,2811,4447,7019,3825,9286,124777,74097,21252,2615,76462,18,2,21,9
2021-03-28T23:59:59+02:00,6,10,4423,5568,12833,19264,12444,18988,11218,23338,11679,20656,5757,7175,18293,24994,7166,14398,1371,1293,3752,5228,3300,6173,3627,9030,4268,8087,2161,2747,3688,5999,3640,9019,121784,71047,20464,2317,75940,10,2,20,8
2021-03-27T23:59:59+01:00,6,10,4391,5517,12726,19100,12330,18823,11104,23134,11572,20507,5692,7093,18009,24648,7155,14383,1365,1290,3747,5224,3297,6166,3341,8682,4070,7789,2155,2744,3674,5966,3606,8959,119950,69744,20425,2317,75803,5,2,20,8
2021-03-26T23:59:59+01:00,6,9,4355,5464,12616,18912,12197,18623,10951,22906,11411,20298,5529,6879,17406,23858,7056,14234,1364,1289,3742,5217,3274,6148,3322,8662,3858,7343,1978,2340,3410,5682,3456,8727,116868,67490,20087,2310,75734,4,1,20,8
2021-03-25T23:59:59+01:00,6,9,4288,5376,12418,18674,11992,18294,10737,22578,11170,19971,5317,6595,16378,22552,6927,14045,1355,1279,3721,5191,3242,6120,3271,8625,3812,7300,1906,2227,2976,5000,3299,8423,112890,65528,19015,2209,75401,2,1,20,8
2021-03-24T23:59:59+01:00,6,9,4209,5265,12207,18223,11774,17881,10519,22188,10937,19599,5049,6250,15339,21335,6788,13821,1332,1266,3697,5146,3206,6058,3216,8555,3758,7227,1853,2168,2669,4666,3147,8148,109786,64136,17924,1966,73668,2,1,20,8
2021-03-23T23:59:59+01:00,6,9,4153,5202,12040,17880,11575,17531,10327,21825,10718,19312,4916,6055,14700,20521,6648,13648,1317,1260,3682,5128,3185,6041,3193,8506,3722,7184,1818,2110,2440,4396,2939,7827,107444,62813,17198,1925,72403,2,1,20,8
2021-03-22T23:59:59+01:00,6,9,4106,5124,11846,17548,11387,17204,10102,21499,10503,19010,4766,5849,14082,19808,6515,13462,1304,1251,3655,5095,3154,6005,3164,8450,3686,7139,1774,2054,2241,4146,2744,7495,105596,61562,16481,1785,70729,2,1,19,8
2021-03-21T23:59:59+01:00,6,9,4032,5001,11564,17137,11106,16797,9833,21045,10248,18660,4652,5678,13388,19018,6374,13254,1296,1250,3638,5080,3133,5972,3141,8420,3667,7117,1756,2027,2076,3985,2572,7227,103723,60567,15182,1780,68877,2,1,19,8
2021-03-20T23:59:59+01:00,5,9,4002,4932,11421,16802,10981,16480,9690,20742,10072,18378,4527,5518,12759,18068,6238,13039,1295,1249,3638,5078,3130,5971,3138,8415,3662,7113,1752,2022,2045,3924,2549,7186,101532,60377,15178,1780,66933,2,1,19,8
2021-03-19T23:59:59+01:00,5,8,3958,4852,11254,16442,10800,16125,9516,20362,9860,18019,4368,5323,11737,16857,6077,12828,1286,1242,3620,5052,3101,5895,3094,8323,3560,6939,1627,1912,1971,3862,2437,6978,98838,59113,14770,1776,64764,2,1,18,8
2021-03-18T23:59:59+01:00,5,8,3872,4749,11008,16016,10532,15682,9239,19894,9637,17678,4224,5157,11114,15991,5849,12561,1282,1231,3603,5017,3081,5851,3072,8267,3532,6893,1608,1880,1932,3792,2314,6767,97040,58426,13763,1686,62394,2,1,18,8
2021-03-17T23:59:59+01:00,5,8,3701,4634,10713,15597,10267,15323,8997,19532,9386,17330,4106,4990,10300,14748,5587,12138,1281,1229,3589,4999,3075,5831,3062,8234,3514,6870,1607,1856,1908,3763,2204,6580,94395,57920,12221,1672,60727,2,1,18,8
2021-03-16T23:59:59+01:00,5,8,3560,4509,10374,15135,9993,14953,8722,19089,9090,16967,3963,4825,9484,13626,5306,11779,1267,1226,3585,4992,3064,5827,3056,8223,3507,6856,1583,1833,1869,3712,2084,6402,92065,57484,11032,1592,58273,2,1,17,8
2021-03-15T23:59:59+01:00,5,8,3412,4393,10060,14667,9703,14494,8426,18615,8802,16554,3817,4655,8777,12564,5082,11458,1257,1218,3565,4980,3052,5803,3036,8184,3487,6813,1568,1820,1852,3679,1969,6217,90105,56900,9669,1591,55702,2,0,16,8
2021-03-14T23:59:59+01:00,5,8,3342,4304,9794,14233,9448,14092,8108,18123,8522,16159,3654,4469,7976,11330,4774,11003,1243,1212,3544,4962,3031,5762,3014,8104,3459,6745,1542,1771,1791,3552,1804,5829,87796,56375,8651,981,52884,2,0,13,8
2021-03-13T23:59:59+01:00,5,8,3267,4057,9487,13569,9205,13519,7884,17554,8320,15731,3547,4368,7785,11038,4726,10915,1243,1212,3544,4962,3031,5762,3013,8104,3458,6743,1538,1770,1789,3548,1803,5828,87144,56358,8651,981,49177,2,0,13,8
2021-03-12T23:59:59+01:00,5,8,3206,3921,9242,13030,8968,12988,7651,16918,7964,14980,3384,4198,7402,10631,4589,10729,1240,1209,3540,4948,3028,5759,3006,8096,3454,6737,1511,1741,1768,3530,1704,5652,85376,55934,8405,980,46020,2,0,13,8
2021-03-11T23:59:59+01:00,5,8,3058,3653,8866,12271,8664,12312,7318,16135,7622,14337,3227,3996,6847,9912,4401,10417,1221,1199,3506,4904,2986,5682,2971,7972,3403,6639,1467,1688,1689,3330,1506,5140,82935,55190,7960,105,42142,1,0,12,8
2021-03-10T23:59:59+01:00,5,7,2993,3546,8367,11760,7988,11828,6997,15644,7324,13746,3067,3839,6287,9219,4230,10143,1210,1185,3476,4846,2955,5607,2935,7832,3349,6517,1429,1648,1631,3234,1390,4861,81119,54016,7409,82,38451,0,0,11,8
2021-03-09T23:59:59+01:00,5,6,2888,3370,7683,11309,7091,11342,6578,15032,6961,13139,2838,3539,5779,8589,4074,9867,1205,1181,3454,4800,2928,5542,2918,7781,3331,6471,1415,1624,1596,3192,1285,4663,78826,53333,6054,48,35199,0,0,11,6
2021-03-08T23:59:59+01:00,5,6,2715,3135,7041,10765,6277,10863,6176,14503,6567,12572,2629,3328,5176,7850,3928,9600,1198,1175,3433,4734,2903,5466,2879,7687,3299,6395,1408,1615,1593,3184,1280,4660,76003,52858,4915,46,32208,0,0,10,6
2021-03-07T23:59:59+01:00,5,6,2603,3003,6710,10264,5866,10322,5881,14053,6327,12186,2532,3237,4411,6788,3711,9318,1195,1172,3430,4729,2898,5454,2875,7670,3291,6382,1403,1602,1572,3144,1265,4619,72752,52652,4084,44,30378,0,0,9,6
2021-03-06T23:59:59+01:00,5,5,2558,2861,6526,9810,5667,9905,5405,13197,5953,11447,2511,3210,4405,6777,3710,9317,1195,1171,3427,4724,2896,5453,2874,7669,3290,6379,1401,1599,1572,3142,1264,4619,71526,52626,4084,44,27650,0,0,9,6
2021-03-05T23:59:59+01:00,5,5,2466,2606,6314,9225,5453,9508,5228,12630,5569,10469,2285,2747,4026,6395,3571,9103,1183,1168,3409,4708,2892,5440,2866,7651,3279,6360,1387,1592,1571,3138,1259,4615,69200,52470,3851,44,24545,0,0,9,5
2021-03-04T23:59:59+01:00,5,5,2390,2401,6099,8790,5290,9167,5047,12209,5394,10091,2193,2577,3474,5572,3406,8765,1171,1154,3366,4610,2859,5374,2834,7553,3246,6286,1367,1585,1557,3124,1251,4604,67155,51895,3412,44,22299,0,0,9,3
2021-03-03T23:59:59+01:00,4,5,2333,2350,5929,8376,5119,8807,4835,11757,5204,9646,2111,2469,3071,5134,3247,8471,1151,1146,3332,4562,2822,5309,2794,7454,3200,6212,1347,1560,1538,3093,1245,4587,65730,51309,3169,42,19960,0,0,9,2
2021-03-02T23:59:59+01:00,4,5,2279,2262,5767,8042,4962,8552,4673,11356,5044,9328,2045,2378,2766,4777,3030,8150,1146,1137,3314,4541,2807,5283,2777,7406,3192,6184,1342,1549,1520,3076,1242,4581,64382,51054,2909,42,18120,0,0,9,2
2021-03-01T23:59:59+01:00,4,5,2253,2235,5663,7826,4863,8407,4589,11204,4945,9154,1990,2301,2470,4455,2842,7834,1140,1134,3300,4523,2795,5254,2761,7360,3177,6156,1336,1546,1513,3067,1239,4577,63120,50835,2688,42,17223,0,0,9,2
2021-02-28T23:59:59+01:00,3,5,2201,2192,5485,7568,4687,8187,4454,11019,4838,9028,1953,2239,2175,4152,2639,7525,1131,1128,3285,4513,2788,5247,2755,7346,3170,6142,1331,1543,1506,3051,1238,4545,62014,50676,2385,42,15942,0,0,9,2
2021-02-27T23:59:59+01:00,3,5,2114,1883,5308,7143,4589,7875,4371,10670,4766,8778,1925,2178,2147,4107,2619,7471,1127,1125,3283,4512,2783,5245,2751,7343,3166,6139,1329,1543,1506,3050,1237,4545,61782,50644,2385,39,13776,0,0,9,2
2021-02-26T23:59:59+01:00,3,5,2057,1805,5162,6906,4443,7615,4220,10405,4557,8496,1796,2071,2086,4070,2512,7291,1106,1112,3266,4478,2771,5206,2738,7290,3144,6085,1323,1532,1502,3042,1236,4543,60458,50335,2379,38,12654,0,0,9,2
2021-02-25T23:59:59+01:00,3,5,1940,1706,4836,6504,4015,7155,3934,9891,4322,8115,1738,2013,2053,4008,2402,7097,1090,1097,3229,4435,2741,5154,2693,7183,3104,5992,1313,1516,1488,3003,1223,4484,59981,49708,2272,36,9475,0,0,9,2
2021-02-24T23:59:59+01:00,3,5,1911,1648,4719,6290,3910,6941,3812,9650,4198,7955,1716,1981,2021,3966,2290,6899,1077,1092,3202,4373,2705,5088,2668,7099,3075,5921,1297,1499,1463,2955,1211,4415,59438,49114,2026,25,8442,0,0,9,2
2021-02-23T23:59:59+01:00,3,5,1686,1501,4347,5802,3629,6547,3591,9271,4043,7670,1687,1950,1977,3919,2177,6716,1058,1081,3164,4345,2677,5031,2644,7023,3040,5862,1277,1479,1437,2920,1201,4365,58983,48592,1979,11,5550,0,0,9,2
2021-02-22T23:59:59+01:00,3,5,1677,1482,4297,5743,3593,6484,3527,9178,3982,7575,1655,1923,1951,3868,2060,6519,1054,1068,3143,4300,2657,4992,2619,6964,3011,5810,1265,1465,1428,2910,1193,4356,58442,48228,1837,6,5234,0,0,9,2
2021-02-21T23:59:59+01:00,3,5,1665,1478,4267,5710,3550,6446,3486,9123,3938,7525,1647,1916,1946,3859,1940,6357,1049,1057,3122,4262,2628,4942,2604,6896,2982,5723,1251,1449,1408,2850,1169,4279,58099,47664,1831,6,4922,0,0,9,2
2021-02-20T23:59:59+01:00,3,5,1664,1477,4262,5707,3548,6445,3486,9122,3937,7524,1642,1915,1944,3855,1939,6357,1049,1057,3120,4260,2628,4942,2603,6895,2982,5723,1251,1448,1407,2850,1169,4279,58085,47656,1831,6,4907,0,0,9,2
2021-02-19T23:59:59+01:00,3,5,1647,1470,4250,5687,3537,6431,3475,9112,3927,7509,1616,1886,1923,3836,1839,6178,1048,1056,3119,4259,2627,4941,2603,6893,2979,5721,1251,1447,1407,2849,1169,4279,57668,47641,1826,6,4830,0,0,7,2
2021-02-18T23:59:59+01:00,3,5,1603,1439,4154,5576,3466,6329,3387,8948,3842,7369,1594,1851,1889,3766,1709,5981,1002,1013,2980,4034,2502,4670,2492,6558,2873,5457,1220,1404,1376,2764,1143,4130,57023,45611,1736,6,4145,0,0,7,2
2021-02-17T23:59:59+01:00,3,4,1581,1410,4058,5426,3381,6178,3269,8712,3715,7168,1542,1783,1817,3665,1592,5676,945,963,2827,3812,2385,4358,2365,6148,2744,5145,1172,1344,1330,2657,1096,3968,55811,43251,1725,6,3437,0,0,7,2
2021-02-16T23:59:59+01:00,3,4,1507,1343,3897,5229,3244,5997,3161,8479,3593,7002,1519,1757,1782,3635,1479,5469,859,931,2696,3656,2286,4147,2239,5826,2613,4891,1116,1253,1185,2357,842,3356,55120,40248,1708,3,2267,0,0,5,2
2021-02-15T23:59:59+01:00,3,4,1492,1325,3852,5144,3186,5910,3104,8365,3526,6896,1508,1743,1767,3612,1471,5449,825,909,2615,3527,2210,3967,2156,5547,2525,4678,1073,1189,1099,2183,778,3141,54656,38420,1706,1,1990,0,0,5,1
2021-02-14T23:59:59+01:00,3,4,1426,1297,3767,5067,3143,5801,3048,8211,3482,6787,1488,1712,1714,3485,1416,5201,816,903,2566,3459,2171,3899,2103,5427,2459,4572,1047,1153,1015,2011,707,2907,54411,37213,1095,1,1541,0,0,5,1
2021-02-13T23:59:59+01:00,3,4,1424,1296,3759,5062,3136,5800,3045,8209,3479,6785,1487,1709,1714,3483,1414,5201,816,903,2566,3459,2171,3899,2102,5427,2458,4572,1045,1152,1015,2011,707,2907,54392,37210,1094,0,1519,0,0,5,0
2021-02-12T23:59:59+01:00,3,3,1391,1280,3721,5028,3114,5780,3023,8176,3460,6741,1471,1699,1704,3466,1405,5182,809,895,2533,3406,2137,3854,2072,5373,2440,4541,1044,1151,1014,2011,706,2905,54165,36891,1092,0,1385,0,0,5,0
2021-02-11T23:59:59+01:00,3,3,1344,1237,3608,4856,3023,5605,2925,7865,3360,6529,1411,1639,1637,3288,1321,4858,772,832,2279,2962,1911,3378,1842,4629,2169,4013,961,1082,928,1819,657,2636,53533,32870,128,0,848,0,0,3,0
2021-02-10T23:59:59+01:00,3,3,1323,1215,3549,4746,2957,5500,2883,7715,3307,6398,1394,1622,1610,3247,1308,4821,695,775,1987,2554,1701,2930,1603,4022,1912,3551,851,935,765,1448,529,2147,52884,28405,126,0,589,0,0,2,0
2021-02-09T23:59:59+01:00,3,2,1310,1197,3494,4677,2927,5431,2862,7619,3270,6330,1387,1609,1582,3226,1298,4808,647,697,1727,2199,1507,2541,1419,3523,1740,3187,820,901,743,1376,508,2034,52574,25569,121,0,335,0,0,2,0
2021-02-08T23:59:59+01:00,3,2,1296,1193,3465,4647,2907,5394,2841,7567,3251,6300,1377,1602,1573,3200,1296,4790,634,663,1576,1962,1366,2287,1285,3215,1580,2927,781,880,695,1270,476,1865,52275,23462,95,0,332,0,0,2,0
2021-02-07T23:59:59+01:00,3,2,1164,1150,3358,4591,2852,5352,2814,7528,3226,6263,1367,1586,1565,3178,1291,4758,487,517,1307,1606,1126,1836,1077,2624,1353,2406,675,754,613,1111,431,1650,51979,19573,67,0,0,0,0,2,0
2021-02-06T23:59:59+01:00,3,2,1160,1148,3356,4589,2848,5349,2807,7525,3222,6259,1365,1584,1564,3175,1290,4758,363,368,1107,1354,989,1532,933,2210,1187,1987,586,652,586,1094,428,1647,51935,17023,67,0,0,0,0,2,0
2021-02-05T23:59:59+01:00,3,1,1149,1138,3340,4568,2840,5322,2796,7480,3203,6213,1359,1576,1561,3168,1289,4758,261,206,923,1036,841,1160,758,1758,1009,1578,469,546,559,1074,425,1643,51695,14246,67,0,0,0,0,2,0
2021-02-04T23:59:59+01:00,3,1,1133,1121,3295,4520,2799,5247,2754,7348,3155,6129,1345,1561,1548,3136,1280,4731,133,81,618,662,550,738,516,1147,667,986,288,363,459,928,387,1492,51059,10015,45,0,0,0,0,2,0
2021-02-03T23:59:59+01:00,3,1,1111,1115,3268,4474,2770,5205,2732,7293,3124,6072,1335,1552,1525,3095,1274,4686,115,65,492,512,419,596,415,907,512,743,240,284,359,729,303,1163,50589,7854,44,0,0,0,0,2,0
2021-02-02T23:59:59+01:00,3,1,1090,1102,3229,4443,2740,5152,2706,7217,3090,6008,1312,1524,1491,3038,1248,4595,105,56,409,414,348,518,367,820,459,661,219,261,314,659,279,1044,49944,6933,43,0,0,0,0,2,0
2021-02-01T23:59:59+01:00,3,1,1074,1091,3208,4390,2709,5090,2675,7090,3060,5911,1292,1496,1467,3002,1232,4532,78,41,312,310,256,393,274,611,325,496,180,211,248,522,217,813,49278,5287,43,0,0,0,0,2,0
2021-01-31T23:59:59+01:00,3,1,1069,1081,3193,4361,2685,5046,2660,7035,3046,5867,1281,1479,1447,2938,1209,4454,68,40,287,286,231,346,253,570,295,457,161,193,208,426,176,657,48810,4654,43,0,0,0,0,2,0
2021-01-30T23:59:59+01:00,3,1,1069,1081,3190,4357,2684,5046,2659,7034,3046,5866,1281,1478,1446,2938,1209,4454,68,37,280,272,218,330,248,559,291,451,160,190,207,426,176,657,48800,4570,40,0,0,0,0,2,0
2021-01-29T23:59:59+01:00,3,1,1068,1080,3189,4354,2684,5044,2659,7032,3043,5864,1281,1478,1446,2937,1209,4454,64,33,262,258,195,310,232,542,280,443,155,188,203,420,175,655,48784,4415,40,0,0,0,0,2,0
2021-01-28T23:59:59+01:00,3,1,1048,1061,3122,4249,2630,4933,2602,6876,2976,5733,1267,1456,1433,2871,1187,4334,55,18,165,154,129,186,162,357,205,280,124,145,157,261,102,378,47743,2878,37,0,0,0,0,2,0
2021-01-27T23:59:59+01:00,3,1,1003,1023,3036,4105,2549,4754,2507,6594,2892,5532,1237,1414,1397,2782,1154,4194,26,7,100,71,58,91,83,209,115,147,94,113,113,193,77,270,46148,1767,27,0,0,0,0,2,0
2021-01-26T23:59:59+01:00,2,1,926,994,2920,3970,2470,4569,2425,6414,2821,5377,1211,1365,1306,2629,940,3795,26,7,95,70,57,90,81,209,113,146,92,112,113,193,77,270,44117,1751,16,0,0,0,0,2,0
2021-01-25T23:59:59+01:00,2,1,911,977,2841,3840,2424,4421,2364,6217,2762,5226,1193,1343,1292,2604,930,3762,26,7,94,70,55,90,81,209,113,144,92,112,113,193,77,270,43098,1746,11,0,0,0,0,1,0
2021-01-24T23:59:59+01:00,2,1,901,973,2821,3825,2414,4389,2338,6178,2729,5166,1181,1337,1283,2582,917,3728,26,7,94,70,55,90,81,209,113,144,91,112,113,193,77,270,42756,1745,8,0,0,0,0,1,0
2021-01-23T23:59:59+01:00,2,1,901,973,2821,3824,2414,4389,2338,6178,2728,5166,1179,1336,1283,2582,917,3728,26,7,94,70,55,90,81,209,113,144,91,112,113,193,77,269,42753,1744,7,0,0,0,0,0,0
2021-01-22T23:59:59+01:00,2,1,895,966,2789,3778,2380,4324,2307,6103,2707,5119,1178,1335,1282,2581,916,3725,26,7,94,70,55,90,81,209,113,144,91,112,113,193,77,269,42381,1744,7,0,0,0,0,0,0
2021-01-21T23:59:59+01:00,2,1,880,898,2531,3362,2179,3908,2127,5494,2483,4633,1126,1287,1238,2460,886,3573,22,7,83,64,51,73,68,169,93,133,81,97,96,143,65,208,39061,1453,7,0,0,0,0,0,0
2021-01-20T23:59:59+01:00,2,1,805,836,2219,2957,1972,3442,1895,4885,2227,4156,1014,1147,1080,2114,773,3110,22,7,83,64,51,72,68,169,93,133,81,97,96,143,64,208,34628,1451,7,0,0,0,0,0,0
2021-01-19T23:59:59+01:00,2,1,745,758,1929,2514,1729,2981,1660,4228,1984,3684,941,1052,960,1841,676,2761,11,3,50,45,32,44,35,100,44,77,36,37,46,75,39,133,30440,807,6,0,0,0,0,0,0
2021-01-18T23:59:59+01:00,2,1,675,702,1701,2116,1491,2504,1412,3543,1728,3178,860,967,861,1635,624,2491,5,2,19,11,13,20,17,54,17,33,19,22,25,53,28,75,26488,413,3,0,0,0,0,0,0
2021-01-17T23:59:59+01:00,1,1,495,542,1384,1713,1210,1970,1156,2807,1450,2555,721,815,714,1356,514,2123,0,1,3,2,0,0,0,0,0,0,0,0,0,0,0,0,21525,6,2,0,0,0,0,0,0
2021-01-16T23:59:59+01:00,1,0,372,395,1202,1466,1090,1683,1015,2407,1293,2148,634,717,686,1340,512,2122,0,0,0,0,0,0,0,0,0,0,0,0,0,0,0,0,19082,0,1,0,0,0,0,0,0
2021-01-15T23:59:59+01:00,1,0,266,232,1018,1163,942,1336,846,1959,1113,1747,517,607,648,1307,501,2082,0,0,0,0,0,0,0,0,0,0,0,0,0,0,0,0,16284,0,1,0,0,0,0,0,0
2021-01-14T23:59:59+01:00,0,0,151,102,702,775,650,865,610,1301,749,1129,331,420,539,1125,451,1858,0,0,0,0,0,0,0,0,0,0,0,0,0,0,0,0,11758,0,0,0,0,0,0,0,0
2021-01-13T23:59:59+01:00,0,0,127,81,591,606,526,697,493,1045,592,864,278,346,453,958,394,1590,0,0,0,0,0,0,0,0,0,0,0,0,0,0,0,0,9641,0,0,0,0,0,0,0,0
2021-01-12T23:59:59+01:00,0,0,116,65,510,519,448,595,430,919,521,761,244,297,369,766,328,1242,0,0,0,0,0,0,0,0,0,0,0,0,0,0,0,0,8130,0,0,0,0,0,0,0,0
2021-01-11T23:59:59+01:00,0,0,87,52,416,421,364,484,344,742,414,588,210,246,309,637,269,1045,0,0,0,0,0,0,0,0,0,0,0,0,0,0,0,0,6628,0,0,0,0,0,0,0,0
2021-01-10T23:59:59+01:00,0,0,73,45,352,348,298,403,288,645,344,521,185,218,249,505,212,815,0,0,0,0,0,0,0,0,0,0,0,0,0,0,0,0,5501,0,0,0,0,0,0,0,0
2021-01-09T23:59:59+01:00,0,0,73,43,337,328,274,381,280,629,336,514,184,217,248,503,212,815,0,0,0,0,0,0,0,0,0,0,0,0,0,0,0,0,5374,0,0,0,0,0,0,0,0
2021-01-08T23:59:59+01:00,0,0,69,37,303,296,228,340,253,588,309,475,167,199,223,445,192,717,0,0,0,0,0,0,0,0,0,0,0,0,0,0,0,0,4841,0,0,0,0,0,0,0,0
2021-01-07T23:59:59+01:00,0,0,58,25,213,198,159,241,194,421,238,339,138,160,169,288,121,446,0,0,0,0,0,0,0,0,0,0,0,0,0,0,0,0,3408,0,0,0,0,0,0,0,0
2021-01-06T23:59:59+01:00,0,0,47,16,163,120,113,160,144,294,175,239,108,128,128,222,82,313,0,0,0,0,0,0,0,0,0,0,0,0,0,0,0,0,2452,0,0,0,0,0,0,0,0
2021-01-05T23:59:59+01:00,0,0,29,8,97,72,58,93,86,212,114,149,98,118,119,204,81,291,0,0,0,0,0,0,0,0,0,0,0,0,0,0,0,0,1829,0,0,0,0,0,0,0,0
2021-01-04T23:59:59+01:00,0,0,27,8,97,71,55,91,86,212,114,147,98,117,119,204,81,291,0,0,0,0,0,0,0,0,0,0,0,0,0,0,0,0,1818,0,0,0,0,0,0,0,0
2021-01-03T23:59:59+01:00,0,0,27,8,97,71,55,91,86,212,114,147,97,117,119,204,81,291,0,0,0,0,0,0,0,0,0,0,0,0,0,0,0,0,1817,0,0,0,0,0,0,0,0
2021-01-02T23:59:59+01:00,0,0,27,8,97,71,55,91,86,212,113,147,97,117,119,204,81,290,0,0,0,0,0,0,0,0,0,0,0,0,0,0,0,0,1815,0,0,0,0,0,0,0,0
2021-01-01T23:59:59+01:00,0,0,27,8,97,71,55,91,86,212,113,146,97,117,119,204,81,290,0,0,0,0,0,0,0,0,0,0,0,0,0,0,0,0,1814,0,0,0,0,0,0,0,0
2020-12-31T23:59:59+01:00,0,0,27,8,97,71,55,91,86,212,112,146,97,117,119,204,81,290,0,0,0,0,0,0,0,0,0,0,0,0,0,0,0,0,1813,0,0,0,0,0,0,0,0
2020-12-30T23:59:59+01:00,0,0,27,8,97,71,54,91,86,212,112,146,97,117,119,204,80,290,0,0,0,0,0,0,0,0,0,0,0,0,0,0,0,0,1811,0,0,0,0,0,0,0,0
2020-12-29T23:59:59+01:00,0,0,15,2,65,53,32,61,50,138,64,89,47,51,66,119,51,195,0,0,0,0,0,0,0,0,0,0,0,0,0,0,0,0,1098,0,0,0,0,0,0,0,0
2020-12-28T23:59:59+01:00,0,0,5,2,36,26,19,30,21,67,25,41,20,22,26,47,28,74,0,0,0,0,0,0,0,0,0,0,0,0,0,0,0,0,489,0,0,0,0,0,0,0,0
2020-12-27T23:59:59+01:00,0,0,0,0,7,5,7,2,1,5,0,2,0,1,2,2,4,6,0,0,0,0,0,0,0,0,0,0,0,0,0,0,0,0,44,0,0,0,0,0,0,0,0
