Datum,<15_1_m,<15_1_w,15-24_1_m,15-24_1_w,25-34_1_m,25-34_1_w,35-44_1_m,35-44_1_w,45-54_1_m,45-54_1_w,55-64_1_m,55-64_1_w,65-74_1_m,65-74_1_w,75-84_1_m,75-84_1_w,>84_1_m,>84_1_w,<15_2_m,<15_2_w,15-24_2_m,15-24_2_w,25-34_2_m,25-34_2_w,35-44_2_m,35-44_2_w,45-54_2_m,45-54_2_w,55-64_2_m,55-64_2_w,65-74_2_m,65-74_2_w,75-84_2_m,75-84_2_w,>84_2_m,>84_2_w,bp_1,bp_2,mo_1,mo_2,az_1,az_2,ja,unb_1,unb_2
2021-10-26T23:59:59+02:00,12085,11472,70800,70596,112234,108972,101551,100858,97377,102690,95745,97493,57106,70795,44649,61975,11079,22515,9695,9438,64339,64478,105618,102006,96117,94789,92861,97683,92138,93773,55403,68684,43482,60137,10603,21346,854998,805859,137455,132138,158744,145721,98650,222,222
2021-10-25T23:59:59+02:00,12050,11458,70699,70520,112128,108896,101470,100802,97300,102634,95714,97467,57103,70790,44648,61971,11078,22515,9682,9425,64264,64416,105556,101962,96082,94759,92824,97657,92117,93760,55397,68680,43481,60136,10603,21344,854381,805534,137418,132115,158743,145718,98556,222,222
2021-10-24T23:59:59+02:00,11978,11396,70522,70350,111866,108720,101296,100640,97151,102508,95634,97389,57078,70753,44638,61960,11077,22512,9621,9370,64081,64242,105363,101805,95940,94636,92722,97555,92062,93702,55368,68646,43476,60114,10601,21341,852919,804366,137353,132031,158742,145717,98309,222,222
2021-10-23T23:59:59+02:00,11952,11369,70422,70269,111740,108622,101199,100560,97091,102459,95588,97365,57066,70740,44637,61959,11077,22512,9586,9331,64003,64157,105270,101745,95877,94582,92667,97503,92030,93674,55351,68635,43475,60111,10600,21341,852241,803829,137307,131979,158741,145715,98193,222,222
2021-10-22T23:59:59+02:00,11878,11327,70264,70139,111522,108469,101042,100443,96979,102361,95529,97312,57055,70723,44634,61950,11077,22510,9498,9246,63837,63982,105095,101603,95750,94467,92571,97418,91977,93621,55338,68623,43472,60098,10599,21339,851116,802732,137245,131906,158741,145708,97966,222,222
2021-10-21T23:59:59+02:00,11751,11203,70081,69988,111351,108292,100877,100282,96832,102249,95444,97249,57032,70689,44623,61931,11073,22501,9405,9131,63625,63771,104911,101395,95602,94275,92452,97308,91905,93550,55314,68588,43464,60074,10597,21332,849592,801186,137183,131801,158737,145700,97790,222,222
2021-10-20T23:59:59+02:00,11710,11158,69966,69867,111207,108159,100767,100199,96744,102169,95386,97194,57002,70653,44608,61912,11068,22485,9285,9037,63439,63595,104793,101245,95491,94138,92358,97203,91835,93499,55287,68534,43439,60041,10581,21304,848557,799762,137133,131742,158736,145696,97682,222,222
2021-10-19T23:59:59+02:00,11609,11066,69828,69738,111087,108038,100684,100122,96680,102113,95332,97142,56978,70617,44598,61892,11064,22470,9191,8944,63227,63398,104635,101089,95379,94016,92280,97107,91784,93442,55255,68492,43422,60000,10571,21289,847520,798380,137083,131656,158734,145689,97575,222,221
2021-10-18T23:59:59+02:00,11560,11029,69711,69652,110963,107941,100596,100046,96627,102061,95285,97096,56951,70576,44573,61856,11055,22453,9147,8900,63088,63256,104518,100929,95284,93903,92215,97027,91726,93388,55231,68462,43409,59974,10567,21286,846715,797331,136955,131588,158731,145686,97484,222,221
2021-10-17T23:59:59+02:00,11517,10988,69566,69526,110847,107832,100498,99973,96581,102007,95248,97045,56928,70554,44567,61841,11053,22448,9093,8848,62859,63006,104363,100785,95160,93770,92119,96944,91671,93327,55208,68431,43400,59956,10563,21280,845853,796009,136908,131492,158730,145679,97382,222,221
2021-10-16T23:59:59+02:00,11498,10967,69511,69478,110793,107788,100474,99946,96549,101980,95231,97036,56927,70551,44566,61839,11051,22448,9064,8816,62767,62920,104297,100730,95111,93710,92087,96913,91649,93309,55203,68425,43398,59953,10563,21279,845527,795521,136899,131443,158730,145678,97331,222,221
2021-10-15T23:59:59+02:00,11445,10928,69401,69398,110682,107698,100407,99873,96493,101928,95204,97004,56920,70549,44565,61832,11050,22448,9015,8740,62631,62738,104186,100620,95021,93611,92009,96834,91601,93271,55195,68403,43392,59942,10563,21277,844845,794550,136875,131372,158729,145676,97230,222,221
2021-10-14T23:59:59+02:00,11342,10833,69227,69220,110552,107558,100294,99781,96403,101849,95153,96949,56899,70513,44553,61807,11046,22443,8890,8604,62340,62459,104042,100416,94880,93414,91893,96703,91528,93194,55158,68353,43375,59915,10559,21269,843614,792717,136802,131252,158727,145670,97132,222,221
2021-10-13T23:59:59+02:00,11246,10768,69092,69112,110448,107460,100210,99692,96327,101770,95104,96894,56865,70473,44538,61777,11041,22427,8852,8569,62181,62315,103915,100282,94775,93272,91808,96617,91470,93125,55120,68310,43355,59885,10550,21259,842637,791606,136741,131178,158725,145661,96994,222,221
2021-10-12T23:59:59+02:00,11106,10661,68914,68980,110355,107348,100117,99601,96269,101712,95064,96848,56850,70441,44529,61761,11037,22420,8790,8521,62024,62157,103787,100154,94661,93151,91720,96548,91411,93069,55069,68276,43343,59863,10546,21248,841584,790465,136679,131117,158722,145656,96881,221,219
2021-10-11T23:59:59+02:00,11035,10599,68776,68867,110245,107246,100032,99523,96210,101637,95009,96808,56822,70415,44510,61741,11032,22407,8752,8488,61857,61993,103660,100030,94566,93055,91648,96462,91362,93022,55033,68233,43328,59837,10537,21240,840649,789419,136613,131033,158719,145646,96786,221,219
2021-10-10T23:59:59+02:00,10963,10548,68620,68761,110113,107109,99942,99434,96145,101561,94966,96771,56804,70395,44504,61727,11024,22402,8717,8454,61673,61846,103503,99872,94462,92924,91560,96357,91285,92981,55008,68209,43319,59824,10534,21230,839726,788292,136564,130974,158715,145636,96637,221,219
2021-10-09T23:59:59+02:00,10938,10530,68535,68704,110051,107064,99903,99396,96109,101529,94951,96757,56798,70389,44503,61726,11024,22402,8682,8413,61587,61772,103422,99795,94406,92869,91519,96312,91264,92960,55002,68198,43314,59816,10533,21229,839350,787762,136535,130916,158713,145632,96564,221,219
2021-10-08T23:59:59+02:00,10865,10476,68395,68611,109920,106962,99832,99304,96044,101483,94904,96710,56786,70373,44500,61723,11024,22401,8621,8326,61420,61591,103292,99647,94292,92754,91436,96219,91216,92920,54986,68185,43308,59807,10531,21228,838531,786672,136488,130829,158712,145625,96434,221,219
2021-10-07T23:59:59+02:00,10787,10400,68198,68439,109756,106796,99700,99164,95958,101367,94832,96644,56764,70336,44486,61702,11020,22390,8492,8203,61143,61344,103099,99430,94145,92538,91328,96085,91142,92848,54954,68136,43293,59775,10524,21219,837189,784880,136418,130708,158710,145617,96274,221,219
2021-10-06T23:59:59+02:00,10720,10344,68032,68303,109633,106664,99611,99059,95878,101308,94787,96593,56723,70294,44473,61681,11017,22376,8449,8154,60965,61175,102965,99285,94034,92422,91254,95988,91066,92774,54923,68095,43279,59748,10519,21202,836161,783708,136356,130644,158709,145606,96120,221,219
2021-10-05T23:59:59+02:00,10615,10255,67863,68168,109493,106526,99502,98933,95816,101232,94742,96539,56705,70267,44464,61645,11012,22363,8415,8112,60771,61005,102818,99102,93920,92272,91157,95903,91005,92702,54896,68052,43265,59731,10517,21189,835023,782459,136285,130579,158708,145601,95974,221,219
2021-10-04T23:59:59+02:00,10578,10225,67702,68004,109340,106384,99415,98829,95728,101149,94691,96482,56671,70221,44450,61616,11010,22341,8383,8079,60623,60824,102683,98969,93791,92153,91068,95811,90945,92653,54861,68010,43241,59697,10511,21169,833997,781368,136213,130522,158706,145591,95771,220,219
2021-10-03T23:59:59+02:00,10513,10171,67503,67837,109176,106232,99302,98726,95642,101053,94627,96428,56640,70188,44442,61591,11009,22338,8322,8043,60429,60671,102497,98794,93653,91993,90972,95700,90871,92596,54825,67966,43224,59672,10508,21161,832879,780116,136145,130437,158702,145582,95543,220,219
2021-10-02T23:59:59+02:00,10488,10145,67402,67744,109091,106167,99239,98665,95592,101004,94606,96407,56629,70170,44442,61590,11008,22336,8282,8009,60311,60557,102425,98718,93586,91927,90926,95653,90845,92574,54818,67949,43223,59668,10507,21161,832351,779528,136083,130388,158700,145562,95442,220,219
2021-10-01T23:59:59+02:00,10403,10044,67251,67584,108913,106027,99122,98557,95514,100937,94553,96368,56612,70152,44440,61578,11006,22334,8170,7903,60117,60334,102257,98565,93457,91786,90821,95546,90784,92517,54801,67920,43220,59659,10506,21158,831310,778261,136023,130303,158698,145523,95215,220,219
2021-09-30T23:59:59+02:00,10326,9975,67031,67367,108706,105790,98947,98365,95380,100796,94461,96269,56577,70106,44423,61547,11002,22320,8061,7782,59867,60074,102058,98358,93272,91576,90683,95399,90696,92425,54774,67871,43205,59626,10496,21144,829717,776593,135933,130186,158692,145475,94894,220,219
2021-09-29T23:59:59+02:00,10248,9919,66839,67181,108515,105596,98799,98206,95258,100689,94379,96198,56537,70051,44406,61512,10997,22301,8004,7723,59695,59907,101876,98181,93137,91413,90573,95293,90625,92344,54741,67823,43186,59580,10493,21129,828340,775370,135868,130110,158688,145441,94583,220,219
2021-09-28T23:59:59+02:00,10163,9843,66656,66980,108317,105437,98655,98051,95149,100579,94295,96120,56496,70012,44394,61474,10990,22274,7956,7676,59509,59729,101689,98026,93005,91279,90451,95166,90546,92275,54710,67786,43169,59552,10484,21114,826978,774209,135806,130024,158686,145407,94263,220,219
2021-09-27T23:59:59+02:00,10034,9711,66419,66735,108110,105267,98523,97903,95063,100471,94219,96049,56469,69965,44381,61443,10985,22263,7918,7622,59309,59545,101509,97891,92868,91144,90349,95054,90476,92200,54673,67731,43147,59525,10476,21103,825594,773160,135728,129944,158685,145366,93851,220,219
2021-09-26T23:59:59+02:00,9913,9619,66183,66508,107883,105078,98357,97759,94947,100349,94135,95968,56432,69933,44367,61420,10980,22250,7865,7576,59073,59351,101307,97711,92723,90981,90243,94936,90403,92124,54644,67703,43133,59497,10471,21088,824178,772031,135650,129850,158679,145307,93422,220,219
2021-09-25T23:59:59+02:00,9875,9578,66068,66384,107780,104988,98283,97700,94890,100298,94104,95940,56428,69925,44365,61417,10979,22250,7825,7537,58963,59233,101206,97617,92642,90910,90203,94870,90366,92103,54633,67692,43129,59493,10471,21088,823629,771483,135590,129798,158679,145279,93202,220,219
2021-09-24T23:59:59+02:00,9814,9517,65911,66205,107613,104821,98137,97554,94771,100195,94035,95886,56413,69908,44357,61403,10979,22248,7727,7427,58749,59007,101026,97426,92516,90763,90094,94763,90282,92037,54612,67670,43126,59488,10470,21085,822617,770302,135520,129732,158679,145217,92798,220,219
2021-09-23T23:59:59+02:00,9722,9395,65596,65878,107355,104573,97945,97327,94612,100031,93933,95776,56368,69849,44333,61374,10973,22219,7611,7308,58458,58729,100785,97198,92329,90554,89961,94613,90187,91933,54563,67621,43104,59460,10469,21062,820846,768772,135401,129622,158673,145147,92185,220,219
2021-09-22T23:59:59+02:00,9651,9315,65262,65561,107152,104363,97749,97125,94457,99896,93806,95679,56321,69780,44299,61330,10962,22197,7555,7267,58280,58552,100606,97034,92152,90418,89845,94495,90080,91857,54529,67577,43076,59429,10463,21047,819109,767752,135291,129545,158668,145064,91682,220,219
2021-09-21T23:59:59+02:00,9564,9230,65039,65317,106945,104183,97576,96967,94342,99788,93726,95609,56271,69729,44281,61287,10955,22185,7517,7231,58091,58373,100415,96880,92012,90287,89757,94406,89991,91783,54490,67520,43055,59390,10454,21029,817664,766712,135210,129449,158665,145001,91300,220,219
2021-09-20T23:59:59+02:00,9504,9173,64757,65015,106752,104001,97416,96800,94237,99691,93661,95533,56231,69686,44261,61244,10950,22174,7460,7177,57901,58224,100236,96737,91860,90135,89616,94307,89912,91712,54444,67483,43029,59354,10448,21013,816255,765725,135133,129368,158660,144854,90882,220,219
2021-09-19T23:59:59+02:00,9454,9129,64480,64845,106525,103809,97267,96632,94099,99590,93558,95458,56203,69632,44251,61219,10948,22162,7422,7135,57660,58031,99995,96564,91675,89969,89433,94135,89795,91630,54407,67422,43011,59320,10447,21000,814939,764530,135052,129253,158657,144592,90457,220,219
2021-09-18T23:59:59+02:00,9422,9084,64386,64745,106406,103713,97157,96546,94031,99520,93524,95430,56195,69623,44247,61214,10946,22161,7383,7095,57540,57911,99891,96466,91553,89889,89362,94072,89759,91600,54397,67417,43004,59317,10445,20996,814369,763903,134963,129188,158655,144580,90207,220,219
2021-09-17T23:59:59+02:00,9343,8997,64193,64586,106231,103557,96989,96393,93902,99423,93452,95354,56179,69596,44236,61208,10940,22155,7292,6997,57337,57677,99706,96305,91401,89771,89246,93966,89682,91539,54382,67390,42996,59310,10445,20993,813275,762784,134874,129091,158651,144563,89778,220,219
2021-09-16T23:59:59+02:00,9253,8890,63921,64293,105957,103302,96758,96157,93714,99245,93350,95264,56128,69542,44223,61181,10933,22141,7201,6886,57088,57408,99442,96077,91208,89562,89070,93806,89581,91452,54336,67340,42974,59289,10440,20981,811492,761294,134787,128955,158640,144499,89176,220,217
2021-09-15T23:59:59+02:00,9183,8834,63573,64002,105759,103089,96551,95964,93578,99086,93248,95180,56091,69485,44188,61150,10928,22114,7153,6837,56915,57252,99248,95913,91039,89406,88965,93693,89478,91390,54304,67292,42949,59256,10436,20965,809753,760251,134734,128838,158636,144463,88722,220,217
2021-09-14T23:59:59+02:00,9141,8783,63283,63797,105526,102875,96354,95785,93445,98946,93132,95094,56045,69428,44163,61112,10923,22098,7111,6801,56713,57072,99073,95727,90871,89243,88832,93583,89396,91318,54267,67252,42927,59229,10431,20950,808226,759216,134664,128746,158628,144364,88254,220,216
2021-09-13T23:59:59+02:00,9105,8749,62992,63533,105300,102647,96184,95617,93301,98811,93045,94997,55994,69374,44146,61079,10916,22086,7079,6764,56506,56890,98878,95537,90717,89086,88701,93477,89310,91244,54230,67207,42907,59200,10428,20933,806729,758129,134576,128632,158618,144322,87795,220,216
2021-09-12T23:59:59+02:00,9052,8701,62687,63291,105056,102401,95974,95389,93139,98682,92949,94918,55944,69324,44129,61048,10912,22075,7041,6734,56307,56730,98635,95329,90550,88918,88566,93361,89213,91169,54187,67150,42885,59172,10424,20916,805210,757105,134478,128505,158614,144250,87211,220,216
2021-09-11T23:59:59+02:00,9005,8668,62566,63159,104914,102281,95871,95279,93054,98604,92910,94886,55929,69310,44124,61036,10912,22074,6988,6708,56160,56641,98487,95223,90452,88819,88468,93295,89176,91143,54177,67131,42881,59162,10424,20915,804525,756510,134420,128428,158614,144231,86865,220,216
2021-09-10T23:59:59+02:00,8911,8557,62330,62898,104716,102069,95699,95090,92913,98479,92816,94814,55895,69281,44110,61018,10912,22072,6908,6630,55919,56435,98289,95037,90269,88636,88336,93166,89092,91072,54155,67110,42868,59143,10424,20911,803148,755352,134357,128311,158612,144216,86305,220,216
2021-09-09T23:59:59+02:00,8813,8459,62021,62625,104441,101754,95466,94801,92737,98254,92681,94698,55856,69216,44089,60989,10902,22051,6805,6527,55670,56213,98037,94788,90046,88404,88175,93011,88951,90987,54112,67061,42847,59114,10418,20905,801193,753946,134253,128125,158608,144143,85641,220,216
2021-09-08T23:59:59+02:00,8753,8409,61805,62397,104227,101521,95276,94583,92573,98086,92567,94568,55821,69149,44055,60949,10889,22027,6774,6497,55512,56059,97853,94584,89887,88209,88018,92867,88832,90882,54074,66999,42811,59072,10407,20871,799730,752939,134148,127977,158599,144056,85020,220,216
2021-09-07T23:59:59+02:00,8702,8356,61568,62184,104002,101288,95092,94393,92432,97946,92465,94491,55787,69100,44026,60893,10879,22005,6728,6461,55317,55896,97636,94388,89702,88044,87890,92759,88734,90792,54032,66953,42786,59040,10402,20854,798251,751859,134044,127850,158595,143928,84561,220,216
2021-09-06T23:59:59+02:00,8661,8314,61365,62010,103801,101116,94953,94235,92315,97818,92377,94417,55730,69043,44004,60866,10872,21972,6686,6424,55147,55728,97438,94225,89535,87887,87762,92633,88635,90712,53980,66904,42765,58995,10392,20830,797023,750755,133954,127715,158585,143843,84149,220,216
2021-09-05T23:59:59+02:00,8600,8264,61155,61809,103638,100929,94798,94065,92192,97706,92300,94349,55703,69002,43994,60845,10867,21965,6633,6368,54943,55526,97244,94025,89347,87726,87622,92506,88551,90626,53931,66854,42748,58972,10387,20814,795842,749588,133873,127545,158582,143748,83726,220,216
2021-09-04T23:59:59+02:00,8549,8234,61037,61699,103552,100830,94697,93980,92135,97638,92265,94324,55694,68991,43988,60835,10867,21964,6605,6324,54817,55412,97126,93899,89231,87627,87553,92425,88502,90592,53916,66843,42742,58961,10387,20813,795248,748937,133825,127422,158578,143730,83470,220,216
2021-09-03T23:59:59+02:00,8471,8161,60848,61517,103383,100677,94550,93836,92031,97524,92193,94272,55666,68964,43980,60820,10865,21957,6538,6259,54611,55230,96925,93682,89039,87432,87407,92252,88409,90513,53884,66809,42731,58942,10383,20810,794151,747687,133772,127195,158570,143694,83064,220,216
2021-09-02T23:59:59+02:00,8353,8070,60597,61272,103132,100437,94354,93616,91846,97365,92076,94174,55620,68907,43957,60785,10861,21935,6441,6177,54345,54972,96631,93405,88794,87159,87186,92046,88266,90398,53839,66727,42700,58891,10373,20773,792512,746030,133663,126838,158559,143575,82464,220,216
2021-09-01T23:59:59+02:00,8289,7988,60388,61061,102936,100267,94206,93465,91730,97241,91970,94100,55576,68857,43939,60761,10853,21917,6384,6114,54090,54753,96404,93184,88599,86945,87008,91879,88126,90288,53774,66638,42662,58847,10363,20752,791268,744580,133590,126578,158543,143456,81984,220,212
2021-08-31T23:59:59+02:00,8209,7913,60184,60817,102737,100084,94028,93308,91607,97126,91847,94018,55531,68806,43913,60721,10844,21901,6323,6044,53837,54495,96135,92935,88382,86711,86851,91719,87965,90183,53730,66565,42636,58792,10356,20733,789915,743086,133510,126269,158531,143346,81479,220,212
2021-08-30T23:59:59+02:00,8113,7837,59981,60633,102565,99941,93911,93178,91490,97022,91780,93939,55498,68778,43897,60687,10839,21885,6251,5979,53586,54302,95895,92702,88172,86483,86673,91576,87839,90059,53673,66487,42595,58728,10339,20704,788810,741651,133453,125956,158524,143199,81027,220,210
2021-08-29T23:59:59+02:00,8036,7759,59704,60393,102325,99743,93726,93004,91351,96905,91691,93849,55453,68729,43873,60657,10837,21876,6143,5868,53234,53992,95575,92413,87881,86224,86438,91380,87686,89932,53604,66412,42565,58688,10333,20687,787450,739742,133363,125620,158509,143054,80429,220,210
2021-08-28T23:59:59+02:00,7980,7692,59567,60282,102219,99635,93623,92921,91266,96830,91646,93819,55439,68716,43865,60653,10836,21874,6104,5801,53056,53844,95413,92281,87747,86113,86327,91292,87617,89889,53587,66391,42556,58681,10331,20686,786831,738920,133324,125515,158505,143028,80043,220,210
2021-08-27T23:59:59+02:00,7914,7607,59380,60090,102049,99468,93482,92794,91155,96724,91560,93762,55417,68687,43856,60636,10835,21871,6025,5730,52809,53598,95117,92007,87526,85907,86154,91137,87510,89790,53544,66355,42541,58655,10326,20683,785845,737346,133262,125314,158468,142992,79552,220,210
2021-08-26T23:59:59+02:00,7829,7508,59143,59843,101823,99250,93264,92570,90976,96543,91453,93664,55368,68625,43823,60609,10829,21859,5952,5663,52473,53315,94749,91657,87191,85597,85913,90879,87352,89658,53480,66266,42495,58612,10319,20671,784375,735433,133164,124906,158445,142860,78835,220,208
2021-08-25T23:59:59+02:00,7757,7418,58915,59646,101653,99107,93113,92388,90856,96420,91344,93585,55330,68573,43789,60565,10824,21836,5880,5603,52172,53063,94446,91402,86966,85353,85716,90691,87219,89532,53413,66181,42447,58544,10313,20640,783162,733707,133082,124594,158435,142792,78281,219,207
2021-08-24T23:59:59+02:00,7707,7366,58695,59426,101467,98934,92947,92226,90745,96293,91259,93514,55292,68519,43762,60522,10818,21811,5835,5536,51850,52800,94096,91115,86665,85103,85506,90501,87068,89372,53328,66087,42399,58478,10305,20618,782024,731889,132990,124292,158428,142572,77702,219,207
2021-08-23T23:59:59+02:00,7651,7314,58492,59220,101302,98778,92817,92066,90653,96208,91183,93429,55254,68476,43733,60496,10814,21793,5772,5474,51527,52533,93757,90835,86417,84826,85311,90331,86933,89246,53250,65994,42364,58427,10298,20600,780883,729988,132919,124003,158418,142398,77300,219,206
2021-08-22T23:59:59+02:00,7581,7258,58297,59038,101099,98620,92659,91930,90558,96092,91104,93362,55218,68430,43719,60472,10808,21779,5691,5391,51155,52179,93354,90432,86110,84519,85074,90102,86764,89122,53171,65888,42332,58366,10290,20579,779859,727662,132817,123690,158406,142182,76783,219,202
2021-08-21T23:59:59+02:00,7527,7220,58163,58915,100965,98514,92554,91826,90459,96031,91047,93327,55198,68408,43711,60455,10806,21776,5499,5203,50822,51878,93187,90284,85941,84361,84927,89978,86678,89059,53140,65864,42322,58350,10289,20573,779182,726136,132742,123462,158405,142141,76414,219,202
2021-08-20T23:59:59+02:00,7475,7168,58008,58743,100793,98362,92403,91692,90344,95907,90971,93265,55176,68383,43701,60438,10804,21771,5373,5101,50490,51539,92923,90017,85678,84127,84712,89774,86545,88948,53109,65823,42299,58326,10282,20566,778227,724171,132692,123256,158399,142076,75927,219,202
2021-08-19T23:59:59+02:00,7408,7108,57760,58507,100518,98134,92195,91500,90184,95741,90843,93162,55133,68324,43676,60407,10797,21757,5256,4976,50046,51101,92493,89616,85269,83725,84401,89458,86331,88765,53038,65715,42260,58264,10272,20548,776861,721470,132559,122809,158391,141870,75184,219,201
2021-08-18T23:59:59+02:00,7344,7053,57579,58346,100334,97954,92050,91337,90045,95620,90742,93067,55066,68260,43647,60362,10787,21737,5161,4877,49695,50734,92115,89290,84948,83393,84123,89208,86141,88592,52924,65600,42189,58172,10257,20518,775708,719076,132470,122420,158384,141630,74610,218,201
2021-08-17T23:59:59+02:00,7282,7002,57390,58189,100142,97780,91884,91188,89923,95489,90646,92975,55027,68213,43623,60334,10785,21722,5042,4745,49202,50312,91665,88868,84545,83038,83794,88914,85934,88389,52821,65475,42131,58095,10251,20494,774596,716060,132366,122010,158371,141340,74104,217,201
2021-08-16T23:59:59+02:00,7223,6936,57208,58012,99939,97606,91736,91027,89781,95371,90531,92878,54975,68151,43594,60283,10778,21708,4832,4561,48635,49737,91187,88420,84076,82640,83459,88620,85703,88183,52717,65360,42073,58017,10242,20457,773427,712525,132274,121566,158364,141112,73515,217,201
2021-08-15T23:59:59+02:00,7157,6888,56987,57823,99754,97422,91578,90886,89655,95265,90442,92818,54937,68110,43574,60254,10774,21701,4434,4162,47511,48599,90543,87729,83519,82096,83064,88232,85416,87976,52609,65238,42029,57958,10233,20438,772341,706709,132163,120937,158356,140932,73008,217,200
2021-08-14T23:59:59+02:00,7125,6855,56866,57735,99613,97322,91474,90810,89568,95196,90391,92773,54922,68094,43569,60247,10773,21700,4405,4139,47357,48455,90310,87555,83305,81888,82940,88131,85346,87932,52581,65207,42020,57947,10232,20436,771817,705891,132107,120613,158351,140881,72601,217,200
2021-08-13T23:59:59+02:00,7078,6810,56710,57605,99455,97194,91346,90672,89462,95081,90310,92709,54892,68043,43555,60223,10771,21693,4345,4078,47052,48137,89833,87150,82905,81511,82676,87898,85175,87791,52538,65139,41998,57922,10229,20424,770981,703663,132048,120056,158344,140801,72081,215,200
2021-08-12T23:59:59+02:00,7043,6760,56506,57443,99241,97017,91172,90506,89317,94939,90215,92629,54854,67990,43529,60189,10763,21676,4293,4015,46637,47746,89185,86573,82325,80960,82296,87570,84947,87612,52464,65037,41945,57863,10219,20406,769917,700687,131944,119214,158331,140551,71442,215,199
2021-08-11T23:59:59+02:00,7007,6705,56319,57271,99034,96834,91012,90364,89184,94823,90104,92526,54802,67930,43498,60150,10754,21661,4219,3966,46221,47286,88557,85920,81743,80449,81958,87263,84676,87369,52375,64895,41873,57738,10200,20357,768783,697505,131846,118258,158308,140215,70889,212,198
2021-08-10T23:59:59+02:00,6946,6657,56134,57105,98812,96685,90855,90214,89055,94710,90020,92449,54757,67883,43482,60110,10750,21648,4155,3901,45784,46816,87910,85290,81134,79906,81547,86883,84431,87152,52254,64786,41813,57655,10186,20326,767719,694159,131751,117313,158289,139898,70361,212,198
2021-08-09T23:59:59+02:00,6894,6598,55961,56942,98617,96531,90700,90076,88914,94612,89909,92385,54718,67834,43457,60075,10743,21633,4086,3823,45217,46261,87073,84613,80444,79317,81132,86533,84138,86928,52141,64654,41757,57554,10172,20284,766691,690335,131678,116248,158279,139550,69799,212,195
2021-08-08T23:59:59+02:00,6823,6529,55734,56751,98405,96342,90521,89911,88777,94489,89814,92309,54663,67787,43431,60041,10736,21612,4030,3762,44611,45645,86000,83672,79536,78504,80586,86055,83806,86627,52007,64500,41693,57464,10159,20257,765467,685192,131566,115064,158259,139234,69230,212,194
2021-08-07T23:59:59+02:00,6779,6478,55589,56627,98265,96226,90392,89808,88682,94431,89751,92269,54644,67760,43428,60031,10733,21607,3569,3386,43770,44763,85662,83334,79059,78064,80225,85701,83624,86482,51944,64416,41672,57428,10154,20248,764794,681471,131504,113914,158255,139129,68794,212,193
2021-08-06T23:59:59+02:00,6723,6429,55397,56475,98033,96041,90239,89678,88557,94314,89653,92198,54604,67732,43419,60004,10730,21603,3188,2987,42848,43872,85191,82863,78470,77508,79834,85315,83433,86335,51892,64351,41646,57396,10146,20235,763829,677497,131404,112633,158248,138993,68195,212,192
2021-08-05T23:59:59+02:00,6655,6357,55075,56229,97733,95770,89977,89456,88344,94122,89482,92062,54539,67642,43390,59952,10721,21585,2672,2538,41606,42702,84457,82179,77690,76706,79237,84750,83075,86032,51762,64191,41586,57293,10131,20203,762168,671919,131276,110994,158236,138448,67258,212,191
2021-08-04T23:59:59+02:00,6574,6307,54835,56042,97480,95557,89792,89289,88202,93982,89364,91964,54486,67591,43352,59905,10717,21575,2600,2478,41130,42208,83230,81128,76346,75561,78747,84294,82754,85784,51620,64053,41529,57206,10115,20177,760875,666712,131167,109482,158222,137978,66597,212,191
2021-08-03T23:59:59+02:00,6508,6241,54577,55847,97244,95365,89614,89124,88059,93836,89217,91843,54408,67510,43315,59847,10709,21567,2545,2436,40691,41781,81980,79988,74921,74371,78138,83724,82207,85291,51406,63848,41428,57050,10102,20141,759494,660877,131062,107781,158197,137274,65925,212,191
2021-08-02T23:59:59+02:00,6446,6178,54338,55645,96982,95142,89390,88948,87887,93696,89073,91730,54325,67437,43282,59794,10706,21547,2494,2372,40211,41294,80657,78876,73369,73162,77510,83158,81663,84806,51236,63644,41353,56929,10085,20107,758058,654799,130912,106020,158175,136669,65249,211,189
2021-08-01T23:59:59+02:00,6380,6093,54070,55380,96714,94872,89152,88772,87684,93551,88909,91620,54256,67351,43245,59742,10699,21540,2418,2320,39691,40801,79364,77794,71955,72057,76616,82405,81077,84340,51046,63405,41265,56824,10074,20083,756447,648613,130717,104116,158150,136055,64565,208,186
2021-07-31T23:59:59+02:00,6344,6055,53948,55286,96593,94777,89051,88705,87593,93480,88864,91584,54244,67341,43239,59738,10699,21539,1894,1869,38731,39780,78918,77349,71418,71502,76231,82078,80961,84244,51027,63372,41249,56812,10074,20080,755965,643933,130547,103240,158147,135960,64270,208,186
2021-07-30T23:59:59+02:00,6289,6020,53770,55144,96434,94600,88893,88556,87461,93365,88781,91514,54207,67310,43226,59720,10697,21537,1427,1418,37724,38724,78212,76696,70663,70764,75716,81550,80560,83919,50950,63283,41215,56752,10068,20068,755065,637738,130231,102101,158143,135750,63935,207,185
2021-07-29T23:59:59+02:00,6238,5961,53534,54960,96172,94372,88681,88347,87290,93190,88641,91387,54147,67246,43202,59681,10689,21516,940,950,36475,37488,77154,75824,69612,69812,74908,80786,80022,83489,50818,63118,41148,56656,10051,20041,753817,629958,129749,100543,158127,135194,63412,206,185
2021-07-28T23:59:59+02:00,6201,5908,53333,54790,95965,94165,88530,88166,87174,93050,88529,91289,54089,67171,43168,59633,10679,21486,899,900,35861,36884,75982,74843,68335,68713,74146,80072,79531,83031,50677,62917,41078,56553,10035,20000,752638,623613,129301,99129,158110,134404,63128,206,183
2021-07-27T23:59:59+02:00,6152,5867,53099,54568,95704,93955,88348,87982,87016,92897,88405,91191,54036,67095,43126,59570,10665,21438,838,844,35207,36128,74523,73593,66882,67495,73281,79227,78987,82512,50502,62704,40998,56432,10010,19958,751226,616307,128870,97678,158087,133172,62782,206,182
2021-07-26T23:59:59+02:00,6095,5814,52879,54360,95458,93767,88149,87815,86853,92760,88275,91090,53975,67015,43097,59514,10658,21416,783,786,34439,35297,73006,72257,65509,66257,72232,78235,78395,81981,50329,62489,40920,56284,9988,19913,749879,608229,128446,96144,158070,132098,62447,205,182
2021-07-25T23:59:59+02:00,6057,5770,52671,54157,95206,93537,87972,87621,86695,92629,88167,90992,53924,66952,43069,59470,10648,21381,672,677,33733,34534,71661,71049,64391,65242,71229,77321,77916,81526,50211,62303,40855,56197,9982,19878,748472,601244,128171,94577,158049,131296,62078,205,182
2021-07-24T23:59:59+02:00,5970,5712,52396,53859,94897,93221,87725,87413,86519,92472,88067,90911,53895,66918,43057,59447,10648,21375,623,626,33228,34042,70797,70352,63720,64685,70352,76619,77711,81375,50156,62260,40833,56172,9982,19876,746590,596820,128118,93642,158048,131168,61597,205,182
2021-07-23T23:59:59+02:00,5917,5656,52122,53584,94496,92933,87426,87198,86338,92295,87927,90817,53861,66870,43049,59429,10645,21369,570,581,32708,33393,69731,69494,62939,64018,69449,75769,77308,81047,50081,62162,40801,56133,9975,19862,744534,591197,128044,92484,158042,130995,61163,205,182
2021-07-22T23:59:59+02:00,5847,5592,51703,53182,94017,92487,87040,86864,86028,91996,87717,90631,53776,66776,43020,59369,10637,21343,496,518,31999,32670,68414,68500,61888,63137,67831,74410,76654,80536,49929,61955,40709,56017,9954,19822,741485,584739,127809,89727,158017,130226,60566,204,181
2021-07-21T23:59:59+02:00,5795,5539,51331,52797,93580,92070,86733,86562,85771,91751,87543,90443,53691,66691,42961,59302,10626,21315,446,460,31384,32019,67082,67457,60800,62243,65787,72718,75749,79791,49638,61646,40548,55829,9930,19765,738671,578444,127569,85408,157987,129134,60125,204,181
2021-07-20T23:59:59+02:00,5737,5475,50940,52402,93115,91603,86367,86236,85503,91496,87320,90246,53599,66556,42912,59243,10619,21289,399,416,30725,31370,65617,66266,59666,61280,64609,71658,75137,79235,49432,61414,40442,55671,9906,19704,735699,571395,127348,83732,157931,128108,59531,204,181
2021-07-19T23:59:59+02:00,5660,5401,50468,51943,92645,91124,85994,85901,85255,91283,87113,90067,53506,66436,42876,59163,10601,21254,355,363,30181,30786,64451,65207,58747,60419,63455,70622,74538,78720,49258,61218,40350,55525,9878,19660,732423,565604,127117,81925,157896,126918,59105,204,181
2021-07-18T23:59:59+02:00,5591,5331,49641,51127,91565,90068,85262,85286,84772,90850,86819,89775,53400,66287,42813,59067,10591,21223,319,319,29626,30199,63262,64131,57822,59499,62276,69595,73987,78220,49110,61055,40292,55441,9866,19631,725946,559754,126785,79898,157879,126108,58710,203,180
2021-07-17T23:59:59+02:00,5417,5144,49288,50793,91422,89932,85067,85126,84615,90712,86712,89692,53380,66260,42802,59055,10590,21220,267,264,29238,29818,62614,63535,57266,59077,61524,68859,73681,77979,49000,60937,40253,55383,9856,19620,724764,556736,126609,78930,157874,125494,57831,203,180
2021-07-16T23:59:59+02:00,5316,5053,48965,50502,91156,89708,84821,84929,84415,90528,86573,89585,53338,66228,42784,59041,10587,21215,232,229,28741,29316,61674,62625,56419,58389,60470,67821,73179,77558,48839,60749,40207,55314,9851,19611,723386,551776,126439,77608,157865,124754,56906,202,180
2021-07-15T23:59:59+02:00,5180,4919,48491,50090,90756,89326,84460,84549,84110,90249,86351,89416,53257,66137,42729,58971,10578,21188,189,196,28012,28686,60355,61556,55292,57403,59058,66507,72445,76971,48608,60487,40118,55184,9836,19556,720908,545946,126018,75413,157830,123081,55839,201,180
2021-07-14T23:59:59+02:00,5074,4804,48136,49715,90449,89034,84173,84235,83861,90010,86151,89258,53167,66030,42671,58882,10561,21157,170,173,27480,28121,59257,60561,54321,56557,58179,65656,71836,76383,48340,60209,40012,55010,9813,19512,718740,540515,125659,74493,157784,121378,55024,200,180
2021-07-13T23:59:59+02:00,4962,4687,47732,49330,90051,88680,83868,83928,83593,89749,85945,89089,53057,65925,42616,58817,10555,21136,154,163,26817,27444,57887,59374,53130,55565,57189,64742,71110,75743,48062,59885,39882,54832,9781,19460,716374,534166,125286,73379,157728,119325,54171,199,179
2021-07-12T23:59:59+02:00,4791,4517,47180,48813,89655,88336,83472,83606,83345,89488,85755,88928,52977,65830,42568,58754,10543,21121,145,155,26187,26786,56384,58022,51844,54506,55965,63596,70365,75124,47688,59456,39706,54609,9740,19395,713650,526876,124918,72357,157665,116976,53285,199,179
2021-07-11T23:59:59+02:00,4396,4143,46229,47886,89223,87901,83058,83218,83035,89200,85557,88780,52890,65739,42543,58698,10532,21104,133,147,25583,26217,55005,56760,50548,53460,54923,62563,69769,74572,47341,59076,39581,54434,9715,19353,709678,520247,124449,71348,157625,115185,52222,196,178
2021-07-10T23:59:59+02:00,4383,4130,45899,47542,88767,87420,82725,82907,82930,89100,85491,88723,52869,65716,42534,58684,10531,21100,130,139,25095,25679,53913,55815,49685,52876,54323,61994,69553,74386,46971,58657,39481,54329,9710,19342,709007,515917,123980,71263,157448,113862,50858,195,178
2021-07-09T23:59:59+02:00,4364,4118,45481,47099,88147,86855,82348,82563,82678,88913,85377,88631,52833,65687,42527,58671,10527,21091,124,124,24391,24901,52591,54583,48743,51996,53543,61143,69131,73981,46612,58247,39393,54239,9703,19330,707587,509739,123394,70857,157285,112514,49487,194,178
2021-07-08T23:59:59+02:00,4334,4091,44929,46598,87286,86144,81817,82048,82424,88670,85182,88477,52766,65620,42495,58625,10516,21075,116,107,23402,23960,50649,53005,47357,50843,52402,60014,68439,73345,46090,57687,39257,54075,9675,19261,705459,501982,122502,69584,156996,109970,47971,193,177
2021-07-07T23:59:59+02:00,4311,4064,44344,46004,86445,85383,81264,81565,82138,88372,84973,88313,52687,65519,42452,58561,10508,21055,104,92,22511,23043,48701,51322,45838,49704,51161,58829,67738,72810,45353,56944,39062,53837,9642,19203,702938,493794,121502,68473,156738,106860,46592,190,175
2021-07-06T23:59:59+02:00,4278,4043,43799,45480,85579,84645,80650,80973,81768,88041,84797,88137,52598,65437,42414,58499,10499,21030,94,82,21672,22174,46696,49538,44452,48452,49880,57491,66990,72091,44522,56169,38876,53598,9624,19148,700285,484817,120480,67390,156438,103889,45278,188,175
2021-07-05T23:59:59+02:00,4256,4007,42637,44493,84060,83543,79921,80352,81309,87618,84522,87872,52483,65301,42363,58420,10485,21002,83,70,20479,21107,44734,47933,43430,47488,48852,56528,66293,71472,43758,55307,38701,53373,9599,19109,696959,478821,119420,66517,156073,100796,42007,187,175
2021-07-04T23:59:59+02:00,4229,3984,41274,43275,82408,82224,79193,79746,80835,87196,84249,87669,52391,65176,42320,58369,10472,20973,80,63,19125,19901,42932,46406,42730,46742,48040,55674,65708,70902,43015,54457,38538,53182,9579,19062,693832,474150,118266,65580,155650,98182,38050,187,174
2021-07-03T23:59:59+02:00,3762,3567,39700,41727,81542,81567,78708,79256,80389,86718,84030,87497,52323,65075,42302,58317,10469,20967,76,62,18314,19211,42012,45711,42312,46367,47634,55274,65542,70736,42425,53728,38475,53083,9572,19052,690080,472210,116953,65481,155566,96589,35132,187,174
2021-07-02T23:59:59+02:00,3204,2996,38144,40226,80809,80836,78036,78549,79870,86215,83789,87293,52272,64989,42274,58270,10457,20954,67,54,17544,18480,40853,44743,41577,45668,46801,54491,65020,70285,41472,52522,38345,52895,9556,19033,685032,467126,115548,65013,155415,94091,33004,186,172
2021-07-01T23:59:59+02:00,2557,2449,36423,38556,79825,79966,77196,77716,79163,85576,83474,87016,52148,64832,42211,58168,10439,20925,56,42,16661,17551,39304,43502,40361,44607,45497,53358,64277,69706,40581,51384,38196,52686,9539,19001,678687,460694,113818,63359,155191,91324,30760,186,172
2021-06-30T23:59:59+02:00,2515,2419,35411,37538,77982,78463,75496,76223,78517,85028,83188,86723,52015,64672,42151,58071,10427,20898,47,32,15627,16571,37624,42281,39162,43501,44340,52296,63521,69076,40035,50697,38078,52487,9517,18965,672818,454551,112081,62021,154977,89437,27677,186,171
2021-06-29T23:59:59+02:00,2480,2387,34571,36637,76382,76967,73884,74811,77721,84312,82642,86232,51832,64453,42075,57940,10409,20862,34,23,14791,15665,36308,41131,38250,42677,43120,51243,62803,68491,39323,49760,37942,52267,9494,18921,666457,449356,110203,60188,154708,87484,25045,186,170
2021-06-28T23:59:59+02:00,2439,2353,33744,35824,74768,75549,72203,73417,76700,83525,82038,85735,51657,64225,41998,57834,10396,20829,25,18,14039,14902,35247,40108,37429,41947,41991,50243,62152,67943,38450,48675,37775,52045,9475,18875,659980,444503,108246,58672,154112,85283,22712,186,169
2021-06-27T23:59:59+02:00,2424,2338,33006,35077,73205,74177,70796,72208,75302,82401,81360,85178,51460,64008,41933,57716,10386,20800,20,18,13402,14266,34287,39346,36773,41346,41055,49392,61609,67500,37584,47642,37623,51866,9460,18844,653766,440589,106309,57903,153159,83017,20357,185,167
2021-06-26T23:59:59+02:00,1787,1728,31963,33970,72845,73858,70330,71743,75010,82090,81267,85100,51440,63982,41919,57706,10385,20797,20,17,13208,14057,33622,38802,36126,40925,40532,49057,60617,66490,36588,46504,37455,51653,9446,18811,648968,434598,105369,57849,153155,81071,20246,183,166
2021-06-25T23:59:59+02:00,1169,1130,30839,32792,72349,73323,69719,71048,74584,81643,80891,84777,51378,63894,41885,57663,10380,20783,17,16,12874,13666,32771,38008,35257,40105,39585,48216,59402,65255,36072,45804,37264,51353,9423,18770,642630,426173,104175,57400,153148,80008,20112,183,165
2021-06-24T23:59:59+02:00,566,570,29495,31465,71569,72562,68845,70162,73911,81008,80444,84413,51271,63765,41833,57593,10369,20749,14,13,12206,12956,31595,36703,34037,38840,38454,47104,57764,63880,35593,45286,37107,51163,9404,18710,634793,416805,102687,55844,153036,78123,19893,182,164
2021-06-23T23:59:59+02:00,539,537,28991,30909,70455,71579,67573,69022,73161,80321,79993,84008,51159,63591,41773,57497,10353,20717,12,12,11711,12422,30596,35462,33102,37618,37429,46218,55817,62158,35038,44720,36940,50937,9383,18645,628549,407011,101114,54779,152930,76863,19404,182,163
2021-06-22T23:59:59+02:00,516,520,28470,30309,69282,70544,66367,67996,72483,79617,79581,83638,51051,63465,41725,57413,10344,20691,10,11,11363,12005,29683,34532,32148,36726,36471,45316,53840,60314,34653,44244,36803,50695,9354,18587,622202,398458,99651,53209,152796,75745,19182,182,161
2021-06-21T23:59:59+02:00,484,486,27801,29627,67962,69361,65178,66866,71724,78836,79187,83246,50944,63355,41666,57324,10330,20650,9,11,11069,11687,29058,33948,31596,36157,35863,44725,51991,58657,33941,43442,36505,50270,9324,18511,615369,390867,98148,52012,152673,75068,18657,181,160
2021-06-20T23:59:59+02:00,399,405,27165,28957,66733,68220,64158,65931,70919,78095,78833,82908,50867,63228,41617,57257,10325,20617,5,10,10781,11419,28510,33444,31140,35667,35350,44201,50143,56859,33399,42760,36308,49935,9294,18451,608969,383436,96685,51261,152573,74596,18227,181,156
2021-06-19T23:59:59+02:00,367,371,26778,28578,66000,67646,63630,65425,70119,77440,78682,82784,50846,63203,41601,57241,10324,20617,5,9,10646,11220,28256,33123,30885,35343,35126,43938,48697,55463,33140,42412,36224,49796,9286,18423,604997,378023,95740,51249,152573,74402,18162,181,156
2021-06-18T23:59:59+02:00,339,337,26318,28104,64984,66908,62893,64814,69198,76602,78292,82452,50783,63128,41574,57205,10320,20609,5,9,10430,10976,27856,32701,30553,34930,34734,43539,46957,53784,32786,41897,36087,49585,9267,18389,599570,371148,94499,50960,152567,74178,18044,181,155
2021-06-17T23:59:59+02:00,310,306,25673,27492,63712,65909,61890,64007,67609,75191,77765,82048,50682,62974,41511,57124,10307,20582,5,9,10013,10613,27067,32003,29812,34250,33897,42839,45445,52287,32339,41264,35923,49329,9236,18339,593462,363698,91838,49817,152405,73793,17208,180,154
2021-06-16T23:59:59+02:00,275,267,25139,26896,62409,64774,60785,63035,65341,73266,76921,81392,50468,62766,41420,57012,10288,20549,5,7,9689,10349,26417,31328,29108,33628,33168,42202,44849,51720,32068,40900,35777,49129,9215,18298,587190,359991,87327,49110,151986,72279,16323,178,154
2021-06-15T23:59:59+02:00,236,236,24486,26189,61000,63550,59704,62053,64186,72181,76414,80973,50346,62617,41369,56916,10281,20519,5,7,9419,10066,25815,30590,28472,32874,32487,41478,43287,50085,31616,40343,35605,48896,9185,18233,580025,353249,85701,48216,151533,71024,15820,178,154
2021-06-14T23:59:59+02:00,213,204,24010,25589,59890,62497,58828,61207,63109,71176,75941,80584,50258,62495,41319,56844,10266,20494,4,7,9125,9764,25065,29697,27709,32038,31698,40662,41997,48740,31246,39845,35468,48673,9155,18182,574148,347091,83984,47196,151327,69347,15288,178,153
2021-06-13T23:59:59+02:00,208,189,23591,25119,58949,61590,58054,60420,62001,70207,75477,80162,50168,62380,41268,56784,10254,20464,4,7,8840,9459,24356,28854,26998,31200,30937,39806,40436,47151,30780,39233,35265,48367,9125,18092,569125,340020,82128,46412,151101,67572,14754,178,152
2021-06-12T23:59:59+02:00,195,171,23333,24838,58390,61081,57693,60141,61359,69568,75276,80050,50143,62349,41256,56770,10251,20460,4,7,8720,9339,23880,28273,26476,30626,30408,39244,39335,46176,30611,39054,35170,48202,9121,18081,566170,335765,81174,46409,151093,65691,14710,178,152
2021-06-11T23:59:59+02:00,176,156,22964,24399,57638,60267,57016,59510,60452,68635,74930,79745,50068,62274,41230,56734,10249,20454,4,6,8580,9145,23363,27599,25943,29969,29824,38608,38255,45164,30343,38697,35027,47980,9108,18054,561125,330904,79882,46148,151079,63831,14635,177,151
2021-06-10T23:59:59+02:00,161,139,22421,23818,56496,59330,56088,58690,59189,67462,74391,79346,49996,62166,41206,56684,10234,20425,4,6,8315,8890,22490,26656,24979,29030,28701,37670,36864,43996,29986,38216,34747,47546,9041,17978,555535,323985,77673,45440,150841,61524,14017,177,149
2021-06-09T23:59:59+02:00,141,124,21787,23233,55232,58227,55012,57778,58239,66553,73929,78954,49908,62066,41154,56622,10220,20394,4,5,8019,8628,21559,25793,24050,28147,27665,36720,35143,42203,29596,37716,34560,47276,8999,17887,549735,316537,76220,44708,150488,59622,12955,176,148
2021-06-08T23:59:59+02:00,119,106,21109,22521,53918,57097,53894,56796,57286,65697,73383,78519,49819,61942,41099,56530,10202,20364,3,4,7752,8383,20659,24902,22995,27284,26630,35758,33779,40897,29239,37210,34239,46818,8948,17803,543046,310226,75290,43936,150048,57154,11841,176,146
2021-06-07T23:59:59+02:00,102,89,20456,21887,52479,55837,52634,55816,56129,64710,72831,78115,49734,61836,41053,56467,10189,20336,2,3,7496,8157,19818,24080,21973,26475,25597,34887,32844,40115,28957,36817,33988,46391,8897,17710,535751,305599,74389,43118,149641,54601,10743,176,146
2021-06-06T23:59:59+02:00,95,84,19944,21353,51333,54728,51526,54836,55162,63758,72320,77711,49647,61758,41017,56404,10181,20320,2,3,7284,7961,19037,23184,21072,25600,24526,33903,31927,39296,28667,36475,33733,46001,8846,17636,529413,301039,73367,42376,149306,51679,9916,175,143
2021-06-05T23:59:59+02:00,89,76,19674,21044,50550,53971,50873,54333,54688,63282,72189,77599,49635,61745,41013,56401,10178,20320,2,3,7053,7548,18394,22115,20346,24488,23650,32649,30889,37976,28333,36009,33609,45825,8839,17616,525062,294732,73361,42337,149226,48296,9836,175,143
2021-06-04T23:59:59+02:00,79,70,19221,20458,49486,52956,50053,53465,54033,62494,71846,77272,49608,61707,40993,56386,10176,20315,2,2,6830,7231,17768,21267,19657,23492,22710,31369,29665,36632,28044,35643,33495,45649,8827,17595,518572,288257,73033,42268,149209,45581,9630,174,142
2021-06-03T23:59:59+02:00,69,59,18540,19763,47966,51651,48835,52335,53060,61469,71342,76812,49541,61604,40955,56338,10163,20290,2,2,6538,6832,17031,20221,18856,22341,21702,29939,28496,35146,27502,34860,33289,45322,8790,17520,510797,281510,72020,41512,148935,42360,8868,172,139
2021-06-02T23:59:59+02:00,64,55,18159,19250,46942,50660,47950,51569,52309,60706,71092,76599,49502,61570,40936,56310,10155,20276,1,2,6347,6596,16390,19529,17929,21580,20853,28987,27401,33739,27036,34254,33128,45071,8761,17450,504503,275225,72002,41498,148915,39684,8514,170,133
2021-06-01T23:59:59+02:00,53,49,17480,18510,45073,48926,46292,50108,50791,59242,70414,76001,49410,61459,40877,56238,10143,20228,1,1,6067,6279,15227,18629,16415,20615,19636,27732,26169,32341,26479,33556,32877,44719,8715,17348,495394,268711,70636,40926,148367,36309,6731,166,129
2021-05-31T23:59:59+02:00,51,45,16997,18016,43762,47781,45072,48997,49550,58118,69730,75490,49327,61356,40831,56171,10131,20190,1,1,5788,5950,14180,17797,15001,19691,18454,26616,24941,30997,25960,32835,32682,44419,8681,17248,489143,262403,69472,40383,147897,33390,4938,165,128
2021-05-30T23:59:59+02:00,45,44,16667,17619,42790,46839,44164,48094,48544,57120,69172,74944,49222,61201,40759,56056,10115,20147,1,1,5597,5704,13633,17093,14371,18991,17552,25642,23839,29823,25189,31884,32383,44001,8636,17159,483188,256429,68441,39580,147488,31106,4261,164,123
2021-05-29T23:59:59+02:00,45,43,16534,17494,42424,46522,43819,47830,48304,56927,69114,74891,49216,61195,40752,56052,10115,20146,1,1,5433,5459,13122,16288,13727,18143,16706,24474,22723,28522,25030,31651,32319,43906,8633,17152,481209,250818,68318,39580,147481,28518,4252,163,122
2021-05-28T23:59:59+02:00,44,41,16230,17188,41720,45895,43307,47264,47793,56393,68837,74596,49151,61112,40725,56002,10112,20141,1,1,5190,5075,12587,15375,13047,17279,15842,23238,21620,27082,24779,31282,32224,43773,8623,17136,476909,244763,67811,39476,147455,25585,4213,163,117
2021-05-27T23:59:59+02:00,41,38,15704,16644,40566,44904,42289,46367,46803,55501,68258,74159,49029,60952,40671,55931,10101,20101,1,1,4952,4730,11940,14557,12264,16345,14770,22042,20362,25569,24277,30543,32052,43512,8589,17052,471023,237407,66293,38670,146737,23523,3845,161,113
2021-05-26T23:59:59+02:00,39,37,15292,16206,39471,43984,41249,45490,45773,54623,67652,73646,48877,60771,40587,55765,10079,20053,1,1,4759,4530,11387,13798,11544,15498,13758,20910,18962,23974,23692,29755,31835,43166,8535,16950,465872,230135,64270,37798,145747,21465,3544,161,113
2021-05-25T23:59:59+02:00,39,36,14885,15794,38466,43095,40281,44637,44821,53702,67033,73116,48694,60531,40508,55631,10053,20000,1,1,4543,4322,10846,13157,10779,14727,12686,19668,17527,22466,23103,28973,31598,42839,8478,16855,460536,222750,62690,36854,144636,19556,3299,161,110
2021-05-24T23:59:59+02:00,39,35,14539,15469,37630,42361,39413,43963,43960,52914,66503,72630,48571,60354,40445,55507,10033,19955,1,1,4399,4194,10400,12691,10144,14148,11795,18833,16240,21201,22427,28140,31381,42506,8419,16765,455923,215830,61456,35912,143889,18940,2893,160,110
2021-05-23T23:59:59+02:00,35,35,14371,15292,37163,41986,38962,43559,43510,52507,66233,72403,48488,60262,40406,55460,10026,19931,1,1,4209,4054,9934,12216,9524,13543,10850,18017,15042,20137,21954,27568,31128,42217,8368,16679,452723,208824,61074,35830,143867,17874,2805,160,109
2021-05-22T23:59:59+02:00,33,33,14174,15076,36472,41421,38274,43107,42935,52095,65214,71385,48282,60003,40334,55346,10016,19910,1,1,4098,3757,9720,11799,9371,13217,10608,17571,14772,19735,21860,27451,31094,42175,8361,16670,446253,207595,61070,35827,143853,15956,2774,160,109
2021-05-21T23:59:59+02:00,32,32,13789,14667,35405,40511,37211,42185,41868,51193,63856,70095,48053,59667,40254,55198,9999,19877,1,1,3988,3658,9514,11534,9156,12950,10272,17242,14355,19363,21639,27165,31032,42085,8352,16662,436649,205633,60710,35521,143618,14953,2757,158,105
2021-05-20T23:59:59+02:00,29,32,12982,13927,33965,39054,35792,40785,40461,49994,62561,68945,47760,59327,40108,55016,9978,19827,1,1,3837,3483,8989,10928,8506,12238,9572,16391,13599,18397,20820,26043,30837,41787,8313,16575,426406,201260,59010,34676,142598,11904,2373,156,104
2021-05-19T23:59:59+02:00,29,31,12437,13353,32788,37639,34693,39408,39332,49033,60553,67169,47277,58769,39922,54752,9935,19721,1,1,3732,3346,8711,10552,8210,11864,9133,15883,12959,17734,19954,24912,30610,41483,8256,16460,415541,197008,57491,33862,141486,10662,2169,154,100
2021-05-18T23:59:59+02:00,27,31,12014,12895,31753,36629,33613,38496,38290,48099,58485,65296,46921,58322,39767,54511,9903,19661,1,1,3531,3179,8214,9956,7739,11320,8584,15212,12278,16963,19010,23676,30373,41141,8218,16354,406859,192894,55540,33021,140293,7865,1870,151,100
2021-05-17T23:59:59+02:00,25,30,11760,12610,31234,36072,33118,37936,37697,47462,56583,63586,46217,57498,39489,54112,9866,19587,1,1,3444,3068,7947,9680,7441,11022,8180,14797,11705,16356,18087,22543,30138,40820,8183,16278,399263,188507,54410,32275,139482,7235,1578,149,96
2021-05-16T23:59:59+02:00,25,30,11542,12354,30709,35568,32655,37444,37175,46889,54683,61755,45668,56799,39295,53793,9838,19531,1,1,3346,2966,7657,9385,7117,10680,7706,14331,11122,15768,17157,21390,29928,40530,8144,16209,392285,184214,53442,31423,138818,6646,1061,147,94
2021-05-15T23:59:59+02:00,25,30,11382,12148,30431,35234,32418,37124,36947,46625,53114,60272,45418,56494,39218,53654,9832,19503,1,1,3324,2946,7632,9356,7102,10659,7687,14315,11103,15745,17046,21174,29718,40220,8136,16199,386468,183212,53438,31422,138772,6593,1044,147,93
2021-05-14T23:59:59+02:00,25,30,11134,11859,29958,34729,32038,36661,36428,46148,51233,58433,45055,55992,39078,53448,9816,19463,1,1,3296,2924,7561,9285,7044,10585,7623,14252,10920,15544,16308,20103,29432,39731,8119,16159,378643,180264,53107,31083,138638,6454,994,146,93
2021-05-13T23:59:59+02:00,22,29,10844,11523,29306,34077,31433,36056,35750,45476,49758,56916,44623,55363,38906,53201,9789,19416,1,1,3216,2874,7429,9180,6954,10490,7520,14141,10588,15195,15244,18858,29043,39089,8076,16084,371496,176434,52091,30520,137883,6065,874,144,90
2021-05-12T23:59:59+02:00,21,27,10710,11377,29018,33757,31161,35762,35436,45161,49474,56604,44528,55256,38854,53123,9782,19377,1,0,3202,2847,7396,9144,6922,10454,7489,14100,10416,15037,14863,18421,28737,38603,8054,16037,368804,174352,52004,30509,137725,6020,752,143,90
2021-05-11T23:59:59+02:00,20,24,10353,11046,28159,32936,30338,35005,34573,44374,47733,54827,44071,54656,38680,52835,9744,19274,1,0,3113,2749,7153,8864,6696,10150,7272,13731,9938,14492,13872,17272,28320,37985,8016,15943,361858,170660,50294,29611,135828,4680,526,142,90
2021-05-10T23:59:59+02:00,19,24,10042,10758,27411,32231,29563,34310,33804,43603,46424,53552,43687,54147,38492,52532,9694,19160,1,0,3070,2702,7024,8739,6599,10029,7127,13552,9669,14188,13167,16404,27890,37371,7991,15863,355591,167822,49176,29228,134133,3837,413,140,86
2021-05-09T23:59:59+02:00,18,24,9802,10504,26723,31544,28904,33617,33079,42906,44884,52068,43187,53524,38292,52228,9657,19074,1,0,3020,2654,6896,8597,6494,9889,7012,13338,9357,13876,12368,15504,27523,36830,7971,15807,348477,164954,48103,28677,132994,3095,325,136,86
2021-05-08T23:59:59+02:00,18,24,9709,10431,26340,31242,28449,33298,32611,42597,43829,51238,43034,53361,38253,52167,9654,19068,1,0,3016,2650,6886,8592,6489,9881,7004,13326,9347,13863,12331,15441,26842,35879,7934,15731,343899,163079,48063,28650,132906,3079,319,136,86
2021-05-07T23:59:59+02:00,17,24,9567,10281,25866,30858,27990,32918,32105,42244,42780,50409,42762,53018,38143,52010,9642,19041,1,0,2952,2623,6825,8548,6431,9826,6952,13273,9172,13641,11698,14630,25893,34488,7886,15649,338739,158956,47755,28280,132749,2866,300,132,86
2021-05-06T23:59:59+02:00,15,23,9161,9986,24947,30089,26926,32115,30876,41415,41164,49191,42378,52465,37948,51767,9604,18967,1,0,2880,2576,6694,8401,6313,9696,6803,13085,8899,13336,11044,13761,24923,33102,7851,15587,330869,155144,46676,27321,131081,2117,284,127,86
2021-05-05T23:59:59+02:00,15,22,8787,9783,24064,29489,26071,31462,29790,40627,39183,47370,41930,51916,37740,51483,9547,18854,1,0,2836,2543,6574,8271,6212,9581,6702,12939,8652,13076,10328,12926,23905,31775,7821,15515,323015,151230,45824,26431,128965,1710,202,127,84
2021-05-04T23:59:59+02:00,15,21,8544,9543,23281,28842,25095,30722,28718,39788,37657,45903,41456,51329,37463,51137,9496,18731,1,0,2793,2520,6502,8198,6127,9511,6625,12852,8415,12854,9593,12061,22955,30525,7787,15452,316335,147465,44853,25626,126328,1498,99,126,83
2021-05-03T23:59:59+02:00,15,20,8333,9329,22583,28260,24260,30120,27807,39089,36697,45151,41108,50858,37246,50845,9444,18629,1,0,2744,2486,6431,8120,6046,9443,6535,12769,8187,12638,8834,11159,22034,29304,7756,15401,311460,143691,44077,24801,124075,1255,60,122,81
2021-05-02T23:59:59+02:00,15,20,8167,9165,21948,27682,23526,29529,26989,38470,35881,44513,40850,50529,37133,50658,9409,18572,1,0,2707,2462,6389,8080,6008,9408,6494,12727,8005,12464,8231,10417,21321,28431,7735,15382,306640,140485,43311,24524,122936,1123,52,117,78
2021-05-01T23:59:59+02:00,14,20,8011,8978,21573,27229,23047,28961,26342,37752,35052,43618,40583,50152,37034,50504,9403,18555,1,0,2701,2454,6364,8070,5992,9399,6476,12714,7989,12447,8194,10353,21282,28374,7731,15378,300520,140193,43309,24516,122831,1081,51,117,78
2021-04-30T23:59:59+02:00,14,19,7860,8798,21185,26804,22597,28390,25585,36964,34033,42647,40351,49831,36936,50350,9391,18532,1,0,2679,2440,6340,8052,5970,9381,6447,12693,7957,12414,8154,10284,21232,28292,7728,15368,294178,139883,43301,24441,122648,987,44,116,77
2021-04-29T23:59:59+02:00,13,19,7582,8555,20590,26224,21928,27708,24654,35998,32755,41306,39305,48427,36619,49877,9333,18403,1,0,2644,2405,6249,7942,5881,9280,6353,12553,7752,12139,7527,9555,20822,27774,7704,15293,285410,137806,42515,23208,121216,741,44,111,75
2021-04-28T23:59:59+02:00,12,18,7300,8339,20069,25758,21289,27114,23770,35150,31349,39854,38138,46834,36277,49383,9271,18262,1,0,2572,2357,6134,7821,5770,9149,6250,12397,7531,11863,6833,8705,20406,27192,7664,15222,276723,135332,41736,21905,119577,513,44,107,73
2021-04-27T23:59:59+02:00,11,18,7110,8159,19641,25328,20666,26577,22910,34366,30128,38526,37045,45386,35895,48814,9201,18135,1,0,2546,2332,6033,7723,5717,9051,6184,12272,7316,11668,6227,7967,20003,26691,7644,15199,268877,133235,40868,20957,118020,266,44,107,72
2021-04-26T23:59:59+02:00,10,18,6928,7992,19219,24908,20118,26053,22099,33609,28912,37285,35985,43963,35588,48326,9150,18007,1,0,2533,2321,5987,7680,5672,9012,6146,12227,7128,11506,5614,7231,19628,26246,7621,15171,261165,131267,40043,20111,116816,234,40,106,72
2021-04-25T23:59:59+02:00,10,17,6822,7855,18884,24636,19737,25712,21487,32984,27921,36324,34849,42530,35270,47896,9108,17925,1,0,2519,2313,5969,7654,5652,8992,6126,12201,7090,11479,5486,7047,19291,25781,7605,15126,253942,130632,39327,19367,116555,223,39,104,71
2021-04-24T23:59:59+02:00,10,17,6657,7676,18442,24209,19185,25175,20700,32181,26834,35270,34598,42217,35177,47731,9098,17913,1,0,2515,2306,5957,7644,5641,8982,6121,12197,7080,11472,5411,6935,19194,25639,7602,15118,247969,130173,39322,19327,115656,206,39,104,70
2021-04-23T23:59:59+02:00,10,17,6428,7474,17993,23731,18618,24560,19871,31364,25667,34069,33816,41045,35033,47498,9084,17890,1,0,2509,2287,5930,7622,5604,8943,6076,12151,7034,11420,5247,6655,18654,25007,7502,14947,240365,128319,38992,18978,114669,184,39,103,69
2021-04-22T23:59:59+02:00,9,16,6212,7265,17386,23147,17826,23782,18818,30337,24340,32629,32776,39690,34788,47139,9044,17811,1,0,2493,2271,5883,7570,5554,8859,5997,12072,6958,11349,4960,6233,17936,24130,7381,14750,231311,126134,38069,18008,113496,149,39,100,67
2021-04-21T23:59:59+02:00,9,15,6009,7082,16856,22677,17166,23177,17826,29436,22786,31035,31768,38450,34490,46696,8995,17722,1,0,2469,2254,5839,7512,5494,8784,5931,11970,6862,11269,4798,5959,17235,23277,7265,14569,222402,124030,37293,17237,112362,117,39,99,65
2021-04-20T23:59:59+02:00,8,14,5823,6885,16292,22203,16415,22522,16826,28431,21310,29562,30614,36954,34172,46251,8941,17623,1,0,2455,2240,5790,7473,5453,8738,5883,11901,6784,11205,4681,5801,16633,22500,7139,14389,213356,122338,36404,16521,110950,109,38,98,60
2021-04-19T23:59:59+02:00,8,14,5636,6725,15758,21775,15739,21969,15827,27554,19916,28160,29225,35307,33853,45766,8881,17504,1,0,2444,2223,5766,7440,5417,8704,5844,11855,6703,11129,4552,5640,15985,21782,7031,14227,204620,120685,35624,15854,109242,106,38,93,60
2021-04-18T23:59:59+02:00,7,14,5446,6584,15325,21451,15119,21405,14853,26759,18578,27020,27832,33656,33519,45341,8819,17414,1,0,2394,2176,5635,7313,5301,8592,5738,11704,6597,11011,4432,5454,15395,21116,6915,14045,196054,119036,34790,14584,108169,102,38,91,59
2021-04-17T23:59:59+02:00,7,13,5408,6548,15172,21375,14946,21319,14616,26580,18323,26799,27325,33109,33394,45193,8810,17399,1,0,2367,2137,5534,7159,5196,8436,5638,11517,6509,10880,4379,5390,15149,20822,6905,14031,194830,117279,34785,14580,106592,94,38,91,59
2021-04-16T23:59:59+02:00,7,13,5343,6493,14993,21225,14732,21158,14329,26334,17903,26388,26279,31878,33258,44985,8789,17376,1,0,2322,2086,5420,6972,5058,8255,5487,11274,6310,10659,4177,5155,14498,20026,6808,13884,191468,114028,34498,14180,105388,87,38,91,59
2021-04-15T23:59:59+02:00,6,12,5271,6414,14779,21014,14465,20871,13899,25984,17263,25759,24908,30259,32998,44659,8754,17294,1,0,2250,2001,5223,6737,4861,7937,5281,10954,6095,10373,3975,4902,13665,18941,6693,13717,186888,110197,33687,13235,103906,78,38,90,58
2021-04-14T23:59:59+02:00,6,12,5189,6345,14575,20814,14209,20647,13513,25648,16594,25136,23324,28470,32685,44258,8699,17200,1,0,2058,1881,5004,6476,4675,7687,5054,10705,5858,10085,3840,4696,12930,18022,6565,13503,182272,107094,32813,11779,102113,72,38,88,57
2021-04-13T23:59:59+02:00,6,12,5135,6295,14369,20684,13969,20465,13169,25349,16023,24631,21609,26614,32365,43842,8669,17092,1,0,1971,1828,4837,6285,4490,7463,4854,10449,5651,9846,3698,4527,12410,17406,6440,13340,178021,104678,31937,10661,100215,62,38,87,57
2021-04-12T23:59:59+02:00,6,11,5072,6227,14150,20489,13664,20202,12779,24932,15441,24079,19999,24669,32073,43480,8627,17017,1,0,1843,1734,4654,6126,4338,7287,4692,10256,5515,9687,3579,4373,11975,16895,6328,13178,173631,102990,30883,9319,98280,60,38,85,54
2021-04-11T23:59:59+02:00,6,11,5001,6152,13928,20291,13367,19989,12361,24578,14873,23566,18488,22889,31812,43137,8582,16935,1,0,1805,1697,4534,6013,4227,7163,4569,10125,5379,9556,3463,4253,11482,16283,6195,12970,169329,101230,29923,8340,96596,58,36,82,51
2021-04-10T23:59:59+02:00,6,11,4996,6143,13910,20276,13358,19978,12343,24560,14847,23544,17796,21964,31520,42718,8564,16908,1,0,1801,1683,4519,6003,4212,7148,4556,10111,5326,9489,3358,4138,10927,15451,6065,12772,168250,99080,29896,8340,95181,56,33,82,51
2021-04-09T23:59:59+02:00,6,11,4982,6123,13870,20228,13311,19926,12294,24501,14583,23290,16272,20072,31113,42071,8530,16865,1,0,1776,1668,4496,5987,4184,7121,4512,10073,5288,9440,3271,4017,10058,14463,5916,12574,165609,96621,29558,8091,92770,54,31,80,48
2021-04-08T23:59:59+02:00,6,11,4937,6096,13769,20154,13230,19844,12193,24397,14242,22928,14498,17851,30490,41063,8467,16741,1,0,1753,1653,4466,5934,4132,7036,4447,9993,5216,9363,3161,3913,9580,13855,5709,12327,161748,94761,28525,7656,90542,53,24,78,45
2021-04-07T23:59:59+02:00,6,11,4906,6065,13658,20070,13135,19756,12084,24289,13859,22563,12972,15991,29847,40080,8413,16640,1,0,1734,1639,4412,5865,4045,6963,4358,9909,5127,9263,3070,3818,8819,12757,5469,11919,157279,92179,27645,6878,89322,46,22,77,43
2021-04-06T23:59:59+02:00,6,11,4875,6042,13559,20003,13052,19698,12009,24226,13482,22213,11332,13982,29187,39108,8381,16569,1,0,1671,1584,4281,5736,3936,6840,4238,9759,5023,9132,2954,3698,8111,11823,5195,11553,153264,89785,26767,5642,87609,45,20,75,43
2021-04-05T23:59:59+02:00,6,10,4837,6012,13483,19936,12983,19630,11953,24146,13208,21960,9716,12029,28460,38055,8345,16506,1,0,1600,1517,4126,5584,3768,6685,4084,9608,4868,9002,2823,3581,7295,10854,4923,11161,150049,87401,25750,3975,85384,42,19,73,43
2021-04-04T23:59:59+02:00,6,10,4820,5995,13472,19913,12973,19611,11946,24127,13109,21888,8688,10766,28008,37415,8320,16450,1,0,1598,1514,4118,5578,3767,6680,4079,9604,4866,8993,2818,3571,7058,10386,4839,11036,148309,86438,25746,3975,83373,36,17,72,40
2021-04-03T23:59:59+02:00,6,10,4817,5984,13455,19894,12961,19601,11936,24116,13095,21871,7780,9698,27126,36171,8270,16338,1,0,1594,1510,4116,5573,3765,6677,4071,9592,4852,8979,2811,3558,6919,10120,4800,10954,145833,85826,25737,3975,81472,35,16,71,40
2021-04-02T23:59:59+02:00,6,10,4812,5964,13419,19867,12923,19558,11890,24067,13022,21805,7266,8948,25536,34067,8124,16067,1,0,1584,1494,4090,5549,3739,6637,4035,9531,4731,8694,2683,3401,6543,9720,4650,10748,141367,83995,25396,3746,80503,35,14,71,40
2021-04-01T23:59:59+02:00,5,9,4762,5904,13325,19723,12805,19408,11741,23913,12423,21360,6701,8237,24026,32094,7996,15825,1,0,1520,1446,3978,5429,3673,6565,3967,9464,4652,8589,2586,3259,6028,9036,4472,10471,137161,81717,24256,3337,78758,31,13,69,38
2021-03-31T23:59:59+02:00,5,9,4711,5847,13201,19568,12671,19253,11552,23732,12161,21098,6378,7862,22541,30138,7843,15595,1,0,1507,1435,3953,5406,3640,6537,3928,9417,4612,8534,2522,3183,5538,8388,4293,10231,133213,79927,23162,3120,77711,31,10,69,37
2021-03-30T23:59:59+02:00,5,9,4646,5779,13063,19419,12560,19072,11422,23567,11993,20960,6187,7644,21148,28404,7698,15390,1,0,1490,1399,3912,5373,3575,6465,3838,9304,4480,8364,2385,2979,5114,7829,4147,9974,129840,77691,22233,2877,76820,19,6,67,36
2021-03-29T23:59:59+02:00,5,9,4606,5737,12943,19325,12494,18987,11341,23460,11841,20826,6028,7445,19720,26715,7571,15187,1,0,1430,1358,3857,5326,3501,6396,3719,9160,4326,8172,2262,2839,4547,7156,3990,9697,126235,75017,21366,2663,76567,18,5,67,34
2021-03-28T23:59:59+02:00,5,9,4558,5668,12821,19184,12408,18895,11239,23360,11734,20722,5876,7239,18534,25206,7451,14989,1,0,1397,1315,3758,5218,3307,6169,3631,9043,4275,8116,2209,2775,3789,6140,3805,9427,123223,71960,20569,2367,76037,11,5,64,32
2021-03-27T23:59:59+01:00,5,9,4525,5618,12712,19020,12292,18733,11123,23155,11625,20573,5809,7154,18244,24858,7440,14971,1,0,1390,1312,3753,5214,3304,6162,3344,8694,4075,7817,2203,2772,3776,6105,3768,9362,121379,70643,20529,2367,75890,7,5,63,30
2021-03-26T23:59:59+01:00,5,8,4489,5561,12600,18830,12158,18533,10971,22925,11466,20362,5644,6939,17634,24065,7341,14819,1,0,1388,1311,3748,5207,3281,6146,3325,8674,3863,7367,2024,2365,3512,5819,3615,9123,118281,68368,20188,2360,75814,7,4,63,30
2021-03-25T23:59:59+01:00,5,8,4413,5469,12402,18590,11957,18209,10761,22597,11226,20035,5429,6652,16601,22758,7213,14628,1,0,1379,1300,3728,5181,3247,6119,3273,8636,3816,7324,1952,2252,3076,5136,3452,8814,114303,66387,19115,2260,75469,5,4,62,30
2021-03-24T23:59:59+01:00,5,8,4332,5357,12181,18139,11738,17797,10538,22205,10993,19662,5159,6306,15556,21540,7071,14400,1,0,1356,1286,3704,5137,3211,6054,3219,8565,3764,7251,1898,2195,2766,4800,3301,8540,111184,64992,18024,2019,73713,4,4,62,29
2021-03-23T23:59:59+01:00,5,8,4275,5288,12013,17795,11538,17444,10347,21838,10767,19371,5020,6107,14914,20723,6931,14225,1,0,1340,1278,3688,5117,3190,6036,3193,8514,3725,7208,1860,2136,2534,4526,3089,8212,108806,63633,17292,1977,72445,4,4,62,29
2021-03-22T23:59:59+01:00,5,8,4223,5211,11814,17462,11349,17120,10123,21513,10551,19068,4869,5898,14291,20007,6798,14042,1,0,1327,1268,3657,5084,3158,5999,3166,8457,3688,7163,1815,2082,2337,4272,2891,7874,106941,62368,16572,1836,70776,3,4,59,28
2021-03-21T23:59:59+01:00,5,8,4151,5087,11536,17045,11066,16716,9851,21056,10294,18713,4755,5726,13594,19216,6654,13835,1,0,1319,1267,3640,5068,3136,5966,3143,8430,3669,7139,1795,2052,2168,4108,2719,7602,105054,61359,15270,1831,68921,3,4,59,25
2021-03-20T23:59:59+01:00,4,8,4123,5017,11394,16714,10943,16402,9711,20759,10118,18430,4627,5566,12966,18271,6514,13617,1,0,1318,1266,3640,5066,3133,5965,3140,8425,3663,7134,1791,2047,2136,4046,2694,7559,102859,61161,15265,1831,66997,3,4,59,25
2021-03-19T23:59:59+01:00,4,7,4078,4935,11226,16351,10759,16050,9536,20378,9898,18070,4468,5367,11936,17064,6351,13406,1,0,1309,1259,3623,5037,3103,5887,3094,8331,3559,6958,1665,1935,2059,3981,2581,7351,100150,59874,14853,1827,64821,3,4,56,25
2021-03-18T23:59:59+01:00,4,7,3992,4831,10977,15928,10494,15605,9254,19911,9673,17726,4321,5201,11309,16193,6120,13140,1,0,1305,1248,3606,5002,3083,5843,3073,8275,3532,6909,1645,1902,2023,3914,2455,7139,98340,59189,13844,1735,62443,3,4,55,24
2021-03-17T23:59:59+01:00,4,7,3816,4716,10680,15516,10234,15248,9010,19548,9418,17376,4200,5034,10491,14952,5857,12714,1,0,1304,1245,3593,4984,3076,5823,3063,8241,3515,6885,1642,1878,1999,3884,2343,6954,95683,58678,12296,1721,60783,3,4,55,24
2021-03-16T23:59:59+01:00,4,7,3673,4592,10343,15053,9965,14879,8735,19102,9120,17010,4060,4867,9668,13823,5576,12355,1,0,1291,1242,3589,4977,3066,5818,3057,8229,3507,6871,1616,1853,1960,3833,2222,6772,93349,58231,11102,1643,58323,3,3,55,24
2021-03-15T23:59:59+01:00,4,7,3526,4473,10032,14590,9673,14424,8437,18627,8832,16599,3914,4698,8951,12755,5347,12029,1,0,1281,1234,3568,4965,3054,5794,3035,8190,3487,6829,1601,1840,1941,3801,2105,6583,91372,57639,9739,1641,55755,3,2,50,24
2021-03-14T23:59:59+01:00,4,7,3453,4386,9773,14159,9421,14026,8119,18133,8550,16205,3752,4511,8142,11513,5036,11564,1,0,1267,1228,3547,4947,3033,5752,3013,8110,3459,6761,1574,1786,1880,3673,1936,6184,89041,57105,8717,1019,52949,3,0,47,24
2021-03-13T23:59:59+01:00,4,7,3371,4129,9458,13493,9171,13447,7891,17548,8341,15766,3641,4406,7949,11216,4984,11472,1,0,1267,1228,3547,4947,3032,5751,3012,8109,3456,6759,1570,1785,1878,3669,1935,6183,88370,57084,8717,1019,49160,3,0,47,23
2021-03-12T23:59:59+01:00,4,7,3308,3986,9210,12955,8932,12922,7657,16911,7983,15015,3478,4235,7561,10806,4843,11283,1,0,1263,1225,3542,4933,3029,5747,3005,8101,3452,6753,1543,1756,1857,3653,1837,6002,86584,56655,8465,1018,46000,3,0,47,23
2021-03-11T23:59:59+01:00,4,7,3154,3712,8827,12203,8628,12251,7323,16123,7636,14365,3317,4029,6998,10083,4648,10974,1,0,1245,1214,3510,4890,2984,5670,2970,7977,3400,6655,1498,1702,1773,3448,1633,5467,84120,55898,8007,116,42114,2,0,41,21
2021-03-10T23:59:59+01:00,4,7,3087,3605,8337,11699,7949,11773,7003,15628,7336,13772,3158,3869,6428,9386,4470,10696,1,0,1234,1200,3480,4833,2952,5593,2934,7838,3346,6532,1456,1659,1711,3349,1511,5178,82270,54695,7451,93,38446,0,0,40,19
2021-03-09T23:59:59+01:00,4,6,2980,3425,7660,11257,7069,11296,6586,15016,6971,13166,2922,3570,5915,8747,4312,10412,1,0,1229,1197,3457,4786,2925,5528,2918,7786,3328,6486,1442,1635,1675,3306,1399,4973,79949,53996,6086,58,35239,0,0,40,17
2021-03-08T23:59:59+01:00,4,6,2806,3188,7025,10716,6259,10817,6184,14495,6574,12596,2713,3361,5307,8010,4162,10141,1,0,1223,1190,3435,4722,2900,5451,2879,7691,3296,6411,1435,1626,1672,3298,1394,4970,77121,53521,4946,56,32259,0,0,38,17
2021-03-07T23:59:59+01:00,4,6,2694,3055,6696,10221,5850,10275,5888,14048,6330,12204,2613,3269,4543,6947,3945,9856,1,0,1219,1187,3432,4717,2895,5439,2875,7674,3288,6397,1429,1612,1649,3257,1377,4926,73861,53304,4113,53,30436,0,0,34,17
2021-03-06T23:59:59+01:00,4,6,2649,2912,6511,9773,5652,9861,5412,13190,5953,11466,2591,3241,4537,6936,3942,9853,1,0,1219,1186,3429,4711,2893,5438,2874,7673,3287,6394,1428,1609,1649,3255,1376,4926,72629,53279,4113,53,27715,0,0,32,16
2021-03-05T23:59:59+01:00,4,6,2553,2655,6298,9197,5438,9469,5235,12624,5574,10483,2362,2774,4157,6554,3803,9632,1,0,1206,1183,3413,4695,2888,5425,2865,7655,3275,6375,1414,1601,1648,3251,1371,4922,70291,53121,3878,53,24617,0,0,32,14
2021-03-04T23:59:59+01:00,4,6,2475,2448,6085,8762,5279,9129,5053,12201,5397,10105,2267,2604,3599,5728,3632,9284,1,0,1194,1167,3370,4596,2855,5357,2833,7558,3244,6300,1395,1593,1634,3237,1361,4911,68219,52543,3432,52,22375,0,0,32,11
2021-03-03T23:59:59+01:00,3,6,2418,2393,5914,8351,5110,8765,4838,11750,5208,9660,2184,2498,3190,5286,3472,8988,1,0,1173,1158,3335,4550,2818,5291,2792,7459,3195,6224,1375,1567,1614,3206,1355,4893,66782,51948,3187,48,20034,0,0,31,10
2021-03-02T23:59:59+01:00,3,6,2362,2299,5757,8019,4952,8510,4672,11350,5045,9340,2114,2407,2884,4927,3253,8661,1,0,1168,1148,3317,4529,2803,5264,2775,7410,3187,6196,1370,1557,1596,3186,1352,4888,65407,51690,2926,47,18197,0,0,31,10
2021-03-01T23:59:59+01:00,3,6,2335,2268,5650,7802,4853,8365,4587,11197,4943,9165,2057,2330,2585,4603,3062,8341,1,0,1162,1145,3303,4511,2791,5235,2758,7364,3173,6168,1364,1554,1589,3176,1349,4882,64129,51468,2703,47,17291,0,0,29,10
2021-02-28T23:59:59+01:00,2,6,2282,2224,5469,7542,4678,8145,4450,11011,4832,9035,2017,2265,2287,4301,2858,8025,1,0,1153,1139,3289,4501,2784,5228,2753,7350,3166,6154,1359,1551,1581,3156,1348,4849,63000,51306,2399,47,16001,0,0,29,9
2021-02-27T23:59:59+01:00,2,6,2194,1913,5297,7118,4579,7836,4368,10663,4759,8785,1989,2204,2257,4255,2836,7974,1,0,1149,1135,3287,4499,2779,5226,2749,7347,3161,6150,1358,1551,1580,3154,1347,4848,62763,51268,2399,44,13844,0,0,29,9
2021-02-26T23:59:59+01:00,2,6,2129,1836,5154,6882,4432,7577,4215,10396,4549,8501,1860,2096,2196,4215,2727,7791,1,0,1127,1122,3271,4464,2767,5186,2738,7295,3140,6096,1352,1540,1576,3146,1346,4846,61428,50961,2393,43,12714,0,0,29,9
2021-02-25T23:59:59+01:00,2,6,2000,1735,4831,6474,4004,7123,3931,9879,4316,8119,1801,2037,2165,4157,2611,7595,1,0,1109,1105,3231,4419,2736,5136,2692,7188,3101,6003,1341,1524,1559,3105,1332,4787,60947,50320,2287,41,9524,0,0,28,8
2021-02-24T23:59:59+01:00,2,6,1966,1669,4715,6260,3900,6910,3810,9637,4193,7959,1778,2004,2134,4114,2496,7394,1,0,1096,1100,3201,4357,2701,5072,2666,7103,3072,5932,1325,1507,1534,3055,1320,4718,60394,49724,2043,29,8482,0,0,28,7
2021-02-23T23:59:59+01:00,2,6,1739,1524,4343,5773,3618,6523,3591,9257,4037,7676,1748,1972,2089,4066,2382,7209,1,0,1077,1087,3165,4330,2673,5014,2641,7027,3036,5873,1305,1487,1507,3020,1310,4663,59931,49194,1996,15,5600,0,0,28,7
2021-02-22T23:59:59+01:00,2,6,1730,1506,4293,5714,3582,6459,3524,9162,3976,7580,1713,1945,2063,4015,2262,7011,1,0,1072,1073,3144,4284,2653,4975,2616,6967,3007,5820,1293,1473,1496,3009,1302,4654,59383,48823,1854,9,5278,0,0,28,7
2021-02-21T23:59:59+01:00,2,6,1718,1501,4263,5680,3538,6422,3484,9108,3932,7530,1703,1937,2058,4005,2138,6844,1,0,1065,1062,3123,4244,2624,4925,2601,6899,2979,5732,1280,1457,1473,2948,1274,4572,59029,48244,1848,8,4965,0,0,27,7
2021-02-20T23:59:59+01:00,2,6,1715,1500,4256,5677,3535,6420,3484,9106,3929,7529,1698,1935,2056,4001,2137,6844,1,0,1065,1062,3121,4242,2624,4925,2600,6898,2979,5732,1280,1456,1472,2948,1274,4572,59010,48236,1848,8,4946,0,0,26,7
2021-02-19T23:59:59+01:00,2,6,1689,1493,4242,5658,3524,6407,3473,9096,3920,7514,1671,1906,2035,3983,2036,6661,1,0,1064,1061,3120,4241,2623,4924,2600,6895,2976,5730,1280,1455,1472,2946,1274,4572,58586,48220,1842,8,4863,0,0,25,6
2021-02-18T23:59:59+01:00,2,6,1639,1461,4147,5547,3452,6303,3386,8931,3834,7373,1651,1885,2007,3922,1904,6464,1,0,1018,1019,2979,4022,2496,4655,2490,6556,2867,5465,1247,1412,1440,2859,1245,4419,57928,46177,1793,8,4168,0,0,25,5
2021-02-17T23:59:59+01:00,2,5,1617,1431,4050,5398,3369,6150,3267,8696,3708,7171,1597,1814,1929,3816,1778,6146,0,0,960,970,2830,3800,2380,4344,2366,6145,2738,5153,1195,1349,1392,2746,1195,4243,56683,43794,1783,7,3455,0,0,23,5
2021-02-16T23:59:59+01:00,2,5,1541,1363,3890,5206,3235,5968,3159,8463,3586,7005,1574,1790,1894,3787,1657,5934,0,0,873,939,2698,3645,2283,4133,2240,5823,2608,4902,1139,1256,1245,2441,929,3612,55986,40757,1767,4,2285,0,0,21,5
2021-02-15T23:59:59+01:00,2,5,1524,1344,3841,5120,3175,5882,3102,8349,3520,6900,1562,1776,1879,3764,1648,5911,0,0,837,916,2617,3516,2208,3954,2159,5545,2520,4692,1094,1191,1152,2262,858,3382,55517,38897,1764,2,2003,0,0,20,4
2021-02-14T23:59:59+01:00,2,5,1458,1316,3760,5046,3132,5776,3047,8195,3477,6791,1542,1744,1825,3633,1589,5653,0,0,828,910,2567,3448,2169,3886,2105,5426,2454,4586,1066,1152,1062,2085,783,3133,55275,37655,1136,2,1560,0,0,20,3
2021-02-13T23:59:59+01:00,2,5,1455,1315,3752,5040,3125,5775,3044,8193,3474,6789,1541,1740,1825,3631,1587,5653,0,0,828,910,2567,3448,2169,3885,2103,5425,2453,4586,1064,1151,1061,2085,783,3133,55254,37650,1135,0,1537,0,0,20,1
2021-02-12T23:59:59+01:00,2,4,1417,1297,3715,5007,3102,5755,3022,8161,3455,6744,1525,1730,1816,3614,1578,5632,0,0,820,903,2534,3394,2134,3840,2073,5372,2435,4555,1063,1150,1060,2084,782,3131,55029,37329,1133,0,1395,0,0,19,1
2021-02-11T23:59:59+01:00,2,4,1367,1251,3602,4834,3010,5581,2924,7851,3356,6532,1466,1670,1744,3430,1486,5285,0,0,781,839,2281,2948,1906,3367,1840,4624,2164,4024,973,1078,964,1885,723,2848,54388,33245,138,0,852,0,0,17,0
2021-02-10T23:59:59+01:00,2,4,1342,1227,3540,4731,2946,5476,2882,7701,3302,6399,1447,1653,1716,3392,1472,5246,0,0,700,781,1990,2538,1693,2922,1603,4015,1906,3564,861,931,793,1505,579,2323,53736,28704,136,0,590,0,0,16,0
2021-02-09T23:59:59+01:00,2,3,1329,1209,3484,4662,2917,5407,2861,7608,3265,6330,1439,1637,1688,3369,1462,5233,0,0,650,701,1725,2187,1501,2535,1418,3515,1735,3202,829,898,768,1428,557,2207,53423,25856,131,0,335,0,0,16,0
2021-02-08T23:59:59+01:00,2,3,1316,1205,3455,4632,2898,5368,2839,7557,3246,6301,1427,1630,1678,3343,1460,5214,0,0,635,666,1574,1951,1360,2278,1286,3207,1577,2939,789,878,720,1321,524,2032,53123,23737,105,0,332,0,0,14,0
2021-02-07T23:59:59+01:00,2,3,1182,1162,3351,4577,2844,5325,2812,7519,3221,6262,1417,1613,1669,3320,1453,5181,0,0,488,520,1308,1593,1118,1830,1075,2617,1349,2418,685,750,638,1159,477,1802,52826,19827,77,0,0,0,0,10,0
2021-02-06T23:59:59+01:00,2,3,1178,1160,3349,4575,2840,5323,2805,7516,3217,6259,1416,1611,1668,3317,1452,5180,0,0,365,371,1108,1345,982,1526,934,2211,1183,2002,598,654,611,1141,475,1799,52784,17305,77,0,0,0,0,10,0
2021-02-05T23:59:59+01:00,2,2,1166,1149,3334,4553,2833,5296,2795,7474,3199,6213,1410,1603,1665,3311,1451,5180,0,0,264,210,926,1028,836,1156,759,1762,1008,1591,483,549,585,1121,472,1795,52549,14545,77,0,0,0,0,10,0
2021-02-04T23:59:59+01:00,2,2,1150,1131,3288,4502,2793,5221,2753,7344,3151,6129,1396,1588,1651,3277,1441,5152,0,0,137,84,624,658,546,739,520,1156,668,994,303,368,480,974,427,1631,51907,10309,54,0,0,0,0,10,0
2021-02-03T23:59:59+01:00,2,2,1128,1125,3261,4457,2764,5180,2730,7293,3121,6073,1386,1577,1625,3236,1433,5100,0,0,117,68,494,510,415,597,417,913,512,747,250,288,375,759,330,1269,51435,8061,49,0,0,0,0,9,0
2021-02-02T23:59:59+01:00,2,2,1106,1111,3225,4426,2733,5127,2705,7219,3086,6010,1362,1549,1589,3180,1407,5003,0,0,108,59,412,412,343,519,367,823,459,665,230,265,329,686,302,1134,50785,7113,48,0,0,0,0,9,0
2021-02-01T23:59:59+01:00,2,2,1090,1100,3207,4373,2704,5066,2674,7092,3056,5914,1342,1520,1562,3142,1390,4938,0,0,80,44,311,308,252,393,275,617,328,500,192,216,258,546,234,887,50118,5441,48,0,0,0,0,8,0
2021-01-31T23:59:59+01:00,2,2,1084,1089,3192,4343,2680,5022,2658,7037,3043,5869,1330,1503,1539,3076,1363,4852,0,0,70,42,285,284,227,346,253,573,298,460,171,197,213,446,192,718,49628,4775,48,0,0,0,0,8,0
2021-01-30T23:59:59+01:00,2,2,1083,1089,3189,4339,2679,5022,2657,7036,3043,5868,1330,1502,1538,3076,1363,4852,0,0,70,38,278,270,214,331,248,562,294,454,170,194,212,446,192,718,49617,4691,45,0,0,0,0,8,0
2021-01-29T23:59:59+01:00,2,2,1082,1088,3188,4335,2679,5020,2656,7034,3040,5866,1330,1502,1538,3075,1363,4852,0,0,64,34,260,256,191,311,232,545,283,446,164,190,208,440,191,716,49599,4531,45,0,0,0,0,8,0
2021-01-28T23:59:59+01:00,2,2,1061,1069,3119,4233,2625,4911,2598,6878,2973,5735,1314,1480,1522,3007,1340,4728,0,0,54,18,164,153,127,188,163,360,208,282,131,147,162,277,114,427,48549,2975,42,0,0,0,0,6,0
2021-01-27T23:59:59+01:00,2,2,1015,1030,3037,4091,2544,4732,2504,6596,2889,5534,1281,1435,1481,2913,1303,4576,0,0,25,6,100,70,59,93,84,211,118,148,100,115,118,207,87,308,46927,1849,32,0,0,0,0,6,0
2021-01-26T23:59:59+01:00,1,2,938,1002,2920,3958,2465,4547,2422,6415,2819,5379,1255,1387,1391,2760,1079,4170,0,0,25,6,95,69,58,92,82,211,116,147,98,114,118,207,87,308,44884,1833,20,0,0,0,0,6,0
2021-01-25T23:59:59+01:00,1,2,920,985,2840,3830,2421,4400,2362,6220,2760,5229,1236,1365,1377,2733,1066,4134,0,0,25,6,94,69,56,90,82,211,116,145,98,113,118,207,87,308,43862,1825,14,0,0,0,0,5,0
2021-01-24T23:59:59+01:00,1,2,910,981,2820,3814,2411,4368,2336,6181,2727,5168,1223,1358,1368,2709,1052,4099,0,0,25,6,94,69,56,89,82,210,115,145,97,113,118,207,87,308,43513,1821,10,0,0,0,0,5,0
2021-01-23T23:59:59+01:00,1,2,910,981,2820,3813,2411,4368,2335,6180,2726,5168,1221,1357,1367,2709,1052,4099,0,0,25,6,94,69,56,89,82,210,115,145,97,113,118,207,87,306,43508,1819,9,0,0,0,0,3,0
2021-01-22T23:59:59+01:00,1,2,903,974,2789,3767,2376,4303,2303,6105,2705,5121,1219,1355,1366,2707,1051,4096,0,0,25,6,94,69,56,89,82,210,115,145,97,113,118,207,87,306,43133,1819,9,0,0,0,0,1,0
2021-01-21T23:59:59+01:00,1,2,888,907,2533,3355,2175,3888,2121,5494,2482,4636,1162,1308,1317,2582,1013,3933,0,0,21,6,83,63,52,73,69,170,95,134,87,98,99,154,73,235,39787,1512,9,0,0,0,0,1,0
2021-01-20T23:59:59+01:00,1,2,809,844,2221,2947,1967,3426,1889,4886,2226,4163,1048,1167,1147,2228,878,3407,0,0,21,6,83,63,52,72,68,170,94,134,87,98,99,154,71,235,35247,1507,9,0,0,0,0,0,0
2021-01-19T23:59:59+01:00,1,2,747,765,1927,2501,1727,2968,1655,4226,1983,3689,974,1070,1019,1939,772,3025,0,0,10,3,50,44,33,44,35,100,44,77,39,36,49,83,44,152,30983,843,7,0,0,0,0,0,0
2021-01-18T23:59:59+01:00,1,2,674,706,1698,2103,1488,2496,1409,3541,1730,3185,888,985,913,1724,716,2743,0,0,5,2,19,10,13,21,17,54,17,33,19,21,26,56,31,82,26998,426,4,0,0,0,0,0,0
2021-01-17T23:59:59+01:00,0,2,495,545,1382,1699,1210,1964,1154,2807,1449,2564,747,828,758,1431,593,2348,0,0,0,1,4,2,0,0,0,0,0,0,1,0,0,0,0,0,21973,8,3,0,0,0,0,0,0
2021-01-16T23:59:59+01:00,0,1,375,396,1200,1455,1090,1679,1014,2409,1292,2157,661,732,730,1414,591,2347,0,0,0,0,0,0,0,0,0,0,0,0,0,0,0,0,0,0,19541,0,2,0,0,0,0,0,0
2021-01-15T23:59:59+01:00,0,1,271,235,1017,1155,941,1333,846,1963,1114,1754,542,621,692,1379,578,2306,0,0,0,0,0,0,0,0,0,0,0,0,0,0,0,0,0,0,16747,0,1,0,0,0,0,0,0
2021-01-14T23:59:59+01:00,0,0,155,105,703,772,649,865,611,1307,751,1134,352,432,567,1191,518,2055,0,0,0,0,0,0,0,0,0,0,0,0,0,0,0,0,0,0,12167,0,0,0,0,0,0,0,0
2021-01-13T23:59:59+01:00,0,0,130,84,593,605,525,698,494,1050,594,869,296,356,478,1006,446,1750,0,0,0,0,0,0,0,0,0,0,0,0,0,0,0,0,0,0,9974,0,0,0,0,0,0,0,0
2021-01-12T23:59:59+01:00,0,0,120,68,510,517,448,597,429,920,523,764,261,307,390,809,372,1365,0,0,0,0,0,0,0,0,0,0,0,0,0,0,0,0,0,0,8400,0,0,0,0,0,0,0,0
2021-01-11T23:59:59+01:00,0,0,91,55,414,421,363,486,344,746,418,591,227,256,323,676,302,1152,0,0,0,0,0,0,0,0,0,0,0,0,0,0,0,0,0,0,6865,0,0,0,0,0,0,0,0
2021-01-10T23:59:59+01:00,0,0,76,47,350,348,296,404,291,649,348,523,199,225,259,537,241,896,0,0,0,0,0,0,0,0,0,0,0,0,0,0,0,0,0,0,5689,0,0,0,0,0,0,0,0
2021-01-09T23:59:59+01:00,0,0,76,45,335,327,272,382,283,633,340,516,198,224,258,535,241,896,0,0,0,0,0,0,0,0,0,0,0,0,0,0,0,0,0,0,5561,0,0,0,0,0,0,0,0
2021-01-08T23:59:59+01:00,0,0,71,37,301,294,227,341,255,590,313,477,180,204,233,475,220,793,0,0,0,0,0,0,0,0,0,0,0,0,0,0,0,0,0,0,5011,0,0,0,0,0,0,0,0
2021-01-07T23:59:59+01:00,0,0,57,25,210,196,159,242,196,424,243,340,150,165,178,310,146,507,0,0,0,0,0,0,0,0,0,0,0,0,0,0,0,0,0,0,3548,0,0,0,0,0,0,0,0
2021-01-06T23:59:59+01:00,0,0,45,15,162,117,112,161,145,297,178,241,118,133,136,243,103,362,0,0,0,0,0,0,0,0,0,0,0,0,0,0,0,0,0,0,2568,0,0,0,0,0,0,0,0
2021-01-05T23:59:59+01:00,0,0,28,7,97,70,59,94,87,214,117,149,108,124,127,224,102,336,0,0,0,0,0,0,0,0,0,0,0,0,0,0,0,0,0,0,1943,0,0,0,0,0,0,0,0
2021-01-04T23:59:59+01:00,0,0,26,7,97,69,56,91,87,214,117,147,108,122,127,224,102,336,0,0,0,0,0,0,0,0,0,0,0,0,0,0,0,0,0,0,1930,0,0,0,0,0,0,0,0
2021-01-03T23:59:59+01:00,0,0,26,7,97,69,56,90,87,213,116,147,107,122,127,224,102,336,0,0,0,0,0,0,0,0,0,0,0,0,0,0,0,0,0,0,1926,0,0,0,0,0,0,0,0
2021-01-02T23:59:59+01:00,0,0,26,7,97,69,56,90,87,213,115,147,107,122,127,224,102,335,0,0,0,0,0,0,0,0,0,0,0,0,0,0,0,0,0,0,1924,0,0,0,0,0,0,0,0
2021-01-01T23:59:59+01:00,0,0,26,7,97,69,56,90,87,213,114,146,107,122,127,224,102,335,0,0,0,0,0,0,0,0,0,0,0,0,0,0,0,0,0,0,1922,0,0,0,0,0,0,0,0
2020-12-31T23:59:59+01:00,0,0,26,7,97,69,56,90,87,213,113,146,107,122,127,224,102,335,0,0,0,0,0,0,0,0,0,0,0,0,0,0,0,0,0,0,1921,0,0,0,0,0,0,0,0
2020-12-30T23:59:59+01:00,0,0,26,7,97,69,55,90,86,213,113,146,107,122,127,224,101,335,0,0,0,0,0,0,0,0,0,0,0,0,0,0,0,0,0,0,1918,0,0,0,0,0,0,0,0
2020-12-29T23:59:59+01:00,0,0,14,2,65,52,33,60,50,138,64,88,53,53,72,135,63,227,0,0,0,0,0,0,0,0,0,0,0,0,0,0,0,0,0,0,1169,0,0,0,0,0,0,0,0
2020-12-28T23:59:59+01:00,0,0,5,2,36,24,20,30,21,67,25,41,23,22,27,51,34,82,0,0,0,0,0,0,0,0,0,0,0,0,0,0,0,0,0,0,510,0,0,0,0,0,0,0,0
2020-12-27T23:59:59+01:00,0,0,1,0,8,5,8,2,1,5,0,2,1,1,2,2,4,6,0,0,0,0,0,0,0,0,0,0,0,0,0,0,0,0,0,0,48,0,0,0,0,0,0,0,0
