Datum,<15_1_m,<15_1_w,15-24_1_m,15-24_1_w,25-34_1_m,25-34_1_w,35-44_1_m,35-44_1_w,45-54_1_m,45-54_1_w,55-64_1_m,55-64_1_w,65-74_1_m,65-74_1_w,75-84_1_m,75-84_1_w,>84_1_m,>84_1_w,<15_2_m,<15_2_w,15-24_2_m,15-24_2_w,25-34_2_m,25-34_2_w,35-44_2_m,35-44_2_w,45-54_2_m,45-54_2_w,55-64_2_m,55-64_2_w,65-74_2_m,65-74_2_w,75-84_2_m,75-84_2_w,>84_2_m,>84_2_w,bp_1,bp_2,mo_1,mo_2,az_1,az_2,ja,unb_1,unb_2
2021-11-12T23:59:59+01:00,13614,12855,76003,75053,117594,113311,105609,104278,100371,105244,97530,98987,57708,71489,44864,62340,11128,22642,10907,10467,67356,67370,108258,104425,98056,96746,94291,99133,93178,94757,55876,69254,43682,60512,10666,21506,891448,825761,138987,133320,158900,145975,101113,258,271
2021-11-11T23:59:59+01:00,13414,12667,75539,74653,117165,112886,105246,103911,100123,105008,97379,98840,57643,71400,44847,62286,11122,22629,10758,10349,67156,67203,108108,104235,97904,96582,94183,99013,93111,94683,55841,69221,43661,60489,10665,21489,887809,824151,138870,133247,158890,145966,101016,258,271
2021-11-10T23:59:59+01:00,13289,12560,75146,74351,116813,112552,104962,103644,99938,104806,97239,98720,57590,71333,44825,62244,11115,22614,10687,10291,67000,67054,107964,104091,97797,96442,94091,98912,93039,94618,55796,69179,43643,60459,10658,21478,885025,822874,138761,133193,158876,145957,100904,258,271
2021-11-09T23:59:59+01:00,13178,12444,74662,74009,116348,112230,104688,103382,99704,104602,97093,98595,57537,71284,44801,62211,11111,22602,10579,10202,66834,66919,107807,103939,97664,96337,94017,98824,92980,94558,55766,69144,43630,60438,10651,21468,881978,821611,138655,133134,158872,145943,100799,258,270
2021-11-08T23:59:59+01:00,13057,12351,74155,73674,115927,111851,104373,103092,99474,104406,96961,98475,57478,71220,44776,62177,11105,22589,10537,10149,66696,66801,107659,103810,97572,96227,93948,98735,92931,94487,55731,69098,43622,60414,10648,21463,878882,820575,138536,133061,158861,145937,100685,258,270
2021-11-07T23:59:59+01:00,12958,12245,73729,73384,115505,111480,104039,102802,99258,104217,96825,98350,57424,71164,44746,62148,11101,22580,10485,10107,66564,66675,107508,103653,97459,96095,93872,98640,92867,94420,55698,69052,43598,60391,10644,21454,875948,819427,138401,132989,158856,145924,100572,258,270
2021-11-06T23:59:59+01:00,12868,12172,73482,73136,115195,111269,103823,102603,99089,104087,96750,98283,57411,71142,44739,62134,11100,22580,10460,10083,66478,66589,107395,103581,97387,96034,93831,98591,92839,94401,55694,69043,43595,60384,10642,21453,874025,818855,138336,132960,158853,145924,100471,258,270
2021-11-05T23:59:59+01:00,12753,12062,73228,72903,114923,111015,103589,102387,98902,103929,96645,98191,57394,71114,44731,62120,11099,22577,10380,10014,66371,66481,107287,103473,97304,95946,93760,98515,92792,94362,55684,69027,43591,60379,10641,21451,871899,817982,138266,132918,158850,145920,100368,258,270
2021-11-04T23:59:59+01:00,12645,11957,73041,72660,114663,110780,103380,102178,98719,103770,96539,98094,57355,71074,44721,62093,11096,22569,10285,9927,66233,66347,107165,103309,97209,95815,93671,98425,92722,94288,55653,68994,43578,60343,10637,21443,869833,816727,138195,132850,158846,145916,100281,258,270
2021-11-03T23:59:59+01:00,12583,11899,72884,72513,114426,110585,103225,102043,98613,103643,96452,98022,57327,71046,44708,62072,11093,22558,10241,9887,66087,66233,107047,103178,97105,95713,93594,98372,92668,94234,55635,68963,43561,60311,10631,21427,868314,815701,138150,132796,158844,145914,100206,257,270
2021-11-02T23:59:59+01:00,12545,11862,72683,72376,114172,110384,103025,101908,98460,103537,96363,97939,57301,71011,44697,62056,11089,22543,10120,9795,65909,66100,106891,103037,97004,95596,93511,98294,92607,94171,55609,68932,43548,60276,10627,21410,866761,814444,138077,132725,158842,145906,100092,257,270
2021-11-01T23:59:59+01:00,12461,11788,72466,72219,113934,110198,102810,101763,98295,103420,96281,97883,57280,70976,44684,62035,11086,22535,10060,9732,65751,65953,106749,102900,96887,95498,93430,98208,92545,94116,55585,68897,43535,60256,10624,21399,865147,813345,137986,132647,158839,145901,99962,257,270
2021-10-31T23:59:59+01:00,12424,11766,72341,72136,113778,110123,102658,101675,98206,103363,96242,97853,57269,70970,44682,62031,11086,22534,10027,9712,65661,65913,106664,102843,96821,95459,93392,98184,92522,94100,55578,68892,43533,60254,10621,21395,864329,812944,137944,132614,158838,145897,99846,257,270
2021-10-30T23:59:59+02:00,12393,11747,72227,72056,113583,110034,102522,101587,98095,103262,96179,97826,57257,70953,44677,62025,11085,22531,9997,9705,65582,65857,106580,102787,96751,95410,93348,98136,92497,94089,55572,68887,43532,60250,10618,21392,863383,812532,137907,132562,158837,145894,99732,257,270
2021-10-29T23:59:59+02:00,12354,11709,72047,71930,113333,109862,102298,101440,97936,103165,96094,97774,57244,70942,44672,62015,11085,22527,9960,9673,65452,65745,106434,102685,96640,95322,93258,98060,92440,94047,55558,68874,43529,60245,10618,21392,862053,811744,137840,132507,158835,145892,99519,257,270
2021-10-28T23:59:59+02:00,12263,11651,71833,71751,113038,109613,102068,101273,97763,103018,95989,97691,57222,70910,44662,61999,11083,22521,9890,9616,65254,65537,106238,102480,96480,95153,93139,97941,92357,94000,55532,68823,43521,60226,10617,21385,860340,810364,137758,132430,158831,145886,99239,257,270
2021-10-27T23:59:59+02:00,12211,11592,71673,71590,112847,109416,101903,101134,97642,102906,95901,97632,57197,70869,44642,61974,11081,22516,9807,9550,65099,65376,106106,102352,96369,95057,93050,97851,92300,93944,55500,68784,43509,60203,10611,21373,858961,809279,137677,132337,158829,145876,99079,257,270
2021-10-26T23:59:59+02:00,12139,11507,71449,71376,112619,109217,101719,101004,97503,102799,95828,97568,57164,70843,44630,61956,11080,22508,9737,9465,64907,65182,105935,102201,96239,94920,92954,97767,92227,93878,55477,68747,43494,60171,10608,21361,857434,807974,137584,132263,158823,145875,98888,257,270
2021-10-25T23:59:59+02:00,12097,11485,71329,71285,112502,109115,101629,100930,97423,102733,95794,97536,57158,70835,44629,61948,11077,22505,9722,9450,64827,65116,105870,102154,96205,94888,92915,97741,92204,93865,55471,68740,43493,60169,10608,21357,856665,807617,137547,132240,158822,145872,98796,257,270
2021-10-24T23:59:59+02:00,12025,11423,71148,71117,112239,108939,101453,100768,97272,102605,95714,97458,57130,70798,44617,61940,11076,22502,9661,9395,64631,64927,105675,101997,96060,94761,92811,97640,92148,93807,55439,68703,43485,60145,10606,21353,855202,806414,137482,132153,158822,145869,98538,257,270
2021-10-23T23:59:59+02:00,12000,11396,71046,71033,112116,108841,101358,100686,97212,102557,95669,97435,57118,70785,44616,61939,11076,22502,9626,9356,64552,64839,105581,101937,95999,94707,92756,97587,92117,93780,55422,68692,43484,60142,10605,21353,854519,805872,137436,132097,158821,145867,98429,257,270
2021-10-22T23:59:59+02:00,11926,11354,70887,70901,111899,108687,101201,100570,97098,102458,95609,97382,57107,70768,44614,61931,11076,22500,9538,9271,64382,64660,105402,101795,95869,94591,92660,97502,92064,93726,55409,68681,43481,60129,10604,21351,853387,804760,137375,132021,158821,145860,98204,257,270
2021-10-21T23:59:59+02:00,11797,11227,70698,70748,111729,108506,101037,100407,96950,102347,95524,97319,57085,70736,44599,61908,11071,22486,9442,9153,64164,64441,105213,101580,95716,94394,92536,97391,91991,93653,55384,68645,43468,60100,10602,21341,851846,803162,137309,131912,158818,145850,98020,257,270
2021-10-20T23:59:59+02:00,11753,11180,70578,70620,111585,108372,100926,100322,96861,102267,95463,97265,57055,70700,44584,61889,11066,22470,9322,9057,63969,64258,105089,101418,95603,94255,92440,97284,91917,93601,55355,68591,43442,60067,10586,21312,850795,801694,137259,131852,158816,145845,97905,257,270
2021-10-19T23:59:59+02:00,11652,11088,70436,70487,111458,108247,100842,100244,96793,102209,95409,97213,57032,70664,44574,61868,11062,22455,9228,8964,63751,64055,104924,101257,95488,94133,92361,97188,91867,93544,55323,68549,43424,60026,10576,21297,849738,800287,137208,131767,158812,145838,97794,257,269
2021-10-18T23:59:59+02:00,11603,11051,70319,70400,111332,108149,100752,100168,96740,102159,95362,97168,57007,70637,44557,61845,11055,22443,9177,8914,63607,63907,104804,101093,95393,94018,92295,97106,91809,93487,55297,68517,43412,60000,10572,21294,848931,799202,137126,131695,158807,145834,97702,257,269
2021-10-17T23:59:59+02:00,11559,11011,70169,70270,111210,108036,100646,100093,96690,102105,95323,97116,56985,70616,44551,61830,11053,22438,9123,8862,63375,63652,104642,100952,95268,93883,92199,97023,91752,93425,55274,68485,43403,59983,10568,21288,848037,797861,137077,131600,158805,145826,97601,257,269
2021-10-16T23:59:59+02:00,11540,10990,70113,70222,111156,107992,100622,100068,96657,102078,95305,97107,56984,70613,44550,61828,11051,22438,9094,8830,63281,63565,104577,100897,95221,93821,92168,96992,91731,93407,55269,68479,43401,59980,10568,21287,847707,797370,137067,131550,158805,145825,97554,257,269
2021-10-15T23:59:59+02:00,11485,10950,70002,70137,111045,107902,100554,99994,96601,102026,95277,97076,56977,70611,44550,61822,11050,22438,9044,8754,63144,63380,104467,100783,95129,93721,92090,96910,91683,93369,55260,68457,43396,59969,10568,21285,847017,796388,137044,131478,158804,145823,97451,257,269
2021-10-14T23:59:59+02:00,11383,10854,69822,69958,110912,107760,100440,99901,96508,101946,95224,97018,56956,70576,44538,61798,11047,22432,8918,8616,62846,63095,104314,100572,94984,93523,91969,96779,91609,93292,55222,68406,43378,59942,10564,21277,845779,794516,136967,131356,158797,145817,97348,257,269
2021-10-13T23:59:59+02:00,11284,10787,69680,69847,110805,107656,100353,99809,96428,101865,95176,96963,56921,70534,44523,61769,11042,22416,8880,8579,62684,62946,104180,100433,94879,93378,91881,96693,91549,93221,55184,68363,43357,59912,10555,21267,844781,793377,136896,131281,158793,145808,97206,257,269
2021-10-12T23:59:59+02:00,11143,10678,69502,69714,110707,107543,100260,99717,96369,101807,95135,96917,56907,70502,44513,61754,11038,22410,8818,8532,62523,62785,104049,100305,94763,93258,91793,96623,91490,93165,55132,68329,43345,59890,10551,21255,843723,792228,136831,131219,158789,145802,97091,256,266
2021-10-11T23:59:59+02:00,11072,10616,69357,69597,110590,107436,100174,99639,96307,101732,95080,96877,56879,70473,44493,61733,11033,22397,8780,8499,62348,62617,103923,100181,94668,93160,91721,96536,91439,93117,55095,68286,43330,59864,10542,21247,842758,791167,136763,131132,158786,145792,96996,256,266
2021-10-10T23:59:59+02:00,11001,10565,69201,69486,110454,107299,100080,99549,96240,101655,95035,96841,56861,70452,44487,61721,11025,22394,8744,8465,62161,62468,103763,100022,94563,93026,91631,96431,91362,93075,55069,68262,43321,59851,10539,21238,841826,790029,136714,131072,158782,145782,96842,256,266
2021-10-09T23:59:59+02:00,10976,10547,69115,69428,110389,107255,100042,99508,96204,101623,95020,96827,56855,70446,44486,61720,11025,22394,8709,8424,62072,62390,103678,99946,94506,92968,91589,96386,91341,93054,55063,68251,43316,59843,10538,21237,841447,789488,136685,131013,158780,145778,96766,256,266
2021-10-08T23:59:59+02:00,10902,10492,68973,69331,110253,107150,99972,99415,96140,101574,94973,96781,56843,70430,44483,61717,11025,22393,8648,8337,61902,62202,103545,99796,94393,92850,91505,96292,91293,93014,55046,68238,43310,59834,10536,21236,840619,788385,136637,130926,158779,145771,96629,256,266
2021-10-07T23:59:59+02:00,10823,10415,68773,69151,110074,106973,99836,99272,96052,101455,94900,96714,56821,70393,44470,61696,11021,22380,8518,8213,61620,61949,103351,99577,94245,92634,91398,96157,91220,92941,55014,68189,43295,59802,10529,21226,839226,786581,136567,130802,158777,145763,96466,256,266
2021-10-06T23:59:59+02:00,10754,10358,68601,69006,109945,106830,99741,99164,95968,101393,94855,96665,56784,70351,44459,61676,11018,22366,8475,8163,61435,61778,103216,99430,94134,92517,91323,96057,91145,92865,54983,68149,43281,59775,10524,21209,838163,785395,136501,130737,158776,145752,96309,256,266
2021-10-05T23:59:59+02:00,10649,10270,68429,68867,109799,106685,99629,99035,95905,101314,94810,96612,56766,70323,44450,61640,11013,22353,8441,8120,61237,61604,103065,99243,94019,92367,91228,95972,91084,92794,54956,68105,43268,59758,10521,21196,836996,784133,136431,130670,158775,145747,96162,256,266
2021-10-04T23:59:59+02:00,10611,10240,68255,68698,109636,106532,99530,98924,95811,101228,94756,96554,56730,70276,44435,61610,11012,22331,8408,8087,61082,61422,102922,99103,93886,92246,91137,95878,91022,92744,54920,68063,43244,59725,10515,21176,835914,783029,136359,130610,158773,145736,95939,255,266
2021-10-03T23:59:59+02:00,10547,10185,68045,68516,109468,106376,99408,98816,95724,101128,94691,96500,56699,70242,44427,61585,11012,22326,8347,8052,60881,61266,102734,98926,93749,92087,91040,95766,90947,92687,54884,68019,43227,59700,10513,21168,834747,781768,136286,130523,158769,145727,95709,255,266
2021-10-02T23:59:59+02:00,10521,10159,67942,68417,109379,106306,99344,98754,95673,101080,94669,96479,56688,70224,44427,61584,11011,22324,8307,8018,60764,61151,102661,98852,93682,92021,90993,95717,90921,92665,54877,68002,43226,59696,10512,21168,834200,781177,136223,130476,158767,145707,95607,255,266
2021-10-01T23:59:59+02:00,10436,10056,67788,68250,109193,106163,99220,98641,95592,101011,94613,96438,56671,70206,44424,61572,11009,22322,8195,7909,60565,60921,102492,98697,93550,91878,90887,95608,90859,92608,54860,67973,43223,59687,10511,21165,833113,779888,136165,130389,158765,145667,95378,255,266
2021-09-30T23:59:59+02:00,10358,9985,67559,68027,108984,105926,99042,98446,95456,100867,94520,96335,56635,70160,44406,61541,11005,22307,8086,7788,60312,60656,102286,98487,93363,91667,90746,95459,90770,92514,54833,67924,43208,59654,10501,21150,831488,778199,136075,130271,158759,145618,95050,255,266
2021-09-29T23:59:59+02:00,10279,9928,67360,67837,108788,105727,98888,98283,95331,100756,94436,96264,56594,70105,44390,61506,11000,22288,8028,7729,60131,60487,102098,98308,93227,91500,90633,95351,90699,92433,54799,67876,43189,59608,10498,21135,830071,776952,136010,130192,158755,145583,94737,255,265
2021-09-28T23:59:59+02:00,10195,9851,67170,67630,108583,105561,98740,98127,95221,100645,94351,96185,56554,70066,44378,61468,10993,22261,7978,7682,59942,60303,101908,98154,93094,91365,90510,95222,90620,92364,54768,67839,43172,59580,10489,21120,828680,775778,135948,130106,158753,145550,94411,255,265
2021-09-27T23:59:59+02:00,10066,9719,66925,67381,108372,105388,98606,97977,95132,100533,94273,96113,56526,70019,44364,61438,10988,22250,7940,7628,59735,60115,101721,98017,92954,91224,90408,95109,90548,92287,54731,67783,43150,59554,10481,21109,827273,774699,135862,130026,158752,145508,93996,255,265
2021-09-26T23:59:59+02:00,9945,9625,66685,67151,108142,105195,98439,97832,95013,100409,94189,96032,56488,69985,44350,61415,10983,22237,7887,7582,59491,59919,101517,97835,92808,91059,90300,94991,90475,92210,54702,67755,43136,59526,10476,21094,825836,773554,135782,129931,158746,145449,93564,255,265
2021-09-25T23:59:59+02:00,9907,9585,66566,67028,108039,105105,98365,97772,94956,100356,94158,96003,56484,69977,44348,61412,10982,22237,7847,7543,59377,59802,101415,97742,92727,90989,90258,94925,90439,92188,54690,67744,43132,59522,10476,21094,825282,773001,135721,129879,158746,145421,93344,255,265
2021-09-24T23:59:59+02:00,9846,9524,66405,66845,107868,104933,98217,97623,94835,100252,94089,95949,56469,69960,44340,61399,10982,22235,7749,7431,59157,59572,101230,97548,92598,90841,90148,94818,90354,92122,54669,67722,43130,59517,10475,21091,824258,771806,135650,129813,158746,145359,92929,255,265
2021-09-23T23:59:59+02:00,9754,9401,66081,66510,107602,104677,98024,97393,94674,100088,93986,95839,56423,69901,44316,61370,10976,22206,7633,7311,58861,59290,100986,97314,92409,90632,90013,94665,90257,92017,54620,67673,43108,59489,10474,21068,822458,770257,135529,129703,158740,145290,92305,255,265
2021-09-22T23:59:59+02:00,9684,9321,65747,66185,107396,104461,97827,97187,94518,99953,93857,95741,56376,69832,44282,61326,10965,22184,7577,7270,58683,59110,100807,97145,92230,90495,89897,94546,90149,91941,54586,67628,43080,59457,10468,21053,820703,769226,135416,129626,158735,145207,91798,255,265
2021-09-21T23:59:59+02:00,9597,9233,65518,65938,107188,104281,97654,97029,94403,99844,93777,95671,56327,69781,44264,61283,10958,22170,7539,7233,58490,58926,100615,96988,92088,90363,89809,94457,90058,91867,54548,67571,43060,59419,10459,21035,819250,768175,135334,129531,158732,145144,91410,255,265
2021-09-20T23:59:59+02:00,9536,9176,65234,65629,106987,104097,97495,96861,94296,99745,93711,95595,56287,69738,44243,61241,10953,22159,7482,7178,58299,58773,100430,96843,91937,90210,89668,94357,89977,91796,54501,67533,43033,59383,10453,21018,817826,767174,135254,129449,158726,144997,90986,255,265
2021-09-19T23:59:59+02:00,9485,9132,64954,65454,106758,103904,97346,96693,94156,99644,93608,95519,56258,69685,44233,61217,10951,22148,7444,7136,58058,58578,100185,96668,91752,90043,89484,94186,89859,91712,54464,67472,43015,59349,10452,21005,816500,765971,135171,129331,158722,144734,90561,255,265
2021-09-18T23:59:59+02:00,9452,9087,64860,65351,106639,103808,97235,96605,94090,99574,93574,95491,56250,69676,44229,61212,10949,22147,7404,7095,57936,58458,100079,96569,91630,89962,89413,94123,89823,91682,54454,67467,43008,59346,10450,21001,815927,765336,135080,129266,158720,144722,90311,255,265
2021-09-17T23:59:59+02:00,9373,9000,64663,65190,106462,103650,97066,96452,93961,99476,93502,95415,56234,69649,44218,61206,10943,22141,7313,6996,57729,58222,99890,96408,91475,89843,89296,94017,89746,91620,54439,67441,43000,59339,10450,20998,814823,764203,134991,129169,158716,144705,89880,255,265
2021-09-16T23:59:59+02:00,9283,8892,64385,64889,106183,103393,96831,96215,93774,99299,93400,95323,56183,69594,44205,61178,10936,22127,7222,6885,57478,57951,99619,96178,91281,89630,89121,93855,89645,91533,54393,67390,42977,59318,10445,20987,813015,762696,134902,129032,158706,144642,89275,255,263
2021-09-15T23:59:59+02:00,9213,8837,64032,64595,105983,103181,96624,96022,93639,99138,93299,95237,56146,69537,44170,61148,10931,22100,7173,6836,57301,57791,99426,96017,91111,89473,89017,93743,89541,91468,54361,67344,42952,59286,10441,20967,811270,761642,134847,128915,158702,144608,88820,255,263
2021-09-14T23:59:59+02:00,9171,8788,63743,64386,105744,102963,96427,95842,93506,98999,93183,95151,56100,69479,44145,61111,10926,22084,7131,6800,57098,57609,99247,95831,90943,89310,88884,93632,89461,91396,54324,67304,42930,59259,10436,20952,809733,760601,134777,128824,158694,144509,88351,255,262
2021-09-13T23:59:59+02:00,9135,8754,63447,64121,105515,102732,96258,95675,93362,98864,93097,95054,56049,69425,44128,61077,10919,22072,7099,6763,56891,57425,99049,95640,90790,89154,88751,93526,89375,91322,54287,67258,42910,59230,10433,20935,808226,759505,134687,128710,158684,144467,87894,255,262
2021-09-12T23:59:59+02:00,9082,8706,63135,63876,105268,102484,96047,95447,93201,98736,93000,94973,55998,69375,44111,61046,10915,22061,7061,6733,56691,57264,98806,95432,90621,88985,88619,93410,89278,91246,54244,67201,42888,59201,10429,20918,806690,758477,134587,128581,158680,144396,87311,255,262
2021-09-11T23:59:59+02:00,9035,8673,63015,63743,105124,102366,95944,95338,93115,98657,92960,94941,55983,69360,44106,61034,10915,22060,7008,6707,56543,57173,98655,95327,90522,88888,88520,93344,89240,91220,54234,67181,42884,59191,10429,20917,806005,757883,134532,128501,158678,144377,86961,255,261
2021-09-10T23:59:59+02:00,8941,8562,62774,63478,104924,102153,95771,95148,92970,98531,92865,94869,55948,69331,44092,61016,10915,22058,6928,6629,56296,56964,98457,95142,90340,88704,88387,93214,89154,91149,54212,67160,42871,59172,10429,20913,804615,756719,134468,128384,158675,144362,86395,255,261
2021-09-09T23:59:59+02:00,8843,8462,62456,63200,104647,101832,95533,94859,92792,98306,92730,94753,55908,69266,44071,60987,10905,22037,6825,6526,56042,56739,98204,94893,90109,88471,88225,93060,89011,91065,54169,67111,42850,59143,10423,20907,802633,755300,134363,128198,158671,144288,85727,255,260
2021-09-08T23:59:59+02:00,8783,8411,62233,62965,104422,101595,95341,94636,92623,98135,92614,94621,55873,69199,44037,60947,10892,22013,6794,6496,55881,56582,98014,94684,89949,88276,88065,92917,88893,90960,54131,67049,42814,59102,10411,20873,801135,754283,134255,128050,158660,144201,85097,255,260
2021-09-07T23:59:59+02:00,8732,8358,61994,62747,104198,101357,95157,94446,92479,97994,92513,94544,55839,69150,44008,60892,10883,21990,6748,6460,55685,56415,97796,94489,89763,88113,87933,92807,88796,90870,54089,67003,42789,59070,10406,20854,799646,753196,134149,127922,158655,144071,84638,255,259
2021-09-06T23:59:59+02:00,8690,8315,61785,62571,103991,101184,95016,94285,92361,97862,92424,94468,55781,69091,43986,60863,10876,21957,6705,6423,55513,56247,97593,94324,89593,87955,87806,92680,88697,90789,54036,66954,42768,59025,10396,20830,798394,752086,134058,127787,158645,143986,84216,255,259
2021-09-05T23:59:59+02:00,8629,8265,61569,62365,103822,100997,94860,94115,92236,97748,92347,94400,55753,69050,43976,60842,10871,21950,6652,6367,55307,56044,97395,94125,89405,87792,87663,92553,88614,90703,53988,66905,42751,59002,10391,20814,797194,750917,133977,127616,158642,143890,83789,255,259
2021-09-04T23:59:59+02:00,8578,8235,61450,62254,103732,100899,94758,94028,92178,97680,92312,94375,55743,69039,43969,60832,10871,21949,6624,6323,55182,55929,97274,93999,89288,87693,87595,92472,88564,90669,53973,66894,42745,58991,10391,20813,796592,750265,133929,127493,158638,143872,83530,255,259
2021-09-03T23:59:59+02:00,8500,8160,61256,62069,103558,100741,94606,93880,92072,97567,92240,94324,55715,69012,43961,60817,10869,21941,6557,6257,54973,55744,97074,93782,89097,87498,87450,92302,88471,90591,53941,66860,42734,58972,10387,20810,795465,749014,133875,127266,158630,143836,83125,255,259
2021-09-02T23:59:59+02:00,8379,8068,60995,61820,103300,100494,94404,93657,91883,97398,92121,94224,55667,68954,43938,60782,10864,21919,6458,6175,54703,55484,96775,93498,88849,87223,87226,92092,88327,90475,53896,66778,42703,58921,10377,20773,793787,747345,133763,126909,158618,143715,82505,255,259
2021-09-01T23:59:59+02:00,8314,7986,60782,61606,103101,100323,94255,93503,91763,97271,92015,94149,55623,68904,43920,60758,10856,21901,6401,6112,54446,55262,96547,93276,88653,87009,87048,91926,88186,90365,53831,66688,42665,58878,10368,20752,792525,745891,133687,126649,158602,143596,82022,255,255
2021-08-31T23:59:59+02:00,8232,7910,60572,61351,102895,100136,94076,93342,91640,97153,91888,94067,55577,68852,43894,60718,10845,21885,6339,6042,54192,54998,96275,93029,88435,86774,86890,91766,88023,90259,53787,66615,42639,58823,10360,20733,791135,744390,133607,126342,158591,143486,81506,255,255
2021-08-30T23:59:59+02:00,8136,7834,60366,61164,102714,99989,93954,93206,91521,97050,91818,93988,55543,68821,43878,60684,10840,21869,6267,5977,53939,54803,96031,92794,88219,86543,86710,91623,87896,90134,53729,66535,42598,58760,10343,20704,790010,742948,133549,126029,158584,143338,81037,255,253
2021-08-29T23:59:59+02:00,8060,7756,60090,60922,102475,99792,93769,93032,91383,96933,91728,93898,55498,68771,43854,60654,10838,21860,6159,5866,53587,54493,95712,92502,87929,86285,86476,91427,87743,90007,53661,66460,42568,58720,10337,20687,788647,741037,133458,125693,158569,143192,80444,255,253
2021-08-28T23:59:59+02:00,8003,7690,59950,60810,102367,99683,93666,92948,91298,96859,91682,93868,55484,68758,43846,60650,10837,21858,6120,5799,53409,54344,95550,92369,87795,86174,86365,91340,87674,89964,53644,66439,42559,58713,10335,20686,788023,740217,133419,125588,158565,143166,80055,255,253
2021-08-27T23:59:59+02:00,7937,7604,59766,60616,102195,99515,93525,92820,91185,96753,91595,93809,55462,68729,43837,60633,10836,21855,6041,5728,53166,54096,95254,92091,87572,85966,86188,91182,87566,89865,53602,66403,42544,58687,10330,20683,787031,738633,133357,125387,158527,143129,79562,255,253
2021-08-26T23:59:59+02:00,7851,7505,59524,60367,101964,99295,93305,92595,91005,96572,91489,93712,55411,68665,43804,60606,10830,21843,5969,5661,52824,53808,94885,91738,87234,85656,85946,90922,87409,89733,53537,66314,42498,58644,10323,20671,785539,736701,133259,124978,158504,142996,78846,255,251
2021-08-25T23:59:59+02:00,7778,7415,59293,60170,101791,99154,93153,92412,90885,96450,91380,93632,55372,68613,43770,60562,10825,21820,5897,5601,52518,53557,94580,91481,87009,85410,85748,90734,87277,89607,53470,66230,42450,58576,10317,20641,784319,734966,133177,124668,158493,142927,78292,254,250
2021-08-24T23:59:59+02:00,7728,7363,59073,59952,101605,98981,92987,92250,90773,96322,91295,93561,55334,68559,43744,60519,10819,21795,5852,5534,52194,53295,94228,91197,86706,85160,85539,90544,87125,89448,53385,66135,42403,58510,10309,20619,783180,733149,133086,124364,158486,142706,77714,254,250
2021-08-23T23:59:59+02:00,7672,7309,58865,59742,101435,98823,92857,92088,90678,96237,91219,93476,55296,68516,43715,60493,10815,21776,5789,5472,51871,53023,93886,90915,86462,84884,85344,90373,86989,89321,53305,66044,42369,58460,10302,20601,782020,731245,133013,124076,158476,142531,77309,254,249
2021-08-22T23:59:59+02:00,7600,7253,58670,59558,101231,98662,92698,91952,90583,96121,91139,93408,55260,68469,43701,60469,10809,21762,5708,5389,51500,52671,93483,90513,86150,84578,85107,90146,86819,89196,53226,65939,42337,58399,10294,20580,780987,728924,132910,123762,158464,142314,76790,254,245
2021-08-21T23:59:59+02:00,7547,7215,58534,59434,101095,98557,92592,91848,90484,96060,91081,93373,55240,68447,43693,60452,10807,21759,5516,5201,51164,52369,93315,90364,85979,84420,84960,90020,86733,89133,53195,65915,42327,58383,10293,20574,780308,727392,132834,123533,158463,142272,76419,254,245
2021-08-20T23:59:59+02:00,7495,7163,58378,59259,100923,98402,92443,91714,90368,95935,91003,93311,55218,68422,43683,60435,10805,21754,5390,5099,50828,52019,93053,90091,85715,84186,84745,89815,86599,89021,53164,65874,42304,58359,10286,20567,779352,725415,132784,123324,158457,142206,75925,253,245
2021-08-19T23:59:59+02:00,7428,7102,58127,59024,100647,98175,92236,91522,90208,95769,90875,93208,55175,68363,43658,60404,10798,21740,5273,4974,50384,51579,92620,89686,85309,83779,84433,89500,86384,88838,53093,65766,42265,58297,10276,20549,777984,722701,132650,122879,158450,141999,75182,253,244
2021-08-18T23:59:59+02:00,7364,7047,57939,58863,100460,97994,92088,91358,90068,95647,90774,93112,55108,68299,43629,60359,10788,21720,5178,4874,50029,51206,92241,89356,84984,83447,84154,89250,86193,88665,52979,65651,42194,58205,10261,20520,776819,720294,132561,122488,158443,141759,74602,252,244
2021-08-17T23:59:59+02:00,7302,6996,57750,58704,100265,97818,91921,91208,89945,95515,90677,93020,55069,68252,43605,60331,10786,21705,5057,4741,49532,50781,91789,88934,84582,83089,83823,88953,85986,88462,52876,65526,42136,58128,10255,20496,775697,717261,132457,122078,158430,141469,74094,251,244
2021-08-16T23:59:59+02:00,7242,6930,57565,58525,100062,97643,91773,91048,89804,95396,90562,92923,55017,68190,43575,60280,10779,21691,4847,4557,48962,50198,91314,88478,84113,82688,83490,88657,85756,88257,52772,65412,42077,58050,10246,20458,774520,713706,132366,121634,158423,141243,73505,251,244
2021-08-15T23:59:59+02:00,7176,6882,57342,58334,99877,97459,91614,90905,89679,95290,90474,92864,54980,68149,43555,60251,10775,21684,4448,4158,47840,49052,90670,87788,83556,82143,83096,88269,85468,88051,52664,65289,42033,57991,10237,20439,773431,707883,132254,121004,158415,141063,72999,251,243
2021-08-14T23:59:59+02:00,7144,6849,57219,58245,99734,97358,91507,90828,89591,95221,90423,92819,54964,68132,43550,60244,10774,21683,4419,4135,47684,48908,90438,87614,83339,81934,82971,88168,85398,88007,52636,65258,42024,57980,10236,20437,772898,707061,132197,120680,158410,141013,72589,251,243
2021-08-13T23:59:59+02:00,7097,6804,57063,58111,99575,97230,91377,90689,89485,95106,90342,92755,54934,68081,43536,60220,10772,21676,4360,4074,47376,48584,89955,87206,82936,81556,82707,87934,85226,87866,52592,65190,42002,57955,10233,20425,772059,704816,132137,120121,158403,140932,72065,249,243
2021-08-12T23:59:59+02:00,7062,6754,56857,57947,99360,97053,91201,90522,89339,94962,90247,92674,54897,68028,43510,60186,10764,21659,4308,4011,46955,48188,89304,86634,82353,81005,82330,87606,84995,87685,52517,65087,41949,57896,10223,20407,770986,701824,132033,119282,158391,140682,71423,249,242
2021-08-11T23:59:59+02:00,7026,6699,56669,57776,99149,96872,91043,90382,89207,94845,90136,92572,54846,67967,43478,60147,10754,21644,4234,3962,46535,47725,88673,85981,81768,80495,81992,87298,84724,87442,52429,64945,41877,57771,10204,20358,769853,698632,131935,118325,158368,140345,70870,246,241
2021-08-10T23:59:59+02:00,6965,6651,56482,57609,98927,96722,90886,90231,89079,94731,90052,92495,54802,67920,43462,60107,10750,21631,4169,3897,46095,47247,88025,85349,81160,79951,81581,86917,84478,87223,52308,64835,41817,57688,10190,20327,768786,695266,131840,117382,158349,140027,70341,246,241
2021-08-09T23:59:59+02:00,6913,6592,56309,57448,98734,96565,90730,90093,88939,94633,89942,92431,54762,67871,43437,60072,10743,21616,4100,3819,45525,46678,87191,84671,80471,79363,81167,86566,84186,86998,52196,64702,41761,57587,10176,20285,767752,691417,131767,116320,158339,139680,69787,245,238
2021-08-08T23:59:59+02:00,6842,6523,56085,57259,98521,96375,90548,89927,88801,94511,89847,92356,54707,67823,43411,60038,10736,21596,4044,3758,44920,46063,86120,83730,79566,78551,80621,86088,83853,86697,52062,64548,41697,57497,10163,20259,766526,686274,131652,115135,158319,139367,69224,244,237
2021-08-07T23:59:59+02:00,6798,6472,55941,57135,98380,96259,90417,89825,88706,94453,89785,92315,54688,67796,43408,60028,10733,21591,3583,3383,44078,45170,85780,83389,79088,78110,80259,85736,83672,86552,51999,64464,41676,57461,10158,20250,765853,682533,131590,113988,158314,139263,68788,244,236
2021-08-06T23:59:59+02:00,6742,6423,55750,56982,98148,96073,90264,89694,88579,94338,89687,92244,54648,67768,43399,60001,10730,21587,3199,2984,43156,44275,85308,82920,78502,77554,79869,85350,83481,86405,51947,64399,41650,57429,10150,20237,764881,678552,131491,112708,158307,139127,68193,244,235
2021-08-05T23:59:59+02:00,6675,6351,55430,56731,97844,95802,89999,89473,88364,94145,89516,92108,54583,67678,43370,59949,10721,21569,2682,2536,41906,43101,84569,82234,77715,76752,79271,84784,83122,86103,51816,64240,41590,57326,10135,20204,763209,672948,131363,111066,158294,138581,67257,244,234
2021-08-04T23:59:59+02:00,6594,6301,55184,56540,97578,95588,89809,89305,88221,94006,89397,92009,54530,67627,43332,59902,10717,21559,2610,2476,41419,42604,83325,81182,76364,75608,78780,84327,82802,85855,51675,64102,41532,57238,10119,20178,761905,667726,131255,109552,158280,138110,66574,244,234
2021-08-03T23:59:59+02:00,6528,6235,54926,56345,97343,95394,89630,89139,88077,93861,89250,91887,54453,67547,43295,59844,10709,21551,2555,2434,40978,42171,82079,80043,74938,74417,78170,83759,82254,85362,51461,63899,41431,57082,10106,20142,760519,661885,131150,107851,158255,137406,65905,244,234
2021-08-02T23:59:59+02:00,6466,6172,54687,56143,97080,95170,89405,88964,87905,93719,89107,91774,54370,67474,43262,59791,10706,21531,2504,2370,40494,41667,80748,78930,73383,73207,77539,83194,81711,84877,51291,63695,41356,56961,10089,20108,759081,655772,131000,106091,158232,136800,65229,243,232
2021-08-01T23:59:59+02:00,6399,6087,54417,55877,96812,94901,89168,88788,87700,93573,88942,91664,54301,67388,43225,59739,10699,21524,2425,2317,39973,41168,79453,77848,71969,72104,76643,82442,81125,84411,51100,63457,41268,56856,10078,20084,757470,649579,130804,104188,158206,136185,64541,240,228
2021-07-31T23:59:59+02:00,6363,6049,54294,55783,96690,94806,89065,88721,87609,93501,88897,91628,54289,67378,43219,59735,10699,21523,1901,1867,39011,40139,79002,77406,71432,71549,76259,82114,81010,84315,51081,63423,41252,56844,10078,20081,756984,644887,130634,103314,158203,136090,64245,240,228
2021-07-30T23:59:59+02:00,6308,6014,54116,55636,96531,94628,88906,88572,87477,93386,88814,91558,54252,67347,43206,59717,10697,21521,1434,1417,37996,39076,78293,76748,70671,70814,75745,81587,80608,83990,51004,63334,41218,56784,10072,20069,756078,638669,130318,102174,158198,135880,63910,239,227
2021-07-29T23:59:59+02:00,6257,5955,53878,55451,96270,94400,88693,88363,87305,93210,88674,91431,54193,67283,43183,59678,10688,21500,947,951,36744,37832,77233,75875,69619,69863,74937,80825,80070,83561,50871,63169,41151,56688,10055,20042,754828,630879,129836,100618,158181,135323,63386,238,227
2021-07-28T23:59:59+02:00,6220,5902,53674,55280,96062,94193,88541,88182,87192,93069,88561,91334,54135,67208,43149,59630,10678,21470,906,901,36130,37222,76061,74896,68338,68760,74174,80108,79578,83100,50729,62967,41083,56583,10039,20001,753642,624516,129391,99202,158164,134531,63102,238,225
2021-07-27T23:59:59+02:00,6170,5860,53438,55057,95801,93983,88357,87996,87034,92913,88437,91236,54082,67132,43108,59567,10664,21422,845,845,35470,36450,74596,73646,66884,67540,73307,79262,79035,82579,50555,62754,41004,56462,10014,19959,752220,617180,128960,97748,158141,133300,62755,238,224
2021-07-26T23:59:59+02:00,6113,5807,53217,54849,95556,93792,88161,87826,86870,92776,88308,91134,54022,67052,43079,59510,10657,21400,790,786,34698,35608,73075,72313,65512,66300,72260,78268,78441,82047,50383,62538,40925,56312,9992,19914,750869,609079,128536,96217,158123,132221,62421,237,224
2021-07-25T23:59:59+02:00,6075,5763,53009,54643,95300,93562,87984,87632,86712,92644,88199,91036,53971,66988,43051,59466,10647,21365,678,677,33993,34842,71726,71103,64400,65286,71260,77355,77965,81592,50264,62350,40860,56224,9986,19879,749455,602088,128261,94658,158101,131420,62050,237,224
2021-07-24T23:59:59+02:00,5988,5705,52733,54346,94990,93249,87738,87423,86536,92487,88099,90955,53942,66954,43039,59443,10647,21359,629,626,33482,34343,70856,70405,63733,64728,70381,76655,77761,81441,50209,62307,40838,56199,9986,19877,747576,597650,128207,93722,158100,131291,61569,237,224
2021-07-23T23:59:59+02:00,5935,5649,52459,54074,94586,92961,87435,87205,86354,92309,87957,90862,53906,66906,43031,59425,10644,21353,576,581,32950,33680,69789,69542,62951,64058,69475,75804,77359,81111,50133,62208,40806,56160,9979,19863,745510,591989,128133,92563,158094,131116,61133,237,224
2021-07-22T23:59:59+02:00,5865,5586,52040,53672,94103,92511,87048,86867,86043,92009,87745,90675,53821,66812,43002,59365,10636,21327,501,518,32234,32944,68473,68546,61903,63179,67857,74446,76703,80596,49981,62000,40714,56045,9958,19824,742445,585506,127900,89808,158067,130350,60535,236,223
2021-07-21T23:59:59+02:00,5812,5532,51667,53285,93667,92094,86738,86567,85788,91764,87571,90487,53736,66727,42943,59298,10625,21299,451,460,31613,32283,67138,67503,60811,62285,65816,72752,75797,79850,49691,61690,40553,55857,9934,19768,739629,579200,127661,85481,158036,129255,60093,236,223
2021-07-20T23:59:59+02:00,5753,5468,51277,52889,93204,91624,86371,86240,85520,91508,87348,90290,53644,66593,42894,59240,10618,21274,404,416,30948,31618,65671,66307,59680,61320,64638,71690,75180,79291,49485,61459,40447,55698,9910,19707,736654,572125,127439,83796,157981,128225,59500,236,223
2021-07-19T23:59:59+02:00,5676,5394,50805,52428,92732,91144,86000,85907,85271,91295,87142,90111,53551,66472,42858,59160,10600,21239,360,363,30399,31030,64506,65249,58763,60461,63485,70654,74578,78774,49311,61262,40356,55551,9882,19663,733376,566330,127210,81987,157945,127034,59073,236,223
2021-07-18T23:59:59+02:00,5606,5324,49979,51611,91655,90089,85268,85293,84790,90861,86848,89819,53445,66325,42795,59064,10590,21208,324,319,29851,30440,63314,64177,57838,59543,62309,69625,74028,78275,49163,61099,40298,55467,9870,19634,726897,560481,126879,79958,157928,126227,58686,235,222
2021-07-17T23:59:59+02:00,5432,5137,49626,51277,91512,89954,85073,85134,84631,90723,86741,89737,53425,66298,42784,59052,10589,21205,272,264,29461,30052,62669,63575,57278,59119,61555,68889,73721,78032,49052,60981,40259,55409,9860,19623,725718,557442,126701,78990,157924,125611,57806,235,222
2021-07-16T23:59:59+02:00,5331,5046,49300,50980,91248,89729,84825,84936,84432,90539,86603,89630,53383,66265,42766,59038,10586,21200,237,229,28958,29544,61726,62660,56432,58431,60501,67852,73220,77611,48890,60792,40212,55340,9855,19614,724333,552465,126528,77669,157917,124869,56879,234,222
2021-07-15T23:59:59+02:00,5195,4912,48821,50565,90846,89346,84466,84557,84129,90261,86379,89461,53300,66174,42712,58968,10576,21172,188,196,28228,28911,60408,61589,55299,57444,59088,66538,72481,77021,48657,60529,40123,55208,9839,19559,721846,546619,126109,75462,157882,123194,55809,233,222
2021-07-14T23:59:59+02:00,5089,4797,48464,50189,90542,89049,84174,84242,83880,90023,86179,89303,53211,66067,42654,58879,10559,21142,169,173,27692,28336,59309,60592,54330,56597,58211,65686,71871,76432,48388,60251,40017,55033,9816,19515,719671,541175,125750,74538,157838,121493,54991,232,221
2021-07-13T23:59:59+02:00,4977,4680,48054,49805,90145,88693,83868,83933,83610,89761,85971,89135,53100,65962,42599,58815,10553,21121,153,163,27021,27652,57936,59403,53137,55606,57222,64772,71144,75793,48110,59927,39888,54854,9784,19463,717291,534811,125377,73421,157782,119437,54139,231,220
2021-07-12T23:59:59+02:00,4806,4510,47497,49284,89749,88353,83472,83613,83360,89499,85781,88974,53019,65867,42552,58752,10541,21106,144,155,26385,26986,56432,58051,51850,54544,55999,63626,70398,75171,47735,59498,39713,54631,9742,19398,714556,527500,125009,72399,157721,117084,53256,231,219
2021-07-11T23:59:59+02:00,4412,4136,46547,48355,89318,87920,83057,83226,83050,89210,85585,88824,52931,65774,42526,58696,10530,21089,132,147,25779,26419,55054,56791,50553,53497,54959,62593,69804,74619,47387,59116,39588,54456,9717,19356,710583,520867,124537,71392,157681,115294,52196,227,218
2021-07-10T23:59:59+02:00,4399,4123,46215,48007,88865,87438,82726,82915,82944,89110,85519,88767,52910,65751,42517,58682,10529,21085,129,139,25289,25878,53962,55843,49691,52912,54359,62025,69589,74433,47019,58698,39488,54352,9712,19345,709910,516537,124069,71307,157505,113972,50829,226,218
2021-07-09T23:59:59+02:00,4379,4111,45791,47563,88243,86876,82348,82571,82695,88920,85405,88675,52874,65722,42510,58669,10525,21076,123,124,24584,25101,52634,54610,48746,52031,53579,61174,69166,74027,46660,58288,39400,54262,9705,19333,708482,510346,123481,70901,157341,112621,49461,225,218
2021-07-08T23:59:59+02:00,4349,4084,45238,47059,87380,86162,81813,82054,82441,88676,85212,88521,52806,65655,42478,58622,10514,21060,115,107,23587,24151,50689,53027,47360,50878,52439,60044,68476,73390,46139,57729,39263,54098,9677,19265,706344,502574,122586,69621,157052,110080,47942,224,217
2021-07-07T23:59:59+02:00,4326,4057,44656,46462,86536,85397,81256,81571,82156,88379,85003,88357,52728,65555,42435,58558,10506,21040,103,92,22688,23232,48736,51337,45842,49741,51195,58862,67771,72855,45400,56986,39068,53860,9644,19207,703811,494363,121585,68510,156797,106965,46566,221,215
2021-07-06T23:59:59+02:00,4293,4036,44108,45937,85668,84659,80639,80977,81785,88048,84826,88181,52639,65475,42397,58496,10497,21015,94,82,21846,22352,46730,49554,44454,48490,49912,57521,67027,72135,44569,56211,38883,53621,9626,19152,701143,485360,120565,67430,156497,104000,45254,219,215
2021-07-05T23:59:59+02:00,4271,4000,42945,44937,84150,83555,79912,80356,81327,87624,84549,87916,52524,65339,42346,58418,10483,20987,83,70,20652,21276,44766,47946,43434,47529,48884,56558,66328,71517,43805,55349,38708,53396,9601,19112,697799,479349,119510,66558,156132,100909,41983,217,215
2021-07-04T23:59:59+02:00,4243,3977,41579,43706,82507,82245,79184,79753,80854,87200,84275,87712,52432,65214,42303,58366,10470,20958,80,63,19296,20065,42973,46429,42734,46784,48070,55704,65748,70947,43061,54496,38545,53205,9581,19065,694661,474680,118355,65622,155709,98292,38038,217,214
2021-07-03T23:59:59+02:00,3776,3562,39995,42138,81636,81586,78697,79267,80410,86723,84058,87540,52364,65113,42285,58314,10467,20952,76,62,18486,19370,42052,45733,42316,46407,47664,55304,65584,70781,42473,53767,38482,53105,9574,19055,690880,472737,117047,65523,155624,96700,35117,217,214
2021-07-02T23:59:59+02:00,3218,2990,38436,40632,80899,80860,78029,78560,79890,86220,83816,87336,52313,65027,42257,58267,10455,20939,67,54,17713,18633,40893,44768,41580,45708,46829,54521,65063,70330,41519,52560,38352,52917,9558,19036,685813,467642,115644,65052,155474,94195,32999,216,213
2021-07-01T23:59:59+02:00,2569,2443,36711,38960,79916,79986,77190,77727,79185,85583,83501,87059,52188,64871,42194,58166,10437,20909,56,42,16820,17692,39346,43527,40366,44647,45526,53388,64319,69749,40627,51419,38202,52707,9541,19004,679450,461186,113916,63401,155254,91418,30761,216,212
2021-06-30T23:59:59+02:00,2527,2413,35693,37934,78072,78482,75492,76238,78539,85034,83216,86766,52057,64710,42134,58069,10425,20882,47,32,15777,16701,37666,42301,39167,43542,44370,52323,63563,69117,40082,50732,38083,52507,9519,18968,673572,455023,112177,62060,155042,89526,27678,216,210
2021-06-29T23:59:59+02:00,2490,2381,34855,37023,76467,76992,73878,74824,77739,84317,82670,86273,51874,64491,42058,57938,10408,20846,34,23,14940,15787,36350,41156,38254,42716,43149,51268,62846,68532,39370,49794,37947,52288,9497,18924,667189,449817,110301,60227,154773,87575,25047,216,209
2021-06-28T23:59:59+02:00,2449,2346,34026,36196,74849,75580,72195,73427,76717,83530,82066,85774,51699,64263,41981,57832,10395,20814,25,18,14188,15022,35293,40130,37432,41986,42022,50272,62192,67984,38493,48707,37780,52065,9477,18879,660687,444954,108341,58713,154177,85369,22720,216,209
2021-06-27T23:59:59+02:00,2434,2331,33285,35443,73282,74210,70787,72219,75321,82410,81388,85219,51502,64046,41916,57714,10385,20785,20,18,13548,14381,34330,39370,36775,41386,41085,49421,61650,67541,37628,47674,37628,51886,9462,18848,654466,441030,106409,57945,153224,83105,20364,215,207
2021-06-26T23:59:59+02:00,1797,1723,32239,34327,72920,73888,70321,71755,75029,82099,81295,85141,51482,64020,41902,57704,10384,20782,20,17,13353,14169,33661,38827,36128,40963,40563,49086,60657,66532,36631,46537,37460,51673,9448,18815,649652,435030,105471,57890,153220,81161,20253,213,206
2021-06-25T23:59:59+02:00,1177,1127,31110,33137,72417,73355,69708,71062,74601,81651,80915,84816,51420,63933,41869,57661,10379,20768,17,16,13015,13776,32807,38033,35260,40143,39609,48246,59443,65297,36116,45837,37268,51372,9425,18774,643283,426593,104277,57441,153215,80096,20119,213,205
2021-06-24T23:59:59+02:00,565,569,29760,31807,71629,72596,68834,70179,73926,81018,80466,84453,51312,63804,41817,57591,10368,20735,14,13,12342,13059,31625,36735,34038,38875,38470,47129,57805,63922,35636,45320,37111,51182,9406,18715,635424,417208,102791,55880,153103,78207,19900,212,202
2021-06-23T23:59:59+02:00,538,536,29250,31243,70513,71612,67564,69038,73176,80329,80016,84048,51200,63630,41759,57495,10352,20703,12,12,11842,12521,30629,35495,33102,37652,37445,46248,55860,62201,35083,44754,36943,50956,9385,18650,629168,407404,101210,54819,153000,76953,19413,212,201
2021-06-22T23:59:59+02:00,515,519,28725,30637,69338,70576,66357,68010,72498,79624,79603,83677,51093,63504,41712,57410,10343,20677,10,11,11490,12099,29713,34564,32147,36758,36485,45343,53881,60359,34697,44278,36805,50714,9356,18592,622805,398836,99746,53245,152866,75833,19190,212,198
2021-06-21T23:59:59+02:00,483,485,28052,29944,68020,69395,65169,66880,71741,78844,79208,83284,50986,63393,41654,57322,10329,20636,9,11,11194,11778,29088,33977,31598,36189,35877,44752,52034,58700,33986,43475,36508,50291,9327,18516,615961,391246,98245,52049,152743,75152,18666,211,197
2021-06-20T23:59:59+02:00,398,404,27416,29272,66790,68255,64153,65946,70935,78103,78858,82945,50909,63265,41605,57255,10324,20603,5,10,10903,11508,28536,33474,31141,35698,35363,44229,50185,56902,33443,42793,36311,49957,9297,18456,609561,383805,96785,51297,152644,74680,18236,211,193
2021-06-19T23:59:59+02:00,366,369,27027,28895,66057,67685,63626,65439,70136,77449,78707,82821,50888,63239,41589,57239,10323,20603,5,9,10767,11307,28282,33153,30885,35372,35138,43967,48737,55508,33183,42445,36227,49817,9289,18428,605592,378387,95843,51285,152644,74485,18169,211,193
2021-06-18T23:59:59+02:00,338,335,26563,28417,65039,66944,62887,64827,69213,76612,78318,82490,50825,63165,41562,57203,10319,20595,5,9,10548,11063,27884,32728,30554,34960,34746,43568,46994,53826,32829,41930,36090,49607,9270,18394,600152,371508,94601,50995,152638,74259,18051,211,192
2021-06-17T23:59:59+02:00,308,304,25915,27794,63767,65947,61887,64018,67623,75204,77794,82084,50724,63011,41499,57122,10306,20568,5,9,10125,10697,27092,32028,29811,34280,33908,42863,45477,52327,32379,41297,35926,49351,9239,18344,594032,364035,91943,49849,152476,73868,17215,210,191
2021-06-16T23:59:59+02:00,273,265,25376,27184,62462,64813,60777,63049,65358,73276,76950,81428,50511,62803,41408,57010,10287,20535,5,7,9799,10428,26439,31353,29107,33657,33177,42226,44881,51760,32107,40931,35780,49152,9218,18303,587732,360317,87429,49141,152063,72346,16335,207,191
2021-06-15T23:59:59+02:00,234,234,24721,26457,61052,63584,59698,62067,64202,72188,76442,81008,50387,62653,41358,56915,10280,20506,5,7,9526,10144,25834,30616,28471,32901,32495,41502,43321,50126,31655,40374,35608,48918,9188,18238,580540,353574,85801,48242,151609,71091,15831,206,191
2021-06-14T23:59:59+02:00,211,202,24238,25849,59943,62537,58824,61223,63125,71183,75967,80617,50299,62530,41308,56844,10265,20481,4,7,9229,9842,25084,29727,27711,32065,31707,40687,42031,48781,31284,39873,35472,48697,9158,18186,574650,347414,84086,47224,151404,69416,15301,206,190
2021-06-13T23:59:59+02:00,206,187,23824,25377,59000,61631,58053,60435,62018,70215,75502,80195,50209,62415,41257,56784,10254,20451,4,7,8941,9535,24373,28883,27002,31225,30949,39831,40470,47191,30817,39259,35271,48391,9128,18096,569632,340335,82231,46443,151178,67639,14767,206,189
2021-06-12T23:59:59+02:00,193,169,23560,25087,58437,61123,57694,60155,61373,69578,75301,80083,50184,62383,41245,56770,10251,20447,4,7,8820,9415,23896,28305,26479,30648,30419,39269,39370,46217,30648,39080,35176,48226,9124,18085,566662,336078,81275,46440,151170,65760,14721,206,189
2021-06-11T23:59:59+02:00,174,154,23184,24644,57685,60304,57019,59526,60464,68647,74955,79778,50109,62308,41219,56734,10249,20441,4,6,8674,9217,23379,27632,25946,29990,29832,38629,38291,45205,30382,38723,35033,48005,9111,18058,561607,331210,79985,46181,151157,63897,14641,205,188
2021-06-10T23:59:59+02:00,159,137,22640,24054,56541,59365,56091,58709,59201,67473,74415,79379,50037,62201,41195,56685,10234,20412,4,6,8407,8961,22506,26688,24984,29049,28710,37690,36900,44040,30025,38242,34753,47571,9044,17982,556010,324290,77773,45473,150917,61588,14024,205,187
2021-06-09T23:59:59+02:00,139,122,22004,23449,55281,58259,55013,57795,58250,66563,73953,78985,49949,62102,41143,56623,10220,20381,4,5,8106,8698,21573,25821,24054,28168,27675,36735,35178,42247,29635,37739,34566,47301,9002,17891,550192,316831,76311,44740,150566,59682,12959,204,186
2021-06-08T23:59:59+02:00,117,104,21321,22723,53970,57127,53896,56812,57291,65708,73408,78551,49860,61978,41088,56532,10202,20351,3,4,7839,8447,20680,24933,23000,27303,26635,35772,33814,40940,29279,37233,34245,46842,8951,17807,543488,310517,75375,43968,150126,57212,11846,204,184
2021-06-07T23:59:59+02:00,100,87,20663,22083,52526,55868,52637,55833,56136,64720,72855,78146,49774,61870,41042,56469,10189,20325,2,3,7580,8222,19842,24115,21979,26494,25600,34898,32878,40154,28995,36838,33996,46416,8900,17716,536178,305880,74471,43149,149717,54662,10753,204,184
2021-06-06T23:59:59+02:00,93,82,20149,21548,51377,54756,51525,54854,55171,63768,72344,77740,49686,61791,41006,56406,10181,20309,2,3,7365,8025,19059,23220,21078,25621,24530,33911,31961,39336,28707,36496,33742,46025,8849,17642,529835,301323,73445,42407,149380,51738,9923,203,181
2021-06-05T23:59:59+02:00,87,74,19872,21234,50591,53997,50871,54350,54698,63292,72214,77628,49676,61778,41002,56403,10178,20309,2,3,7133,7612,18416,22157,20355,24509,23658,32655,30922,38016,28372,36030,33617,45850,8842,17622,525463,295025,73439,42369,149306,48354,9843,203,180
2021-06-04T23:59:59+02:00,77,68,19417,20645,49522,52980,50050,53484,54042,62504,71873,77302,49648,61741,40982,56388,10176,20304,2,2,6906,7292,17787,21308,19667,23509,22718,31373,29697,36675,28083,35662,33503,45674,8830,17601,518968,288542,73110,42300,149290,45635,9633,202,179
2021-06-03T23:59:59+02:00,67,57,18731,19943,47998,51677,48829,52350,53066,61477,71369,76843,49580,61638,40944,56340,10163,20279,2,2,6612,6892,17050,20258,18865,22361,21712,29943,28528,35185,27540,34877,33297,45346,8793,17526,511166,281788,72096,41545,149017,42408,8872,200,176
2021-06-02T23:59:59+02:00,62,53,18346,19420,46974,50682,47945,51584,52313,60714,71118,76630,49541,61603,40925,56311,10155,20265,1,2,6422,6655,16412,19563,17941,21600,20863,28992,27433,33774,27075,34270,33136,45095,8764,17456,504853,275500,72077,41531,148998,39738,8516,197,169
2021-06-01T23:59:59+02:00,52,47,17658,18672,45109,48946,46290,50126,50794,59252,70439,76029,49447,61491,40867,56239,10143,20217,1,1,6141,6336,15256,18662,16429,20633,19645,27737,26205,32375,26515,33572,32885,44743,8718,17354,495729,268985,70708,40958,148451,36363,6738,192,164
2021-05-31T23:59:59+02:00,50,43,17173,18173,43802,47800,45074,49012,49556,58124,69755,75518,49364,61389,40822,56173,10131,20179,1,1,5863,6000,14213,17826,15020,19708,18465,26619,24974,31031,25994,32853,32690,44445,8684,17253,489472,262674,69544,40413,147985,33445,4946,191,162
2021-05-30T23:59:59+02:00,44,42,16838,17777,42834,46859,44166,48108,48549,57125,69202,74973,49258,61234,40750,56057,10115,20136,1,1,5670,5755,13665,17117,14391,19008,17562,25644,23872,29857,25222,31901,32392,44026,8639,17164,483522,256693,68513,39612,147575,31162,4267,190,153
2021-05-29T23:59:59+02:00,44,41,16703,17649,42469,46539,43822,47842,48309,56934,69144,74920,49252,61227,40743,56053,10115,20135,1,1,5506,5512,13156,16316,13745,18160,16718,24476,22755,28556,25062,31667,32327,43931,8636,17157,481536,251090,68390,39612,147569,28572,4257,189,151
2021-05-28T23:59:59+02:00,43,39,16401,17340,41760,45911,43311,47275,47800,56401,68866,74626,49186,61144,40716,56003,10112,20130,1,1,5260,5125,12621,15401,13064,17295,15854,23240,21652,27116,24810,31300,32232,43798,8626,17141,477229,245031,67883,39508,147545,25634,4218,189,146
2021-05-27T23:59:59+02:00,40,36,15870,16785,40606,44921,42292,46380,46811,55509,68287,74188,49064,60984,40662,55932,10101,20091,1,1,5017,4776,11977,14579,12280,16361,14783,22049,20392,25604,24305,30562,32060,43537,8592,17058,471323,237669,66369,38701,146826,23568,3854,187,142
2021-05-26T23:59:59+02:00,38,35,15456,16344,39507,43995,41254,45506,45781,54631,67680,73676,48912,60802,40578,55767,10079,20043,1,1,4823,4574,11421,13818,11562,15512,13771,20917,18992,24007,23719,29773,31842,43191,8538,16956,466155,230389,64348,37829,145838,21502,3556,187,142
2021-05-25T23:59:59+02:00,38,34,15050,15925,38500,43106,40286,44656,44828,53706,67060,73144,48728,60561,40499,55632,10054,19990,1,1,4603,4367,10880,13174,10796,14742,12698,19677,17557,22501,23131,28993,31605,42864,8481,16861,460806,223011,62768,36885,144728,19589,3308,187,139
2021-05-24T23:59:59+02:00,38,33,14702,15597,37662,42366,39418,43983,43968,52916,66525,72660,48604,60383,40436,55508,10034,19945,1,1,4455,4238,10435,12705,10160,14160,11807,18843,16268,21232,22454,28157,31387,42532,8422,16772,456182,216082,61529,35942,143985,18971,2896,186,138
2021-05-23T23:59:59+02:00,34,33,14535,15417,37196,41990,38966,43580,43518,52509,66254,72432,48520,60291,40397,55461,10027,19921,1,1,4266,4097,9968,12229,9540,13556,10860,18025,15068,20166,21980,27584,31133,42240,8371,16686,452978,209062,61147,35860,143963,17904,2808,185,137
2021-05-22T23:59:59+02:00,32,31,14338,15201,36502,41424,38279,43124,42943,52095,65235,71414,48313,60032,40325,55346,10017,19900,1,1,4154,3800,9752,11811,9386,13233,10618,17579,14796,19764,21886,27467,31099,42198,8364,16677,446498,207829,61143,35857,143948,15986,2777,185,137
2021-05-21T23:59:59+02:00,31,30,13950,14787,35432,40514,37218,42202,41874,51191,63878,70122,48083,59696,40245,55197,10000,19867,1,1,4043,3701,9545,11545,9171,12965,10282,17248,14380,19392,21665,27181,31037,42107,8355,16669,436882,205863,60782,35551,143711,14982,2759,183,133
2021-05-20T23:59:59+02:00,28,30,13137,14042,33992,39068,35799,40805,40469,49989,62582,68972,47789,59356,40098,55015,9979,19817,1,1,3885,3523,9018,10937,8519,12255,9581,16398,13627,18427,20844,26059,30842,41809,8316,16582,426642,201485,59079,34703,142690,11929,2375,181,132
2021-05-19T23:59:59+02:00,28,29,12593,13464,32814,37659,34700,39427,39337,49027,60574,67200,47308,58799,39911,54750,9936,19711,1,1,3779,3383,8738,10564,8223,11882,9140,15891,12989,17763,19977,24928,30615,41504,8259,16467,415777,197236,57564,33889,141576,10680,2171,179,128
2021-05-18T23:59:59+02:00,26,29,12164,13002,31773,36646,33620,38514,38296,48093,58508,65332,46953,58353,39756,54510,9904,19651,1,1,3576,3215,8241,9969,7754,11341,8589,15219,12307,16993,19034,23694,30378,41162,8221,16361,407087,193125,55610,33047,140384,7883,1873,176,128
2021-05-17T23:59:59+02:00,24,28,11908,12717,31253,36090,33126,37952,37702,47460,56610,63622,46249,57530,39478,54111,9867,19578,1,1,3489,3105,7974,9692,7455,11043,8186,14804,11733,16386,18110,22558,30143,40841,8186,16286,399492,188733,54481,32301,139575,7254,1583,174,122
2021-05-16T23:59:59+02:00,24,28,11688,12461,30724,35588,32663,37460,37180,46886,54712,61789,45700,56833,39284,53793,9839,19522,1,1,3390,3002,7684,9396,7132,10701,7716,14337,11150,15798,17180,21405,29933,40550,8148,16217,392514,184439,53512,31450,138908,6664,1068,172,120
2021-05-15T23:59:59+02:00,24,28,11527,12253,30445,35255,32425,37140,36951,46622,53142,60308,45449,56528,39207,53654,9833,19494,1,1,3367,2982,7657,9366,7117,10680,7697,14322,11131,15773,17068,21189,29722,40240,8140,16207,386693,183432,53508,31449,138862,6610,1051,171,118
2021-05-14T23:59:59+02:00,24,28,11274,11962,29968,34742,32044,36677,36431,46146,51256,58467,45087,56026,39067,53448,9817,19454,1,1,3337,2956,7586,9293,7056,10605,7633,14260,10947,15572,16330,20118,29436,39749,8123,16167,378846,180473,53176,31110,138726,6469,1000,170,118
2021-05-13T23:59:59+02:00,22,27,10980,11622,29317,34091,31439,36073,35751,45469,49776,56949,44654,55399,38896,53201,9790,19407,1,1,3257,2905,7455,9187,6966,10510,7529,14149,10613,15223,15267,18872,29049,39108,8080,16092,371682,176643,52160,30546,137974,6080,880,167,115
2021-05-12T23:59:59+02:00,21,25,10846,11474,29029,33768,31171,35778,35432,45152,49492,56636,44558,55291,38844,53124,9783,19368,1,0,3243,2878,7421,9151,6934,10474,7497,14107,10442,15065,14885,18435,28742,38621,8058,16045,368978,174555,52072,30535,137817,6035,759,166,115
2021-05-11T23:59:59+02:00,20,22,10480,11139,28168,32948,30348,35020,34569,44365,47750,54858,44101,54690,38670,52836,9745,19265,1,0,3150,2781,7176,8872,6705,10172,7280,13738,9963,14517,13893,17285,28323,38002,8020,15951,362019,170853,50362,29635,135916,4694,532,165,115
2021-05-10T23:59:59+02:00,19,22,10168,10849,27425,32246,29571,34325,33799,43594,46443,53584,43715,54182,38482,52533,9695,19151,1,0,3106,2734,7046,8747,6608,10052,7135,13558,9694,14213,13190,16416,27894,37386,7995,15870,355754,168012,49242,29252,134225,3851,419,163,111
2021-05-09T23:59:59+02:00,18,22,9923,10593,26735,31553,28911,33630,33077,42897,44903,52099,43214,53557,38284,52228,9658,19065,1,0,3058,2686,6919,8608,6503,9913,7020,13344,9381,13898,12391,15515,27526,36844,7975,15814,348628,165138,48170,28701,133078,3114,333,158,110
2021-05-08T23:59:59+02:00,18,22,9830,10520,26353,31251,28456,33310,32608,42589,43849,51269,43060,53394,38245,52168,9655,19059,1,0,3053,2681,6909,8602,6498,9904,7011,13332,9371,13885,12354,15452,26845,35891,7938,15738,344050,163258,48130,28673,132991,3097,327,158,110
2021-05-07T23:59:59+02:00,17,22,9682,10369,25878,30867,27998,32929,32101,42235,42803,50440,42789,53051,38135,52012,9643,19032,1,0,2984,2651,6845,8556,6441,9849,6959,13279,9197,13662,11721,14642,25897,34497,7891,15656,338888,159133,47822,28300,132832,2878,307,154,110
2021-05-06T23:59:59+02:00,15,21,9271,10072,24963,30097,26934,32126,30873,41405,41186,49223,42404,52500,37940,51770,9605,18958,1,0,2908,2602,6715,8411,6321,9719,6810,13090,8924,13357,11065,13772,24928,33112,7856,15594,331017,155316,46745,27340,131160,2128,291,150,110
2021-05-05T23:59:59+02:00,15,20,8891,9870,24079,29492,26079,31473,29788,40615,39203,47405,41956,51951,37732,51486,9548,18845,1,0,2863,2569,6594,8279,6221,9605,6707,12945,8678,13096,10349,12937,23910,31784,7827,15522,323151,151396,45893,26450,129044,1723,210,150,108
2021-05-04T23:59:59+02:00,15,19,8649,9626,23296,28845,25103,30734,28716,39775,37676,45936,41483,51364,37455,51140,9497,18722,1,0,2820,2546,6521,8207,6136,9534,6629,12857,8440,12873,9612,12072,22963,30535,7793,15459,316468,147627,44921,25644,126406,1513,107,149,107
2021-05-03T23:59:59+02:00,15,18,8434,9411,22598,28266,24270,30129,27808,39075,36717,45184,41134,50893,37239,50849,9445,18620,1,0,2771,2510,6449,8129,6056,9464,6539,12774,8212,12655,8852,11169,22041,29315,7762,15408,311591,143849,44146,24820,124155,1269,68,145,101
2021-05-02T23:59:59+02:00,15,18,8265,9246,21961,27689,23538,29536,26991,38454,35898,44546,40876,50564,37127,50662,9410,18563,1,0,2734,2486,6407,8088,6017,9429,6496,12732,8031,12481,8250,10428,21329,28445,7741,15389,306765,140650,43379,24543,123017,1136,59,139,96
2021-05-01T23:59:59+02:00,14,18,8108,9059,21585,27238,23058,28965,26348,37735,35070,43652,40609,50187,37028,50509,9404,18546,1,0,2728,2479,6382,8077,6000,9420,6478,12719,8015,12464,8213,10363,21291,28388,7737,15385,300647,140356,43377,24536,122912,1094,58,139,96
2021-04-30T23:59:59+02:00,14,17,7957,8875,21196,26814,22607,28395,25592,36946,34052,42679,40378,49865,36930,50355,9392,18523,1,0,2704,2465,6356,8059,5978,9400,6449,12698,7981,12431,8172,10294,21241,28305,7734,15375,294299,140042,43370,24459,122729,997,51,138,94
2021-04-29T23:59:59+02:00,13,17,7673,8633,20599,26236,21939,27715,24662,35981,32774,41336,39332,48461,36613,49882,9334,18395,1,0,2668,2427,6264,7949,5889,9298,6354,12557,7777,12156,7545,9565,20830,27788,7710,15300,285533,137963,42583,23226,121295,747,51,133,91
2021-04-28T23:59:59+02:00,12,16,7388,8415,20079,25772,21300,27120,23779,35133,31373,39882,38165,46867,36270,49388,9272,18253,1,0,2596,2378,6148,7826,5777,9164,6249,12400,7553,11880,6848,8714,20412,27205,7670,15229,276846,135475,41805,21919,119652,518,51,130,87
2021-04-27T23:59:59+02:00,11,16,7197,8234,19654,25342,20676,26583,22920,34349,30153,38552,37069,45419,35888,48818,9202,18126,1,0,2569,2354,6047,7727,5724,9066,6181,12274,7339,11685,6241,7978,20011,26703,7650,15206,268996,133380,40937,20970,118097,271,51,128,84
2021-04-26T23:59:59+02:00,10,16,7013,8065,19234,24919,20128,26059,22109,33591,28937,37313,36008,43994,35580,48330,9151,17998,1,0,2555,2343,6001,7685,5679,9027,6143,12229,7151,11522,5628,7244,19636,26258,7627,15178,261281,131413,40112,20124,116891,239,47,124,84
2021-04-25T23:59:59+02:00,10,15,6905,7929,18898,24646,19748,25719,21498,32965,27946,36352,34869,42561,35261,47900,9109,17916,1,0,2540,2334,5983,7658,5660,9008,6123,12202,7112,11495,5500,7060,19299,25793,7611,15133,254053,130775,39395,19380,116630,227,46,123,84
2021-04-24T23:59:59+02:00,10,15,6738,7748,18456,24221,19195,25183,20712,32163,26858,35297,34619,42247,35168,47735,9099,17904,1,0,2536,2327,5971,7648,5649,8998,6118,12198,7102,11488,5425,6945,19203,25651,7608,15125,248080,130314,39390,19339,115729,211,46,123,83
2021-04-23T23:59:59+02:00,10,15,6507,7545,18009,23743,18625,24569,19883,31347,25693,34095,33837,41076,35024,47502,9085,17881,1,0,2530,2308,5944,7627,5610,8958,6071,12152,7056,11436,5261,6667,18663,25020,7508,14955,240479,128460,39059,18991,114740,189,45,123,82
2021-04-22T23:59:59+02:00,9,14,6290,7336,17401,23155,17832,23787,18834,30322,24366,32654,32795,39720,34779,47144,9045,17802,1,0,2514,2292,5896,7574,5559,8872,5992,12073,6979,11365,4974,6244,17946,24144,7387,14759,231420,126275,38132,18018,113568,154,45,120,79
2021-04-21T23:59:59+02:00,9,13,6089,7152,16872,22684,17174,23181,17843,29420,22811,31058,31787,38480,34481,46702,8996,17713,1,0,2490,2275,5852,7516,5499,8797,5926,11971,6884,11285,4813,5971,17245,23291,7271,14576,222510,124175,37357,17244,112434,122,45,119,77
2021-04-20T23:59:59+02:00,8,12,5901,6955,16308,22210,16424,22528,16843,28416,21335,29584,30633,36986,34163,46256,8942,17613,1,0,2476,2261,5803,7477,5455,8751,5879,11902,6806,11221,4696,5814,16641,22515,7144,14395,213463,122480,36468,16526,111024,114,44,118,73
2021-04-19T23:59:59+02:00,8,12,5714,6793,15778,21785,15746,21975,15843,27539,19940,28177,29245,35338,33844,45770,8882,17495,1,0,2465,2244,5779,7443,5418,8718,5840,11856,6725,11144,4567,5654,15996,21797,7036,14233,204722,120829,35687,15859,109318,111,44,113,73
2021-04-18T23:59:59+02:00,7,12,5525,6651,15345,21459,15125,21412,14869,26742,18603,27038,27853,33686,33508,45344,8820,17406,1,0,2415,2198,5647,7317,5302,8605,5734,11704,6619,11026,4447,5468,15406,21131,6920,14051,196149,119179,34854,14590,108247,107,44,111,71
2021-04-17T23:59:59+02:00,7,11,5488,6614,15191,21383,14950,21327,14634,26564,18347,26817,27347,33140,33383,45196,8811,17391,1,0,2388,2159,5547,7163,5197,8449,5634,11517,6531,10895,4394,5405,15160,20837,6910,14037,194924,117424,34849,14586,106673,99,44,111,71
2021-04-16T23:59:59+02:00,7,11,5423,6558,15008,21230,14738,21166,14346,26317,17930,26404,26301,31910,33247,44987,8791,17368,1,0,2344,2109,5433,6975,5056,8268,5484,11274,6329,10671,4191,5170,14509,20044,6813,13892,191557,114171,34563,14187,105467,91,44,111,70
2021-04-15T23:59:59+02:00,6,10,5350,6478,14793,21017,14469,20883,13914,25965,17290,25774,24932,30292,32988,44662,8756,17286,1,0,2271,2024,5237,6739,4860,7952,5278,10954,6115,10385,3989,4918,13676,18961,6698,13725,186975,110345,33753,13243,103983,82,44,110,69
2021-04-14T23:59:59+02:00,6,10,5269,6408,14587,20816,14215,20659,13529,25631,16622,25151,23349,28502,32675,44261,8701,17192,1,0,2078,1902,5017,6478,4674,7703,5052,10705,5881,10095,3854,4711,12943,18040,6569,13511,182362,107235,32881,11789,102188,77,44,108,69
2021-04-13T23:59:59+02:00,6,10,5214,6358,14380,20686,13973,20476,13185,25332,16048,24646,21633,26644,32356,43844,8671,17083,1,0,1991,1849,4848,6288,4487,7477,4852,10450,5671,9856,3711,4543,12423,17425,6442,13348,178106,104809,32001,10673,100286,67,44,108,69
2021-04-12T23:59:59+02:00,6,9,5152,6289,14161,20491,13669,20214,12795,24915,15467,24096,20022,24697,32065,43481,8629,17008,1,0,1863,1754,4665,6128,4335,7300,4690,10257,5534,9697,3591,4386,11989,16914,6330,13186,173721,103114,30946,9331,98349,65,44,106,66
2021-04-11T23:59:59+02:00,6,9,5081,6212,13940,20293,13371,20002,12376,24561,14899,23581,18510,22914,31804,43139,8584,16926,1,0,1824,1715,4545,6016,4224,7174,4567,10126,5398,9566,3475,4265,11495,16303,6197,12978,169416,101352,29986,8350,96663,63,42,101,62
2021-04-10T23:59:59+02:00,6,9,5076,6203,13922,20277,13361,19990,12358,24542,14873,23559,17818,21990,31513,42720,8566,16899,1,0,1819,1701,4530,6005,4208,7159,4554,10112,5345,9498,3370,4150,10939,15472,6066,12780,168334,99197,29958,8350,95250,61,39,101,62
2021-04-09T23:59:59+02:00,6,9,5062,6183,13880,20229,13312,19935,12307,24483,14608,23304,16295,20094,31107,42073,8532,16856,1,0,1792,1682,4507,5988,4181,7132,4510,10074,5308,9450,3283,4029,10070,14483,5917,12581,165688,96732,29617,8100,92835,59,37,98,60
2021-04-08T23:59:59+02:00,6,9,5016,6154,13779,20154,13231,19854,12203,24378,14268,22943,14518,17876,30486,41067,8469,16732,1,0,1767,1667,4477,5935,4130,7046,4445,9993,5234,9373,3174,3924,9591,13875,5711,12334,161830,94868,28585,7665,90602,58,30,96,56
2021-04-07T23:59:59+02:00,6,9,4983,6122,13667,20068,13133,19764,12095,24269,13883,22578,12989,16018,29837,40083,8415,16631,1,0,1748,1653,4423,5866,4043,6972,4356,9909,5145,9272,3083,3829,8830,12775,5471,11927,157341,92284,27705,6887,89381,50,28,95,54
2021-04-06T23:59:59+02:00,6,9,4952,6098,13567,20002,13050,19706,12017,24205,13505,22228,11351,14011,29176,39112,8383,16560,1,0,1684,1598,4292,5737,3933,6849,4237,9759,5040,9140,2967,3709,8122,11840,5196,11560,153323,89891,26826,5645,87670,48,26,93,54
2021-04-05T23:59:59+02:00,6,8,4913,6068,13493,19935,12980,19636,11960,24125,13229,21975,9735,12057,28449,38059,8348,16497,1,0,1614,1530,4138,5585,3764,6692,4085,9608,4885,9010,2836,3592,7304,10870,4926,11168,150104,87505,25811,3982,85448,45,22,88,54
2021-04-04T23:59:59+02:00,6,8,4895,6050,13483,19910,12970,19617,11953,24105,13130,21902,8709,10794,27998,37418,8323,16440,1,0,1611,1527,4130,5579,3763,6687,4080,9604,4883,9001,2831,3583,7066,10400,4843,11042,148359,86539,25806,3981,83439,39,20,87,52
2021-04-03T23:59:59+02:00,6,8,4892,6040,13465,19891,12958,19607,11943,24095,13116,21884,7800,9726,27116,36173,8273,16328,1,0,1607,1523,4128,5574,3762,6684,4072,9592,4869,8987,2824,3569,6924,10133,4804,10960,145880,85923,25798,3981,81538,38,19,86,52
2021-04-02T23:59:59+02:00,6,8,4887,6020,13429,19864,12919,19562,11897,24046,13042,21817,7287,8977,25527,34070,8128,16058,1,0,1596,1507,4103,5549,3737,6644,4036,9531,4747,8702,2695,3412,6549,9733,4655,10754,141419,84092,25456,3753,80566,38,17,86,51
2021-04-01T23:59:59+02:00,5,8,4837,5960,13334,19721,12801,19410,11749,23892,12442,21372,6723,8264,24018,32099,8002,15817,1,0,1532,1459,3991,5428,3671,6572,3968,9464,4668,8597,2598,3270,6033,9049,4477,10477,137219,81813,24317,3344,78819,34,16,83,48
2021-03-31T23:59:59+02:00,5,8,4785,5903,13210,19566,12666,19254,11560,23712,12183,21110,6401,7890,22534,30141,7849,15587,1,0,1519,1448,3966,5404,3638,6544,3931,9417,4628,8540,2534,3194,5543,8400,4298,10238,133273,80021,23222,3127,77773,34,13,83,48
2021-03-30T23:59:59+02:00,5,8,4719,5835,13073,19416,12554,19074,11431,23548,12015,20972,6211,7676,21143,28406,7704,15381,1,0,1502,1412,3925,5370,3573,6472,3840,9304,4496,8370,2395,2990,5119,7841,4154,9982,129902,77785,22294,2884,76886,22,8,81,47
2021-03-29T23:59:59+02:00,5,8,4678,5792,12952,19321,12485,18990,11350,23439,11863,20839,6052,7477,19713,26723,7577,15178,1,0,1444,1371,3870,5323,3499,6403,3720,9160,4341,8177,2271,2850,4553,7166,3997,9705,126296,75109,21427,2669,76631,21,7,81,45
2021-03-28T23:59:59+02:00,5,8,4630,5723,12830,19179,12401,18897,11248,23339,11754,20734,5900,7269,18529,25215,7457,14981,1,0,1411,1329,3771,5215,3305,6176,3632,9042,4288,8120,2218,2785,3796,6148,3811,9434,123283,72048,20631,2371,76100,14,7,78,42
2021-03-27T23:59:59+01:00,5,8,4597,5673,12721,19015,12285,18735,11131,23135,11645,20587,5833,7183,18240,24868,7446,14963,1,0,1404,1326,3766,5211,3302,6169,3347,8691,4089,7822,2212,2782,3783,6113,3774,9369,121443,70733,20591,2371,75952,10,7,77,40
2021-03-26T23:59:59+01:00,5,7,4558,5616,12609,18823,12150,18535,10979,22905,11482,20373,5667,6969,17630,24075,7347,14812,1,0,1402,1324,3761,5204,3278,6151,3327,8671,3875,7372,2033,2376,3519,5827,3622,9130,118337,68455,20250,2364,75873,8,6,76,40
2021-03-25T23:59:59+01:00,5,7,4482,5523,12412,18581,11949,18213,10770,22577,11242,20047,5451,6681,16598,22768,7219,14621,1,0,1393,1312,3742,5179,3244,6124,3275,8633,3827,7330,1960,2263,3083,5142,3460,8822,114365,66475,19175,2264,75525,6,6,75,39
2021-03-24T23:59:59+01:00,5,7,4399,5411,12191,18127,11730,17799,10545,22185,11009,19673,5180,6332,15555,21551,7077,14393,1,0,1370,1298,3717,5135,3208,6060,3221,8561,3775,7256,1905,2206,2774,4807,3307,8548,111250,65079,18082,2022,73756,6,6,75,36
2021-03-23T23:59:59+01:00,5,7,4342,5342,12023,17785,11527,17444,10354,21818,10780,19382,5040,6133,14912,20733,6937,14218,1,0,1353,1290,3700,5114,3187,6043,3195,8510,3735,7213,1867,2147,2542,4532,3095,8219,108867,63716,17349,1980,72485,5,6,75,36
2021-03-22T23:59:59+01:00,5,7,4290,5265,11823,17451,11339,17120,10130,21494,10566,19078,4889,5923,14293,20018,6805,14034,1,0,1340,1280,3669,5081,3155,6006,3168,8453,3698,7168,1822,2092,2345,4278,2897,7881,106999,62450,16628,1839,70823,4,6,74,35
2021-03-21T23:59:59+01:00,5,7,4217,5140,11541,17037,11057,16718,9860,21039,10308,18721,4775,5751,13597,19226,6661,13827,1,0,1331,1279,3652,5065,3134,5973,3145,8426,3679,7144,1802,2062,2176,4115,2725,7609,105112,61443,15328,1834,68968,4,5,74,32
2021-03-20T23:59:59+01:00,4,7,4188,5070,11399,16708,10934,16404,9719,20743,10133,18439,4647,5591,12968,18280,6520,13610,1,0,1330,1278,3651,5063,3131,5972,3142,8421,3673,7139,1798,2057,2144,4053,2699,7566,102916,61243,15323,1834,67046,4,5,74,32
2021-03-19T23:59:59+01:00,4,6,4142,4988,11231,16345,10749,16051,9542,20362,9913,18080,4489,5395,11940,17073,6357,13399,1,0,1322,1271,3634,5034,3101,5894,3097,8326,3569,6962,1672,1946,2068,3987,2589,7357,100208,59959,14913,1830,64869,4,5,71,32
2021-03-18T23:59:59+01:00,4,6,4054,4882,10983,15919,10486,15605,9261,19895,9688,17737,4343,5229,11313,16202,6126,13132,1,0,1318,1260,3617,4999,3081,5850,3076,8270,3542,6913,1652,1913,2032,3921,2462,7146,98400,59274,13905,1739,62485,4,5,70,31
2021-03-17T23:59:59+01:00,4,6,3877,4766,10685,15507,10227,15247,9019,19532,9434,17388,4222,5062,10496,14960,5862,12707,1,0,1317,1257,3604,4982,3074,5830,3066,8236,3525,6890,1649,1889,2008,3891,2350,6961,95741,58765,12359,1725,60826,4,5,70,31
2021-03-16T23:59:59+01:00,4,6,3732,4640,10349,15044,9958,14877,8742,19087,9137,17021,4081,4894,9675,13834,5581,12349,1,0,1304,1254,3600,4975,3064,5825,3060,8224,3517,6876,1622,1863,1969,3840,2229,6779,93409,58316,11164,1647,58366,4,4,68,31
2021-03-15T23:59:59+01:00,4,6,3585,4520,10034,14582,9666,14420,8443,18612,8847,16611,3934,4726,8957,12767,5353,12023,1,0,1294,1246,3579,4963,3052,5801,3038,8185,3497,6834,1607,1849,1950,3808,2112,6590,91432,57724,9800,1644,55792,4,3,63,31
2021-03-14T23:59:59+01:00,4,6,3513,4428,9777,14153,9415,14023,8123,18121,8565,16217,3772,4539,8149,11527,5042,11558,1,0,1280,1239,3558,4945,3031,5759,3016,8106,3469,6766,1580,1795,1889,3680,1944,6191,89100,57192,8777,1021,52993,4,1,61,31
2021-03-13T23:59:59+01:00,4,6,3430,4170,9462,13487,9167,13441,7894,17536,8354,15777,3660,4432,7954,11230,4990,11466,1,0,1280,1239,3558,4945,3030,5758,3015,8105,3466,6764,1577,1794,1887,3676,1943,6190,88423,57172,8776,1021,49199,4,1,61,30
2021-03-12T23:59:59+01:00,4,6,3364,4021,9214,12954,8929,12915,7660,16899,7994,15024,3495,4260,7566,10820,4850,11276,1,0,1276,1236,3553,4931,3027,5753,3008,8097,3462,6758,1550,1765,1865,3659,1845,6009,86627,56741,8525,1019,46038,4,1,60,30
2021-03-11T23:59:59+01:00,4,6,3205,3748,8833,12197,8623,12241,7326,16112,7646,14374,3332,4055,7003,10098,4654,10969,1,0,1257,1225,3521,4887,2982,5674,2973,7974,3410,6659,1504,1711,1781,3454,1641,5474,84159,55980,8069,118,42143,3,1,54,26
2021-03-10T23:59:59+01:00,4,6,3136,3640,8343,11693,7945,11764,7007,15618,7347,13778,3175,3894,6435,9402,4477,10692,1,0,1246,1211,3491,4830,2949,5597,2937,7836,3356,6536,1462,1668,1719,3356,1519,5187,82314,54781,7513,95,38475,0,1,53,24
2021-03-09T23:59:59+01:00,4,5,3028,3461,7668,11248,7066,11288,6589,15006,6981,13172,2939,3594,5922,8761,4319,10408,1,0,1241,1208,3468,4784,2922,5532,2920,7784,3337,6490,1448,1644,1683,3314,1407,4981,79993,54081,6142,60,35270,0,1,53,22
2021-03-08T23:59:59+01:00,4,5,2854,3222,7038,10706,6257,10809,6187,14485,6583,12601,2724,3383,5315,8023,4169,10136,1,0,1235,1201,3446,4720,2897,5455,2881,7689,3305,6415,1441,1635,1680,3305,1402,4978,77163,53605,4993,58,32294,0,1,50,22
2021-03-07T23:59:59+01:00,4,5,2741,3088,6709,10210,5849,10267,5893,14038,6338,12209,2624,3290,4553,6961,3953,9852,1,0,1231,1198,3442,4715,2892,5443,2877,7672,3297,6401,1435,1621,1657,3264,1385,4934,73906,53387,4161,55,30471,0,1,45,22
2021-03-06T23:59:59+01:00,4,5,2696,2945,6525,9763,5650,9851,5418,13179,5961,11472,2602,3262,4547,6950,3950,9849,1,0,1231,1197,3438,4709,2890,5442,2876,7671,3296,6398,1434,1618,1657,3262,1384,4934,72675,53361,4161,55,27749,0,1,43,21
2021-03-05T23:59:59+01:00,4,5,2597,2685,6312,9186,5435,9458,5240,12612,5582,10488,2373,2794,4166,6568,3812,9628,1,0,1217,1194,3422,4693,2885,5429,2867,7653,3284,6379,1420,1610,1656,3258,1379,4930,70334,53202,3925,55,24642,0,1,43,19
2021-03-04T23:59:59+01:00,4,5,2515,2475,6099,8756,5277,9118,5058,12187,5404,10111,2277,2625,3607,5742,3641,9282,1,0,1205,1178,3378,4595,2853,5361,2835,7556,3253,6304,1400,1602,1642,3244,1369,4919,68264,52624,3478,54,22398,0,1,42,16
2021-03-03T23:59:59+01:00,3,5,2456,2418,5927,8344,5108,8753,4842,11737,5216,9665,2194,2519,3199,5300,3480,8986,1,0,1184,1168,3343,4549,2816,5295,2793,7457,3204,6228,1380,1575,1622,3213,1363,4901,66827,52027,3233,50,20050,0,1,41,14
2021-03-02T23:59:59+01:00,3,5,2399,2324,5769,8012,4950,8499,4677,11338,5052,9345,2124,2429,2894,4940,3261,8660,1,0,1179,1157,3324,4527,2801,5268,2776,7408,3196,6200,1375,1565,1604,3193,1360,4896,65450,51767,2973,49,18217,0,0,41,14
2021-03-01T23:59:59+01:00,3,5,2372,2293,5663,7795,4850,8354,4591,11185,4950,9170,2067,2351,2594,4616,3070,8340,1,0,1173,1154,3309,4509,2789,5239,2759,7362,3180,6172,1369,1562,1597,3184,1357,4890,64172,51543,2749,49,17309,0,0,39,14
2021-02-28T23:59:59+01:00,2,5,2319,2248,5481,7534,4677,8134,4453,10999,4839,9040,2027,2286,2297,4314,2866,8024,1,0,1164,1148,3295,4499,2782,5232,2754,7348,3173,6158,1364,1559,1589,3164,1356,4857,63044,51381,2444,49,16018,0,0,39,13
2021-02-27T23:59:59+01:00,2,5,2229,1936,5308,7110,4578,7826,4371,10653,4766,8790,1999,2227,2266,4268,2844,7972,1,0,1160,1144,3293,4497,2777,5230,2750,7345,3168,6154,1363,1559,1588,3161,1355,4856,62804,51342,2444,46,13863,0,0,39,13
2021-02-26T23:59:59+01:00,2,5,2162,1857,5163,6875,4431,7567,4219,10387,4556,8504,1870,2119,2206,4228,2735,7789,1,0,1139,1131,3277,4463,2765,5190,2739,7293,3147,6100,1357,1548,1584,3153,1354,4854,61469,51037,2438,45,12729,0,0,39,13
2021-02-25T23:59:59+01:00,2,5,2029,1753,4840,6469,4004,7116,3934,9870,4322,8122,1811,2060,2175,4170,2618,7594,1,0,1120,1113,3237,4417,2735,5139,2693,7187,3107,6007,1346,1532,1567,3112,1340,4795,60987,50393,2332,43,9537,0,0,38,12
2021-02-24T23:59:59+01:00,2,5,1995,1687,4723,6255,3900,6904,3813,9628,4199,7963,1788,2027,2144,4127,2503,7394,1,0,1107,1108,3207,4354,2700,5074,2667,7102,3078,5936,1330,1515,1543,3062,1328,4726,60437,49796,2087,31,8495,0,0,38,11
2021-02-23T23:59:59+01:00,2,5,1765,1543,4353,5769,3619,6518,3591,9248,4043,7680,1757,1994,2099,4079,2389,7209,1,0,1088,1096,3171,4326,2672,5016,2642,7026,3042,5877,1310,1495,1516,3027,1318,4671,59971,49266,2040,17,5614,0,0,38,11
2021-02-22T23:59:59+01:00,2,5,1755,1524,4303,5710,3583,6457,3524,9152,3982,7585,1723,1967,2073,4028,2268,7011,1,0,1082,1082,3149,4282,2652,4977,2617,6967,3012,5824,1298,1481,1505,3016,1310,4662,59423,48896,1899,10,5293,0,0,37,11
2021-02-21T23:59:59+01:00,2,5,1743,1518,4273,5676,3539,6419,3484,9099,3938,7534,1713,1959,2068,4018,2144,6844,1,0,1074,1071,3128,4242,2622,4926,2602,6899,2983,5737,1285,1465,1481,2955,1281,4581,59067,48314,1893,8,4980,0,0,36,11
2021-02-20T23:59:59+01:00,2,5,1739,1517,4266,5673,3536,6417,3484,9097,3935,7533,1708,1957,2066,4014,2143,6844,1,0,1074,1071,3126,4240,2622,4926,2601,6898,2983,5737,1285,1464,1480,2955,1281,4581,59048,48306,1893,8,4960,0,0,35,11
2021-02-19T23:59:59+01:00,2,5,1710,1507,4252,5654,3525,6403,3473,9087,3926,7517,1681,1928,2045,3996,2043,6660,1,0,1073,1069,3125,4239,2621,4925,2601,6895,2980,5735,1285,1463,1480,2953,1281,4581,58623,48289,1887,8,4870,0,0,34,10
2021-02-18T23:59:59+01:00,2,5,1658,1474,4158,5542,3453,6299,3385,8922,3838,7374,1658,1893,2012,3924,1910,6460,1,0,1024,1027,2985,4021,2494,4657,2491,6557,2872,5470,1252,1420,1448,2866,1252,4426,57966,46246,1797,8,4172,0,0,32,9
2021-02-17T23:59:59+01:00,2,4,1635,1444,4061,5393,3369,6146,3267,8687,3712,7172,1603,1821,1934,3819,1784,6145,0,0,966,978,2837,3799,2378,4348,2367,6147,2743,5158,1201,1357,1400,2753,1202,4248,56723,43866,1787,7,3458,0,0,30,9
2021-02-16T23:59:59+01:00,2,4,1558,1377,3899,5203,3234,5965,3158,8454,3590,7009,1579,1796,1899,3790,1663,5933,0,0,879,947,2705,3644,2281,4138,2242,5826,2613,4906,1144,1263,1253,2448,935,3618,56025,40831,1771,4,2290,0,0,27,7
2021-02-15T23:59:59+01:00,2,4,1539,1358,3850,5117,3174,5879,3101,8340,3524,6904,1567,1781,1884,3767,1654,5910,0,0,843,924,2625,3515,2207,3959,2162,5548,2525,4696,1099,1198,1160,2269,864,3388,55555,38974,1767,2,2007,0,0,26,6
2021-02-14T23:59:59+01:00,2,4,1474,1329,3769,5043,3131,5774,3046,8187,3481,6795,1547,1749,1830,3636,1595,5651,0,0,834,918,2575,3447,2167,3891,2108,5428,2459,4590,1071,1159,1070,2092,788,3138,55313,37728,1138,2,1566,0,0,26,5
2021-02-13T23:59:59+01:00,2,4,1470,1328,3760,5037,3124,5773,3042,8185,3478,6793,1546,1745,1830,3634,1593,5651,0,0,834,918,2575,3447,2167,3890,2106,5427,2458,4590,1068,1158,1069,2092,788,3138,55290,37723,1137,0,1542,0,0,26,2
2021-02-12T23:59:59+01:00,2,3,1432,1309,3723,5004,3101,5753,3020,8153,3459,6749,1530,1735,1820,3617,1584,5630,0,0,826,911,2542,3394,2133,3845,2076,5374,2440,4559,1067,1157,1068,2091,787,3136,55065,37404,1134,0,1400,0,0,25,2
2021-02-11T23:59:59+01:00,2,3,1378,1261,3608,4834,3009,5578,2922,7844,3360,6537,1470,1675,1750,3433,1492,5284,0,0,786,846,2286,2948,1905,3370,1845,4629,2168,4028,977,1085,970,1892,728,2853,54424,33316,140,0,853,0,0,23,0
2021-02-10T23:59:59+01:00,2,3,1352,1238,3546,4730,2946,5473,2879,7694,3307,6404,1451,1657,1722,3395,1478,5245,0,0,703,786,1993,2539,1694,2926,1608,4020,1909,3569,865,939,799,1513,583,2329,53774,28775,138,0,589,0,0,21,0
2021-02-09T23:59:59+01:00,2,2,1340,1219,3491,4661,2917,5404,2858,7602,3270,6335,1443,1641,1694,3372,1468,5232,0,0,653,706,1730,2191,1502,2540,1423,3520,1737,3208,833,906,774,1435,561,2213,53463,25932,133,0,334,0,0,21,0
2021-02-08T23:59:59+01:00,2,2,1326,1215,3462,4630,2898,5365,2837,7551,3250,6306,1431,1634,1684,3346,1466,5213,0,0,638,669,1579,1955,1361,2283,1291,3212,1579,2945,793,885,726,1328,528,2038,53161,23810,107,0,331,0,0,19,0
2021-02-07T23:59:59+01:00,2,2,1193,1172,3358,4575,2844,5322,2810,7513,3225,6268,1421,1617,1675,3322,1459,5180,0,0,493,523,1312,1598,1120,1833,1079,2622,1350,2422,689,756,645,1167,482,1810,52864,19901,79,0,0,0,0,15,0
2021-02-06T23:59:59+01:00,2,2,1189,1170,3356,4573,2840,5320,2803,7510,3221,6265,1420,1615,1674,3318,1458,5179,0,0,370,372,1112,1351,984,1529,937,2215,1184,2006,601,657,617,1149,480,1807,52821,17371,79,0,0,0,0,15,0
2021-02-05T23:59:59+01:00,2,1,1177,1159,3341,4551,2833,5293,2793,7468,3203,6219,1414,1607,1671,3312,1457,5179,0,0,270,213,927,1036,838,1159,762,1766,1009,1596,486,552,590,1129,477,1803,52586,14613,79,0,0,0,0,15,0
2021-02-04T23:59:59+01:00,2,1,1161,1140,3295,4500,2793,5218,2751,7339,3155,6135,1400,1592,1657,3278,1447,5151,0,0,141,86,626,667,548,741,523,1160,668,998,305,371,485,982,432,1639,51944,10372,56,0,0,0,0,15,0
2021-02-03T23:59:59+01:00,2,1,1139,1134,3268,4457,2764,5177,2728,7290,3125,6079,1390,1581,1631,3238,1440,5098,0,0,120,70,496,516,416,598,418,914,512,751,252,291,380,767,334,1275,51477,8110,51,0,0,0,0,14,0
2021-02-02T23:59:59+01:00,2,1,1117,1120,3232,4426,2732,5124,2703,7216,3090,6016,1365,1553,1595,3182,1414,5002,0,0,111,61,414,417,345,519,368,824,459,669,232,268,334,694,306,1139,50827,7160,50,0,0,0,0,13,0
2021-02-01T23:59:59+01:00,2,1,1101,1109,3212,4374,2704,5063,2672,7090,3059,5921,1345,1524,1569,3144,1397,4937,0,0,83,46,314,312,253,392,276,617,328,504,193,219,262,554,238,892,50162,5483,50,0,0,0,0,12,0
2021-01-31T23:59:59+01:00,2,1,1094,1099,3197,4344,2679,5019,2656,7035,3046,5877,1333,1507,1546,3078,1369,4852,0,0,73,44,288,288,228,345,254,573,298,464,172,200,216,453,195,724,49672,4815,50,0,0,0,0,12,0
2021-01-30T23:59:59+01:00,2,1,1093,1099,3194,4340,2678,5019,2655,7034,3046,5876,1333,1506,1545,3078,1369,4852,0,0,72,40,279,274,215,330,249,562,294,458,171,197,215,453,195,724,49661,4728,47,0,0,0,0,12,0
2021-01-29T23:59:59+01:00,2,1,1092,1097,3193,4337,2678,5017,2655,7032,3043,5874,1333,1506,1545,3077,1369,4852,0,0,65,36,261,259,192,310,233,545,283,448,165,193,211,447,194,722,49644,4564,47,0,0,0,0,12,0
2021-01-28T23:59:59+01:00,2,1,1070,1078,3126,4235,2624,4908,2597,6876,2977,5743,1317,1484,1529,3009,1346,4726,0,0,55,19,165,155,128,187,164,360,208,284,132,150,165,284,117,433,48594,3006,44,0,0,0,0,10,0
2021-01-27T23:59:59+01:00,2,1,1024,1039,3043,4093,2543,4730,2503,6594,2893,5542,1285,1439,1488,2915,1309,4574,0,0,26,7,101,72,59,92,85,211,119,150,101,118,121,214,90,313,46973,1879,34,0,0,0,0,10,0
2021-01-26T23:59:59+01:00,1,1,947,1011,2926,3959,2464,4546,2421,6415,2823,5387,1258,1389,1398,2762,1085,4169,0,0,25,7,96,71,58,91,83,211,117,149,99,117,120,214,90,313,44932,1861,22,0,0,0,0,8,0
2021-01-25T23:59:59+01:00,1,1,929,994,2845,3831,2420,4399,2361,6220,2764,5237,1239,1367,1384,2735,1072,4133,0,0,25,7,94,71,56,89,83,211,117,147,99,116,120,214,90,313,43910,1852,15,0,0,0,0,7,0
2021-01-24T23:59:59+01:00,1,1,919,990,2825,3815,2409,4367,2335,6181,2731,5176,1226,1360,1375,2711,1058,4099,0,0,25,7,94,71,56,88,83,210,116,147,98,116,120,214,90,313,43561,1848,11,0,0,0,0,7,0
2021-01-23T23:59:59+01:00,1,1,919,990,2825,3814,2409,4366,2334,6180,2730,5176,1223,1359,1374,2711,1058,4099,0,0,25,6,94,71,56,88,83,210,116,147,98,116,120,214,90,311,43556,1845,9,0,0,0,0,4,0
2021-01-22T23:59:59+01:00,1,1,912,983,2794,3768,2375,4301,2302,6105,2709,5129,1221,1357,1373,2709,1057,4096,0,0,25,6,94,70,56,88,83,210,116,147,98,116,120,214,90,311,43182,1844,9,0,0,0,0,2,0
2021-01-21T23:59:59+01:00,1,1,896,915,2536,3357,2173,3884,2121,5494,2485,4646,1164,1311,1323,2589,1021,3938,0,0,21,6,83,64,52,72,70,170,96,134,88,100,100,154,74,235,39845,1519,9,0,0,0,0,1,0
2021-01-20T23:59:59+01:00,1,1,815,850,2226,2950,1967,3423,1890,4886,2230,4171,1050,1171,1151,2235,886,3414,0,0,21,6,83,64,52,71,69,170,95,134,88,100,100,154,72,235,35308,1514,9,0,0,0,0,0,0
2021-01-19T23:59:59+01:00,1,1,752,771,1932,2503,1727,2966,1656,4226,1986,3697,976,1074,1023,1946,778,3032,0,0,10,3,50,46,33,44,35,100,44,77,40,37,50,83,44,152,31040,848,7,0,0,0,0,0,0
2021-01-18T23:59:59+01:00,1,1,677,711,1702,2107,1489,2493,1410,3542,1733,3193,890,988,917,1730,722,2749,0,0,5,2,19,11,13,21,17,54,17,33,20,22,26,56,31,82,27051,429,4,0,0,0,0,0,0
2021-01-17T23:59:59+01:00,0,1,499,550,1386,1705,1211,1962,1156,2809,1451,2570,749,831,763,1438,598,2354,0,0,0,1,4,2,0,0,0,0,0,0,1,0,0,0,0,0,22030,8,3,0,0,0,0,0,0
2021-01-16T23:59:59+01:00,0,0,379,400,1204,1461,1091,1676,1016,2412,1293,2163,662,734,735,1421,596,2353,0,0,0,0,0,0,0,0,0,0,0,0,0,0,0,0,0,0,19594,0,2,0,0,0,0,0,0
2021-01-15T23:59:59+01:00,0,0,276,239,1019,1163,942,1331,848,1967,1116,1761,543,623,696,1386,583,2312,0,0,0,0,0,0,0,0,0,0,0,0,0,0,0,0,0,0,16804,0,1,0,0,0,0,0,0
2021-01-14T23:59:59+01:00,0,0,159,106,706,781,650,864,613,1310,752,1140,353,434,571,1199,523,2061,0,0,0,0,0,0,0,0,0,0,0,0,0,0,0,0,0,0,12222,0,0,0,0,0,0,0,0
2021-01-13T23:59:59+01:00,0,0,133,86,596,614,526,698,496,1052,595,874,297,358,482,1014,450,1756,0,0,0,0,0,0,0,0,0,0,0,0,0,0,0,0,0,0,10027,0,0,0,0,0,0,0,0
2021-01-12T23:59:59+01:00,0,0,123,70,512,524,450,597,430,921,524,768,262,309,394,817,376,1371,0,0,0,0,0,0,0,0,0,0,0,0,0,0,0,0,0,0,8448,0,0,0,0,0,0,0,0
2021-01-11T23:59:59+01:00,0,0,94,57,416,430,365,485,345,745,419,595,228,258,327,684,307,1158,0,0,0,0,0,0,0,0,0,0,0,0,0,0,0,0,0,0,6913,0,0,0,0,0,0,0,0
2021-01-10T23:59:59+01:00,0,0,79,49,352,357,298,402,292,648,349,527,199,227,262,544,245,903,0,0,0,0,0,0,0,0,0,0,0,0,0,0,0,0,0,0,5733,0,0,0,0,0,0,0,0
2021-01-09T23:59:59+01:00,0,0,78,47,336,336,274,381,284,632,341,520,198,226,261,542,245,903,0,0,0,0,0,0,0,0,0,0,0,0,0,0,0,0,0,0,5604,0,0,0,0,0,0,0,0
2021-01-08T23:59:59+01:00,0,0,72,39,301,301,229,340,255,589,314,480,180,206,236,482,224,799,0,0,0,0,0,0,0,0,0,0,0,0,0,0,0,0,0,0,5047,0,0,0,0,0,0,0,0
2021-01-07T23:59:59+01:00,0,0,58,25,211,199,160,241,196,424,244,343,150,167,181,317,150,513,0,0,0,0,0,0,0,0,0,0,0,0,0,0,0,0,0,0,3579,0,0,0,0,0,0,0,0
2021-01-06T23:59:59+01:00,0,0,46,15,164,120,113,160,145,297,179,244,118,135,139,250,107,367,0,0,0,0,0,0,0,0,0,0,0,0,0,0,0,0,0,0,2599,0,0,0,0,0,0,0,0
2021-01-05T23:59:59+01:00,0,0,28,8,98,73,59,93,88,214,118,152,108,125,130,231,106,341,0,0,0,0,0,0,0,0,0,0,0,0,0,0,0,0,0,0,1972,0,0,0,0,0,0,0,0
2021-01-04T23:59:59+01:00,0,0,26,8,97,72,56,90,88,214,118,150,108,123,129,231,106,341,0,0,0,0,0,0,0,0,0,0,0,0,0,0,0,0,0,0,1957,0,0,0,0,0,0,0,0
2021-01-03T23:59:59+01:00,0,0,26,8,97,71,56,89,88,213,117,150,107,123,129,231,106,341,0,0,0,0,0,0,0,0,0,0,0,0,0,0,0,0,0,0,1952,0,0,0,0,0,0,0,0
2021-01-02T23:59:59+01:00,0,0,26,7,97,71,56,89,87,213,116,150,107,123,129,231,106,340,0,0,0,0,0,0,0,0,0,0,0,0,0,0,0,0,0,0,1948,0,0,0,0,0,0,0,0
2021-01-01T23:59:59+01:00,0,0,26,7,97,71,56,89,87,213,115,149,107,123,129,231,106,340,0,0,0,0,0,0,0,0,0,0,0,0,0,0,0,0,0,0,1946,0,0,0,0,0,0,0,0
2020-12-31T23:59:59+01:00,0,0,26,7,97,71,56,89,87,213,114,149,107,123,129,231,106,340,0,0,0,0,0,0,0,0,0,0,0,0,0,0,0,0,0,0,1945,0,0,0,0,0,0,0,0
2020-12-30T23:59:59+01:00,0,0,26,7,97,71,55,89,86,213,114,149,107,123,129,231,105,340,0,0,0,0,0,0,0,0,0,0,0,0,0,0,0,0,0,0,1942,0,0,0,0,0,0,0,0
2020-12-29T23:59:59+01:00,0,0,14,2,65,54,33,60,50,138,64,91,53,54,74,142,65,232,0,0,0,0,0,0,0,0,0,0,0,0,0,0,0,0,0,0,1191,0,0,0,0,0,0,0,0
2020-12-28T23:59:59+01:00,0,0,5,2,36,26,20,30,21,67,25,41,23,22,27,51,34,82,0,0,0,0,0,0,0,0,0,0,0,0,0,0,0,0,0,0,512,0,0,0,0,0,0,0,0
2020-12-27T23:59:59+01:00,0,0,1,0,8,6,8,2,1,5,0,2,1,1,2,2,4,6,0,0,0,0,0,0,0,0,0,0,0,0,0,0,0,0,0,0,49,0,0,0,0,0,0,0,0
