Datum,<15_m,<15_w,15-24_1_m,15-24_1_w,25-34_1_m,25-34_1_w,35-44_1_m,35-44_1_w,45-54_1_m,45-54_1_w,55-64_1_m,55-64_1_w,65-74_1_m,65-74_1_w,75-84_1_m,75-84_1_w,>84_1_m,>84_1_w,<24_2_m,<24_2_w,25-34_2_m,25-34_2_w,35-44_2_m,35-44_2_w,45-54_2_m,45-54_2_w,55-64_2_m,55-64_2_w,65-74_2_m,65-74_2_w,75-84_2_m,75-84_2_w,>84_2_m,>84_2_w,bp_1,bp_2,mo_1,mo_2,az_1,az_2,ja,unb_1,unb_2
2021-09-28T23:59:59+02:00,10079,9769,65431,65481,107498,104962,98394,98016,94889,100306,93986,95898,56172,69825,44058,61191,10673,21624,58394,58338,100907,97552,92714,91187,90154,94843,90219,92003,54411,67572,42895,59285,10269,20678,821395,769143,135388,129566,158569,145261,92807,158,155
2021-09-27T23:59:59+02:00,9950,9638,65203,65251,107310,104802,98269,97874,94807,100200,93915,95831,56146,69779,44047,61166,10671,21615,58204,58169,100747,97423,92589,91059,90056,94738,90156,91934,54377,67519,42876,59266,10262,20668,820058,768158,135318,129497,158568,145221,92437,158,155
2021-09-26T23:59:59+02:00,9832,9546,64976,65030,107091,104619,98109,97728,94695,100072,93832,95750,56108,69747,44033,61141,10666,21598,57982,57981,100562,97249,92450,90903,89953,94624,90087,91861,54349,67493,42862,59238,10257,20653,818646,767078,135240,129406,158563,145162,92031,158,155
2021-09-25T23:59:59+02:00,9795,9506,64867,64911,106990,104527,98034,97668,94639,100023,93801,95722,56104,69739,44031,61138,10665,21598,57879,57869,100463,97160,92372,90835,89914,94561,90051,91840,54337,67482,42858,59234,10257,20653,818109,766560,135181,129354,158562,145134,91813,158,155
2021-09-24T23:59:59+02:00,9735,9446,64712,64736,106827,104365,97889,97526,94520,99921,93731,95666,56089,69722,44023,61124,10665,21596,57668,57654,100290,96983,92250,90692,89807,94455,89968,91775,54318,67460,42855,59229,10256,20650,817099,765416,135114,129288,158562,145072,91424,158,155
2021-09-23T23:59:59+02:00,9643,9328,64409,64411,106572,104127,97701,97299,94364,99753,93627,95556,56044,69663,43999,61095,10659,21567,57388,57391,100056,96763,92072,90486,89675,94309,89869,91675,54273,67413,42834,59201,10255,20627,815341,763932,134999,129185,158556,145000,90827,158,155
2021-09-22T23:59:59+02:00,9572,9248,64087,64105,106378,103923,97518,97094,94210,99620,93503,95461,55999,69595,43966,61051,10648,21545,57208,57215,99887,96600,91899,90352,89560,94192,89763,91602,54238,67370,42806,59169,10249,20612,813648,762918,134891,129108,158551,144918,90338,158,155
2021-09-21T23:59:59+02:00,9485,9164,63872,63870,106180,103754,97350,96940,94099,99512,93423,95390,55949,69544,43948,61008,10641,21533,57025,57049,99705,96452,91765,90228,89475,94105,89674,91530,54199,67314,42784,59131,10240,20594,812230,761916,134816,129015,158548,144855,89973,158,155
2021-09-20T23:59:59+02:00,9424,9107,63597,63572,105995,103577,97189,96777,93995,99416,93358,95313,55910,69501,43928,60965,10635,21517,56844,56904,99534,96316,91618,90075,89333,94006,89597,91461,54154,67278,42759,59095,10234,20578,810835,760945,134743,128935,158543,144725,89560,158,155
2021-09-19T23:59:59+02:00,9374,9064,63330,63412,105772,103385,97042,96611,93857,99315,93259,95239,55881,69447,43918,60940,10632,21506,56614,56724,99309,96146,91439,89916,89152,93837,89484,91379,54116,67217,42740,59061,10233,20565,809538,759803,134662,128821,158540,144462,89149,158,155
2021-09-18T23:59:59+02:00,9343,9020,63243,63312,105660,103291,96934,96528,93791,99245,93227,95211,55873,69438,43914,60935,10630,21505,56499,56604,99207,96047,91321,89836,89082,93773,89449,91349,54106,67212,42733,59058,10231,20560,808985,759179,134576,128758,158538,144450,88906,158,155
2021-09-17T23:59:59+02:00,9265,8935,63062,63159,105487,103140,96765,96376,93659,99148,93154,95134,55857,69410,43903,60929,10624,21499,56302,56379,99033,95902,91176,89725,88971,93669,89373,91287,54091,67185,42725,59051,10231,20557,807900,758117,134493,128669,158534,144434,88484,158,155
2021-09-16T23:59:59+02:00,9178,8830,62799,62874,105224,102893,96537,96144,93476,98973,93054,95044,55805,69355,43890,60902,10617,21485,56058,56122,98778,95682,90991,89521,88799,93514,89272,91202,54044,67134,42703,59030,10226,20545,806158,756669,134406,128532,158524,144372,87896,158,155
2021-09-15T23:59:59+02:00,9108,8777,62464,62594,105027,102680,96330,95952,93341,98819,92952,94960,55768,69300,43853,60871,10612,21459,55900,55977,98592,95526,90821,89366,88694,93401,89171,91141,54011,67088,42677,58995,10222,20529,804440,755651,134352,128418,158520,144336,87458,158,155
2021-09-14T23:59:59+02:00,9066,8725,62187,62394,104801,102470,96143,95772,93210,98679,92838,94876,55723,69244,43829,60832,10606,21443,55712,55803,98420,95345,90661,89205,88564,93291,89089,91071,53975,67048,42655,58969,10217,20514,802937,754638,134283,128327,158511,144240,87010,158,155
2021-09-13T23:59:59+02:00,9032,8692,61899,62139,104574,102250,95972,95604,93066,98545,92753,94779,55673,69190,43812,60800,10599,21431,55512,55631,98233,95160,90511,89053,88437,93185,89003,90997,53939,67003,42636,58940,10212,20498,801450,753581,134199,128216,158501,144197,86563,158,155
2021-09-12T23:59:59+02:00,8981,8644,61601,61904,104337,102009,95769,95382,92906,98415,92658,94698,55623,69142,43796,60769,10594,21420,55319,55476,97998,94954,90348,88891,88302,93070,88908,90923,53897,66949,42614,58911,10207,20480,799967,752586,134102,128092,158497,144125,85984,158,155
2021-09-11T23:59:59+02:00,8934,8610,61483,61777,104200,101894,95667,95274,92820,98337,92619,94667,55608,69128,43791,60757,10594,21419,55176,55386,97853,94852,90248,88794,88203,93004,88873,90897,53887,66930,42610,58901,10207,20479,799301,752003,134045,128015,158497,144106,85638,158,155
2021-09-10T23:59:59+02:00,8837,8500,61251,61517,104008,101690,95498,95086,92678,98211,92525,94596,55576,69100,43777,60739,10594,21417,54940,55185,97663,94669,90062,88611,88069,92877,88788,90827,53865,66909,42597,58882,10207,20475,797943,750861,133982,127901,158495,144090,85082,158,155
2021-09-09T23:59:59+02:00,8741,8403,60954,61265,103745,101387,95275,94798,92505,97993,92390,94483,55539,69036,43756,60709,10584,21396,54696,54973,97421,94426,89849,88382,87911,92723,88651,90741,53822,66860,42576,58852,10201,20469,796060,749488,133879,127721,158493,144018,84429,158,155
2021-09-08T23:59:59+02:00,8686,8355,60754,61047,103547,101158,95093,94579,92348,97832,92276,94355,55504,68971,43722,60669,10571,21372,54549,54821,97248,94227,89697,88194,87757,92582,88529,90633,53782,66798,42539,58809,10189,20433,794652,748490,133772,127575,158483,143932,83834,158,155
2021-09-07T23:59:59+02:00,8635,8306,60535,60843,103326,100928,94907,94393,92208,97693,92175,94281,55470,68921,43693,60613,10561,21350,54365,54660,97030,94034,89513,88030,87633,92476,88433,90546,53741,66752,42514,58777,10184,20416,793208,747429,133669,127450,158479,143804,83384,158,155
2021-09-06T23:59:59+02:00,8596,8264,60339,60682,103135,100760,94776,94239,92097,97569,92092,94209,55417,68863,43672,60586,10554,21317,54202,54493,96846,93875,89353,87875,87509,92352,88336,90466,53690,66705,42493,58733,10174,20392,792025,746347,133580,127316,158469,143721,82995,158,155
2021-09-05T23:59:59+02:00,8542,8215,60136,60486,102983,100583,94631,94077,91976,97454,92017,94139,55391,68823,43661,60565,10549,21309,54001,54300,96660,93680,89166,87719,87370,92227,88255,90381,53641,66655,42475,58710,10169,20376,790882,745207,133505,127145,158466,143626,82586,158,155
2021-09-04T23:59:59+02:00,8492,8186,60027,60382,102899,100485,94531,93992,91922,97390,91983,94113,55382,68812,43655,60555,10549,21308,53879,54189,96545,93553,89051,87619,87301,92148,88208,90348,53627,66644,42468,58699,10169,20375,790311,744563,133455,127024,158462,143608,82337,158,155
2021-09-03T23:59:59+02:00,8415,8115,59845,60209,102732,100336,94386,93855,91821,97275,91910,94062,55355,68786,43647,60541,10547,21302,53674,54012,96349,93343,88859,87425,87158,91974,88115,90269,53595,66612,42457,58681,10165,20372,789242,743327,133404,126796,158454,143572,81941,158,155
2021-09-02T23:59:59+02:00,8298,8029,59609,59971,102489,100107,94197,93636,91639,97118,91794,93966,55310,68728,43624,60506,10541,21280,53416,53762,96065,93074,88624,87154,86937,91771,87974,90153,53551,66531,42426,58630,10155,20337,787651,741711,133298,126443,158442,143454,81352,158,155
2021-09-01T23:59:59+02:00,8235,7949,59402,59760,102301,99939,94048,93486,91522,96991,91691,93894,55267,68678,43606,60482,10533,21262,53165,53550,95843,92861,88434,86937,86763,91609,87835,90045,53486,66445,42388,58586,10145,20317,786411,740289,133227,126187,158426,143336,80883,158,151
2021-08-31T23:59:59+02:00,8157,7874,59199,59533,102120,99763,93878,93331,91403,96878,91568,93812,55221,68628,43580,60443,10523,21246,52918,53305,95586,92621,88222,86705,86608,91451,87675,89941,53441,66375,42361,58532,10137,20298,785093,738818,133149,125883,158413,143226,80403,158,151
2021-08-30T23:59:59+02:00,8061,7797,59002,59356,101953,99626,93764,93202,91288,96776,91502,93735,55187,68600,43563,60409,10518,21230,52680,53121,95346,92392,88020,86475,86432,91309,87549,89818,53386,66297,42321,58468,10120,20269,784004,737412,133094,125568,158406,143077,79965,158,151
2021-08-29T23:59:59+02:00,7985,7724,58726,59117,101724,99435,93584,93032,91147,96656,91415,93646,55142,68550,43539,60379,10516,21221,52330,52818,95037,92111,87737,86220,86201,91115,87395,89694,53317,66222,42291,58429,10114,20252,782666,735542,133006,125238,158391,142932,79375,158,151
2021-08-28T23:59:59+02:00,7928,7659,58593,59007,101619,99329,93482,92950,91063,96580,91370,93617,55128,68537,43531,60375,10515,21219,52155,52673,94880,91982,87602,86112,86092,91027,87327,89651,53300,66201,42282,58422,10112,20251,782056,734734,132969,125137,158387,142907,78990,158,151
2021-08-27T23:59:59+02:00,7864,7575,58407,58822,101455,99169,93346,92827,90956,96475,91283,93561,55105,68508,43522,60358,10514,21214,51910,52435,94592,91710,87384,85911,85921,90874,87219,89551,53258,66165,42268,58397,10107,20248,781095,733178,132907,124939,158348,142871,78511,158,151
2021-08-26T23:59:59+02:00,7778,7477,58176,58581,101238,98953,93132,92607,90777,96296,91179,93463,55057,68446,43489,60330,10508,21202,51578,52159,94234,91364,87054,85599,85679,90620,87064,89421,53198,66077,42221,58354,10100,20236,779654,731291,132811,124539,158325,142739,77799,158,150
2021-08-25T23:59:59+02:00,7707,7387,57960,58398,101071,98818,92983,92423,90661,96174,91072,93386,55018,68398,43455,60286,10504,21179,51287,51916,93938,91113,86831,85353,85481,90432,86931,89295,53130,65992,42172,58286,10095,20205,778488,729591,132731,124228,158315,142670,77247,157,149
2021-08-24T23:59:59+02:00,7658,7337,57748,58187,100894,98649,92818,92261,90551,96053,90988,93316,54980,68344,43429,60243,10498,21154,50972,51662,93597,90829,86535,85102,85278,90242,86780,89136,53045,65899,42123,58219,10086,20182,777377,727789,132640,123931,158309,142451,76683,157,149
2021-08-23T23:59:59+02:00,7603,7286,57554,57990,100727,98496,92690,92105,90459,95968,90913,93232,54943,68301,43400,60217,10494,21136,50657,51399,93260,90557,86287,84829,85086,90077,86647,89012,52968,65807,42087,58169,10079,20164,776265,725923,132569,123649,158299,142275,76282,157,148
2021-08-22T23:59:59+02:00,7537,7230,57364,57811,100536,98343,92533,91974,90363,95854,90835,93166,54909,68256,43386,60193,10488,21122,50291,51050,92864,90161,85979,84531,84851,89846,86478,88889,52892,65703,42051,58106,10065,20132,775274,723602,132471,123341,158287,142059,75769,157,146
2021-08-21T23:59:59+02:00,7484,7192,57233,57689,100404,98240,92430,91872,90264,95795,90780,93132,54889,68235,43378,60176,10486,21119,49963,50751,92702,90017,85809,84375,84702,89723,86393,88827,52860,65680,42041,58091,10064,20126,774609,722093,132396,123110,158286,142018,75408,157,146
2021-08-20T23:59:59+02:00,7432,7139,57078,57520,100235,98088,92278,91736,90148,95675,90706,93072,54867,68212,43368,60159,10484,21114,49641,50423,92441,89755,85546,84137,84485,89520,86262,88718,52828,65639,42018,58067,10057,20119,773663,720163,132348,122902,158282,141951,74919,157,146
2021-08-19T23:59:59+02:00,7365,7079,56847,57295,99979,97865,92079,91553,89989,95516,90583,92970,54826,68154,43343,60128,10477,21100,49204,49994,92025,89364,85144,83736,84178,89210,86048,88535,52757,65532,41980,58006,10047,20101,772361,717506,132221,122458,158275,141746,74192,157,145
2021-08-18T23:59:59+02:00,7302,7024,56670,57137,99799,97694,91936,91397,89852,95394,90481,92876,54759,68090,43314,60082,10467,21080,48863,49638,91652,89045,84828,83408,83899,88956,85859,88365,52641,65415,41910,57914,10032,20071,771230,715145,132134,122067,158267,141508,73624,157,145
2021-08-17T23:59:59+02:00,7240,6973,56489,56985,99606,97518,91774,91253,89731,95262,90385,92784,54722,68042,43289,60055,10465,21065,48380,49229,91205,88622,84427,83053,83570,88666,85656,88164,52538,65290,41852,57839,10026,20047,770129,712157,132032,121660,158254,141220,73124,157,145
2021-08-16T23:59:59+02:00,7180,6907,56309,56819,99416,97345,91630,91098,89594,95146,90270,92687,54671,67981,43260,60005,10457,21051,47827,48667,90742,88187,83960,82660,83241,88374,85427,87962,52434,65175,41794,57761,10017,20011,768985,708684,131940,121214,158247,140993,72555,157,145
2021-08-15T23:59:59+02:00,7115,6859,56091,56636,99235,97170,91474,90964,89470,95039,90181,92628,54633,67940,43240,59976,10453,21044,46716,47564,90102,87504,83408,82128,82845,87989,85142,87756,52327,65053,41751,57702,10008,19991,767933,702950,131828,120587,158238,140813,72050,157,144
2021-08-14T23:59:59+02:00,7085,6827,55971,56547,99094,97072,91372,90888,89384,94971,90130,92583,54618,67924,43235,59969,10452,21043,46569,47423,89876,87328,83196,81920,82722,87891,85072,87712,52299,65022,41742,57691,10007,19989,767415,702150,131772,120266,158234,140761,71645,157,144
2021-08-13T23:59:59+02:00,7042,6781,55819,56423,98940,96948,91245,90752,89282,94859,90052,92521,54589,67875,43221,59947,10450,21037,46271,47114,89410,86937,82803,81547,82459,87656,84906,87573,52256,64955,41721,57667,10004,19978,766607,699962,131715,119720,158227,140682,71137,155,144
2021-08-12T23:59:59+02:00,7007,6730,55619,56265,98738,96773,91072,90590,89137,94718,89958,92441,54552,67823,43195,59913,10442,21020,45865,46729,88783,86373,82230,81001,82082,87332,84676,87396,52182,64854,41670,57608,9994,19960,765569,697047,131611,118887,158214,140431,70502,155,143
2021-08-11T23:59:59+02:00,6972,6675,55432,56098,98537,96597,90919,90455,89004,94607,89849,92341,54501,67764,43164,59874,10432,21005,45454,46277,88178,85721,81655,80493,81747,87027,84410,87157,52095,64714,41598,57483,9975,19910,764464,693899,131516,117945,158190,140101,69961,153,142
2021-08-10T23:59:59+02:00,6911,6629,55251,55939,98331,96455,90760,90305,88876,94495,89764,92264,54456,67717,43148,59835,10428,20992,45029,45817,87539,85105,81053,79954,81340,86646,84165,86942,51973,64606,41539,57398,9961,19879,763424,690596,131422,117000,158171,139790,69444,153,142
2021-08-09T23:59:59+02:00,6860,6571,55082,55773,98141,96304,90609,90168,88735,94400,89652,92202,54417,67668,43123,59801,10421,20977,44475,45266,86709,84430,80365,79369,80927,86298,83873,86718,51861,64474,41482,57298,9947,19835,762420,686804,131350,115939,158161,139443,68878,153,139
2021-08-08T23:59:59+02:00,6791,6501,54861,55587,97943,96122,90436,90008,88599,94284,89557,92127,54363,67621,43097,59766,10414,20956,43876,44665,85660,83504,79474,78561,80388,85824,83548,86418,51727,64321,41419,57207,9935,19809,761234,681740,131236,114759,158141,139133,68326,153,139
2021-08-07T23:59:59+02:00,6746,6451,54721,55464,97805,96009,90306,89906,88506,94226,89495,92087,54344,67595,43093,59756,10411,20951,43050,43797,85329,83176,79004,78120,80031,85473,83365,86274,51664,64238,41398,57171,9930,19800,760573,678074,131172,113614,158137,139027,67894,153,138
2021-08-06T23:59:59+02:00,6691,6401,54533,55320,97578,95831,90156,89777,88381,94110,89398,92015,54304,67567,43084,59730,10408,20947,42137,42919,84872,82718,78412,77566,79642,85090,83174,86127,51611,64173,41372,57139,9922,19786,759625,674141,131076,112336,158130,138890,67304,153,138
2021-08-05T23:59:59+02:00,6626,6330,54218,55078,97286,95562,89904,89562,88167,93922,89227,91881,54239,67477,43054,59677,10399,20928,40911,41773,84149,82052,77640,76771,79046,84527,82816,85823,51479,64013,41311,57037,9907,19754,757989,668612,130951,110717,158117,138347,66384,153,137
2021-08-04T23:59:59+02:00,6545,6279,53983,54897,97046,95354,89734,89395,88027,93782,89110,91782,54186,67425,43017,59630,10395,20918,40448,41291,82952,81010,76313,75625,78556,84078,82497,85575,51339,63875,41253,56950,9891,19728,756713,663448,130843,109212,158103,137893,65750,153,137
2021-08-03T23:59:59+02:00,6480,6215,53727,54704,96815,95164,89563,89234,87885,93637,88964,91661,54106,67344,42980,59571,10387,20910,40011,40882,81704,79875,74891,74432,77951,83511,81953,85083,51125,63671,41152,56794,9878,19692,755347,657647,130739,107511,158079,137187,65086,153,137
2021-08-02T23:59:59+02:00,6418,6152,53490,54504,96559,94945,89346,89061,87720,93493,88823,91548,54024,67274,42947,59520,10384,20890,39548,40415,80396,78770,73341,73219,77328,82942,81410,84600,50956,63469,41077,56674,9861,19658,753935,651621,130590,105750,158057,136587,64421,152,135
2021-08-01T23:59:59+02:00,6354,6065,53223,54241,96298,94676,89111,88887,87514,93350,88660,91439,53960,67189,42910,59468,10377,20883,39032,39924,79104,77683,71934,72117,76439,82189,80825,84135,50768,63229,40989,56569,9850,19634,752340,645445,130399,103851,158033,135979,63737,151,132
2021-07-31T23:59:59+02:00,6318,6026,53105,54151,96181,94582,89011,88821,87424,93280,88616,91403,53949,67179,42904,59464,10377,20882,38086,38916,78660,77240,71400,71565,76058,81863,80709,84038,50749,63196,40973,56558,9850,19631,751865,640802,130234,102979,158031,135884,63447,151,132
2021-07-30T23:59:59+02:00,6265,5991,52935,54009,96025,94408,88857,88673,87292,93166,88533,91333,53912,67148,42891,59446,10375,20880,37088,37873,77970,76596,70651,70828,75544,81335,80307,83714,50675,63107,40940,56498,9844,19619,750979,634648,129919,101845,158028,135676,63118,150,131
2021-07-29T23:59:59+02:00,6214,5932,52701,53829,95773,94186,88644,88466,87124,92992,88392,91207,53852,67083,42868,59409,10367,20859,35847,36656,76925,75724,69597,69870,74741,80583,79767,83285,50542,62944,40873,56403,9826,19592,749745,626908,129446,100293,158012,135119,62601,149,131
2021-07-28T23:59:59+02:00,6177,5880,52504,53666,95571,93982,88494,88282,87007,92854,88282,91111,53795,67008,42834,59361,10357,20828,35242,36075,75766,74750,68316,68761,73982,79867,79272,82829,50402,62743,40803,56301,9810,19553,748585,620597,128999,98881,157994,134330,62321,149,129
2021-07-27T23:59:59+02:00,6128,5839,52272,53444,95308,93774,88315,88096,86849,92704,88160,91014,53742,66934,42791,59298,10343,20779,34592,35342,74315,73515,66866,67543,73118,79020,78727,82314,50229,62532,40723,56180,9785,19510,747182,613363,128574,97427,157969,133093,61971,149,128
2021-07-26T23:59:59+02:00,6071,5787,52059,53241,95063,93581,88120,87932,86690,92566,88030,90913,53682,66855,42762,59244,10336,20757,33837,34542,72803,72178,65505,66309,72069,78035,78137,81785,50058,62317,40645,56033,9763,19465,745852,605346,128150,95900,157952,132024,61641,149,128
2021-07-25T23:59:59+02:00,6033,5745,51859,53048,94809,93352,87949,87743,86534,92436,87923,90816,53631,66792,42733,59201,10326,20721,33133,33797,71459,70974,64389,65289,71067,77127,77665,81335,49940,62133,40580,55946,9757,19430,744481,598396,127876,94336,157930,131230,61270,149,128
2021-07-24T23:59:59+02:00,5945,5687,51586,52756,94505,93041,87701,87531,86357,92279,87823,90737,53601,66758,42721,59178,10326,20715,32648,33321,70605,70286,63718,64731,70189,76427,77460,81184,49886,62090,40558,55921,9757,19428,742614,594024,127822,93405,157928,131105,60788,149,128
2021-07-23T23:59:59+02:00,5892,5631,51317,52484,94115,92762,87410,87316,86177,92098,87687,90643,53568,66710,42713,59160,10323,20709,32143,32703,69551,69438,62934,64068,69282,75577,77057,80858,49811,61993,40526,55882,9750,19414,740587,588467,127749,92244,157922,130929,60362,149,128
2021-07-22T23:59:59+02:00,5821,5567,50907,52085,93661,92324,87025,86984,85872,91800,87469,90458,53483,66616,42684,59100,10315,20683,31455,31998,68253,68445,61888,63187,67662,74223,76413,80346,49659,61787,40435,55766,9729,19374,737575,582081,127516,89486,157898,130161,59771,148,127
2021-07-21T23:59:59+02:00,5769,5517,50545,51709,93232,91914,86722,86681,85616,91555,87299,90271,53400,66532,42626,59033,10304,20655,30858,31367,66919,67402,60802,62291,65621,72534,75506,79603,49370,61477,40274,55578,9705,19317,734797,575804,127278,85181,157872,129073,59338,148,127
2021-07-20T23:59:59+02:00,5711,5454,50160,51323,92774,91453,86358,86360,85348,91301,87079,90075,53308,66397,42579,58973,10297,20630,30207,30739,65464,66225,59662,61335,64436,71475,74895,79049,49163,61245,40168,55420,9682,19256,731861,568784,127059,83520,157816,128049,58749,148,127
2021-07-19T23:59:59+02:00,5634,5380,49697,50870,92302,90982,85992,86030,85097,91089,86872,89899,53215,66277,42543,58894,10279,20595,29672,30173,64306,65173,58741,60472,63282,70439,74296,78533,48989,61048,40076,55274,9653,19211,728610,563022,126834,81716,157780,126857,58328,148,127
2021-07-18T23:59:59+02:00,5565,5311,48874,50061,91248,89951,85268,85419,84621,90663,86580,89607,53108,66129,42480,58797,10269,20564,29123,29596,63133,64105,57815,59560,62104,69411,73746,78032,48841,60886,40018,55191,9641,19183,722214,557203,126502,79695,157763,126049,57941,148,127
2021-07-17T23:59:59+02:00,5391,5125,48524,49733,91104,89817,85072,85260,84464,90527,86471,89524,53086,66102,42469,58785,10268,20561,28745,29228,62495,63512,57266,59136,61346,68674,73441,77791,48731,60768,39978,55132,9631,19172,721036,554216,126325,78726,157757,125431,57069,148,127
2021-07-16T23:59:59+02:00,5292,5033,48206,49448,90840,89597,84825,85057,84261,90341,86333,89417,53044,66070,42451,58771,10265,20556,28255,28739,61566,62607,56420,58450,60290,67638,72939,77372,48571,60580,39931,55064,9626,19163,719656,549285,126157,77404,157746,124696,56153,147,127
2021-07-15T23:59:59+02:00,5156,4901,47731,49040,90453,89225,84468,84677,83961,90065,86113,89248,52964,65980,42396,58702,10255,20529,27528,28126,60256,61558,55301,57467,58889,66323,72207,76784,48342,60319,39842,54933,9610,19108,717208,543500,125740,75212,157711,123036,55097,146,127
2021-07-14T23:59:59+02:00,5051,4788,47385,48664,90150,88933,84183,84365,83711,89825,85910,89092,52875,65873,42338,58613,10238,20497,27010,27583,59166,60566,54330,56623,58013,65479,71596,76201,48074,60040,39735,54759,9588,19064,715048,538095,125379,74299,157663,121349,54294,145,127
2021-07-13T23:59:59+02:00,4938,4672,46984,48284,89757,88577,83877,84059,83445,89566,85703,88925,52767,65769,42284,58547,10232,20476,26363,26931,57798,59383,53134,55635,57022,64566,70873,75565,47797,59717,39605,54581,9556,19012,712702,531777,125010,73200,157604,119307,53439,144,126
2021-07-12T23:59:59+02:00,4769,4502,46447,47774,89363,88239,83484,83741,83199,89309,85515,88766,52686,65673,42236,58484,10220,20461,25743,26284,56291,58034,51842,54574,55794,63425,70128,74945,47423,59289,39429,54359,9515,18947,710020,524500,124640,72171,157542,116961,52559,144,126
2021-07-11T23:59:59+02:00,4373,4130,45503,46857,88939,87807,83069,83354,82890,89019,85320,88619,52599,65582,42211,58428,10209,20444,25146,25720,54911,56776,50545,53530,54749,62389,69536,74395,47077,58907,39304,54184,9490,18905,706072,517876,124171,71162,157503,115172,51503,141,126
2021-07-10T23:59:59+02:00,4361,4115,45174,46520,88484,87328,82736,83043,82788,88920,85252,88561,52578,65559,42202,58414,10208,20440,24661,25194,53829,55838,49686,52950,54151,61821,69319,74207,46707,58488,39204,54079,9485,18894,705405,513579,123706,71078,157327,113852,50142,140,126
2021-07-09T23:59:59+02:00,4342,4102,44756,46085,87875,86774,82358,82701,82537,88735,85137,88470,52543,65529,42195,58400,10204,20431,23965,24426,52512,54602,48748,52070,53373,60967,68897,73806,46346,58078,39116,53989,9477,18882,704001,507409,123128,70674,157160,112505,48783,139,126
2021-07-08T23:59:59+02:00,4315,4076,44209,45601,87019,86071,81833,82191,82284,88494,84942,88315,52476,65462,42163,58354,10193,20415,22992,23508,50577,53040,47370,50919,52232,59842,68207,73168,45828,57517,38978,53824,9449,18813,701896,499698,122244,69401,156868,109966,47291,138,126
2021-07-07T23:59:59+02:00,4291,4048,43640,45031,86195,85308,81289,81715,81999,88199,84736,88152,52398,65363,42121,58291,10186,20395,22129,22619,48631,51360,45857,49781,50993,58664,67507,72632,45092,56773,38783,53586,9417,18755,699414,491555,121250,68289,156614,106860,45944,136,124
2021-07-06T23:59:59+02:00,4259,4028,43097,44515,85349,84578,80680,81128,81630,87868,84561,87976,52309,65282,42083,58228,10177,20370,21299,21767,46651,49572,44471,48530,49719,57329,66763,71913,44263,56000,38597,53346,9399,18699,696787,482606,120229,67212,156317,103898,44652,134,124
2021-07-05T23:59:59+02:00,4236,3991,41956,43542,83853,83490,79948,80513,81174,87448,84288,87714,52193,65145,42034,58150,10163,20342,20125,20722,44704,47976,43446,47566,48688,56371,66066,71295,43502,55138,38424,53122,9375,18660,693495,476624,119169,66344,155952,100808,41431,134,124
2021-07-04T23:59:59+02:00,4209,3969,40606,42348,82215,82174,79228,79902,80702,87025,84017,87515,52098,65018,41988,58097,10150,20313,18780,19519,42912,46456,42743,46823,47875,55513,65483,70727,42757,54292,38257,52928,9355,18612,690408,471969,118014,65411,155530,98180,37489,134,124
2021-07-03T23:59:59+02:00,3745,3554,39048,40818,81355,81520,78742,79407,80257,86548,83800,87345,52030,64917,41970,58045,10147,20307,17974,18830,41997,45765,42325,46442,47470,55114,65318,70562,42168,53565,38195,52829,9348,18602,686694,470038,116704,65310,155446,96590,34578,134,124
2021-07-02T23:59:59+02:00,3185,2984,37502,39339,80637,80794,78069,78705,79736,86046,83558,87143,51978,64832,41941,57997,10135,20294,17217,18120,40852,44808,41590,45748,46637,54329,64797,70114,41216,52358,38065,52640,9332,18583,681681,464988,115300,64849,155293,94097,32469,133,122
2021-07-01T23:59:59+02:00,2544,2440,35792,37692,79669,79933,77234,77872,79030,85410,83243,86865,51857,64675,41878,57893,10117,20265,16353,17230,39317,43576,40374,44680,45331,53198,64058,69540,40327,51221,37915,52433,9315,18551,675390,458630,113586,63200,155068,91330,30233,133,122
2021-06-30T23:59:59+02:00,2502,2409,34791,36688,77840,78436,75528,76375,78374,84863,82958,86573,51726,64517,41818,57796,10105,20238,15335,16269,37634,42351,39176,43571,44169,52140,63306,68914,39783,50537,37800,52237,9293,18515,669543,452518,111854,61861,154855,89453,27153,133,122
2021-06-29T23:59:59+02:00,2469,2376,33960,35804,76239,76946,73908,74958,77584,84145,82413,86084,51543,64298,41741,57665,10088,20202,14503,15371,36319,41209,38257,42749,42945,51085,62593,68330,39075,49601,37664,52018,9271,18471,663203,447348,109976,60023,154587,87499,24525,133,121
2021-06-28T23:59:59+02:00,2429,2343,33153,35006,74620,75538,72226,73555,76561,83357,81807,85586,51364,64070,41664,57559,10075,20168,13759,14626,35260,40188,37429,42016,41820,50089,61942,67783,38203,48515,37497,51797,9251,18424,656744,442514,108015,58508,153993,85301,22197,133,120
2021-06-27T23:59:59+02:00,2415,2328,32420,34265,73053,74167,70819,72348,75161,82238,81128,85031,51166,63852,41599,57441,10065,20139,13127,13998,34301,39434,36771,41410,40884,49239,61402,67339,37343,47487,37345,51618,9236,18393,650545,438615,106077,57744,153041,83043,19841,132,120
2021-06-26T23:59:59+02:00,1783,1721,31389,33169,72704,73853,70354,71885,74867,81925,81033,84949,51146,63824,41585,57431,10064,20136,12936,13789,33637,38889,36127,40988,40364,48903,60408,66337,36351,46352,37178,51405,9222,18360,645784,432638,105140,57692,153037,81102,19729,129,120
2021-06-25T23:59:59+02:00,1165,1123,30276,32008,72218,73327,69740,71189,74441,81481,80656,84627,51085,63737,41551,57388,10059,20122,12611,13404,32783,38087,35257,40162,39425,48066,59195,65102,35835,45654,36986,51104,9199,18318,639487,424215,103951,57244,153030,80043,19597,129,120
2021-06-24T23:59:59+02:00,566,564,28941,30699,71444,72582,68870,70300,73768,80851,80208,84263,50979,63606,41499,57318,10048,20088,11954,12708,31617,36782,34038,38892,38295,46954,57563,63725,35361,45136,36829,50915,9180,18258,631711,414881,102456,55690,152917,78159,19383,128,119
2021-06-23T23:59:59+02:00,539,532,28438,30158,70335,71601,67591,69160,73022,80163,79757,83859,50868,63432,41438,57222,10031,20057,11466,12182,30618,35531,33105,37669,37280,46071,55620,62013,34811,44570,36661,50688,9159,18193,625493,405125,100883,54623,152810,76903,18890,128,118
2021-06-22T23:59:59+02:00,516,516,27925,29581,69159,70573,66385,68132,72344,79457,79346,83494,50760,63305,41390,57138,10022,20031,11122,11784,29695,34595,32141,36779,36319,45180,53651,60176,34425,44094,36522,50447,9130,18135,619179,396599,99424,53050,152675,75780,18669,128,116
2021-06-21T23:59:59+02:00,484,482,27264,28922,67842,69401,65198,67001,71583,78677,78950,83102,50653,63196,41331,57049,10008,19990,10832,11475,29070,34012,31589,36211,35716,44592,51805,58516,33716,43293,36227,50022,9100,18059,612379,389030,97928,51853,152554,75108,18146,127,116
2021-06-20T23:59:59+02:00,399,401,26625,28263,66617,68266,64176,66058,70779,77935,78596,82765,50576,63071,41282,56982,10003,19957,10544,11214,28522,33510,31133,35720,35207,44069,49962,56722,33174,42611,36029,49688,9070,17999,605987,381616,96462,51099,152457,74641,17719,127,112
2021-06-19T23:59:59+02:00,367,367,26248,27897,65886,67691,63652,65561,69981,77281,78443,82640,50555,63046,41266,56967,10002,19957,10412,11021,28274,33190,30878,35398,34985,43808,48515,55326,32915,42265,35945,49551,9062,17971,602041,376212,95518,51087,152456,74452,17666,127,112
2021-06-18T23:59:59+02:00,340,334,25790,27439,64875,66955,62915,64949,69063,76444,78053,82306,50493,62971,41239,56931,9998,19949,10198,10784,27870,32764,30548,34985,34597,43414,46785,53658,32563,41750,35808,49340,9043,17937,596641,369356,94276,50799,152449,74239,17552,127,111
2021-06-17T23:59:59+02:00,311,303,25158,26835,63618,65953,61918,64136,67473,75037,77530,81904,50393,62816,41176,56848,9985,19921,9783,10431,27074,32076,29806,34306,33760,42711,45279,52163,32118,41121,35645,49085,9012,17887,590563,361930,91620,49656,152289,73856,16718,126,110
2021-06-16T23:59:59+02:00,277,264,24640,26257,62316,64826,60813,63157,65205,73120,76683,81250,50181,62606,41085,56736,9966,19889,9464,10179,26421,31400,29096,33680,33027,42073,44686,51596,31848,40758,35499,48886,8991,17846,584328,358223,87119,48946,151861,72342,15840,124,110
2021-06-15T23:59:59+02:00,238,233,24004,25575,60915,63621,59728,62173,64045,72038,76179,80831,50058,62457,41034,56640,9959,19859,9205,9912,25820,30666,28458,32920,32348,41351,43124,49967,31403,40204,35328,48653,8961,17782,577224,351515,85492,48055,151399,71084,15349,124,110
2021-06-14T23:59:59+02:00,215,201,23537,24990,59812,62565,58853,61323,62970,71030,75705,80439,49969,62334,40984,56568,9943,19833,8919,9613,25066,29771,27691,32083,31556,40533,41840,48629,31035,39704,35191,48428,8931,17731,571363,345371,83771,47031,151196,69402,14818,124,109
2021-06-13T23:59:59+02:00,210,186,23122,24525,58881,61661,58078,60540,61861,70060,75239,80016,49880,62218,40934,56509,9931,19803,8640,9311,24353,28928,26974,31239,30792,39681,40289,47044,30569,39094,34990,48123,8901,17641,566360,338310,81909,46246,150969,67623,14293,124,107
2021-06-12T23:59:59+02:00,197,169,22893,24261,58332,61162,57718,60262,61219,69417,75039,79903,49856,62187,40922,56495,9928,19799,8524,9195,23874,28343,26457,30669,30276,39122,39210,46071,30401,38914,34894,47958,8897,17630,563470,334108,80952,46243,150961,65734,14253,124,107
2021-06-11T23:59:59+02:00,179,154,22543,23849,57593,60351,57041,59633,60312,68484,74689,79595,49782,62114,40897,56459,9925,19793,8390,9007,23362,27668,25923,30011,29694,38489,38136,45062,30132,38559,34751,47735,8884,17603,558476,329262,79659,45982,150948,63877,14188,123,106
2021-06-10T23:59:59+02:00,164,137,22014,23288,56465,59422,56113,58813,59056,67312,74154,79192,49710,62006,40873,56408,9911,19764,8128,8758,22494,26721,24957,29074,28574,37555,36745,43893,29777,38080,34471,47302,8817,17527,552938,322355,77452,45272,150708,61569,13582,123,104
2021-06-09T23:59:59+02:00,144,124,21391,22735,55203,58324,55041,57898,58100,66406,73691,78796,49623,61905,40822,56346,9897,19733,7842,8493,21573,25855,24020,28178,27541,36607,35025,42107,29391,37579,34286,47033,8775,17437,547170,314913,76006,44545,150351,59661,12530,123,102
2021-06-08T23:59:59+02:00,122,106,20722,22055,53894,57194,53921,56924,57143,65548,73145,78361,49535,61780,40768,56254,9878,19703,7576,8260,20660,24958,22961,27314,26508,35649,33671,40803,29031,37071,33965,46579,8723,17354,540513,308603,75090,43780,149908,57188,11419,123,100
2021-06-07T23:59:59+02:00,105,89,20079,21456,52457,55942,52658,55947,55983,64562,72593,77959,49449,61674,40722,56190,9865,19675,7326,8041,19813,24131,21935,26498,25473,34775,32736,40017,28747,36676,33717,46150,8672,17263,533256,303969,74194,42958,149499,54615,10333,123,100
2021-06-06T23:59:59+02:00,98,83,19571,20922,51307,54850,51553,54968,55021,63608,72086,77556,49362,61597,40685,56127,9858,19659,7117,7841,19025,23238,21033,25625,24404,33793,31822,39200,28461,36336,33461,45760,8623,17188,526920,299400,73171,42219,149162,51678,9537,121,98
2021-06-05T23:59:59+02:00,92,75,19308,20631,50536,54101,50902,54468,54549,63128,71953,77444,49351,61583,40682,56124,9855,19659,6888,7427,18384,22162,20309,24506,23530,32544,30795,37881,28129,35872,33338,45584,8616,17168,522613,293095,73166,42179,149074,48299,9467,121,98
2021-06-04T23:59:59+02:00,82,69,18864,20051,49488,53096,50093,53600,53902,62344,71611,77116,49323,61546,40662,56110,9853,19653,6669,7114,17761,21310,19627,23514,22602,31271,29581,36544,27841,35506,33226,45408,8604,17147,516154,286650,72843,42110,149058,45585,9287,121,97
2021-06-03T23:59:59+02:00,71,58,18192,19379,47973,51796,48885,52479,52939,61330,71116,76657,49256,61440,40624,56062,9840,19628,6381,6723,17025,20264,18831,22364,21602,29855,28416,35064,27297,34724,33020,45082,8567,17072,508422,279905,71830,41362,148784,42361,8569,120,94
2021-06-02T23:59:59+02:00,66,54,17823,18876,46957,50815,48024,51734,52197,60580,70867,76445,49217,61404,40605,56034,9832,19614,6198,6484,16377,19583,17920,21613,20767,28912,27321,33660,26832,34119,32860,44831,8538,17002,502155,273619,71813,41347,148763,39670,8295,118,90
2021-06-01T23:59:59+02:00,55,48,17155,18157,45101,49078,46379,50277,50683,59138,70190,75847,49125,61293,40545,55961,9819,19565,5925,6175,15219,18681,16413,20651,19554,27670,26094,32265,26281,33425,32609,44483,8492,16898,493044,267124,70470,40782,148216,36271,6571,115,90
2021-05-31T23:59:59+02:00,53,44,16679,17675,43793,47938,45170,49178,49445,58026,69514,75336,49046,61190,40501,55891,9807,19529,5648,5856,14177,17850,15012,19734,18384,26563,24872,30923,25764,32708,32414,44186,8458,16799,486798,260831,69306,40237,147749,33346,4848,114,89
2021-05-30T23:59:59+02:00,46,43,16355,17284,42815,47003,44266,48274,48451,57032,68957,74791,48939,61034,40430,55776,9792,19486,5459,5613,13629,17152,14387,19039,17497,25598,23769,29749,24993,31756,32120,43767,8413,16710,480822,254857,68272,39436,147338,31048,4229,113,84
2021-05-29T23:59:59+02:00,46,43,16224,17168,42456,46687,43923,48010,48210,56843,68898,74735,48933,61028,40423,55772,9792,19485,5296,5372,13116,16340,13738,18186,16654,24432,22657,28449,24836,31524,32056,43674,8410,16703,478866,249254,68148,39436,147329,28453,4220,113,83
2021-05-28T23:59:59+02:00,45,41,15925,16866,41759,46059,43412,47446,47704,56302,68626,74440,48867,60946,40396,55723,9789,19480,5056,4987,12577,15423,13053,17322,15788,23197,21555,27013,24587,31155,31962,43540,8400,16686,474584,243205,67645,39330,147303,25508,4181,113,80
2021-05-27T23:59:59+02:00,42,38,15405,16346,40612,45077,42393,46561,46716,55417,68043,74005,48743,60786,40342,55651,9778,19440,4830,4651,11935,14596,12264,16385,14718,22004,20294,25504,24083,30416,31790,43279,8367,16602,468753,235852,66129,38526,146584,23450,3817,112,76
2021-05-26T23:59:59+02:00,40,37,14998,15922,39514,44160,41356,45679,45689,54538,67437,73496,48589,60606,40260,55484,9757,19392,4637,4455,11378,13834,11540,15534,13714,20870,18898,23913,23495,29633,31572,42934,8314,16501,463622,228579,64105,37662,145596,21389,3519,112,76
2021-05-25T23:59:59+02:00,40,36,14607,15519,38507,43273,40386,44821,44742,53619,66827,72964,48408,60367,40181,55352,9732,19338,4431,4253,10835,13189,10779,14751,12646,19633,17463,22407,22911,28853,31339,42610,8257,16408,458311,221211,62524,36722,144484,19473,3288,112,74
2021-05-24T23:59:59+02:00,40,35,14265,15197,37675,42535,39514,44147,43881,52836,66296,72479,48284,60191,40117,55228,9712,19293,4288,4125,10387,12726,10137,14164,11759,18801,16175,21146,22239,28019,31121,42279,8198,16318,453694,214297,61294,35779,143747,18858,2878,112,73
2021-05-23T23:59:59+02:00,36,35,14096,15024,37206,42162,39064,43743,43431,52431,66027,72251,48206,60100,40078,55181,9705,19269,4098,3985,9921,12249,9514,13556,10817,17985,14977,20082,21771,27448,30869,41990,8147,16233,450506,207296,60912,35698,143724,17788,2791,112,72
2021-05-22T23:59:59+02:00,34,33,13900,14806,36515,41595,38383,43287,42860,52023,65007,71238,48000,59842,40008,55068,9695,19248,3986,3690,9705,11833,9360,13230,10575,17539,14708,19681,21677,27331,30835,41950,8140,16224,444052,206074,60909,35695,143709,15866,2760,112,72
2021-05-21T23:59:59+02:00,33,32,13520,14403,35442,40677,37319,42354,41793,51124,63651,69954,47770,59505,39928,54920,9678,19215,3880,3594,9498,11567,9148,12964,10244,17211,14295,19307,21456,27045,30774,41860,8131,16216,434437,204120,60554,35388,143473,14871,2744,110,70
2021-05-20T23:59:59+02:00,30,32,12727,13679,34001,39219,35895,40946,40386,49922,62366,68804,47478,59164,39785,54738,9657,19165,3732,3412,8972,10965,8500,12252,9545,16363,13541,18341,20639,25927,30581,41562,8092,16129,424218,199752,58852,34541,142450,11827,2366,108,70
2021-05-19T23:59:59+02:00,30,31,12192,13115,32820,37796,34792,39564,39263,48962,60362,67033,46999,58606,39602,54476,9616,19059,3629,3279,8698,10587,8203,11879,9105,15855,12903,17675,19775,24798,30355,41260,8036,16014,413374,195507,57329,33727,141344,10588,2164,107,68
2021-05-18T23:59:59+02:00,28,31,11769,12672,31780,36780,33699,38646,38221,48033,58303,65172,46644,58159,39447,54235,9584,19000,3431,3115,8197,9981,7732,11333,8561,15185,12217,16906,18832,23564,30118,40916,7999,15909,404714,191405,55371,32884,140157,7785,1857,104,68
2021-05-17T23:59:59+02:00,26,30,11518,12396,31259,36221,33202,38086,37631,47397,56403,63463,45941,57334,39170,53837,9547,18927,3349,3006,7934,9703,7438,11036,8161,14772,11647,16303,17914,22432,29885,40597,7964,15835,397126,187038,54245,32138,139346,7168,1569,102,66
2021-05-16T23:59:59+02:00,26,30,11296,12143,30737,35715,32738,37590,37110,46825,54505,61634,45394,56635,38976,53519,9520,18871,3249,2907,7646,9411,7116,10693,7687,14308,11068,15719,16982,21281,29675,40307,7926,15766,390155,182755,53277,31292,138680,6581,1052,100,64
2021-05-15T23:59:59+02:00,26,30,11139,11938,30459,35381,32499,37268,36879,46561,52935,60155,45144,56329,38899,53381,9514,18843,3228,2889,7621,9382,7101,10672,7669,14293,11050,15697,16872,21065,29467,39999,7918,15756,384338,181762,53273,31291,138634,6531,1035,100,63
2021-05-14T23:59:59+02:00,26,30,10891,11658,29987,34873,32115,36804,36365,46087,51064,58323,44782,55828,38759,53174,9498,18803,3201,2870,7549,9307,7044,10599,7610,14232,10866,15496,16138,19997,29182,39512,7901,15716,376534,178834,52944,30951,138505,6390,985,99,63
2021-05-13T23:59:59+02:00,23,29,10607,11333,29339,34230,31515,36196,35691,45418,49590,56806,44352,55202,38588,52930,9471,18757,3133,2824,7423,9205,6957,10505,7506,14123,10538,15149,15080,18760,28797,38868,7858,15642,369429,175033,51927,30387,137750,6015,874,97,62
2021-05-12T23:59:59+02:00,23,27,10478,11190,29057,33908,31247,35902,35377,45102,49306,56497,44257,55095,38537,52851,9464,18719,3121,2797,7389,9168,6926,10470,7475,14083,10368,14993,14702,18327,28493,38385,7836,15595,366753,172970,51845,30377,137592,5970,751,96,62
2021-05-11T23:59:59+02:00,22,24,10131,10866,28202,33082,30416,35147,34515,44319,47570,54727,43802,54498,38363,52561,9426,18616,3034,2699,7142,8887,6701,10169,7258,13713,9889,14447,13719,17180,28077,37766,7798,15500,359833,169293,50140,29483,135695,4620,523,96,62
2021-05-10T23:59:59+02:00,21,24,9826,10589,27454,32377,29637,34445,33745,43549,46263,53460,43422,53989,38178,52258,9376,18503,2992,2653,7014,8761,6605,10049,7117,13531,9622,14140,13020,16319,27647,37155,7772,15420,353578,166469,49022,29099,134012,3782,411,93,58
2021-05-09T23:59:59+02:00,20,24,9592,10341,26771,31689,28967,33744,33022,42850,44735,51979,42919,53368,37978,51955,9339,18418,2944,2607,6891,8617,6499,9905,7003,13318,9309,13830,12225,15419,27284,36617,7752,15364,346473,163620,47947,28543,132877,3040,325,89,58
2021-05-08T23:59:59+02:00,20,24,9499,10272,26386,31388,28519,33429,32566,42546,43702,51150,42767,53204,37938,51893,9337,18412,2941,2603,6883,8612,6493,9897,6995,13306,9299,13817,12188,15357,26604,35668,7715,15288,341951,161748,47905,28516,132788,3027,319,89,58
2021-05-07T23:59:59+02:00,19,24,9357,10124,25912,31007,28063,33053,32059,42195,42661,50322,42494,52862,37827,51735,9325,18385,2894,2577,6829,8568,6437,9841,6944,13254,9128,13596,11557,14545,25662,34280,7667,15206,336809,157649,47598,28144,132630,2835,301,86,58
2021-05-06T23:59:59+02:00,17,23,8956,9836,24991,30238,26999,32250,30829,41371,41045,49104,42112,52316,37634,51493,9287,18312,2830,2531,6696,8422,6320,9713,6796,13066,8856,13296,10908,13681,24697,32896,7633,15145,328946,153857,46521,27191,130976,2095,287,83,58
2021-05-05T23:59:59+02:00,17,22,8590,9634,24107,29640,26136,31586,29743,40579,39062,47291,41666,51766,37428,51211,9230,18200,2789,2500,6577,8293,6217,9599,6694,12923,8608,13037,10198,12848,23682,31571,7604,15074,321096,149961,45667,26302,128860,1695,202,83,56
2021-05-04T23:59:59+02:00,17,21,8348,9407,23311,28989,25161,30849,28669,39742,37548,45826,41195,51182,37152,50864,9183,18079,2750,2478,6503,8221,6132,9529,6619,12839,8373,12817,9469,11991,22735,30325,7570,15011,314437,146225,44699,25496,126227,1491,97,83,55
2021-05-03T23:59:59+02:00,17,20,8144,9194,22607,28409,24323,30242,27761,39044,36590,45075,40847,50710,36937,50576,9133,17975,2704,2445,6432,8144,6052,9463,6529,12756,8145,12602,8723,11091,21820,29108,7539,14961,309567,142478,43922,24676,123976,1251,57,82,54
2021-05-02T23:59:59+02:00,17,20,7980,9031,21968,27828,23580,29651,26941,38421,35776,44439,40588,50381,36824,50390,9099,17918,2667,2422,6391,8102,6015,9428,6488,12715,7963,12429,8123,10352,21112,28239,7518,14942,304730,139290,43151,24400,122841,1117,49,81,52
2021-05-01T23:59:59+02:00,16,20,7826,8847,21595,27369,23097,29075,26296,37706,34952,43544,40325,50005,36726,50238,9093,17901,2661,2416,6365,8092,5999,9419,6470,12702,7946,12412,8086,10288,21073,28182,7514,14938,298617,138998,43149,24393,122736,1074,48,81,52
2021-04-30T23:59:59+02:00,16,19,7677,8669,21206,26939,22648,28506,25544,36924,33942,42579,40096,49684,36630,50084,9081,17878,2643,2403,6340,8074,5977,9402,6441,12681,7914,12379,8046,10218,21022,28099,7511,14929,292306,138687,43141,24318,122554,983,41,80,52
2021-04-29T23:59:59+02:00,15,19,7408,8429,20614,26363,21977,27821,24611,35958,32664,41242,39052,48283,36313,49610,9024,17753,2611,2369,6248,7964,5892,9300,6347,12539,7712,12103,7424,9493,20613,27582,7489,14855,283561,136624,42358,23088,121121,740,41,75,50
2021-04-28T23:59:59+02:00,14,17,7134,8214,20091,25892,21342,27221,23724,35111,31266,39790,37891,46696,35970,49119,8962,17613,2541,2321,6138,7842,5782,9169,6245,12387,7492,11830,6735,8647,20197,27007,7448,14784,274880,134171,41586,21793,119489,514,41,71,48
2021-04-27T23:59:59+02:00,13,17,6949,8036,19656,25467,20718,26683,22865,34332,30050,38462,36805,45252,35590,48551,8892,17486,2515,2296,6035,7745,5729,9070,6179,12263,7278,11634,6133,7909,19792,26508,7428,14761,267048,132073,40724,20849,117940,266,41,71,48
2021-04-26T23:59:59+02:00,12,17,6767,7870,19239,25044,20173,26157,22057,33575,28831,37223,35744,43831,35284,48066,8842,17363,2503,2286,5990,7702,5684,9030,6141,12218,7092,11473,5520,7178,19420,26060,7404,14734,259347,130111,39899,20006,116742,234,38,69,48
2021-04-25T23:59:59+02:00,12,16,6662,7734,18901,24773,19792,25817,21443,32954,27844,36268,34611,42400,34969,47636,8800,17281,2490,2279,5972,7678,5664,9013,6120,12193,7055,11446,5393,6995,19085,25597,7388,14690,252140,129486,39185,19266,116483,224,37,68,47
2021-04-24T23:59:59+02:00,12,16,6498,7559,18457,24339,19233,25278,20658,32151,26762,35217,34359,42085,34876,47471,8790,17269,2486,2273,5959,7668,5653,9002,6115,12189,7045,11439,5319,6884,18986,25455,7385,14682,246168,129027,39180,19226,115577,206,37,68,46
2021-04-23T23:59:59+02:00,12,16,6274,7360,18006,23862,18660,24665,19832,31335,25600,34018,33583,40910,34733,47237,8776,17246,2480,2254,5932,7645,5616,8963,6070,12144,6999,11387,5154,6606,18448,24826,7285,14513,238581,127179,38849,18879,114591,184,37,67,45
2021-04-22T23:59:59+02:00,11,15,6059,7152,17402,23273,17866,23882,18782,30309,24278,32585,32543,39556,34488,46883,8738,17168,2466,2239,5888,7591,5566,8879,5993,12066,6924,11316,4870,6186,17733,23950,7166,14319,229537,125011,37930,17913,113422,150,37,64,43
2021-04-21T23:59:59+02:00,11,14,5860,6971,16870,22802,17205,23280,17796,29410,22721,30993,31538,38320,34190,46443,8689,17080,2442,2222,5844,7533,5506,8804,5927,11965,6830,11236,4709,5914,17031,23102,7050,14136,220643,122913,37159,17143,112291,118,37,63,42
2021-04-20T23:59:59+02:00,10,13,5677,6775,16314,22327,16462,22620,16799,28409,21249,29522,30388,36828,33875,46002,8637,16985,2429,2208,5794,7495,5465,8759,5879,11898,6751,11173,4592,5756,16430,22331,6923,13956,211629,121227,36277,16429,110888,110,36,62,39
2021-04-19T23:59:59+02:00,10,13,5490,6617,15779,21896,15783,22060,15806,27532,19855,28121,29012,35190,33556,45522,8578,16867,2419,2193,5770,7462,5428,8725,5840,11852,6671,11096,4466,5594,15785,21620,6815,13794,202912,119585,35499,15765,109181,107,36,59,39
2021-04-18T23:59:59+02:00,9,13,5302,6476,15345,21572,15165,21498,14831,26742,18514,26983,27627,33539,33223,45101,8519,16779,2368,2147,5638,7339,5313,8612,5735,11703,6565,10978,4348,5409,15196,20955,6700,13611,194364,117944,34669,14498,108111,103,36,58,38
2021-04-17T23:59:59+02:00,9,12,5266,6441,15191,21495,14990,21413,14596,26563,18260,26763,27120,32996,33097,44953,8510,16764,2341,2107,5538,7186,5207,8453,5636,11516,6477,10846,4296,5346,14955,20662,6690,13598,193146,116193,34664,14494,106535,95,36,58,38
2021-04-16T23:59:59+02:00,9,12,5203,6386,15014,21344,14777,21253,14314,26317,17842,26352,26077,31766,32964,44744,8489,16741,2295,2057,5421,6997,5070,8269,5482,11272,6280,10626,4091,5113,14309,19869,6592,13453,189801,112940,34374,14096,105335,88,36,58,38
2021-04-15T23:59:59+02:00,7,11,5134,6309,14798,21132,14507,20964,13885,25967,17205,25721,24714,30156,32707,44421,8453,16661,2225,1973,5225,6759,4868,7947,5275,10954,6064,10341,3892,4862,13479,18787,6477,13286,185238,109111,33566,13154,103855,78,36,57,37
2021-04-14T23:59:59+02:00,7,11,5055,6239,14593,20931,14252,20740,13496,25632,16538,25100,23135,28370,32396,44018,8401,16567,2034,1852,5007,6497,4679,7696,5048,10704,5829,10055,3756,4654,12751,17868,6349,13072,180628,106008,32694,11701,102066,71,36,57,37
2021-04-13T23:59:59+02:00,7,11,5003,6190,14390,20799,14014,20558,13155,25336,15967,24597,21431,26523,32077,43604,8371,16462,1948,1799,4840,6308,4494,7476,4845,10448,5624,9818,3618,4489,12234,17252,6226,12911,176400,103611,31818,10586,100185,62,36,56,37
2021-04-12T23:59:59+02:00,7,10,4939,6123,14174,20601,13710,20295,12768,24920,15388,24046,19834,24580,31789,43242,8328,16388,1818,1708,4657,6149,4344,7300,4682,10255,5488,9658,3500,4335,11800,16741,6115,12748,172036,101923,30764,9246,98250,60,36,56,35
2021-04-11T23:59:59+02:00,7,10,4871,6048,13950,20403,13414,20083,12352,24569,14825,23536,18327,22805,31530,42899,8284,16308,1780,1672,4537,6036,4233,7176,4559,10124,5355,9526,3385,4216,11311,16132,5984,12541,167751,100176,29808,8269,96574,58,34,54,32
2021-04-10T23:59:59+02:00,7,10,4866,6041,13931,20389,13405,20072,12335,24551,14801,23516,17637,21883,31240,42481,8266,16281,1776,1659,4525,6025,4218,7162,4546,10110,5302,9460,3284,4102,10758,15297,5855,12343,166680,98035,29781,8269,95165,56,32,54,32
2021-04-09T23:59:59+02:00,7,10,4852,6024,13894,20339,13361,20023,12288,24495,14542,23262,16116,19991,30835,41836,8232,16238,1752,1648,4502,6009,4192,7135,4504,10075,5264,9411,3200,3983,9894,14307,5706,12145,164057,95594,29439,8021,92767,54,30,52,30
2021-04-08T23:59:59+02:00,7,10,4809,5997,13794,20264,13280,19943,12188,24390,14206,22903,14349,17777,30218,40827,8174,16115,1730,1635,4471,5956,4140,7050,4440,9994,5192,9335,3092,3879,9415,13705,5502,11900,160225,93746,28412,7586,90541,53,23,50,30
2021-04-07T23:59:59+02:00,7,10,4778,5968,13689,20181,13183,19856,12085,24287,13824,22542,12838,15926,29572,39855,8119,16018,1712,1621,4417,5889,4054,6977,4353,9910,5104,9236,3004,3784,8666,12609,5266,11495,155805,91188,27535,6817,89328,44,21,49,29
2021-04-06T23:59:59+02:00,7,10,4749,5942,13590,20114,13101,19795,12010,24223,13449,22191,11203,13916,28909,38885,8087,15947,1651,1567,4287,5760,3945,6853,4233,9759,5001,9106,2889,3663,7964,11677,4994,11130,151790,88804,26654,5587,87617,43,19,48,28
2021-04-05T23:59:59+02:00,7,9,4711,5915,13513,20046,13034,19727,11954,24143,13176,21937,9595,11969,28181,37832,8052,15885,1580,1498,4132,5610,3776,6697,4079,9610,4846,8977,2758,3546,7155,10714,4723,10740,148590,86430,25640,3927,85391,40,18,47,28
2021-04-04T23:59:59+02:00,7,9,4696,5898,13502,20026,13025,19709,11947,24123,13079,21867,8572,10709,27734,37191,8027,15828,1578,1495,4124,5604,3775,6692,4074,9605,4844,8969,2753,3537,6920,10248,4639,10615,146863,85471,25636,3927,83388,35,15,47,26
2021-04-03T23:59:59+02:00,7,9,4693,5888,13485,20005,13013,19699,11937,24113,13065,21849,7667,9642,26851,35950,7978,15716,1574,1491,4122,5599,3773,6689,4066,9593,4830,8956,2746,3524,6782,9982,4600,10534,144386,84861,25628,3927,81493,35,14,46,26
2021-04-02T23:59:59+02:00,7,9,4688,5869,13448,19979,12974,19656,11891,24064,12991,21783,7153,8891,25266,33850,7832,15447,1565,1475,4095,5575,3747,6648,4030,9532,4709,8669,2618,3369,6408,9585,4452,10332,139927,83039,25289,3699,80524,35,12,46,26
2021-04-01T23:59:59+02:00,6,8,4640,5810,13355,19835,12856,19506,11740,23908,12395,21337,6593,8186,23761,31877,7706,15210,1499,1429,3985,5450,3680,6576,3962,9465,4631,8566,2523,3229,5895,8900,4282,10058,135740,80773,24150,3292,78785,31,11,43,25
2021-03-31T23:59:59+02:00,6,8,4589,5756,13230,19679,12721,19351,11552,23729,12135,21077,6273,7814,22285,29927,7556,14981,1486,1418,3960,5427,3649,6548,3922,9418,4592,8513,2459,3153,5411,8251,4107,9817,131808,78996,23065,3074,77745,31,8,43,24
2021-03-30T23:59:59+02:00,6,8,4525,5691,13092,19529,12608,19178,11423,23564,11965,20938,6084,7597,20896,28196,7412,14778,1469,1382,3919,5394,3584,6478,3834,9305,4461,8343,2324,2949,4991,7696,3963,9560,128450,76772,22136,2834,76857,19,5,42,24
2021-03-29T23:59:59+02:00,6,8,4486,5653,12973,19436,12541,19094,11340,23461,11815,20804,5928,7397,19478,26516,7284,14577,1409,1341,3864,5349,3510,6409,3719,9161,4311,8153,2202,2808,4431,7027,3811,9284,124870,74123,21272,2623,76609,18,4,42,23
2021-03-28T23:59:59+02:00,6,8,4439,5588,12852,19297,12455,19001,11238,23365,11708,20702,5777,7193,18302,25012,7165,14381,1376,1297,3766,5240,3316,6182,3631,9044,4261,8097,2148,2744,3675,6009,3626,9016,121880,71068,20481,2326,76085,10,4,39,22
2021-03-27T23:59:59+01:00,6,8,4407,5537,12745,19133,12338,18836,11124,23161,11600,20552,5712,7110,18017,24666,7154,14364,1370,1294,3761,5236,3313,6175,3345,8693,4063,7799,2142,2741,3661,5974,3592,8954,120043,69757,20441,2326,75943,6,4,39,22
2021-03-26T23:59:59+01:00,6,7,4372,5484,12633,18941,12204,18634,10970,22930,11440,20341,5549,6895,17411,23871,7054,14214,1368,1293,3756,5229,3290,6159,3326,8673,3848,7349,1965,2335,3398,5689,3442,8718,116938,67491,20102,2319,75874,5,3,39,22
2021-03-25T23:59:59+01:00,6,7,4304,5396,12435,18701,12000,18306,10758,22602,11199,20014,5336,6611,16382,22564,6926,14024,1359,1283,3735,5203,3256,6131,3274,8636,3802,7305,1894,2222,2967,5005,3284,8413,112958,65525,19032,2218,75539,3,3,39,22
2021-03-24T23:59:59+01:00,6,7,4224,5286,12219,18245,11780,17891,10535,22208,10965,19640,5068,6266,15342,21348,6786,13800,1336,1270,3711,5157,3220,6067,3219,8566,3748,7233,1841,2163,2660,4671,3132,8140,109849,64134,17941,1975,73784,3,3,39,21
2021-03-23T23:59:59+01:00,6,7,4168,5220,12052,17900,11581,17537,10341,21840,10740,19352,4932,6072,14703,20532,6647,13627,1321,1263,3696,5138,3199,6049,3194,8515,3711,7191,1806,2104,2431,4401,2924,7817,107492,62802,17213,1933,72510,3,3,39,21
2021-03-22T23:59:59+01:00,6,7,4118,5141,11853,17568,11392,17211,10114,21512,10526,19046,4782,5864,14085,19817,6514,13442,1308,1254,3667,5105,3167,6012,3166,8458,3674,7147,1763,2048,2232,4151,2729,7485,105629,61548,16496,1792,70832,3,3,38,21
2021-03-21T23:59:59+01:00,6,7,4044,5018,11570,17157,11111,16804,9843,21058,10269,18692,4670,5693,13389,19025,6371,13234,1300,1253,3650,5089,3145,5979,3143,8431,3654,7123,1744,2020,2067,3988,2558,7217,103746,60549,15198,1787,68976,3,3,38,20
2021-03-20T23:59:59+01:00,5,7,4016,4949,11427,16823,10986,16488,9702,20756,10093,18409,4544,5532,12760,18075,6233,13018,1299,1252,3650,5087,3142,5978,3140,8425,3649,7118,1740,2015,2035,3926,2535,7175,101550,60354,15193,1787,67039,3,3,38,20
2021-03-19T23:59:59+01:00,5,6,3971,4869,11260,16461,10805,16134,9527,20376,9877,18048,4385,5337,11738,16863,6072,12807,1290,1245,3632,5058,3112,5900,3095,8331,3546,6943,1615,1902,1959,3862,2424,6967,98853,59073,14782,1783,64867,3,3,36,20
2021-03-18T23:59:59+01:00,5,6,3885,4765,11014,16035,10537,15688,9249,19907,9654,17706,4241,5171,11114,15999,5844,12544,1286,1234,3615,5023,3092,5856,3073,8275,3519,6895,1596,1870,1921,3792,2302,6758,97062,58391,13775,1692,62489,3,3,35,19
2021-03-17T23:59:59+01:00,5,6,3713,4650,10719,15616,10273,15328,9007,19545,9403,17358,4121,5004,10301,14757,5582,12121,1285,1231,3601,5005,3085,5836,3064,8241,3504,6871,1593,1845,1897,3763,2192,6571,94416,57884,12233,1677,60822,2,3,35,19
2021-03-16T23:59:59+01:00,5,6,3570,4526,10380,15153,10000,14958,8731,19101,9105,16994,3978,4837,9483,13632,5301,11762,1271,1228,3597,4998,3074,5832,3058,8230,3497,6857,1567,1820,1858,3713,2072,6392,92083,57444,11042,1597,58360,2,3,34,19
2021-03-15T23:59:59+01:00,5,6,3421,4410,10064,14687,9708,14500,8434,18627,8817,16582,3832,4668,8774,12567,5078,11442,1261,1220,3577,4986,3062,5808,3037,8191,3477,6815,1552,1807,1841,3681,1957,6206,90120,56860,9679,1596,55789,2,2,32,19
2021-03-14T23:59:59+01:00,5,6,3350,4321,9799,14252,9454,14097,8117,18135,8537,16187,3669,4481,7974,11334,4771,10989,1247,1214,3556,4968,3041,5766,3015,8111,3449,6747,1526,1755,1781,3555,1792,5817,87814,56332,8661,988,52974,2,0,29,19
2021-03-13T23:59:59+01:00,5,6,3269,4066,9486,13583,9207,13512,7889,17552,8330,15747,3559,4378,7783,11039,4723,10901,1247,1214,3556,4968,3041,5766,3014,8110,3447,6745,1522,1754,1779,3551,1791,5816,87157,56313,8661,988,49188,2,0,29,19
2021-03-12T23:59:59+01:00,5,6,3208,3930,9239,13043,8969,12983,7656,16916,7972,14995,3395,4208,7400,10629,4585,10713,1243,1211,3551,4954,3038,5763,3007,8102,3443,6739,1495,1725,1758,3535,1693,5639,85382,55889,8415,987,46026,2,0,29,19
2021-03-11T23:59:59+01:00,5,6,3057,3662,8862,12283,8665,12310,7323,16132,7629,14351,3236,4004,6843,9910,4396,10402,1224,1201,3518,4910,2994,5686,2972,7978,3392,6641,1450,1671,1679,3335,1497,5125,82929,55146,7968,110,42151,1,0,28,17
2021-03-10T23:59:59+01:00,5,6,2992,3553,8363,11776,7985,11829,7003,15640,7328,13760,3076,3846,6284,9214,4225,10126,1213,1187,3488,4852,2963,5609,2936,7839,3338,6519,1412,1631,1620,3239,1381,4846,81102,53970,7418,87,38465,0,0,26,17
2021-03-09T23:59:59+01:00,5,5,2887,3379,7679,11324,7090,11342,6583,15025,6964,13152,2846,3547,5776,8583,4069,9850,1208,1183,3466,4806,2935,5544,2919,7787,3320,6473,1398,1607,1585,3196,1276,4649,78807,53285,6058,53,35215,0,0,26,15
2021-03-08T23:59:59+01:00,5,5,2713,3143,7037,10779,6279,10863,6183,14497,6569,12583,2635,3336,5173,7847,3924,9582,1201,1177,3444,4740,2910,5468,2880,7692,3288,6397,1391,1598,1582,3188,1271,4646,75986,52808,4918,51,32224,0,0,25,15
2021-03-07T23:59:59+01:00,5,5,2601,3010,6706,10278,5868,10320,5887,14048,6329,12193,2537,3244,4408,6784,3708,9301,1198,1174,3441,4735,2905,5456,2876,7675,3280,6384,1386,1585,1561,3148,1256,4605,72733,52602,4087,49,30388,0,0,24,15
2021-03-06T23:59:59+01:00,5,5,2556,2868,6522,9824,5668,9903,5411,13190,5954,11453,2516,3216,4402,6773,3707,9298,1198,1173,3438,4729,2903,5455,2875,7674,3279,6381,1384,1582,1561,3146,1255,4605,71501,52576,4087,49,27659,0,0,24,14
2021-03-05T23:59:59+01:00,5,5,2464,2612,6308,9240,5454,9508,5233,12622,5569,10473,2290,2751,4023,6391,3570,9082,1186,1170,3420,4713,2898,5442,2867,7656,3267,6362,1371,1574,1560,3142,1250,4601,69170,52419,3854,49,24552,0,0,24,12
2021-03-04T23:59:59+01:00,5,5,2388,2407,6093,8804,5293,9165,5050,12200,5393,10095,2198,2581,3470,5566,3406,8745,1175,1155,3377,4613,2865,5375,2835,7558,3236,6287,1351,1567,1546,3128,1241,4590,67122,51842,3413,48,22305,0,0,24,10
2021-03-03T23:59:59+01:00,4,5,2330,2355,5923,8389,5122,8802,4836,11750,5203,9648,2115,2474,3068,5128,3247,8453,1155,1147,3342,4565,2828,5310,2795,7459,3188,6213,1331,1542,1527,3097,1235,4572,65695,51254,3169,44,19965,0,0,23,9
2021-03-02T23:59:59+01:00,4,5,2276,2266,5763,8054,4964,8548,4672,11348,5043,9330,2049,2383,2764,4773,3030,8129,1150,1137,3324,4544,2813,5283,2778,7410,3180,6185,1326,1532,1509,3078,1232,4566,64339,50995,2911,44,18128,0,0,23,9
2021-03-01T23:59:59+01:00,4,5,2250,2239,5658,7838,4864,8402,4588,11195,4942,9157,1994,2305,2467,4450,2842,7814,1144,1134,3310,4526,2801,5254,2762,7364,3167,6157,1320,1529,1502,3069,1229,4561,63072,50777,2690,44,17229,0,0,23,9
2021-02-28T23:59:59+01:00,3,5,2198,2196,5479,7576,4688,8181,4450,11009,4832,9028,1954,2241,2173,4147,2640,7506,1135,1128,3295,4516,2794,5247,2757,7351,3160,6143,1315,1526,1495,3052,1228,4530,61957,50621,2389,44,15937,0,0,23,8
2021-02-27T23:59:59+01:00,3,5,2111,1888,5303,7151,4589,7871,4367,10660,4760,8778,1926,2180,2142,4100,2620,7452,1131,1124,3293,4514,2789,5245,2753,7348,3155,6139,1314,1526,1495,3051,1227,4529,61718,50585,2389,41,13776,0,0,23,8
2021-02-26T23:59:59+01:00,3,5,2054,1810,5158,6912,4442,7610,4217,10394,4551,8495,1798,2072,2081,4060,2513,7272,1110,1111,3276,4480,2777,5207,2741,7295,3134,6085,1308,1515,1491,3043,1226,4527,60386,50279,2383,40,12655,0,0,23,8
2021-02-25T23:59:59+01:00,3,5,1939,1710,4834,6510,4014,7150,3933,9878,4318,8114,1740,2014,2048,3999,2403,7079,1094,1095,3237,4436,2746,5156,2695,7188,3095,5994,1298,1499,1475,3003,1213,4468,59911,49648,2276,38,9481,0,0,23,7
2021-02-24T23:59:59+01:00,3,5,1910,1650,4718,6296,3909,6936,3812,9635,4193,7954,1717,1981,2016,3957,2291,6881,1081,1090,3210,4373,2710,5090,2669,7104,3066,5923,1282,1482,1450,2955,1201,4399,59363,49053,2030,27,8448,0,0,23,6
2021-02-23T23:59:59+01:00,3,5,1686,1503,4345,5807,3629,6544,3592,9256,4037,7669,1687,1949,1972,3910,2178,6697,1062,1078,3172,4345,2682,5032,2643,7028,3031,5864,1262,1462,1423,2920,1191,4349,58907,48527,1983,13,5556,0,0,23,5
2021-02-22T23:59:59+01:00,3,5,1677,1484,4295,5748,3593,6481,3527,9161,3975,7574,1655,1922,1946,3859,2060,6500,1058,1065,3151,4300,2662,4993,2618,6968,3002,5811,1250,1448,1413,2910,1183,4340,58363,48160,1840,8,5239,0,0,23,5
2021-02-21T23:59:59+01:00,3,5,1665,1480,4265,5714,3550,6443,3486,9107,3931,7524,1646,1915,1941,3850,1939,6339,1052,1054,3130,4262,2632,4943,2602,6899,2973,5722,1237,1432,1393,2850,1159,4263,58021,47591,1834,8,4926,0,0,22,5
2021-02-20T23:59:59+01:00,3,5,1664,1479,4260,5711,3548,6442,3486,9105,3929,7523,1641,1913,1939,3846,1938,6339,1052,1054,3128,4260,2632,4943,2601,6898,2973,5722,1237,1431,1392,2850,1159,4263,58004,47583,1834,8,4911,0,0,22,5
2021-02-19T23:59:59+01:00,3,5,1646,1472,4248,5692,3537,6428,3475,9095,3919,7508,1614,1884,1918,3828,1838,6160,1051,1053,3127,4259,2631,4942,2601,6896,2970,5720,1237,1430,1392,2848,1159,4263,57586,47568,1828,8,4836,0,0,20,4
2021-02-18T23:59:59+01:00,3,5,1602,1441,4152,5582,3464,6325,3387,8931,3832,7368,1592,1849,1884,3760,1708,5963,1006,1010,2987,4034,2504,4670,2490,6558,2863,5455,1206,1387,1361,2762,1133,4115,56940,45531,1738,8,4150,0,0,20,3
2021-02-17T23:59:59+01:00,3,4,1580,1412,4056,5432,3380,6174,3269,8696,3705,7168,1540,1780,1812,3659,1591,5658,948,960,2834,3811,2387,4357,2363,6146,2734,5143,1156,1325,1316,2655,1087,3954,55732,43166,1727,7,3440,0,0,20,3
2021-02-16T23:59:59+01:00,3,4,1506,1345,3897,5235,3243,5992,3161,8464,3583,7002,1517,1757,1777,3629,1478,5452,862,928,2702,3653,2288,4146,2237,5824,2604,4890,1100,1234,1173,2354,833,3345,55047,40166,1711,4,2269,0,0,18,3
2021-02-15T23:59:59+01:00,3,4,1491,1327,3851,5148,3184,5905,3104,8349,3517,6896,1506,1743,1762,3606,1470,5432,827,906,2621,3524,2212,3966,2153,5546,2516,4678,1057,1170,1087,2180,769,3130,54582,38338,1709,2,1990,0,0,17,2
2021-02-14T23:59:59+01:00,3,4,1425,1299,3766,5071,3141,5796,3048,8195,3473,6787,1486,1712,1710,3479,1415,5186,818,900,2573,3456,2173,3898,2099,5426,2450,4572,1030,1134,1002,2008,698,2895,54340,37128,1099,2,1540,0,0,17,2
2021-02-13T23:59:59+01:00,3,4,1423,1298,3758,5065,3134,5795,3045,8193,3470,6785,1485,1708,1710,3477,1413,5186,818,900,2573,3456,2173,3897,2097,5425,2449,4572,1028,1133,1002,2008,698,2895,54320,37123,1098,0,1517,0,0,17,1
2021-02-12T23:59:59+01:00,3,3,1389,1282,3720,5031,3112,5775,3023,8160,3451,6740,1469,1697,1702,3460,1404,5167,811,892,2539,3402,2139,3852,2068,5372,2431,4541,1027,1132,1001,2007,697,2893,54095,36803,1096,0,1381,0,0,16,1
2021-02-11T23:59:59+01:00,3,3,1342,1239,3607,4859,3021,5603,2925,7850,3352,6528,1409,1639,1635,3282,1320,4841,774,829,2284,2957,1913,3375,1836,4625,2159,4012,944,1065,915,1818,649,2631,53467,32785,131,0,846,0,0,14,1
2021-02-10T23:59:59+01:00,3,3,1322,1216,3548,4751,2957,5499,2883,7700,3298,6397,1391,1622,1608,3243,1307,4804,696,772,1992,2548,1702,2926,1599,4016,1903,3550,834,921,752,1446,521,2143,52819,28320,129,0,591,0,0,13,1
2021-02-09T23:59:59+01:00,3,2,1309,1198,3493,4681,2927,5430,2863,7607,3261,6329,1384,1608,1580,3220,1297,4791,648,694,1731,2192,1508,2537,1414,3515,1734,3186,802,888,729,1373,500,2030,52510,25480,124,0,336,0,0,13,1
2021-02-08T23:59:59+01:00,3,2,1295,1194,3464,4651,2908,5392,2842,7555,3242,6299,1373,1602,1571,3195,1295,4773,635,660,1580,1956,1367,2283,1281,3207,1576,2926,763,868,683,1268,468,1861,52213,23381,98,0,333,0,0,12,1
2021-02-07T23:59:59+01:00,3,2,1163,1151,3357,4596,2854,5349,2815,7517,3217,6261,1363,1585,1563,3173,1290,4741,488,516,1312,1600,1127,1834,1071,2615,1349,2406,660,742,602,1108,423,1646,51921,19498,71,0,0,0,0,8,1
2021-02-06T23:59:59+01:00,3,2,1159,1149,3355,4594,2850,5347,2808,7514,3213,6257,1362,1583,1563,3171,1289,4740,364,368,1113,1350,991,1530,931,2208,1184,1990,573,645,575,1091,421,1643,51880,16976,71,0,0,0,0,8,1
2021-02-05T23:59:59+01:00,3,1,1148,1138,3339,4573,2843,5320,2796,7471,3195,6211,1356,1575,1560,3165,1288,4740,262,206,928,1034,843,1159,756,1757,1010,1582,461,541,549,1071,418,1639,51643,14216,71,0,0,0,0,8,0
2021-02-04T23:59:59+01:00,3,1,1132,1120,3294,4525,2802,5245,2753,7340,3147,6127,1342,1560,1546,3133,1278,4713,133,81,624,661,552,740,515,1150,669,988,283,360,452,926,380,1491,51005,10005,48,0,0,0,0,8,0
2021-02-03T23:59:59+01:00,3,1,1111,1114,3268,4479,2773,5203,2731,7288,3117,6070,1333,1551,1522,3093,1272,4667,115,65,496,510,420,597,414,908,512,743,234,280,353,726,297,1160,50544,7830,45,0,0,0,0,7,0
2021-02-02T23:59:59+01:00,3,1,1090,1101,3231,4447,2743,5149,2705,7213,3083,6006,1310,1523,1488,3036,1247,4578,105,56,413,414,348,519,366,820,459,661,213,257,308,656,272,1039,49903,6906,44,0,0,0,0,7,0
2021-02-01T23:59:59+01:00,3,1,1074,1090,3212,4394,2712,5088,2674,7086,3053,5910,1290,1495,1463,3000,1231,4515,78,41,314,309,256,395,274,614,326,498,175,209,244,520,211,808,49240,5272,44,0,0,0,0,7,0
2021-01-31T23:59:59+01:00,3,1,1069,1080,3197,4365,2687,5044,2658,7030,3039,5866,1280,1478,1443,2937,1208,4437,68,40,288,285,230,348,253,571,296,459,156,191,204,424,170,652,48771,4635,44,0,0,0,0,7,0
2021-01-30T23:59:59+01:00,3,1,1068,1080,3194,4361,2686,5044,2657,7029,3039,5865,1280,1477,1442,2937,1208,4437,68,37,281,271,217,332,248,560,292,453,155,188,203,424,170,652,48760,4551,41,0,0,0,0,7,0
2021-01-29T23:59:59+01:00,3,1,1067,1079,3193,4357,2686,5042,2656,7027,3036,5863,1280,1477,1442,2936,1208,4437,64,33,263,257,194,312,232,543,281,445,149,184,199,418,169,650,48742,4393,41,0,0,0,0,7,0
2021-01-28T23:59:59+01:00,3,1,1047,1059,3126,4251,2631,4931,2598,6871,2968,5732,1266,1455,1428,2870,1186,4317,54,18,166,154,128,188,162,357,207,281,118,141,153,260,96,373,47697,2856,38,0,0,0,0,5,0
2021-01-27T23:59:59+01:00,3,1,1001,1021,3040,4107,2550,4751,2503,6589,2884,5531,1235,1411,1392,2781,1153,4177,26,7,100,71,58,93,83,209,117,147,88,109,109,191,71,265,46097,1744,28,0,0,0,0,5,0
2021-01-26T23:59:59+01:00,2,1,924,991,2924,3972,2471,4566,2421,6410,2814,5376,1209,1361,1302,2629,940,3782,26,7,95,70,57,92,81,209,115,146,87,108,109,191,71,265,44073,1729,17,0,0,0,0,5,0
2021-01-25T23:59:59+01:00,2,1,908,974,2845,3843,2425,4419,2361,6213,2755,5225,1191,1339,1288,2604,930,3749,26,7,94,70,55,91,81,209,115,144,87,108,109,191,71,265,43056,1723,12,0,0,0,0,4,0
2021-01-24T23:59:59+01:00,2,1,898,970,2825,3828,2415,4387,2335,6174,2722,5164,1178,1333,1279,2582,917,3715,26,7,94,70,55,91,81,209,114,144,86,108,109,191,71,265,42712,1721,9,0,0,0,0,4,0
2021-01-23T23:59:59+01:00,2,1,898,970,2825,3827,2415,4387,2334,6173,2721,5164,1176,1332,1279,2582,917,3715,26,7,94,70,55,91,81,209,114,144,86,108,109,191,71,263,42707,1719,8,0,0,0,0,3,0
2021-01-22T23:59:59+01:00,2,1,892,963,2793,3781,2381,4322,2303,6098,2700,5117,1174,1330,1278,2580,916,3712,26,7,94,70,55,91,81,209,114,144,86,108,109,191,71,263,42334,1719,8,0,0,0,0,1,0
2021-01-21T23:59:59+01:00,2,1,876,895,2536,3365,2180,3905,2122,5491,2477,4633,1123,1284,1234,2459,886,3560,22,7,83,64,51,74,68,169,94,133,77,95,96,144,64,211,39020,1452,8,0,0,0,0,1,0
2021-01-20T23:59:59+01:00,2,1,801,833,2224,2959,1973,3439,1890,4883,2222,4156,1011,1145,1076,2114,773,3098,22,7,83,64,51,73,68,169,93,133,77,95,96,144,63,211,34591,1449,8,0,0,0,0,1,0
2021-01-19T23:59:59+01:00,2,1,741,755,1933,2512,1731,2977,1656,4223,1979,3684,938,1051,956,1839,676,2749,11,3,50,45,32,45,35,100,44,77,34,36,48,77,39,138,30395,814,7,0,0,0,0,1,0
2021-01-18T23:59:59+01:00,2,1,672,699,1704,2113,1494,2505,1408,3538,1726,3179,859,965,861,1636,624,2487,5,2,19,11,13,20,17,54,17,33,17,21,25,53,28,76,26468,411,4,0,0,0,0,1,0
2021-01-17T23:59:59+01:00,1,1,492,539,1388,1710,1215,1971,1153,2803,1447,2558,720,814,713,1355,515,2118,0,1,3,2,0,0,0,0,0,0,0,0,0,0,0,0,21509,6,3,0,0,0,0,1,0
2021-01-16T23:59:59+01:00,1,0,370,392,1206,1463,1095,1684,1013,2405,1291,2151,634,716,686,1339,513,2117,0,0,0,0,0,0,0,0,0,0,0,0,0,0,0,0,19073,0,2,0,0,0,0,1,0
2021-01-15T23:59:59+01:00,1,0,265,229,1022,1163,946,1336,846,1956,1112,1750,517,607,648,1306,502,2078,0,0,0,0,0,0,0,0,0,0,0,0,0,0,0,0,16283,0,1,0,0,0,0,0,0
2021-01-14T23:59:59+01:00,0,0,150,101,706,777,653,866,610,1297,748,1132,331,420,539,1124,452,1855,0,0,0,0,0,0,0,0,0,0,0,0,0,0,0,0,11761,0,0,0,0,0,0,0,0
2021-01-13T23:59:59+01:00,0,0,126,80,595,607,529,698,493,1040,590,867,279,346,454,957,395,1587,0,0,0,0,0,0,0,0,0,0,0,0,0,0,0,0,9643,0,0,0,0,0,0,0,0
2021-01-12T23:59:59+01:00,0,0,115,64,511,520,449,596,429,911,520,763,244,297,370,765,329,1239,0,0,0,0,0,0,0,0,0,0,0,0,0,0,0,0,8122,0,0,0,0,0,0,0,0
2021-01-11T23:59:59+01:00,0,0,86,51,415,422,364,485,344,737,413,591,210,246,310,637,270,1042,0,0,0,0,0,0,0,0,0,0,0,0,0,0,0,0,6623,0,0,0,0,0,0,0,0
2021-01-10T23:59:59+01:00,0,0,72,44,350,348,298,404,288,640,343,524,184,217,250,504,213,811,0,0,0,0,0,0,0,0,0,0,0,0,0,0,0,0,5490,0,0,0,0,0,0,0,0
2021-01-09T23:59:59+01:00,0,0,72,42,335,328,273,382,280,624,335,517,183,216,249,502,213,811,0,0,0,0,0,0,0,0,0,0,0,0,0,0,0,0,5362,0,0,0,0,0,0,0,0
2021-01-08T23:59:59+01:00,0,0,68,36,301,295,227,341,252,583,308,478,165,196,224,444,192,711,0,0,0,0,0,0,0,0,0,0,0,0,0,0,0,0,4821,0,0,0,0,0,0,0,0
2021-01-07T23:59:59+01:00,0,0,57,24,211,198,159,241,193,416,239,341,136,157,170,287,121,443,0,0,0,0,0,0,0,0,0,0,0,0,0,0,0,0,3393,0,0,0,0,0,0,0,0
2021-01-06T23:59:59+01:00,0,0,47,15,161,120,112,160,143,290,176,241,106,125,129,221,82,310,0,0,0,0,0,0,0,0,0,0,0,0,0,0,0,0,2438,0,0,0,0,0,0,0,0
2021-01-05T23:59:59+01:00,0,0,29,7,96,72,58,93,85,207,115,149,96,116,120,203,81,289,0,0,0,0,0,0,0,0,0,0,0,0,0,0,0,0,1816,0,0,0,0,0,0,0,0
2021-01-04T23:59:59+01:00,0,0,27,7,96,71,55,91,85,207,115,147,96,115,120,203,81,289,0,0,0,0,0,0,0,0,0,0,0,0,0,0,0,0,1805,0,0,0,0,0,0,0,0
2021-01-03T23:59:59+01:00,0,0,27,7,96,71,55,91,85,207,114,147,95,115,120,203,81,289,0,0,0,0,0,0,0,0,0,0,0,0,0,0,0,0,1803,0,0,0,0,0,0,0,0
2021-01-02T23:59:59+01:00,0,0,27,7,96,71,55,91,85,207,113,147,95,115,120,203,81,288,0,0,0,0,0,0,0,0,0,0,0,0,0,0,0,0,1801,0,0,0,0,0,0,0,0
2021-01-01T23:59:59+01:00,0,0,27,7,96,71,55,91,85,207,112,146,95,115,120,203,81,288,0,0,0,0,0,0,0,0,0,0,0,0,0,0,0,0,1799,0,0,0,0,0,0,0,0
2020-12-31T23:59:59+01:00,0,0,27,7,96,71,55,91,85,207,111,146,95,115,120,203,81,288,0,0,0,0,0,0,0,0,0,0,0,0,0,0,0,0,1798,0,0,0,0,0,0,0,0
2020-12-30T23:59:59+01:00,0,0,27,7,96,71,54,91,85,207,111,146,95,115,120,203,80,288,0,0,0,0,0,0,0,0,0,0,0,0,0,0,0,0,1796,0,0,0,0,0,0,0,0
2020-12-29T23:59:59+01:00,0,0,15,2,64,53,32,60,49,133,63,89,45,48,67,118,51,193,0,0,0,0,0,0,0,0,0,0,0,0,0,0,0,0,1082,0,0,0,0,0,0,0,0
2020-12-28T23:59:59+01:00,0,0,5,2,36,26,19,30,21,67,25,41,19,22,26,47,28,74,0,0,0,0,0,0,0,0,0,0,0,0,0,0,0,0,488,0,0,0,0,0,0,0,0
2020-12-27T23:59:59+01:00,0,0,0,0,7,5,7,2,1,5,0,2,0,1,2,2,4,6,0,0,0,0,0,0,0,0,0,0,0,0,0,0,0,0,44,0,0,0,0,0,0,0,0
