Datum,<15_m,<15_w,15-24_1_m,15-24_1_w,25-34_1_m,25-34_1_w,35-44_1_m,35-44_1_w,45-54_1_m,45-54_1_w,55-64_1_m,55-64_1_w,65-74_1_m,65-74_1_w,75-84_1_m,75-84_1_w,>84_1_m,>84_1_w,<24_2_m,<24_2_w,25-34_2_m,25-34_2_w,35-44_2_m,35-44_2_w,45-54_2_m,45-54_2_w,55-64_2_m,55-64_2_w,65-74_2_m,65-74_2_w,75-84_2_m,75-84_2_w,>84_2_m,>84_2_w,bp_1,bp_2,mo_1,mo_2,az_1,az_2,ja,unb_1,unb_2
2021-10-05T23:59:59+02:00,10590,10232,67784,68074,109319,106379,99391,98813,95746,101134,94659,96467,56662,70252,44477,61675,11020,22367,60676,60891,102623,98896,93756,92112,91033,95758,90887,92565,54812,67968,43219,59673,10504,21168,834145,781102,136298,130449,158655,145462,95824,191,185
2021-10-04T23:59:59+02:00,10553,10202,67623,67920,109168,106236,99305,98711,95661,101052,94612,96411,56630,70210,44467,61648,11017,22349,60531,60716,102493,98767,93628,91992,90946,95669,90831,92517,54779,67926,43200,59645,10499,21153,833138,780039,136226,130394,158653,145453,95638,191,185
2021-10-03T23:59:59+02:00,10491,10147,67424,67755,109004,106087,99194,98610,95575,100956,94548,96357,56598,70178,44460,61623,11016,22346,60337,60566,102312,98594,93492,91835,90854,95559,90758,92461,54743,67883,43183,59621,10496,21145,832028,778808,136158,130309,158649,145444,95414,191,185
2021-10-02T23:59:59+02:00,10466,10121,67322,67662,108918,106022,99131,98548,95525,100906,94527,96336,56587,70160,44460,61622,11015,22344,60218,60453,102238,98519,93425,91770,90808,95512,90732,92439,54736,67866,43182,59616,10495,21145,831500,778226,136096,130260,158647,145423,95309,191,185
2021-10-01T23:59:59+02:00,10381,10021,67171,67502,108739,105882,99013,98439,95446,100840,94474,96297,56570,70142,44458,61610,11013,22342,60025,60231,102071,98368,93298,91628,90703,95407,90671,92383,54720,67838,43179,59607,10494,21142,830454,776967,136038,130175,158646,145386,95082,191,185
2021-09-30T23:59:59+02:00,10303,9952,66953,67284,108534,105647,98838,98249,95312,100703,94383,96198,56535,70097,44441,61581,11009,22329,59777,59974,101875,98163,93115,91419,90568,95260,90584,92293,54693,67790,43164,59575,10484,21128,828873,775323,135948,130058,158640,145338,94764,191,185
2021-09-29T23:59:59+02:00,10225,9896,66765,67102,108346,105455,98689,98088,95191,100595,94301,96124,56494,70040,44418,61540,11002,22305,59608,59809,101696,97989,92982,91258,90460,95159,90514,92211,54660,67742,43145,59529,10481,21114,827480,774124,135883,129982,158636,145305,94454,191,185
2021-09-28T23:59:59+02:00,10141,9823,66583,66900,108149,105298,98545,97933,95082,100485,94218,96047,56453,70001,44404,61500,10995,22277,59424,59634,101512,97838,92850,91125,90339,95033,90435,92144,54629,67705,43129,59501,10472,21099,826115,772973,135821,129897,158634,145271,94141,191,185
2021-09-27T23:59:59+02:00,10013,9690,66347,66654,107943,105128,98414,97791,94996,100377,94142,95976,56426,69953,44392,61469,10990,22266,59231,59453,101336,97706,92714,90991,90239,94926,90366,92071,54592,67651,43111,59475,10464,21088,824726,771947,135749,129824,158633,145230,93736,191,185
2021-09-26T23:59:59+02:00,9895,9597,66112,66428,107717,104941,98250,97648,94880,100251,94058,95895,56388,69920,44378,61443,10985,22249,58997,59261,101139,97527,92570,90830,90134,94810,90295,91998,54564,67624,43097,59447,10459,21073,823297,770830,135671,129731,158627,145171,93317,191,185
2021-09-25T23:59:59+02:00,9857,9557,65997,66304,107614,104851,98176,97588,94823,100200,94027,95867,56384,69912,44376,61440,10984,22249,58889,59146,101038,97435,92491,90761,90095,94747,90259,91977,54552,67613,43093,59443,10459,21073,822749,770299,135611,129679,158627,145143,93096,191,185
2021-09-24T23:59:59+02:00,9796,9497,65840,66125,107448,104684,98030,97445,94703,100097,93957,95812,56369,69895,44368,61426,10984,22247,58675,58921,100859,97247,92367,90616,89989,94641,90176,91912,54531,67591,43090,59438,10458,21070,821736,769131,135541,129614,158627,145081,92695,191,185
2021-09-23T23:59:59+02:00,9704,9376,65526,65796,107190,104439,97839,97218,94545,99933,93855,95701,56324,69836,44344,61397,10978,22218,58384,58644,100617,97023,92185,90409,89856,94494,90079,91809,54485,67543,43069,59410,10457,21047,819963,767612,135422,129505,158621,145010,92089,191,185
2021-09-22T23:59:59+02:00,9633,9296,65192,65483,106981,104227,97639,97014,94387,99798,93730,95603,56279,69767,44310,61354,10967,22196,58204,58464,100438,96859,92002,90271,89737,94373,89973,91734,54450,67499,43041,59379,10451,21032,818216,766573,135313,129428,158616,144927,91586,191,185
2021-09-21T23:59:59+02:00,9546,9211,64971,65243,106779,104052,97467,96859,94273,99690,93650,95532,56229,69716,44292,61311,10960,22184,58016,58288,100248,96707,91863,90142,89650,94284,89884,91662,54411,67443,43020,59341,10442,21014,816786,765547,135237,129334,158613,144863,91204,191,185
2021-09-20T23:59:59+02:00,9486,9155,64687,64941,106589,103871,97307,96694,94169,99594,93585,95456,56189,69673,44272,61267,10954,22168,57827,58139,100071,96565,91711,89993,89508,94185,89805,91592,54366,67407,42995,59305,10436,20998,815373,764569,135162,129253,158608,144716,90788,191,185
2021-09-19T23:59:59+02:00,9436,9112,64412,64774,106362,103679,97159,96529,94031,99496,93485,95382,56160,69619,44262,61242,10951,22157,57587,57949,99835,96392,91528,89830,89328,94014,89689,91510,54328,67346,42976,59271,10435,20985,814070,763388,135081,129138,158605,144455,90366,191,185
2021-09-18T23:59:59+02:00,9404,9068,64321,64673,106245,103583,97050,96444,93963,99425,93452,95354,56152,69610,44258,61237,10949,22156,57468,57829,99732,96294,91406,89750,89257,93951,89653,91480,54318,67341,42969,59268,10433,20980,813504,762760,134993,129073,158603,144443,90118,191,185
2021-09-17T23:59:59+02:00,9326,8981,64132,64513,106070,103427,96879,96289,93833,99329,93379,95278,56136,69582,44247,61231,10943,22150,57265,57596,99547,96134,91254,89634,89142,93847,89576,91419,54303,67314,42961,59261,10433,20977,812406,761652,134906,128977,158599,144426,89688,191,185
2021-09-16T23:59:59+02:00,9236,8875,63864,64221,105802,103174,96650,96054,93645,99154,93278,95189,56084,69527,44234,61204,10936,22136,57017,57329,99285,95908,91065,89428,88968,93691,89475,91332,54256,67263,42939,59240,10428,20965,810639,760176,134819,128841,158589,144362,89089,191,185
2021-09-15T23:59:59+02:00,9166,8820,63519,63933,105605,102961,96443,95861,93510,98997,93177,95105,56046,69472,44198,61173,10931,22110,56844,57174,99094,95746,90896,89273,88864,93578,89372,91270,54224,67216,42914,59207,10424,20949,808910,759137,134765,128725,158585,144326,88639,191,185
2021-09-14T23:59:59+02:00,9124,8769,63231,63729,105376,102749,96247,95683,93377,98856,93064,95021,56000,69416,44174,61135,10926,22094,56644,56994,98919,95561,90730,89110,88732,93467,89290,91201,54187,67176,42892,59180,10419,20934,807395,758106,134696,128633,158577,144228,88175,191,184
2021-09-13T23:59:59+02:00,9089,8735,62938,63468,105152,102522,96077,95515,93234,98722,92977,94923,55950,69362,44157,61102,10919,22082,56438,56813,98725,95371,90577,88953,88601,93361,89204,91126,54150,67131,42873,59151,10416,20918,805904,757024,134609,128519,158567,144186,87716,191,184
2021-09-12T23:59:59+02:00,9038,8687,62638,63228,104910,102276,95867,95287,93074,98591,92881,94842,55900,69314,44141,61071,10914,22071,56240,56653,98482,95164,90411,88787,88466,93246,89107,91052,54107,67075,42851,59123,10412,20901,804397,756007,134511,128394,158563,144115,87130,191,184
2021-09-11T23:59:59+02:00,8991,8654,62517,63101,104770,102156,95764,95178,92989,98513,92842,94811,55885,69300,44136,61059,10914,22070,56093,56563,98335,95058,90313,88688,88367,93180,89070,91026,54097,67056,42847,59113,10412,20900,803719,755410,134454,128317,158563,144096,86785,191,184
2021-09-10T23:59:59+02:00,8895,8543,62282,62839,104574,101944,95592,94988,92847,98388,92748,94740,55853,69272,44122,61041,10914,22068,55852,56357,98137,94872,90129,88505,88234,93051,88986,90957,54075,67035,42834,59094,10412,20896,802346,754254,134391,128201,158560,144080,86224,191,184
2021-09-09T23:59:59+02:00,8798,8445,61978,62573,104307,101634,95365,94703,92674,98166,92614,94625,55815,69208,44101,61011,10904,22047,55603,56134,97887,94623,89909,88273,88073,92898,88844,90872,54033,66986,42813,59064,10406,20890,800437,752851,134287,128017,158556,144008,85559,191,184
2021-09-08T23:59:59+02:00,8738,8396,61763,62347,104096,101402,95178,94486,92514,98002,92501,94497,55780,69142,44067,60971,10891,22023,55445,55981,97704,94419,89752,88078,87915,92753,88724,90766,53995,66924,42777,59022,10395,20855,798996,751841,134182,127870,158546,143920,84941,191,184
2021-09-07T23:59:59+02:00,8687,8345,61528,62137,103871,101171,94995,94296,92373,97863,92399,94421,55746,69092,44038,60916,10881,22001,55250,55819,97487,94225,89568,87913,87789,92645,88626,90677,53953,66878,42751,58990,10390,20838,797528,750765,134078,127744,158542,143792,84483,191,184
2021-09-06T23:59:59+02:00,8647,8303,61326,61966,103678,101000,94858,94140,92260,97738,92315,94348,55691,69035,44017,60889,10874,21968,55083,55650,97295,94063,89402,87758,87663,92521,88529,90597,53904,66831,42730,58945,10380,20814,796321,749668,133988,127610,158531,143709,84084,191,184
2021-09-05T23:59:59+02:00,8591,8254,61119,61764,103519,100818,94704,93973,92138,97623,92239,94279,55665,68994,44006,60868,10869,21960,54880,55449,97102,93865,89215,87598,87523,92396,88446,90511,53855,66781,42713,58922,10375,20798,795152,748509,133908,127440,158528,143614,83666,191,184
2021-09-04T23:59:59+02:00,8540,8225,61004,61657,103434,100720,94604,93889,92083,97558,92204,94253,55656,68983,44000,60858,10869,21959,54753,55335,96984,93739,89099,87499,87454,92316,88398,90478,53840,66770,42707,58911,10375,20797,794574,747858,133858,127318,158524,143596,83411,191,184
2021-09-03T23:59:59+02:00,8463,8154,60815,61476,103266,100569,94459,93750,91980,97445,92132,94202,55628,68957,43992,60844,10867,21953,54547,55153,96784,93523,88907,87308,87308,92143,88305,90399,53807,66736,42696,58892,10371,20794,793493,746610,133805,127090,158516,143560,83009,191,184
2021-09-02T23:59:59+02:00,8346,8064,60564,61232,103017,100332,94268,93531,91797,97286,92015,94106,55582,68900,43969,60809,10862,21931,54285,54895,96492,93248,88666,87037,87087,91939,88162,90284,53762,66654,42665,58841,10361,20758,791865,744964,133696,126733,158505,143442,82415,191,184
2021-09-01T23:59:59+02:00,8282,7983,60354,61018,102822,100162,94114,93378,91680,97159,91912,94033,55539,68850,43951,60785,10854,21913,54029,54676,96265,93029,88472,86821,86909,91774,88023,90175,53698,66565,42627,58797,10351,20737,790608,743517,133623,126473,158489,143323,81939,191,180
2021-08-31T23:59:59+02:00,8203,7908,60152,60777,102628,99983,93940,93222,91558,97046,91789,93951,55493,68800,43925,60745,10845,21897,53778,54419,96000,92781,88258,86587,86752,91615,87862,90071,53653,66494,42601,58742,10344,20718,789267,742024,133543,126164,158476,143214,81446,191,180
2021-08-30T23:59:59+02:00,8107,7831,59949,60593,102459,99842,93823,93093,91441,96945,91722,93874,55460,68772,43909,60711,10840,21881,53528,54227,95761,92548,88051,86360,86574,91475,87736,89949,53598,66416,42560,58678,10327,20689,788169,740599,133486,125851,158469,143067,80997,191,180
2021-08-29T23:59:59+02:00,8031,7754,59672,60352,102222,99646,93639,92920,91301,96827,91634,93785,55415,68722,43885,60681,10838,21872,53178,53919,95443,92261,87762,86101,86340,91280,87583,89823,53529,66341,42530,58638,10321,20672,786814,738701,133396,125516,158454,142923,80401,191,180
2021-08-28T23:59:59+02:00,7975,7688,59535,60241,102117,99538,93534,92837,91216,96752,91589,93755,55401,68709,43877,60677,10837,21870,53000,53772,95283,92130,87627,85991,86229,91192,87513,89779,53512,66320,42521,58631,10319,20671,786195,737881,133357,125411,158450,142897,80015,191,180
2021-08-27T23:59:59+02:00,7909,7603,59348,60049,101947,99371,93393,92712,91107,96646,91503,93699,55378,68680,43867,60659,10836,21865,52753,53526,94988,91857,87406,85787,86056,91038,87406,89679,53469,66284,42506,58605,10314,20668,785210,736310,133295,125210,158411,142861,79525,191,180
2021-08-26T23:59:59+02:00,7823,7504,59109,59802,101722,99153,93178,92489,90929,96466,91397,93599,55329,68618,43834,60631,10830,21853,52418,53245,94622,91507,87073,85477,85815,90781,87248,89547,53407,66195,42460,58562,10307,20656,783741,734405,133197,124803,158388,142729,78809,191,178
2021-08-25T23:59:59+02:00,7751,7414,58883,59606,101552,99010,93027,92306,90809,96344,91290,93521,55291,68566,43800,60587,10825,21830,52119,52993,94319,91253,86849,85232,85618,90593,87115,89422,53339,66109,42411,58494,10301,20625,782536,732684,133115,124491,158378,142661,78253,190,176
2021-08-24T23:59:59+02:00,7701,7362,58664,59388,101368,98837,92862,92144,90698,96219,91205,93450,55253,68512,43773,60544,10819,21805,51797,52731,93970,90968,86550,84980,85409,90402,86963,89262,53254,66015,42363,58428,10292,20603,781404,730865,133023,124189,158371,142442,77676,190,176
2021-08-23T23:59:59+02:00,7646,7310,58462,59182,101206,98682,92732,91984,90606,96134,91129,93365,55215,68469,43744,60518,10815,21787,51475,52465,93633,90692,86302,84706,85215,90233,86828,89137,53176,65922,42328,58378,10285,20585,780269,728976,132952,123903,158361,142269,77274,190,175
2021-08-22T23:59:59+02:00,7578,7254,58266,59000,101005,98522,92574,91848,90511,96020,91050,93297,55179,68422,43730,60494,10809,21773,51104,52112,93234,90289,85995,84401,84979,90005,86659,89013,53097,65817,42292,58315,10271,20553,779249,726637,132850,123592,158349,142053,76754,190,173
2021-08-21T23:59:59+02:00,7524,7216,58132,58877,100872,98416,92469,91744,90412,95959,90993,93262,55159,68400,43722,60477,10807,21770,50772,51812,93067,90141,85826,84243,84832,89881,86573,88950,53066,65793,42282,58299,10270,20547,778573,725113,132775,123364,158348,142012,76385,190,173
2021-08-20T23:59:59+02:00,7471,7164,57977,58705,100700,98265,92318,91610,90297,95836,90917,93202,55138,68376,43712,60460,10805,21765,50440,51473,92803,89875,85562,84010,84618,89677,86440,88840,53035,65752,42259,58275,10263,20540,777621,723150,132726,123158,158342,141948,75899,190,173
2021-08-19T23:59:59+02:00,7404,7104,57732,58472,100428,98037,92113,91419,90136,95671,90789,93098,55096,68317,43687,60429,10798,21751,49996,51036,92373,89474,85158,83609,84307,89363,86227,88657,52964,65644,42221,58214,10253,20522,776267,720460,132593,122712,158335,141742,75156,190,172
2021-08-18T23:59:59+02:00,7340,7049,57551,58311,100244,97858,91971,91256,89996,95550,90688,93004,55029,68253,43658,60383,10788,21731,49646,50670,91996,89148,84838,83278,84029,89112,86037,88485,52849,65527,42150,58122,10238,20492,775119,718067,132503,122323,158328,141504,74581,189,172
2021-08-17T23:59:59+02:00,7278,6998,57362,58155,100052,97685,91805,91108,89874,95419,90592,92912,54990,68205,43633,60356,10786,21716,49153,50250,91548,88727,84436,82924,83700,88819,85833,88283,52746,65402,42092,58045,10232,20468,774009,715061,132399,121914,158315,141215,74075,188,172
2021-08-16T23:59:59+02:00,7219,6932,57179,57979,99849,97510,91657,90950,89733,95302,90477,92815,54939,68144,43604,60305,10779,21702,48587,49676,91070,88281,83968,82529,83365,88527,85602,88080,52642,65287,42034,57967,10223,20432,772845,711539,132307,121470,158308,140987,73487,188,172
2021-08-15T23:59:59+02:00,7153,6884,56958,57791,99664,97328,91499,90809,89609,95195,90388,92756,54901,68103,43584,60276,10775,21695,47465,48540,90428,87591,83412,81986,82972,88142,85315,87873,52534,65165,41991,57908,10214,20413,771765,705736,132195,120842,158299,140808,72981,188,171
2021-08-14T23:59:59+02:00,7122,6852,56837,57703,99523,97229,91396,90733,89521,95126,90337,92711,54886,68087,43579,60269,10774,21694,47313,48397,90195,87417,83199,81778,82847,88041,85245,87829,52506,65134,41982,57897,10213,20411,771242,704920,132139,120518,158295,140757,72575,188,171
2021-08-13T23:59:59+02:00,7077,6807,56683,57574,99365,97101,91269,90596,89415,95012,90256,92648,54856,68036,43565,60246,10772,21687,47008,48079,89719,87012,82800,81401,82584,87808,85075,87689,52463,65066,41960,57873,10210,20399,770414,702695,132080,119961,158288,140678,72057,186,171
2021-08-12T23:59:59+02:00,7042,6756,56480,57412,99152,96924,91095,90432,89270,94871,90161,92568,54818,67984,43539,60212,10764,21670,46593,47689,89073,86436,82221,80852,82204,87481,84847,87511,52389,64965,41907,57814,10200,20381,769354,699728,131977,119120,158275,140428,71418,186,170
2021-08-11T23:59:59+02:00,7007,6701,56293,57240,98945,96744,90936,90291,89137,94758,90050,92465,54766,67924,43508,60173,10755,21655,46177,47230,88446,85784,81639,80341,81868,87177,84576,87268,52300,64824,41835,57689,10181,20332,768229,696553,131879,118165,158252,140093,70865,183,169
2021-08-10T23:59:59+02:00,6946,6653,56108,57075,98725,96596,90779,90141,89008,94645,89966,92388,54721,67877,43492,60133,10751,21642,45740,46762,87798,85158,81031,79800,81458,86797,84332,87052,52179,64715,41775,57606,10167,20301,767167,693214,131785,117221,158233,139778,70338,183,169
2021-08-09T23:59:59+02:00,6894,6594,55935,56912,98530,96442,90625,90004,88867,94549,89855,92325,54682,67828,43467,60099,10744,21627,45174,46207,86960,84482,80340,79212,81044,86448,84038,86828,52067,64583,41718,57505,10153,20259,766145,689393,131712,116156,158223,139429,69776,183,166
2021-08-08T23:59:59+02:00,6823,6525,55710,56722,98320,96254,90447,89841,88731,94430,89760,92249,54628,67781,43441,60064,10737,21606,44570,45592,85887,83544,79434,78399,80500,85970,83710,86528,51932,64429,41655,57413,10140,20233,764936,684262,131601,114974,158203,139114,69205,183,166
2021-08-07T23:59:59+02:00,6778,6474,55564,56598,98181,96139,90318,89738,88636,94372,89697,92209,54609,67755,43438,60054,10734,21601,43729,44710,85550,83206,78958,77959,80140,85617,83528,86383,51869,64345,41634,57377,10135,20224,764265,680545,131538,113825,158199,139009,68769,183,165
2021-08-06T23:59:59+02:00,6722,6425,55372,56448,97949,95955,90166,89608,88511,94255,89599,92138,54569,67727,43429,60027,10731,21597,42807,43820,85083,82736,78372,77403,79750,85232,83337,86236,51816,64280,41608,57345,10127,20210,763302,676580,131438,112542,158192,138873,68172,183,164
2021-08-05T23:59:59+02:00,6656,6353,55051,56202,97650,95683,89906,89386,88298,94063,89430,92003,54505,67637,43399,59975,10722,21579,41566,42650,84350,82056,77593,76603,79153,84667,82981,85934,51686,64120,41547,57242,10112,20178,761645,671009,131311,110905,158180,138327,67238,183,163
2021-08-04T23:59:59+02:00,6575,6303,54812,56015,97397,95470,89723,89220,88156,93921,89312,91905,54452,67585,43362,59928,10718,21569,41089,42156,83125,81006,76251,75458,78664,84212,82661,85687,51544,63981,41490,57155,10096,20152,760356,665809,131202,109393,158165,137858,66576,183,163
2021-08-03T23:59:59+02:00,6509,6237,54553,55820,97160,95278,89548,89056,88013,93775,89166,91784,54372,67504,43325,59870,10710,21561,40651,41730,81874,79870,74828,74270,78057,83642,82117,85194,51330,63776,41389,57000,10083,20116,758972,659983,131097,107693,158140,137156,65908,183,163
2021-08-02T23:59:59+02:00,6447,6175,54314,55615,96900,95056,89325,88881,87841,93635,89022,91671,54289,67432,43292,59818,10707,21541,40172,41245,80554,78760,73280,73063,77432,83078,81573,84709,51160,63574,41314,56879,10066,20082,757536,653918,130946,105933,158118,136552,65238,182,161
2021-08-01T23:59:59+02:00,6382,6089,54046,55349,96634,94785,89087,88705,87638,93491,88858,91562,54221,67347,43255,59766,10700,21534,39653,40755,79263,77680,71869,71958,76540,82325,80987,84242,50970,63336,41226,56774,10055,20058,755928,647741,130750,104031,158092,135941,64555,181,158
2021-07-31T23:59:59+02:00,6346,6051,53924,55258,96513,94690,88986,88639,87547,93420,88813,91526,54209,67337,43249,59762,10700,21533,38694,39734,78816,77235,71333,71407,76155,81998,80872,84147,50951,63303,41210,56762,10055,20055,755448,643066,130580,103156,158089,135846,64262,181,158
2021-07-30T23:59:59+02:00,6291,6016,53747,55115,96352,94513,88829,88490,87415,93306,88730,91456,54172,67306,43236,59744,10698,21531,37687,38678,78110,76584,70579,70669,75640,81470,80471,83822,50874,63214,41176,56702,10049,20043,754549,636876,130264,102017,158086,135636,63925,180,157
2021-07-29T23:59:59+02:00,6240,5957,53511,54930,96090,94285,88617,88283,87248,93132,88590,91330,54112,67242,43213,59707,10690,21510,36440,37444,77053,75716,69529,69719,74834,80709,79933,83392,50742,63052,41109,56607,10032,20016,753308,629110,129781,100461,158070,135082,63406,179,157
2021-07-28T23:59:59+02:00,6203,5905,53310,54761,95884,94078,88466,88099,87131,92992,88479,91232,54054,67167,43179,59659,10680,21479,35827,36841,75883,74736,68255,68621,74074,79995,79442,82935,50601,62852,41039,56505,10016,19976,752129,622777,129331,99047,158053,134294,63123,179,155
2021-07-27T23:59:59+02:00,6154,5864,53077,54538,95623,93868,88284,87913,86972,92838,88355,91134,54001,67091,43137,59596,10666,21431,35174,36087,74424,73487,66802,67406,73210,79151,78898,82416,50426,62640,40959,56384,9991,19934,750716,615480,128898,97597,158029,133062,62777,179,154
2021-07-26T23:59:59+02:00,6097,5811,52855,54330,95376,93680,88085,87746,86809,92700,88226,91032,53940,67012,43108,59540,10659,21409,34408,35259,72909,72152,65430,66170,72163,78164,78308,81886,50253,62425,40881,56236,9969,19889,749366,607417,128472,96064,158012,131992,62443,179,154
2021-07-25T23:59:59+02:00,6059,5767,52647,54128,95122,93450,87909,87555,86652,92571,88118,90934,53889,66949,43080,59497,10649,21374,33704,34498,71569,70945,64315,65157,71161,77251,77832,81436,50135,62239,40816,56149,9963,19854,747965,600454,128199,94497,157990,131193,62074,179,154
2021-07-24T23:59:59+02:00,5972,5709,52372,53829,94814,93134,87662,87345,86476,92414,88018,90853,53860,66915,43068,59474,10649,21368,33199,34007,70706,70248,63645,64602,70285,76549,77627,81285,50080,62196,40794,56124,9963,19852,746080,596036,128147,93562,157989,131065,61593,179,154
2021-07-23T23:59:59+02:00,5919,5653,52098,53554,94416,92848,87364,87130,86295,92237,87879,90759,53827,66867,43060,59456,10646,21362,32680,33359,69640,69390,62865,63935,69383,75700,77224,80960,50005,62099,40762,56085,9956,19838,744032,590421,128073,92405,157983,130892,61159,179,154
2021-07-22T23:59:59+02:00,5849,5589,51680,53154,93940,92403,86977,86797,85984,91938,87666,90574,53742,66773,43031,59396,10638,21336,31972,32636,68325,68397,61816,63054,67765,74343,76572,80449,49854,61892,40671,55969,9935,19798,740986,583975,127838,89648,157959,130123,60562,178,153
2021-07-21T23:59:59+02:00,5797,5537,51309,52770,93504,91988,86670,86494,85727,91695,87492,90386,53658,66689,42972,59329,10627,21308,31358,31986,66993,67354,60729,62162,65720,72651,75667,79704,49563,61582,40510,55781,9911,19741,738180,577679,127598,85332,157929,129031,60122,178,153
2021-07-20T23:59:59+02:00,5739,5473,50918,52376,93039,91524,86303,86169,85458,91439,87271,90189,53566,66554,42923,59270,10620,21283,30699,31337,65528,66164,59595,61199,64542,71593,75055,79149,49358,61350,40404,55623,9888,19680,735214,570633,127376,83657,157873,128007,59528,178,153
2021-07-19T23:59:59+02:00,5662,5399,50446,51917,92568,91044,85932,85836,85211,91225,87064,90011,53473,66434,42887,59190,10602,21248,30156,30753,64365,65105,58678,60338,63388,70558,74456,78634,49184,61153,40312,55477,9860,19636,731938,564848,127148,81850,157838,126817,59102,178,153
2021-07-18T23:59:59+02:00,5593,5329,49620,51102,91488,89988,85201,85221,84730,90793,86771,89719,53367,66285,42824,59093,10592,21217,29601,30167,63182,64034,57754,59422,62209,69530,73905,78135,49036,60991,40254,55394,9848,19608,725466,559012,126815,79827,157821,126008,58708,178,152
2021-07-17T23:59:59+02:00,5419,5142,49267,50768,91345,89852,85006,85060,84574,90655,86664,89636,53346,66258,42813,59081,10591,21214,29213,29786,62535,63438,57200,59000,61458,68796,73599,77894,48926,60873,40215,55336,9838,19597,724283,555999,126638,78859,157816,125394,57830,178,152
2021-07-16T23:59:59+02:00,5318,5051,48943,50475,91079,89628,84760,84861,84374,90471,86525,89529,53304,66226,42795,59067,10588,21209,28717,29285,61595,62529,56354,58314,60405,67758,73097,77473,48765,60685,40169,55267,9833,19588,722902,551044,126468,77537,157805,124656,56905,177,152
2021-07-15T23:59:59+02:00,5182,4918,48470,50063,90678,89247,84401,84482,84070,90194,86303,89361,53224,66135,42740,58997,10579,21182,27988,28656,60277,61462,55229,57331,58994,66444,72363,76887,48535,60423,40080,55136,9818,19533,720431,545222,126048,75342,157770,122984,55840,176,152
2021-07-14T23:59:59+02:00,5076,4803,48115,49687,90370,88954,84113,84168,83820,89954,86101,89203,53135,66028,42682,58908,10562,21150,27456,28094,59180,60469,54259,56486,58115,65596,71755,76299,48267,60145,39973,54962,9796,19489,718260,539796,125688,74423,157720,121287,55025,175,152
2021-07-13T23:59:59+02:00,4964,4686,47712,49303,89970,88601,83808,83861,83553,89695,85894,89035,53025,65923,42627,58843,10556,21129,26793,27417,57812,59284,53069,55495,57125,64683,71029,75661,47990,59822,39843,54784,9764,19437,715898,533452,125317,73309,157662,119240,54172,174,151
2021-07-12T23:59:59+02:00,4793,4516,47161,48787,89573,88259,83413,83540,83305,89435,85703,88875,52944,65828,42579,58780,10544,21114,26164,26760,56313,57937,51783,54438,55903,63537,70284,75043,47616,59393,39667,54561,9723,19372,713179,526172,124949,72289,157598,116894,53287,174,151
2021-07-11T23:59:59+02:00,4398,4143,46212,47862,89141,87826,82999,83152,82997,89148,85508,88727,52857,65737,42554,58724,10533,21097,25560,26192,54939,56678,50488,53396,54861,62504,69691,74493,47270,59013,39542,54386,9698,19330,709220,519555,124479,71282,157558,115108,52225,171,150
2021-07-10T23:59:59+02:00,4385,4130,45882,47518,88683,87346,82665,82843,82893,89048,85442,88670,52836,65714,42545,58710,10532,21093,25072,25654,53850,55735,49629,52813,54262,61936,69475,74307,46900,58594,39442,54281,9693,19319,708549,515233,124011,71197,157380,113787,50863,170,150
2021-07-09T23:59:59+02:00,4366,4118,45463,47074,88062,86781,82289,82499,82642,88861,85328,88578,52800,65685,42538,58697,10528,21084,24369,24877,52529,54503,48688,51934,53484,61087,69053,73902,46541,58184,39354,54191,9686,19307,707128,509064,123426,70791,157216,112439,49492,169,150
2021-07-08T23:59:59+02:00,4336,4091,44911,46573,87200,86069,81758,81985,82387,88619,85133,88425,52733,65618,42506,58651,10517,21068,23379,23936,50589,52927,47304,50782,52344,59959,68361,73266,46021,57624,39217,54027,9658,19238,705001,501312,122536,69518,156924,109899,47976,168,149
2021-07-07T23:59:59+02:00,4313,4064,44325,45980,86363,85309,81206,81504,82100,88321,84924,88261,52654,65517,42463,58588,10509,21048,22488,23019,48643,51247,45788,49642,51104,58774,67661,72731,45283,56882,39022,53789,9626,19180,702487,493132,121535,68408,156666,106790,46598,165,147
2021-07-06T23:59:59+02:00,4280,4043,43780,45456,85497,84572,80592,80914,81730,87990,84748,88085,52565,65436,42425,58525,10500,21023,21649,22151,46640,49466,44401,48390,49823,57437,66912,72012,44454,56108,38836,53551,9608,19125,699839,484165,120513,67326,156365,103819,45283,163,147
2021-07-05T23:59:59+02:00,4258,4007,42618,44469,83979,83468,79865,80294,81271,87568,84473,87821,52449,65300,42376,58446,10486,20995,20456,21085,44680,47864,43382,47426,48794,56475,66216,71393,43690,55246,38661,53327,9584,19087,696520,478178,119453,66453,155997,100729,42013,162,147
2021-07-04T23:59:59+02:00,4231,3985,41254,43250,82328,82150,79138,79687,80798,87146,84201,87623,52356,65174,42331,58393,10473,20966,19101,19878,42880,46338,42682,46679,47981,55621,65632,70824,42945,54396,38494,53133,9564,19040,693401,473511,118300,65514,155571,98108,38052,162,147
2021-07-03T23:59:59+02:00,3765,3568,39679,41702,81464,81495,78653,79198,80352,86667,83982,87451,52288,65073,42313,58341,10470,20960,18290,19188,41964,45643,42264,46304,47575,55220,65466,70658,42354,53668,38432,53034,9557,19030,689650,471574,116989,65415,155487,96515,35135,162,147
2021-07-02T23:59:59+02:00,3207,2996,38122,40202,80731,80764,77981,78491,79832,86163,83740,87248,52236,64987,42285,58294,10458,20947,17521,18458,40806,44675,41529,45606,46740,54437,64943,70208,41403,52463,38302,52846,9541,19011,684605,466496,115584,64948,155334,94020,33002,161,145
2021-07-01T23:59:59+02:00,2560,2449,36402,38533,79747,79897,77140,77658,79125,85525,83425,86970,52113,64829,42222,58191,10440,20918,16636,17529,39258,43436,40313,44545,45436,53305,64200,69630,40513,51326,38153,52638,9524,18979,678266,460069,113854,63296,155109,91254,30756,161,145
2021-06-30T23:59:59+02:00,2518,2419,35391,37514,77902,78396,75439,76163,78477,84976,83139,86678,51980,64670,42162,58094,10428,20891,15602,16548,37576,42215,39114,43441,44280,52246,63444,69002,39967,50641,38035,52441,9502,18943,672398,453935,112117,61959,154895,89370,27668,161,145
2021-06-29T23:59:59+02:00,2483,2386,34551,36613,76302,76902,73826,74751,77683,84259,82593,86187,51797,64451,42086,57963,10411,20855,14766,15642,36262,41067,38203,42619,43062,51195,62726,68417,39255,49704,37899,52222,9479,18899,666039,448747,110238,60130,154627,87418,25036,161,144
2021-06-28T23:59:59+02:00,2442,2352,33725,35800,74690,75485,72145,73355,76661,83471,81989,85689,51621,64224,42009,57856,10398,20821,14016,14879,35202,40044,37383,41891,41932,50197,62075,67872,38383,48619,37732,52001,9460,18853,659563,443900,108278,58617,154030,85220,22703,161,143
2021-06-27T23:59:59+02:00,2427,2337,32987,35051,73127,74111,70736,72147,75263,82349,81311,85133,51424,64007,41944,57738,10388,20792,13380,14243,34243,39281,36725,41293,40996,49346,61533,67429,37518,47586,37580,51822,9445,18822,653354,439994,106339,57849,153077,82954,20343,160,141
2021-06-26T23:59:59+02:00,1790,1728,31944,33944,72768,73792,70268,71682,74970,82037,81217,85053,51404,63980,41930,57728,10387,20789,13186,14034,33580,38740,36080,40872,40473,49012,60542,66423,36522,46449,37412,51609,9431,18789,648554,434015,105396,57797,153073,81008,20232,157,140
2021-06-25T23:59:59+02:00,1172,1130,30820,32767,72274,73256,69657,70988,74544,81590,80841,84729,51342,63892,41896,57685,10382,20775,12851,13644,32730,37947,35212,40052,39527,48171,59328,65188,36007,45749,37221,51309,9408,18748,642218,425594,104202,57348,153066,79947,20098,157,139
2021-06-24T23:59:59+02:00,569,569,29476,31438,71496,72497,68785,70102,73872,80957,80395,84365,51236,63762,41844,57615,10371,20741,12184,12935,31555,36645,33994,38788,38397,47059,57691,63812,35530,45232,37064,51120,9389,18688,634386,416236,102713,55793,152954,78062,19882,156,138
2021-06-23T23:59:59+02:00,542,537,28971,30884,70383,71514,67512,68962,73122,80270,79944,83959,51124,63587,41784,57519,10355,20709,11689,12403,30556,35405,33061,37568,37376,46175,55744,62091,34975,44666,36897,50894,9368,18623,628146,406454,101138,54730,152847,76803,19392,156,137
2021-06-22T23:59:59+02:00,519,520,28450,30283,69210,70481,66307,67937,72443,79565,79532,83591,51016,63460,41736,57435,10346,20683,11343,11988,29643,34476,32108,36678,36420,45276,53768,60248,34590,44191,36760,50652,9339,18565,621797,397915,99678,53161,152713,75685,19171,156,135
2021-06-21T23:59:59+02:00,487,486,27781,29600,67889,69300,65117,66808,71685,78786,79136,83200,50909,63350,41677,57346,10332,20642,11050,11670,29019,33895,31555,36110,35812,44687,51922,58592,33880,43390,36464,50227,9309,18489,614966,390337,98176,51965,152590,75011,18645,155,134
2021-06-20T23:59:59+02:00,402,405,27145,28930,66663,68161,64097,65873,70881,78044,78781,82864,50832,63224,41628,57279,10327,20609,10762,11403,28471,33391,31098,35620,35299,44164,50074,56794,33338,42708,36267,49892,9279,18429,608571,382906,96714,51214,152491,74540,18215,155,130
2021-06-19T23:59:59+02:00,369,371,26759,28553,65929,67587,63571,65370,70082,77389,78629,82740,50811,63199,41612,57263,10326,20609,10629,11204,28217,33070,30844,35296,35076,43902,48630,55399,33079,42361,36183,49753,9271,18401,604604,377496,95769,51202,152490,74350,18152,155,130
2021-06-18T23:59:59+02:00,341,338,26298,28079,64914,66850,62835,64760,69161,76551,78239,82407,50748,63124,41585,57227,10322,20601,10413,10960,27817,32648,30517,34883,34684,43505,46891,53721,32726,41848,36047,49543,9252,18367,599180,370631,94527,50913,152484,74129,18035,155,129
2021-06-17T23:59:59+02:00,312,307,25653,27467,63646,65853,61835,63953,67572,75138,77713,82003,50648,62970,41522,57145,10309,20574,9996,10597,27029,31951,29777,34204,33847,42805,45382,52224,32280,41216,35883,49287,9221,18317,593079,363188,91866,49770,152322,73744,17201,153,128
2021-06-16T23:59:59+02:00,277,269,25119,26875,62345,64718,60730,62980,65303,73216,76870,81347,50433,62760,41431,57033,10290,20542,9672,10335,26379,31278,29074,33584,33118,42168,44787,51658,32010,40853,35737,49087,9200,18276,586817,359487,87358,49063,151898,72236,16315,151,128
2021-06-15T23:59:59+02:00,238,238,24465,26164,60936,63492,59649,61998,64147,72135,76363,80927,50311,62611,41380,56937,10283,20512,9403,10053,25779,30541,28439,32830,32438,41446,43227,50025,31559,40297,35565,48854,9170,18212,579650,352756,85732,48172,151441,70982,15813,151,128
2021-06-14T23:59:59+02:00,215,206,23990,25564,59827,62437,58772,61151,63072,71131,75890,80538,50222,62488,41330,56865,10268,20487,9109,9750,25028,29650,27679,31997,31650,40630,41938,48680,31189,39798,35428,48631,9140,18161,573774,346606,84015,47153,151236,69306,15278,151,127
2021-06-13T23:59:59+02:00,210,191,23571,25094,58886,61531,57999,60364,61962,70163,75425,80117,50132,62372,41279,56806,10256,20457,8824,9445,24319,28807,26969,31159,30889,39777,40380,47092,30724,39187,35226,48325,9110,18071,568751,339543,82159,46369,151009,67533,14746,151,125
2021-06-12T23:59:59+02:00,197,173,23313,24813,58327,61023,57638,60085,61320,69522,75224,80005,50107,62341,41267,56792,10253,20453,8705,9325,23843,28226,26447,30586,30361,39217,39279,46117,30555,39008,35131,48160,9106,18060,565796,335293,81204,46366,151001,65652,14702,151,125
2021-06-11T23:59:59+02:00,178,158,22944,24374,57576,60210,56960,59454,60413,68590,74875,79699,50032,62266,41241,56756,10251,20447,8565,9132,23325,27552,25915,29932,29779,38581,38201,45106,30287,38652,34988,47938,9093,18033,560750,330442,79911,46105,150987,63792,14627,150,124
2021-06-10T23:59:59+02:00,163,141,22402,23793,56434,59273,56032,58635,59149,67415,74336,79299,49960,62158,41217,56706,10236,20418,8301,8877,22454,26608,24951,28993,28659,37645,36810,43939,29930,38171,34708,47504,9026,17957,555159,323529,77702,45397,150748,61487,14009,150,122
2021-06-09T23:59:59+02:00,143,126,21770,23210,55172,58168,54955,57724,58198,66508,73874,78904,49872,62058,41165,56644,10222,20387,8008,8615,21526,25747,24019,28110,27626,36695,35090,42149,29541,37671,34522,47235,8984,17866,549357,316092,76249,44665,150394,59585,12952,149,120
2021-06-08T23:59:59+02:00,121,108,21093,22500,53861,57038,53838,56743,57245,65652,73327,78469,49783,61934,41111,56552,10204,20358,7741,8371,20627,24856,22964,27247,26592,35733,33728,40843,29183,37164,34202,46778,8933,17783,542674,309782,75319,43894,149955,57119,11840,149,118
2021-06-07T23:59:59+02:00,104,91,20440,21866,52423,55779,52579,55764,56089,64665,72775,78065,49698,61828,41064,56489,10191,20330,7486,8145,19787,24035,21944,26437,25560,34861,32794,40058,28901,36769,33951,46348,8882,17690,535384,305156,74417,43076,149546,54560,10744,149,118
2021-06-06T23:59:59+02:00,97,85,19928,21332,51279,54673,51471,54783,55121,63712,72264,77662,49612,61751,41028,56426,10183,20314,7274,7950,19006,23140,21042,25563,24489,33878,31879,39240,28611,36429,33696,45958,8831,17616,529050,300605,73396,42334,149213,51639,9915,147,115
2021-06-05T23:59:59+02:00,91,77,19658,21022,50494,53915,50819,54279,54648,63236,72132,77550,49601,61737,41024,56423,10180,20314,7043,7538,18365,22072,20318,24452,23614,32624,30843,37923,28278,35964,33572,45782,8824,17596,524701,294304,73390,42295,149127,48265,9835,147,115
2021-06-04T23:59:59+02:00,81,71,19206,20436,49432,52901,50003,53412,53995,62447,71789,77222,49573,61699,41004,56408,10178,20309,6820,7222,17739,21225,19630,23459,22674,31345,29621,36581,27990,35598,33458,45607,8812,17575,518217,287840,73062,42226,149111,45551,9630,146,114
2021-06-03T23:59:59+02:00,70,60,18528,19742,47913,51597,48784,52284,53024,61421,71284,76763,49507,61594,40966,56360,10165,20284,6529,6825,17002,20181,18828,22310,21669,29915,28453,35095,27448,34817,33252,45282,8775,17500,510446,281102,72049,41473,148837,42330,8870,144,111
2021-06-02T23:59:59+02:00,65,56,18147,19230,46891,50608,47901,51519,52273,60660,71035,76551,49468,61559,40947,56332,10157,20270,6339,6589,16361,19494,17904,21551,20823,28965,27359,33690,26982,34213,33091,45031,8746,17430,504159,274831,72031,41459,148816,39655,8521,142,106
2021-06-01T23:59:59+02:00,54,50,17468,18490,45022,48876,46244,50057,50754,59194,70355,75951,49376,61448,40888,56259,10144,20221,6059,6272,15199,18594,16391,20585,19607,27710,26129,32294,26427,33516,32840,44681,8699,17327,495045,268328,70665,40887,148270,36281,6732,139,105
2021-05-31T23:59:59+02:00,52,46,16985,17998,43712,47732,45022,48946,49511,58069,69672,75439,49294,61345,40842,56190,10132,20184,5780,5943,14153,17763,14976,19662,18425,26593,24902,30951,25909,32796,32645,44384,8665,17228,488794,262029,69500,40345,147803,33364,4936,138,104
2021-05-30T23:59:59+02:00,46,45,16654,17603,42740,46791,44114,48043,48503,57070,69114,74893,49189,61189,40770,56075,10116,20141,5590,5697,13606,17062,14345,18963,17525,25621,23799,29777,25138,31846,32348,43966,8620,17139,482836,256063,68469,39542,147394,31081,4260,137,99
2021-05-29T23:59:59+02:00,46,44,16521,17478,42375,46474,43769,47779,48262,56878,69056,74839,49183,61183,40763,56071,10116,20140,5426,5453,13095,16257,13701,18116,16680,24453,22684,28476,24979,31613,32284,43871,8617,17132,480858,250456,68346,39542,147386,28493,4251,136,98
2021-05-28T23:59:59+02:00,45,42,16216,17172,41672,45845,43258,47213,47753,56343,68780,74545,49117,61101,40736,56021,10113,20135,5184,5070,12560,15347,13022,17254,15817,23218,21581,27037,24730,31244,32189,43738,8607,17116,476561,244411,67839,39438,147359,25561,4212,136,95
2021-05-27T23:59:59+02:00,42,39,15691,16627,40519,44855,42240,46316,46763,55452,68199,74109,48994,60941,40682,55949,10102,20095,4946,4725,11914,14531,12239,16321,14746,22023,20324,25525,24228,30507,32017,43476,8573,17032,470675,237063,66321,38632,146640,23499,3845,134,91
2021-05-26T23:59:59+02:00,40,38,15279,16190,39425,43935,41200,45439,45733,54574,67593,73598,48841,60759,40598,55782,10080,20047,4753,4525,11362,13772,11518,15473,13735,20892,18925,23933,23643,29720,31800,43131,8519,16930,465525,229794,64300,37761,145651,21447,3541,134,91
2021-05-25T23:59:59+02:00,40,37,14873,15780,38422,43046,40233,44587,44781,53656,66976,73067,48658,60519,40519,55649,10054,19994,4537,4317,10822,13132,10753,14703,12663,19651,17491,22430,23055,28940,31563,42804,8462,16835,460199,222419,62720,36818,144542,19540,3296,134,88
2021-05-24T23:59:59+02:00,40,36,14527,15455,37586,42313,39365,43914,43920,52870,66447,72581,48535,60342,40456,55524,10034,19949,4393,4189,10376,12668,10118,14124,11773,18816,16206,21167,22380,28107,31346,42472,8403,16745,455586,215507,61487,35876,143797,18924,2891,133,88
2021-05-23T23:59:59+02:00,36,36,14359,15279,37119,41938,38914,43511,43469,52463,66176,72353,48455,60251,40417,55477,10027,19925,4203,4049,9910,12195,9498,13519,10829,18000,15008,20105,21909,27536,31093,42183,8352,16659,452389,208508,61106,35795,143774,17858,2803,133,87
2021-05-22T23:59:59+02:00,34,34,14163,15063,36429,41377,38227,43058,42893,52054,65158,71339,48248,59992,40345,55363,10017,19904,4092,3752,9697,11778,9345,13194,10586,17555,14738,19703,21815,27419,31059,42141,8345,16650,445931,207280,61103,35792,143760,15942,2771,133,87
2021-05-21T23:59:59+02:00,33,33,13778,14654,35361,40468,37166,42137,41828,51153,63801,70049,48019,59656,40265,55215,10000,19871,3982,3653,9491,11514,9131,12928,10251,17228,14323,19330,21594,27133,30997,42051,8336,16642,436333,205320,60745,35486,143524,14942,2754,131,85
2021-05-20T23:59:59+02:00,30,33,12971,13915,33923,39012,35745,40738,40423,49953,62506,68899,47725,59316,40120,55033,9979,19821,3831,3478,8966,10908,8482,12217,9552,16378,13567,18366,20777,26013,30803,41752,8297,16555,426091,200953,59045,34642,142505,11893,2372,129,85
2021-05-19T23:59:59+02:00,30,32,12426,13340,32748,37597,34646,39359,39297,48994,60497,67123,47242,58758,39934,54770,9936,19715,3725,3341,8688,10532,8186,11845,9114,15869,12930,17702,19912,24883,30576,41448,8240,16440,415229,196702,57527,33828,141393,10653,2168,127,83
2021-05-18T23:59:59+02:00,28,32,12003,12883,31714,36589,33568,38446,38257,48063,58430,65250,46887,58311,39778,54529,9904,19656,3524,3174,8192,9936,7717,11301,8568,15198,12249,16932,18969,23647,30338,41106,8202,16334,406554,192590,55579,32987,140201,7860,1870,124,83
2021-05-17T23:59:59+02:00,26,31,11749,12598,31196,36034,33072,37887,37665,47425,56528,63542,46184,57486,39499,54129,9867,19582,3437,3063,7925,9661,7421,11004,8165,14784,11677,16325,18046,22515,30103,40786,8167,16258,398959,188208,54449,32241,139391,7232,1579,122,80
2021-05-16T23:59:59+02:00,26,31,11531,12342,30671,35531,32609,37395,37143,46853,54626,61710,45635,56787,39306,53810,9839,19526,3339,2961,7635,9366,7097,10663,7691,14317,11095,15738,17116,21363,29893,40496,8128,16189,391982,183917,53480,31390,138727,6643,1062,120,78
2021-05-15T23:59:59+02:00,26,31,11371,12136,30393,35197,32372,37075,36915,46589,53058,60227,45385,56481,39229,53671,9833,19498,3317,2942,7610,9337,7082,10642,7673,14302,11076,15716,17005,21147,29683,40186,8120,16179,386165,182918,53476,31389,138681,6591,1045,120,77
2021-05-14T23:59:59+02:00,26,31,11123,11848,29921,34693,31992,36613,36397,46114,51179,58389,45022,55980,39089,53465,9817,19458,3289,2920,7539,9266,7024,10570,7609,14240,10894,15515,16269,20078,29397,39697,8103,16139,378351,179978,53145,31051,138547,6451,995,119,77
2021-05-13T23:59:59+02:00,23,30,10833,11514,29268,34041,31387,36011,35721,45443,49705,56873,44589,55352,38917,53218,9790,19411,3210,2870,7409,9162,6935,10476,7506,14129,10562,15168,15205,18833,29009,39055,8060,16064,371212,176158,52129,30487,137793,6062,875,117,74
2021-05-12T23:59:59+02:00,22,28,10701,11369,28981,33722,31117,35720,35408,45128,49421,56561,44493,55245,38865,53139,9783,19372,3197,2843,7376,9126,6903,10441,7475,14089,10390,15011,14826,18396,28704,38570,8038,16017,368529,174084,52042,30476,137635,6017,753,116,74
2021-05-11T23:59:59+02:00,21,25,10344,11038,28126,32903,30293,34965,34545,44341,47681,54784,44036,54646,38690,52849,9745,19269,3108,2746,7133,8846,6677,10139,7259,13720,9912,14466,13836,17246,28288,37952,8000,15923,361588,170400,50333,29579,135740,4675,525,115,74
2021-05-10T23:59:59+02:00,20,25,10034,10750,27378,32197,29518,34270,33776,43572,46372,53510,43652,54136,38501,52546,9695,19155,3065,2699,7005,8722,6581,10019,7115,13541,9645,14163,13132,16380,27858,37338,7974,15843,355322,167572,49216,29195,134045,3833,412,112,70
2021-05-09T23:59:59+02:00,19,25,9794,10496,26690,31511,28861,33577,33052,42877,44834,52027,43152,53514,38302,52242,9658,19069,3016,2651,6879,8580,6476,9879,7001,13329,9333,13851,12334,15480,27491,36797,7954,15787,348217,164709,48142,28645,132909,3092,324,108,70
2021-05-08T23:59:59+02:00,19,25,9701,10423,26307,31209,28406,33258,32585,42569,43779,51197,42999,53351,38263,52181,9655,19063,3012,2647,6870,8575,6471,9871,6992,13317,9323,13838,12297,15418,26809,35846,7917,15711,343641,162834,48102,28618,132821,3077,318,108,69
2021-05-07T23:59:59+02:00,18,25,9558,10273,25833,30827,27951,32882,32079,42216,42733,50368,42727,53008,38153,52023,9643,19036,2948,2620,6810,8531,6415,9816,6940,13264,9148,13617,11664,14607,25860,34458,7869,15629,338492,158718,47794,28248,132663,2864,299,105,69
2021-05-06T23:59:59+02:00,16,24,9150,9978,24915,30059,26888,32080,30851,41388,41116,49150,42343,52458,37958,51780,9605,18962,2876,2573,6679,8384,6297,9686,6791,13076,8876,13314,11011,13739,24891,33073,7834,15567,330624,154912,46715,27290,130999,2115,283,100,69
2021-05-05T23:59:59+02:00,16,23,8777,9775,24032,29460,26033,31427,29767,40600,39136,47333,41896,51908,37751,51497,9548,18849,2832,2540,6561,8254,6196,9571,6690,12930,8630,13054,10295,12906,23873,31747,7805,15495,322780,151003,45863,26401,128884,1709,201,100,67
2021-05-04T23:59:59+02:00,16,22,8534,9535,23250,28814,25058,30690,28696,39761,37612,45866,41420,51321,37474,51150,9497,18726,2789,2517,6489,8181,6112,9501,6614,12843,8393,12833,9563,12045,22923,30498,7771,15432,316105,147249,44891,25596,126249,1497,98,99,66
2021-05-03T23:59:59+02:00,16,21,8323,9321,22552,28233,24223,30088,27787,39064,36654,45115,41074,50851,37256,50860,9446,18623,2741,2483,6418,8104,6032,9434,6524,12760,8166,12618,8808,11146,22003,29277,7740,15381,311236,143486,44116,24771,123999,1256,59,97,65
2021-05-02T23:59:59+02:00,16,21,8158,9158,21917,27655,23490,29500,26969,38445,35838,44479,40817,50522,37141,50672,9411,18566,2704,2460,6376,8064,5995,9399,6483,12719,7985,12444,8206,10404,21292,28405,7719,15362,306416,140287,43350,24494,122862,1124,51,96,63
2021-05-01T23:59:59+02:00,15,21,8002,8972,21543,27202,23011,28932,26322,37727,35009,43584,40550,50145,37042,50518,9405,18549,2698,2452,6351,8054,5979,9390,6465,12706,7969,12427,8169,10340,21253,28348,7715,15358,300298,139995,43348,24486,122757,1082,50,96,63
2021-04-30T23:59:59+02:00,15,20,7851,8792,21154,26777,22561,28361,25565,36940,33992,42616,40319,49824,36944,50364,9393,18526,2676,2438,6327,8036,5958,9372,6436,12685,7937,12394,8130,10271,21203,28266,7712,15348,293962,139685,43340,24411,122574,989,43,95,63
2021-04-29T23:59:59+02:00,14,20,7573,8549,20560,26197,21892,27679,24633,35975,32714,41277,39274,48422,36627,49891,9335,18397,2641,2403,6236,7926,5869,9271,6343,12545,7733,12119,7503,9542,20793,27749,7688,15273,285199,137609,42554,23179,121143,744,43,90,61
2021-04-28T23:59:59+02:00,13,18,7291,8333,20039,25733,21255,27085,23749,35127,31312,39825,38107,46828,36285,49398,9273,18256,2570,2354,6123,7805,5759,9140,6241,12390,7512,11845,6812,8692,20376,27167,7648,15202,276517,135145,41776,21875,119505,516,43,86,59
2021-04-27T23:59:59+02:00,12,18,7101,8153,19612,25305,20633,26548,22891,34343,30094,38499,37015,45381,35903,48830,9203,18129,2544,2329,6022,7708,5706,9041,6175,12265,7298,11650,6207,7954,19974,26667,7628,15179,268682,133048,40908,20930,117951,269,43,86,59
2021-04-26T23:59:59+02:00,11,18,6919,7986,19191,24885,20085,26024,22081,33586,28878,37258,35954,43959,35595,48343,9152,18002,2531,2318,5976,7665,5661,9002,6137,12220,7111,11488,5594,7219,19599,26222,7605,15151,260972,131081,40083,20084,116747,237,40,85,59
2021-04-25T23:59:59+02:00,11,17,6814,7849,18857,24614,19705,25683,21469,32963,27888,36297,34818,42527,35277,47913,9110,17920,2517,2310,5958,7640,5641,8984,6116,12194,7073,11461,5466,7035,19262,25758,7589,15106,253755,130449,39367,19340,116488,226,39,83,58
2021-04-24T23:59:59+02:00,11,17,6649,7671,18415,24187,19152,25147,20683,32161,26800,35244,34566,42213,35184,47748,9100,17908,2513,2303,5946,7630,5630,8974,6111,12190,7063,11454,5391,6923,19165,25616,7586,15098,247784,129990,39362,19300,115588,209,39,83,57
2021-04-23T23:59:59+02:00,11,17,6422,7469,17966,23712,18586,24534,19855,31346,25636,34043,33787,41041,35040,47515,9086,17885,2507,2284,5919,7608,5593,8935,6066,12144,7017,11402,5227,6643,18625,24984,7486,14927,240195,128136,39033,18951,114602,187,39,82,56
2021-04-22T23:59:59+02:00,10,16,6207,7260,17361,23128,17796,23757,18803,30319,24311,32605,32747,39686,34794,47157,9046,17806,2491,2268,5873,7557,5543,8851,5988,12065,6942,11331,4940,6221,17908,24107,7365,14730,231150,125955,38110,17982,113431,152,39,79,54
2021-04-21T23:59:59+02:00,10,15,6006,7077,16831,22659,17137,23154,17811,29418,22756,31012,31739,38447,34496,46714,8997,17717,2467,2251,5830,7499,5483,8776,5922,11964,6847,11251,4779,5947,17207,23255,7249,14549,222245,123855,37336,17211,112299,120,39,77,53
2021-04-20T23:59:59+02:00,9,14,5820,6881,16268,22184,16387,22501,16814,28412,21280,29542,30585,36953,34178,46268,8943,17618,2453,2237,5781,7460,5442,8731,5874,11897,6769,11187,4663,5790,16605,22480,7123,14369,213207,122168,36449,16495,110887,112,38,76,50
2021-04-19T23:59:59+02:00,9,14,5633,6721,15734,21756,15713,21948,15818,27534,19889,28142,29198,35307,33859,45784,8883,17499,2442,2220,5757,7427,5406,8697,5835,11851,6688,11110,4534,5629,15957,21762,7015,14207,204481,120514,35670,15828,109179,109,38,73,50
2021-04-18T23:59:59+02:00,8,14,5444,6580,15301,21432,15094,21384,14844,26740,18552,27004,27806,33656,33524,45359,8821,17409,2392,2173,5626,7302,5291,8585,5729,11700,6582,10992,4415,5443,15367,21097,6899,14025,195920,118867,34835,14561,108107,105,38,72,49
2021-04-17T23:59:59+02:00,8,13,5406,6544,15147,21355,14921,21298,14607,26561,18297,26783,27299,33110,33397,45211,8813,17394,2365,2134,5526,7149,5186,8428,5629,11513,6494,10861,4362,5379,15123,20803,6889,14011,194693,117113,34830,14557,106531,97,38,72,49
2021-04-16T23:59:59+02:00,8,13,5341,6489,14969,21206,14708,21137,14320,26316,17877,26373,26253,31877,33261,45002,8792,17371,2320,2083,5411,6962,5048,8247,5478,11270,6295,10640,4159,5144,14472,20006,6792,13864,191335,113860,34543,14157,105325,89,38,72,49
2021-04-15T23:59:59+02:00,7,12,5269,6410,14755,20995,14441,20849,13890,25967,17239,25743,24882,30258,33002,44676,8756,17289,2248,1999,5215,6727,4851,7930,5272,10950,6080,10354,3958,4891,13640,18921,6678,13696,186756,110034,33732,13212,103843,80,38,71,48
2021-04-14T23:59:59+02:00,7,12,5187,6341,14550,20795,14185,20625,13504,25631,16572,25120,23298,28471,32689,44274,8701,17195,2056,1879,4998,6466,4665,7680,5045,10701,5844,10067,3823,4685,12905,18003,6550,13481,182141,106932,32858,11759,102050,74,38,70,47
2021-04-13T23:59:59+02:00,7,12,5133,6291,14345,20663,13946,20443,13161,25333,16001,24617,21586,26617,32368,43859,8671,17087,1969,1826,4831,6277,4480,7456,4845,10445,5638,9828,3682,4519,12386,17387,6426,13318,177898,104523,31982,10643,100153,64,38,69,47
2021-04-12T23:59:59+02:00,7,11,5070,6223,14126,20469,13642,20181,12771,24916,15421,24064,19978,24671,32076,43497,8628,17012,1841,1733,4648,6119,4329,7280,4683,10252,5502,9669,3565,4365,11950,16876,6315,13156,173512,102836,30926,9304,98218,62,38,69,45
2021-04-11T23:59:59+02:00,7,11,4999,6149,13904,20270,13346,19970,12353,24563,14852,23552,18467,22890,31815,43155,8583,16930,1803,1696,4529,6006,4218,7157,4560,10121,5367,9538,3449,4246,11458,16265,6182,12948,169212,101081,29966,8326,96536,60,36,66,42
2021-04-10T23:59:59+02:00,7,11,4994,6140,13886,20255,13337,19959,12335,24545,14828,23531,17775,21965,31523,42736,8565,16903,1799,1682,4514,5996,4203,7142,4547,10107,5314,9472,3344,4131,10904,15431,6052,12750,168135,98931,29939,8326,95122,58,33,66,42
2021-04-09T23:59:59+02:00,7,11,4980,6120,13847,20206,13292,19908,12286,24486,14565,23277,16253,20075,31115,42088,8531,16860,1774,1667,4491,5980,4175,7115,4503,10069,5275,9423,3257,4010,10035,14443,5903,12552,165499,96472,29599,8077,92714,55,31,64,39
2021-04-08T23:59:59+02:00,7,11,4935,6093,13746,20132,13211,19827,12184,24382,14224,22915,14480,17854,30493,41079,8468,16736,1751,1652,4461,5926,4122,7030,4439,9989,5203,9347,3147,3906,9557,13837,5697,12306,161637,94614,28567,7643,90487,54,24,62,37
2021-04-07T23:59:59+02:00,7,11,4904,6062,13637,20049,13117,19739,12076,24275,13841,22553,12960,15995,29849,40099,8414,16636,1732,1637,4407,5857,4036,6957,4351,9905,5114,9247,3056,3812,8796,12739,5459,11898,157185,92037,27688,6865,89268,45,22,61,36
2021-04-06T23:59:59+02:00,7,11,4874,6038,13538,19982,13034,19681,12001,24212,13465,22203,11322,13986,29190,39128,8382,16565,1669,1582,4277,5728,3927,6834,4231,9755,5010,9117,2940,3691,8089,11807,5185,11533,153173,89647,26810,5631,87556,44,20,60,35
2021-04-05T23:59:59+02:00,7,10,4836,6008,13462,19915,12966,19613,11945,24132,13192,21950,9707,12034,28460,38072,8346,16502,1598,1515,4122,5576,3759,6679,4077,9605,4854,8988,2809,3574,7274,10839,4912,11140,149957,87263,25792,3965,85330,41,19,59,35
2021-04-04T23:59:59+02:00,7,10,4819,5991,13451,19893,12956,19596,11938,24113,13093,21878,8679,10772,28008,37430,8321,16445,1596,1512,4114,5570,3758,6674,4072,9601,4852,8979,2804,3564,7038,10372,4828,11015,148216,86302,25788,3965,83320,35,17,59,32
2021-04-03T23:59:59+02:00,7,10,4816,5980,13434,19874,12944,19586,11928,24102,13079,21860,7771,9703,27123,36186,8271,16333,1592,1508,4112,5565,3756,6671,4064,9589,4838,8966,2797,3551,6901,10105,4789,10933,145736,85691,25779,3965,81418,35,16,58,32
2021-04-02T23:59:59+02:00,7,10,4811,5960,13398,19847,12906,19543,11882,24053,13006,21794,7257,8951,25531,34082,8124,16062,1582,1492,4086,5541,3730,6631,4028,9528,4717,8681,2669,3395,6525,9707,4639,10727,141265,83863,25438,3736,80449,35,14,58,32
2021-04-01T23:59:59+02:00,6,9,4761,5900,13303,19703,12787,19394,11732,23898,12408,21349,6692,8240,24021,32107,7996,15820,1518,1444,3976,5422,3664,6559,3960,9461,4638,8577,2573,3255,6011,9023,4461,10450,137059,81590,24295,3329,78704,31,13,55,31
2021-03-31T23:59:59+02:00,6,9,4710,5843,13179,19548,12652,19239,11544,23719,12147,21087,6369,7865,22536,30149,7844,15590,1505,1433,3951,5399,3632,6531,3921,9414,4598,8522,2509,3179,5520,8376,4282,10210,133112,79801,23201,3112,77658,31,10,55,30
2021-03-30T23:59:59+02:00,6,9,4645,5776,13042,19399,12541,19060,11414,23555,11979,20949,6178,7648,21142,28413,7698,15385,1488,1397,3910,5366,3567,6459,3832,9301,4466,8352,2373,2975,5097,7819,4136,9953,129741,77567,22269,2871,76769,19,6,54,30
2021-03-29T23:59:59+02:00,6,9,4605,5734,12923,19305,12475,18975,11331,23449,11827,20815,6020,7448,19712,26722,7571,15182,1428,1356,3856,5319,3493,6390,3715,9158,4313,8162,2250,2835,4535,7146,3979,9676,126132,74901,21400,2660,76518,18,5,54,29
2021-03-28T23:59:59+02:00,6,9,4557,5665,12801,19165,12390,18884,11228,23349,11720,20712,5868,7242,18528,25214,7451,14984,1395,1313,3757,5211,3299,6163,3627,9041,4262,8106,2196,2771,3778,6127,3794,9406,123125,71842,20603,2364,75989,11,5,51,26
2021-03-27T23:59:59+01:00,6,9,4525,5615,12694,19002,12274,18722,11113,23145,11611,20562,5801,7157,18240,24866,7440,14966,1389,1310,3752,5207,3296,6156,3341,8693,4063,7807,2190,2768,3765,6092,3757,9341,121285,70527,20563,2364,75845,7,5,50,26
2021-03-26T23:59:59+01:00,6,8,4489,5558,12582,18812,12141,18522,10961,22914,11451,20350,5636,6942,17630,24071,7341,14814,1387,1309,3747,5200,3273,6140,3322,8673,3851,7357,2011,2361,3502,5807,3605,9102,118183,68255,20221,2357,75770,7,4,50,26
2021-03-25T23:59:59+01:00,6,8,4413,5467,12384,18573,11940,18199,10750,22586,11211,20023,5421,6655,16598,22763,7214,14623,1378,1298,3727,5174,3239,6113,3270,8635,3804,7314,1940,2248,3066,5124,3442,8793,114208,66275,19148,2257,75425,5,4,49,26
2021-03-24T23:59:59+01:00,6,8,4332,5355,12165,18123,11721,17788,10527,22194,10978,19649,5151,6309,15551,21546,7072,14395,1355,1284,3703,5129,3203,6048,3216,8564,3752,7241,1886,2190,2756,4788,3291,8520,111089,64879,18057,2016,73671,4,4,49,25
2021-03-23T23:59:59+01:00,6,8,4275,5286,11997,17781,11521,17435,10336,21827,10753,19357,5014,6114,14909,20728,6932,14219,1339,1276,3687,5109,3182,6030,3190,8513,3713,7198,1849,2131,2524,4514,3080,8192,108717,63522,17324,1974,72404,4,4,49,25
2021-03-22T23:59:59+01:00,6,8,4223,5208,11798,17448,11333,17112,10112,21502,10537,19053,4864,5905,14286,20011,6799,14034,1326,1266,3656,5076,3150,5993,3163,8456,3676,7154,1804,2077,2326,4261,2882,7855,106851,62257,16604,1833,70734,3,4,46,25
2021-03-21T23:59:59+01:00,6,8,4151,5084,11521,17033,11051,16708,9840,21046,10280,18699,4751,5734,13589,19220,6654,13826,1318,1265,3639,5060,3128,5960,3140,8429,3657,7130,1784,2048,2158,4097,2711,7584,104962,61251,15305,1828,68884,3,4,46,23
2021-03-20T23:59:59+01:00,5,8,4123,5014,11379,16701,10927,16394,9700,20748,10104,18416,4622,5573,12959,18272,6514,13608,1317,1264,3639,5058,3125,5959,3137,8423,3652,7125,1780,2043,2126,4035,2686,7541,102760,61053,15300,1828,66957,3,4,46,23
2021-03-19T23:59:59+01:00,5,7,4078,4932,11211,16338,10744,16042,9525,20366,9884,18056,4462,5373,11929,17060,6351,13397,1308,1257,3622,5029,3095,5881,3091,8329,3548,6949,1655,1930,2050,3971,2573,7333,100046,59768,14886,1824,64781,3,4,43,23
2021-03-18T23:59:59+01:00,5,7,3992,4828,10962,15915,10480,15598,9244,19899,9659,17712,4315,5207,11302,16191,6120,13132,1304,1246,3605,4994,3075,5837,3070,8273,3521,6901,1635,1897,2014,3904,2447,7121,98242,59084,13877,1732,62403,3,4,42,22
2021-03-17T23:59:59+01:00,5,7,3816,4713,10666,15503,10222,15241,9002,19536,9405,17363,4194,5041,10483,14948,5857,12704,1303,1243,3592,4977,3068,5817,3060,8239,3504,6877,1632,1873,1990,3874,2335,6935,95583,58573,12332,1718,60745,3,4,42,22
2021-03-16T23:59:59+01:00,5,7,3673,4589,10330,15040,9953,14872,8727,19090,9107,16997,4054,4874,9661,13820,5576,12345,1290,1240,3588,4971,3058,5812,3054,8227,3497,6863,1606,1848,1951,3823,2214,6753,93249,58128,11139,1640,58287,3,3,42,22
2021-03-15T23:59:59+01:00,5,7,3526,4470,10020,14578,9661,14417,8429,18615,8819,16587,3908,4706,8947,12752,5348,12020,1280,1232,3567,4959,3046,5788,3032,8188,3477,6821,1591,1835,1932,3791,2097,6564,91274,57536,9778,1638,55721,3,2,40,22
2021-03-14T23:59:59+01:00,5,7,3453,4384,9761,14147,9409,14019,8112,18121,8538,16193,3745,4518,8138,11511,5035,11555,1266,1226,3546,4941,3025,5746,3010,8108,3449,6753,1564,1781,1871,3663,1929,6165,88941,57003,8758,1016,52916,3,0,36,22
2021-03-13T23:59:59+01:00,5,7,3371,4126,9447,13483,9160,13440,7884,17537,8330,15755,3634,4415,7947,11213,4983,11463,1266,1226,3546,4941,3025,5746,3009,8107,3447,6751,1560,1780,1869,3659,1928,6164,88271,56984,8758,1016,49135,3,0,36,22
2021-03-12T23:59:59+01:00,5,7,3308,3984,9199,12946,8921,12915,7650,16900,7972,15003,3471,4245,7560,10804,4842,11273,1262,1223,3541,4927,3022,5743,3002,8099,3443,6745,1533,1751,1848,3643,1830,5983,86486,56556,8508,1015,45975,3,0,36,22
2021-03-11T23:59:59+01:00,5,7,3154,3710,8818,12197,8617,12244,7317,16112,7625,14354,3311,4039,6995,10082,4646,10963,1244,1212,3509,4884,2977,5666,2967,7975,3392,6647,1488,1698,1764,3438,1626,5449,84022,55801,8050,114,42090,2,0,34,20
2021-03-10T23:59:59+01:00,5,7,3087,3603,8329,11693,7939,11766,6996,15619,7324,13761,3152,3879,6425,9384,4468,10685,1233,1198,3479,4827,2945,5589,2931,7836,3338,6524,1446,1656,1702,3339,1504,5160,82172,54599,7494,91,38424,0,0,32,18
2021-03-09T23:59:59+01:00,5,6,2980,3423,7654,11251,7060,11289,6580,15006,6959,13155,2916,3579,5913,8748,4310,10401,1228,1195,3456,4781,2918,5524,2915,7784,3320,6478,1432,1632,1666,3296,1393,4955,79851,53901,6131,57,35221,0,0,32,16
2021-03-08T23:59:59+01:00,5,6,2805,3186,7019,10710,6250,10810,6180,14485,6564,12585,2703,3368,5305,8010,4160,10130,1222,1188,3434,4717,2893,5448,2876,7689,3288,6403,1425,1623,1663,3288,1388,4952,77025,53427,4983,55,32242,0,0,31,16
2021-03-07T23:59:59+01:00,5,6,2692,3053,6690,10215,5841,10268,5884,14038,6320,12193,2604,3276,4539,6945,3942,9845,1218,1185,3431,4712,2888,5436,2872,7672,3280,6389,1419,1609,1640,3247,1371,4908,73763,53210,4148,52,30418,0,0,27,16
2021-03-06T23:59:59+01:00,5,6,2648,2910,6505,9767,5644,9855,5407,13181,5944,11455,2582,3248,4533,6934,3939,9842,1218,1184,3428,4706,2886,5435,2871,7671,3279,6386,1418,1606,1640,3245,1370,4908,72531,53185,4148,52,27699,0,0,27,15
2021-03-05T23:59:59+01:00,5,6,2552,2654,6292,9191,5431,9463,5230,12615,5565,10472,2353,2780,4152,6551,3801,9621,1205,1181,3412,4690,2881,5422,2862,7653,3267,6367,1405,1598,1639,3241,1365,4904,70192,53028,3912,52,24603,0,0,27,13
2021-03-04T23:59:59+01:00,5,6,2474,2447,6079,8756,5272,9122,5048,12192,5388,10094,2258,2610,3593,5727,3632,9273,1193,1165,3369,4591,2848,5354,2830,7556,3236,6292,1386,1590,1625,3227,1355,4893,68122,52450,3467,51,22360,0,0,27,10
2021-03-03T23:59:59+01:00,4,6,2417,2392,5907,8345,5103,8758,4834,11744,5199,9649,2175,2504,3184,5285,3472,8977,1173,1156,3334,4545,2811,5288,2789,7457,3188,6216,1366,1564,1605,3196,1349,4875,66684,51857,3222,47,20023,0,0,26,9
2021-03-02T23:59:59+01:00,4,6,2361,2298,5750,8013,4945,8503,4669,11344,5037,9329,2106,2413,2877,4927,3253,8649,1168,1146,3316,4524,2796,5261,2772,7408,3180,6188,1361,1554,1587,3177,1346,4870,65307,51599,2963,47,18188,0,0,26,9
2021-03-01T23:59:59+01:00,4,6,2334,2267,5643,7796,4846,8358,4584,11191,4935,9156,2050,2336,2579,4603,3063,8330,1162,1143,3302,4506,2784,5232,2755,7362,3167,6160,1355,1551,1580,3167,1343,4864,64032,51378,2740,47,17283,0,0,26,9
2021-02-28T23:59:59+01:00,3,6,2281,2223,5462,7537,4671,8138,4447,11006,4825,9027,2010,2272,2281,4299,2859,8015,1153,1137,3288,4496,2777,5225,2750,7348,3160,6146,1350,1548,1572,3148,1342,4831,62903,51217,2438,47,15995,0,0,26,8
2021-02-27T23:59:59+01:00,3,6,2193,1912,5290,7113,4572,7830,4365,10657,4753,8777,1982,2211,2251,4253,2837,7964,1149,1133,3286,4494,2772,5223,2746,7345,3155,6142,1349,1548,1571,3146,1341,4830,62667,51179,2438,44,13838,0,0,26,8
2021-02-26T23:59:59+01:00,3,6,2128,1835,5147,6877,4425,7570,4212,10390,4543,8493,1853,2103,2190,4213,2728,7781,1127,1120,3270,4459,2760,5184,2735,7293,3134,6088,1343,1537,1567,3138,1340,4828,61331,50873,2432,43,12708,0,0,26,8
2021-02-25T23:59:59+01:00,3,6,1999,1734,4824,6469,3997,7116,3928,9873,4310,8111,1794,2044,2159,4155,2612,7585,1109,1103,3230,4414,2729,5134,2689,7187,3095,5995,1332,1521,1550,3097,1326,4769,60850,50233,2326,41,9518,0,0,25,7
2021-02-24T23:59:59+01:00,3,6,1965,1668,4708,6256,3892,6902,3807,9630,4187,7952,1771,2011,2128,4112,2497,7384,1096,1098,3200,4351,2694,5070,2663,7102,3066,5924,1316,1504,1525,3047,1314,4700,60296,49636,2082,29,8476,0,0,25,6
2021-02-23T23:59:59+01:00,3,6,1738,1523,4336,5770,3610,6515,3588,9250,4032,7669,1741,1979,2083,4064,2383,7198,1077,1085,3164,4324,2666,5012,2637,7026,3030,5865,1296,1484,1498,3012,1304,4645,59834,49106,2035,15,5594,0,0,25,5
2021-02-22T23:59:59+01:00,3,6,1729,1505,4286,5711,3574,6451,3522,9155,3971,7573,1707,1952,2057,4013,2263,7000,1072,1072,3143,4278,2646,4973,2612,6966,3001,5812,1284,1470,1487,3001,1296,4636,59286,48736,1893,9,5274,0,0,25,5
2021-02-21T23:59:59+01:00,3,6,1717,1500,4256,5677,3530,6413,3482,9101,3927,7523,1697,1944,2052,4003,2139,6834,1065,1061,3122,4238,2617,4923,2597,6898,2973,5723,1271,1454,1464,2940,1268,4554,58933,48156,1887,8,4960,0,0,24,5
2021-02-20T23:59:59+01:00,3,6,1714,1499,4250,5674,3528,6412,3482,9099,3925,7522,1692,1942,2050,3999,2138,6834,1065,1061,3120,4236,2617,4923,2596,6897,2973,5723,1271,1453,1463,2940,1268,4554,58916,48148,1887,8,4942,0,0,24,5
2021-02-19T23:59:59+01:00,3,6,1688,1492,4237,5655,3516,6399,3471,9089,3916,7507,1665,1913,2029,3981,2037,6651,1064,1060,3119,4235,2616,4922,2596,6894,2970,5721,1271,1452,1463,2938,1268,4554,58492,48132,1881,8,4860,0,0,22,4
2021-02-18T23:59:59+01:00,3,6,1638,1460,4142,5544,3443,6295,3383,8924,3829,7367,1643,1878,1995,3910,1903,6451,1018,1018,2978,4016,2490,4653,2486,6555,2862,5456,1239,1409,1431,2851,1239,4401,57837,46092,1790,8,4165,0,0,22,3
2021-02-17T23:59:59+01:00,3,5,1616,1430,4045,5394,3360,6142,3264,8689,3703,7165,1588,1806,1917,3804,1777,6133,960,969,2829,3795,2374,4342,2362,6144,2732,5144,1187,1346,1383,2739,1189,4225,56589,43710,1780,7,3452,0,0,20,3
2021-02-16T23:59:59+01:00,3,5,1540,1362,3885,5202,3226,5960,3156,8457,3581,6999,1565,1782,1882,3775,1657,5920,873,938,2697,3640,2276,4131,2236,5822,2602,4893,1131,1253,1237,2435,923,3595,55892,40675,1765,4,2282,0,0,18,3
2021-02-15T23:59:59+01:00,3,5,1523,1343,3837,5117,3166,5874,3099,8343,3515,6894,1554,1768,1867,3752,1648,5897,837,915,2616,3511,2201,3952,2155,5544,2514,4683,1086,1188,1144,2256,852,3365,55424,38815,1762,2,2002,0,0,17,2
2021-02-14T23:59:59+01:00,3,5,1457,1315,3756,5043,3123,5768,3044,8189,3472,6785,1534,1736,1813,3621,1589,5639,828,909,2566,3443,2162,3884,2101,5425,2448,4577,1059,1149,1055,2079,777,3116,55182,37574,1134,2,1559,0,0,17,2
2021-02-13T23:59:59+01:00,3,5,1454,1314,3748,5037,3116,5767,3041,8187,3469,6783,1533,1732,1813,3619,1587,5639,828,909,2566,3443,2162,3883,2099,5424,2447,4577,1057,1148,1055,2079,777,3116,55161,37569,1133,0,1536,0,0,17,1
2021-02-12T23:59:59+01:00,3,4,1416,1296,3711,5004,3093,5747,3019,8154,3450,6738,1517,1722,1804,3602,1578,5618,820,902,2533,3389,2127,3838,2069,5371,2429,4546,1056,1147,1054,2078,776,3114,54935,37248,1131,0,1394,0,0,16,1
2021-02-11T23:59:59+01:00,3,4,1366,1250,3599,4831,3001,5574,2921,7845,3351,6526,1458,1664,1732,3418,1486,5271,781,838,2279,2944,1901,3365,1836,4623,2158,4015,966,1075,958,1879,717,2832,54297,33166,137,0,852,0,0,14,1
2021-02-10T23:59:59+01:00,3,4,1342,1226,3537,4728,2937,5469,2879,7695,3297,6393,1439,1647,1704,3379,1472,5231,701,780,1988,2534,1689,2920,1599,4014,1900,3556,854,928,787,1500,573,2309,53644,28631,135,0,590,0,0,13,1
2021-02-09T23:59:59+01:00,3,3,1329,1208,3482,4658,2908,5400,2858,7602,3260,6324,1431,1631,1676,3356,1462,5218,651,700,1723,2183,1497,2533,1414,3513,1730,3194,822,895,762,1423,551,2193,53331,25783,130,0,335,0,0,13,1
2021-02-08T23:59:59+01:00,3,3,1316,1204,3453,4628,2889,5361,2836,7550,3241,6294,1419,1624,1666,3330,1460,5199,636,665,1572,1947,1357,2276,1282,3205,1572,2933,783,875,714,1316,518,2018,53029,23668,104,0,332,0,0,11,1
2021-02-07T23:59:59+01:00,3,3,1182,1161,3348,4573,2835,5318,2809,7512,3216,6256,1409,1607,1657,3307,1453,5166,489,520,1306,1589,1115,1828,1071,2614,1344,2412,680,748,632,1155,471,1788,52732,19761,76,0,0,0,0,7,1
2021-02-06T23:59:59+01:00,3,3,1178,1159,3346,4571,2831,5316,2802,7509,3212,6252,1408,1605,1656,3304,1452,5165,366,371,1107,1342,980,1524,932,2208,1179,1999,593,652,605,1137,469,1785,52689,17248,76,0,0,0,0,7,1
2021-02-05T23:59:59+01:00,3,2,1166,1148,3331,4549,2824,5289,2791,7467,3194,6206,1402,1597,1653,3298,1451,5165,265,210,924,1025,834,1154,757,1760,1005,1588,478,547,579,1117,466,1781,52453,14489,76,0,0,0,0,7,1
2021-02-04T23:59:59+01:00,3,2,1150,1130,3285,4498,2784,5215,2749,7337,3146,6122,1387,1582,1639,3264,1441,5137,137,84,622,655,544,737,517,1154,666,992,299,366,474,971,421,1618,51811,10256,53,0,0,0,0,7,1
2021-02-03T23:59:59+01:00,3,2,1128,1124,3257,4452,2755,5175,2726,7285,3116,6066,1377,1571,1613,3223,1433,5085,117,68,494,507,413,595,415,912,510,746,247,286,371,757,324,1257,51337,8018,48,0,0,0,0,6,1
2021-02-02T23:59:59+01:00,3,2,1106,1110,3221,4421,2724,5122,2700,7211,3081,6002,1353,1543,1577,3165,1407,4987,108,59,412,410,343,517,366,823,457,664,227,263,325,685,296,1123,50682,7077,47,0,0,0,0,6,1
2021-02-01T23:59:59+01:00,3,2,1090,1099,3203,4368,2695,5061,2669,7084,3051,5907,1333,1514,1550,3127,1390,4922,80,44,311,307,252,392,274,617,326,499,189,214,254,545,228,876,50015,5407,47,0,0,0,0,6,1
2021-01-31T23:59:59+01:00,3,2,1084,1088,3188,4338,2671,5017,2653,7029,3038,5862,1322,1497,1527,3062,1363,4836,70,42,285,283,227,345,252,574,296,460,168,195,209,445,186,707,49527,4743,47,0,0,0,0,6,1
2021-01-30T23:59:59+01:00,3,2,1083,1088,3185,4334,2670,5017,2652,7028,3038,5861,1322,1496,1526,3062,1363,4836,70,38,278,269,214,330,247,563,292,454,167,192,208,445,186,707,49516,4659,44,0,0,0,0,6,1
2021-01-29T23:59:59+01:00,3,2,1082,1087,3184,4330,2670,5015,2651,7026,3035,5859,1322,1496,1526,3061,1363,4836,64,34,260,255,191,310,231,546,281,446,161,188,204,439,185,705,49498,4499,44,0,0,0,0,6,1
2021-01-28T23:59:59+01:00,3,2,1061,1068,3115,4227,2616,4906,2593,6870,2967,5728,1307,1474,1510,2993,1340,4712,54,18,164,153,126,187,162,360,207,282,128,145,158,276,108,416,48447,2944,41,0,0,0,0,4,0
2021-01-27T23:59:59+01:00,3,2,1015,1030,3033,4085,2535,4727,2499,6588,2883,5527,1274,1429,1469,2899,1303,4560,25,6,100,70,58,92,83,211,117,148,97,113,114,206,81,297,46826,1818,31,0,0,0,0,4,0
2021-01-26T23:59:59+01:00,2,2,938,1002,2916,3953,2456,4542,2417,6408,2813,5372,1248,1379,1379,2746,1078,4157,25,6,95,69,57,91,81,211,115,147,96,112,114,206,81,297,44785,1803,19,0,0,0,0,4,0
2021-01-25T23:59:59+01:00,2,2,920,985,2836,3825,2412,4395,2357,6212,2753,5222,1229,1357,1365,2719,1065,4121,25,6,94,69,55,89,81,211,115,145,96,111,114,206,81,297,43761,1795,13,0,0,0,0,3,0
2021-01-24T23:59:59+01:00,2,2,910,981,2816,3809,2402,4363,2331,6173,2720,5161,1216,1350,1356,2695,1051,4086,25,6,94,69,55,89,81,210,114,145,95,111,114,206,81,297,43412,1792,9,0,0,0,0,3,0
2021-01-23T23:59:59+01:00,2,2,910,981,2816,3808,2402,4363,2330,6172,2719,5161,1214,1349,1356,2695,1051,4086,25,6,94,69,55,89,81,210,114,145,95,111,114,206,81,295,43407,1790,8,0,0,0,0,2,0
2021-01-22T23:59:59+01:00,2,2,903,974,2785,3762,2367,4298,2298,6097,2698,5114,1212,1347,1355,2693,1050,4083,25,6,94,69,55,89,81,210,114,145,95,111,114,206,81,295,43032,1790,8,0,0,0,0,0,0
2021-01-21T23:59:59+01:00,2,2,888,907,2529,3350,2166,3883,2116,5487,2475,4629,1155,1300,1306,2567,1013,3920,21,6,83,63,51,73,68,170,94,134,86,97,99,154,73,235,39687,1507,8,0,0,0,0,0,0
2021-01-20T23:59:59+01:00,2,2,810,844,2217,2942,1959,3422,1884,4880,2219,4156,1042,1160,1137,2214,878,3394,21,6,83,63,51,72,68,170,93,134,86,97,99,154,71,235,35154,1503,8,0,0,0,0,0,0
2021-01-19T23:59:59+01:00,2,2,748,765,1923,2497,1720,2964,1650,4220,1976,3683,968,1064,1009,1927,772,3013,10,3,50,44,32,44,35,100,44,77,39,36,49,83,44,152,30896,842,7,0,0,0,0,0,0
2021-01-18T23:59:59+01:00,2,2,675,706,1694,2102,1484,2492,1404,3537,1724,3183,885,979,909,1717,716,2734,5,2,19,10,13,21,17,54,17,33,19,21,26,56,31,82,26941,426,4,0,0,0,0,0,0
2021-01-17T23:59:59+01:00,1,2,496,545,1378,1698,1206,1960,1150,2803,1443,2561,744,823,755,1425,593,2339,0,1,4,2,0,0,0,0,0,0,1,0,0,0,0,0,21919,8,3,0,0,0,0,0,0
2021-01-16T23:59:59+01:00,1,1,375,396,1196,1454,1086,1674,1011,2405,1287,2156,658,727,728,1408,591,2338,0,0,0,0,0,0,0,0,0,0,0,0,0,0,0,0,19490,0,2,0,0,0,0,0,0
2021-01-15T23:59:59+01:00,1,1,271,235,1014,1154,937,1328,844,1958,1109,1753,539,617,690,1373,578,2297,0,0,0,0,0,0,0,0,0,0,0,0,0,0,0,0,16698,0,1,0,0,0,0,0,0
2021-01-14T23:59:59+01:00,0,0,155,105,700,771,645,861,609,1300,746,1133,351,428,565,1186,517,2046,0,0,0,0,0,0,0,0,0,0,0,0,0,0,0,0,12118,0,0,0,0,0,0,0,0
2021-01-13T23:59:59+01:00,0,0,130,84,591,604,521,694,492,1044,590,867,295,352,478,1001,445,1741,0,0,0,0,0,0,0,0,0,0,0,0,0,0,0,0,9929,0,0,0,0,0,0,0,0
2021-01-12T23:59:59+01:00,0,0,120,68,509,517,444,593,427,914,520,763,260,303,390,804,371,1356,0,0,0,0,0,0,0,0,0,0,0,0,0,0,0,0,8359,0,0,0,0,0,0,0,0
2021-01-11T23:59:59+01:00,0,0,91,55,413,421,360,484,342,741,415,590,226,253,323,671,301,1143,0,0,0,0,0,0,0,0,0,0,0,0,0,0,0,0,6829,0,0,0,0,0,0,0,0
2021-01-10T23:59:59+01:00,0,0,76,47,349,348,294,402,289,644,345,523,198,222,258,532,240,887,0,0,0,0,0,0,0,0,0,0,0,0,0,0,0,0,5654,0,0,0,0,0,0,0,0
2021-01-09T23:59:59+01:00,0,0,76,45,334,327,270,380,281,628,337,516,197,221,257,530,240,887,0,0,0,0,0,0,0,0,0,0,0,0,0,0,0,0,5526,0,0,0,0,0,0,0,0
2021-01-08T23:59:59+01:00,0,0,71,37,300,294,225,339,253,586,310,477,179,201,232,471,219,785,0,0,0,0,0,0,0,0,0,0,0,0,0,0,0,0,4979,0,0,0,0,0,0,0,0
2021-01-07T23:59:59+01:00,0,0,57,25,209,197,157,240,194,420,241,340,149,162,177,307,145,501,0,0,0,0,0,0,0,0,0,0,0,0,0,0,0,0,3521,0,0,0,0,0,0,0,0
2021-01-06T23:59:59+01:00,0,0,45,15,161,118,111,159,143,293,176,241,117,130,135,240,102,356,0,0,0,0,0,0,0,0,0,0,0,0,0,0,0,0,2542,0,0,0,0,0,0,0,0
2021-01-05T23:59:59+01:00,0,0,28,7,96,71,58,92,85,210,115,149,107,121,126,221,101,330,0,0,0,0,0,0,0,0,0,0,0,0,0,0,0,0,1917,0,0,0,0,0,0,0,0
2021-01-04T23:59:59+01:00,0,0,26,7,96,70,55,89,85,210,115,147,107,119,126,221,101,330,0,0,0,0,0,0,0,0,0,0,0,0,0,0,0,0,1904,0,0,0,0,0,0,0,0
2021-01-03T23:59:59+01:00,0,0,26,7,96,70,55,89,85,209,114,147,106,119,126,221,101,330,0,0,0,0,0,0,0,0,0,0,0,0,0,0,0,0,1901,0,0,0,0,0,0,0,0
2021-01-02T23:59:59+01:00,0,0,26,7,96,70,55,89,85,209,113,147,106,119,126,221,101,329,0,0,0,0,0,0,0,0,0,0,0,0,0,0,0,0,1899,0,0,0,0,0,0,0,0
2021-01-01T23:59:59+01:00,0,0,26,7,96,70,55,89,85,209,112,146,106,119,126,221,101,329,0,0,0,0,0,0,0,0,0,0,0,0,0,0,0,0,1897,0,0,0,0,0,0,0,0
2020-12-31T23:59:59+01:00,0,0,26,7,96,70,55,89,85,209,111,146,106,119,126,221,101,329,0,0,0,0,0,0,0,0,0,0,0,0,0,0,0,0,1896,0,0,0,0,0,0,0,0
2020-12-30T23:59:59+01:00,0,0,26,7,96,70,54,89,85,209,111,146,106,119,126,221,100,329,0,0,0,0,0,0,0,0,0,0,0,0,0,0,0,0,1894,0,0,0,0,0,0,0,0
2020-12-29T23:59:59+01:00,0,0,14,2,64,52,32,59,49,134,63,88,52,50,71,132,62,221,0,0,0,0,0,0,0,0,0,0,0,0,0,0,0,0,1145,0,0,0,0,0,0,0,0
2020-12-28T23:59:59+01:00,0,0,5,2,36,24,19,30,21,67,25,41,23,22,27,51,34,82,0,0,0,0,0,0,0,0,0,0,0,0,0,0,0,0,509,0,0,0,0,0,0,0,0
2020-12-27T23:59:59+01:00,0,0,1,0,8,5,7,2,1,5,0,2,1,1,2,2,4,6,0,0,0,0,0,0,0,0,0,0,0,0,0,0,0,0,47,0,0,0,0,0,0,0,0
