Datum,<24_1_m,<24_1_w,25-34_1_m,25-34_1_w,35-44_1_m,35-44_1_w,45-54_1_m,45-54_1_w,55-64_1_m,55-64_1_w,65-74_1_m,65-74_1_w,75-84_1_m,75-84_1_w,>84_1_m,>84_1_w,<24_2_m,<24_2_w,25-34_2_m,25-34_2_w,35-44_2_m,35-44_2_w,45-54_2_m,45-54_2_w,55-64_2_m,55-64_2_w,65-74_2_m,65-74_2_w,75-84_2_m,75-84_2_w,>84_2_m,>84_2_w,bp_1,bp_2,mo_1,mo_2,az_1,az_2,ja
2021-05-07T23:59:59+02:00,10993,12425,26204,30570,27154,32769,32339,42787,42374,50026,41011,51366,35144,48670,7622,15743,3280,3198,6687,8399,6156,9863,6844,13241,9146,13128,12195,15402,24401,33071,6320,13155,330181,153949,47118,27630,129670,2679,228
2021-05-06T23:59:59+02:00,10567,12088,25277,29823,26155,32010,31151,41976,40891,48888,40677,50892,35001,48489,7602,15700,3235,3148,6570,8267,6063,9744,6700,13073,8854,12772,11466,14431,23624,31975,6297,13104,322726,150350,46106,26706,128137,2049,218
2021-05-05T23:59:59+02:00,10156,11862,24421,29237,25313,31344,30064,41202,39026,47112,40294,50396,34826,48264,7565,15628,3192,3110,6462,8144,5973,9640,6600,12949,8583,12459,10661,13485,22797,30883,6272,13053,315148,146599,45296,25854,126130,1674,136
2021-05-04T23:59:59+02:00,9872,11595,23639,28613,24355,30628,29001,40366,37597,45697,39877,49872,34594,47979,7533,15551,3156,3086,6400,8076,5897,9572,6531,12879,8293,12166,9859,12547,22026,29842,6249,13005,308788,142998,44378,25064,123565,1484,38
2021-05-03T23:59:59+02:00,9633,11338,22906,28031,23556,30048,28094,39650,36739,45012,39550,49453,34428,47732,7500,15487,3109,3055,6334,8006,5828,9518,6445,12802,8021,11899,9031,11521,21284,28850,6229,12968,304157,139356,43610,24285,121380,1249,10
2021-05-02T23:59:59+02:00,9442,11129,22257,27491,22843,29484,27291,39038,36033,44456,39327,49146,34349,47589,7479,15459,3071,3034,6296,7964,5801,9490,6410,12768,7784,11652,8348,10737,20741,28144,6212,12955,299647,136269,42867,24014,120294,1119,5
2021-05-01T23:59:59+02:00,9256,10919,21871,27017,22360,28907,26628,38307,35243,43586,39097,48813,34265,47448,7475,15447,3064,3029,6274,7957,5789,9484,6392,12754,7771,11640,8308,10661,20710,28103,6208,12952,293589,136000,42866,24009,120179,1082,5
2021-04-30T23:59:59+02:00,9070,10703,21486,26587,21904,28354,25847,37526,34323,42673,38881,48510,34181,47318,7463,15427,3045,3014,6253,7944,5772,9469,6367,12734,7741,11608,8268,10583,20665,28035,6206,12946,287390,135711,42860,23941,120000,995,3
2021-04-29T23:59:59+02:00,8757,10429,20904,26013,21231,27662,24883,36556,33078,41319,37911,47208,33910,46905,7429,15330,3007,2973,6162,7838,5699,9366,6267,12589,7507,11294,7649,9878,20316,27573,6188,12884,278823,133691,42078,22736,118622,761,2
2021-04-28T23:59:59+02:00,8450,10183,20386,25533,20586,27071,23970,35658,31714,39825,36832,45744,33618,46473,7384,15232,2935,2921,6054,7720,5602,9248,6170,12430,7243,10982,6979,9040,19960,27069,6151,12820,270335,131313,41308,21464,117014,545,2
2021-04-27T23:59:59+02:00,8239,9978,19960,25114,19980,26545,23138,34892,30550,38473,35831,44435,33302,45983,7341,15154,2909,2891,5955,7620,5551,9160,6099,12306,7001,10739,6382,8316,19611,26639,6137,12805,262923,129269,40447,20542,115543,308,2
2021-04-26T23:59:59+02:00,8027,9781,19545,24702,19440,26023,22322,34129,29370,37220,34857,43138,33047,45556,7307,15068,2892,2879,5921,7582,5510,9123,6060,12265,6768,10504,5792,7609,19286,26257,6120,12782,255544,127362,39630,19710,114357,277,1
2021-04-25T23:59:59+02:00,7896,9627,19208,24442,19066,25688,21686,33499,28364,36197,33823,41834,32768,45190,7280,15012,2881,2869,5905,7562,5491,9106,6040,12239,6733,10467,5634,7390,18994,25853,6108,12749,248555,126782,38932,18971,114092,267,1
2021-04-24T23:59:59+02:00,7694,9414,18768,24013,18518,25160,20860,32654,27376,35224,33595,41540,32689,45053,7270,15001,2877,2864,5891,7554,5484,9099,6034,12235,6719,10448,5554,7272,18914,25739,6105,12741,242703,126346,38931,18936,113194,247,1
2021-04-23T23:59:59+02:00,7439,9189,18312,23544,17962,24549,19999,31800,26260,34028,32896,40465,32562,44851,7257,14979,2869,2846,5862,7532,5451,9057,5991,12196,6672,10393,5355,6969,18393,25125,6031,12613,235252,124512,38607,18616,112232,226,1
2021-04-22T23:59:59+02:00,7177,8948,17687,22925,17168,23770,18925,30753,24966,32579,31960,39238,32355,44551,7233,14933,2854,2828,5820,7478,5405,8975,5925,12118,6591,10315,5016,6506,17733,24296,5944,12468,226406,122411,37700,17666,111061,194,1
2021-04-21T23:59:59+02:00,6937,8749,17148,22426,16500,23178,17920,29817,23446,31007,31031,38083,32109,44193,7194,14875,2835,2808,5780,7428,5353,8905,5864,12021,6493,10235,4807,6170,17084,23503,5860,12325,217765,120391,36933,16913,109914,166,1
2021-04-20T23:59:59+02:00,6724,8525,16577,21949,15755,22494,16888,28789,21997,29514,29985,36713,31834,43855,7156,14811,2819,2793,5738,7392,5313,8860,5817,11956,6420,10173,4665,5961,16504,22785,5776,12190,209023,118799,36063,16203,108479,159,1
2021-04-19T23:59:59+02:00,6515,8342,16028,21519,15083,21930,15866,27865,20577,28105,28749,35190,31562,43453,7124,14733,2806,2779,5717,7361,5278,8832,5776,11907,6342,10094,4508,5756,15897,22103,5699,12076,200542,117217,35294,15559,106804,154,1
2021-04-18T23:59:59+02:00,6301,8180,15579,21181,14449,21370,14815,27038,19223,26899,27509,33681,31291,43102,7098,14680,2745,2726,5586,7236,5172,8722,5674,11760,6243,9984,4353,5539,15340,21460,5617,11945,192180,115654,34474,14295,105741,152,1
2021-04-17T23:59:59+02:00,6258,8144,15424,21104,14281,21286,14555,26846,18947,26628,27045,33180,31184,42977,7092,14668,2712,2675,5486,7084,5061,8565,5578,11566,6157,9873,4290,5452,15122,21194,5610,11936,190980,113933,34470,14291,104168,136,1
2021-04-16T23:59:59+02:00,6178,8083,15243,20939,14072,21139,14252,26573,18437,26093,26124,32088,31065,42782,7071,14650,2658,2613,5366,6906,4941,8388,5419,11326,5977,9663,4057,5189,14528,20437,5539,11837,187639,110817,34187,13901,102962,125,1
2021-04-15T23:59:59+02:00,6095,7992,15025,20723,13802,20853,13797,26198,17678,25321,24929,30658,30849,42504,7057,14619,2577,2511,5167,6655,4740,8086,5217,11008,5768,9394,3845,4906,13743,19390,5456,11719,183231,107112,33379,12959,101489,110,1
2021-04-14T23:59:59+02:00,5999,7912,14819,20517,13548,20623,13390,25856,16859,24542,23526,29049,30586,42162,7031,14570,2363,2374,4960,6402,4558,7843,5000,10761,5552,9132,3704,4666,13031,18520,5371,11562,178786,104168,32488,11528,99714,102,1
2021-04-13T23:59:59+02:00,5932,7848,14624,20379,13327,20441,13016,25541,16133,23851,22012,27411,30331,41793,7014,14507,2264,2306,4796,6209,4384,7640,4799,10513,5377,8922,3571,4490,12505,17924,5285,11435,174700,101910,31618,10417,97841,92,1
2021-04-12T23:59:59+02:00,5852,7759,14398,20181,13031,20188,12616,25113,15422,23131,20585,25657,30085,41498,6986,14456,2117,2194,4621,6054,4236,7456,4640,10331,5242,8771,3446,4329,12082,17412,5202,11317,170453,100276,30570,9083,95934,90,1
2021-04-11T23:59:59+02:00,5763,7672,14183,19990,12747,19978,12185,24754,14752,22482,19233,24074,29874,41226,6961,14414,2073,2156,4507,5943,4125,7334,4521,10213,5122,8659,3325,4190,11610,16825,5104,11165,166389,98639,29618,8144,94280,88,1
2021-04-10T23:59:59+02:00,5759,7664,14168,19980,12739,19968,12168,24741,14669,22390,18563,23160,29630,40869,6943,14391,2067,2144,4498,5933,4113,7323,4509,10197,5061,8581,3223,4076,11058,15995,4993,10986,165327,96528,29592,8144,92882,84,1
2021-04-09T23:59:59+02:00,5745,7650,14142,19932,12704,19922,12125,24693,14296,21953,17122,21370,29279,40329,6915,14355,2044,2135,4481,5915,4088,7299,4467,10164,5027,8531,3106,3940,10200,15006,4884,10828,162772,94131,29254,7901,90505,82,1
2021-04-08T23:59:59+02:00,5697,7622,14050,19858,12632,19844,12020,24584,13845,21389,15407,19263,28742,39433,6863,14247,2020,2119,4456,5861,4035,7219,4405,10088,4960,8460,2999,3820,9700,14396,4721,10623,158967,92320,28235,7482,88294,80,0
2021-04-07T23:59:59+02:00,5662,7587,13948,19783,12548,19766,11931,24474,13374,20919,13971,17464,28182,38607,6816,14157,1998,2106,4405,5792,3954,7143,4316,10000,4876,8372,2900,3714,8949,13259,4531,10302,154677,89839,27358,6709,87154,69,0
2021-04-06T23:59:59+02:00,5626,7556,13854,19711,12471,19711,11851,24410,12890,20427,12371,15461,27602,37789,6799,14091,1926,2042,4276,5673,3855,7018,4196,9858,4776,8251,2786,3590,8213,12287,4318,10016,150690,87502,26479,5511,85451,68,0
2021-04-05T23:59:59+02:00,5587,7523,13784,19649,12401,19643,11796,24325,12492,20047,10770,13503,26989,36869,6762,14030,1849,1962,4112,5520,3692,6864,4042,9721,4638,8126,2641,3458,7383,11288,4129,9725,147513,85185,25421,3899,83236,66,0
2021-04-04T23:59:59+02:00,5574,7504,13773,19628,12396,19628,11788,24311,12353,19928,9733,12204,26595,36309,6741,13985,1847,1957,4106,5518,3690,6860,4038,9715,4637,8122,2635,3445,7135,10795,4065,9636,145789,84243,25419,3899,81242,59,0
2021-04-03T23:59:59+02:00,5570,7494,13758,19612,12388,19622,11779,24301,12335,19879,8707,10994,25841,35238,6700,13891,1844,1954,4104,5514,3688,6856,4032,9703,4622,8112,2630,3434,6982,10517,4047,9578,143340,83659,25414,3899,79355,59,0
2021-04-02T23:59:59+02:00,5564,7474,13719,19586,12354,19580,11736,24254,12243,19797,8026,10016,24410,33329,6589,13683,1833,1939,4078,5494,3667,6814,3992,9625,4495,7833,2499,3296,6604,10098,3929,9418,138895,81874,25078,3681,78387,59,0
2021-04-01T23:59:59+02:00,5501,7392,13627,19452,12242,19437,11589,24093,11623,19322,7301,9104,23079,31580,6493,13493,1760,1868,3975,5396,3605,6749,3924,9557,4424,7731,2397,3145,6083,9371,3800,9212,134706,79668,23956,3277,76666,52,0
2021-03-31T23:59:59+02:00,5447,7330,13504,19302,12113,19295,11411,23893,11343,19071,6790,8469,21791,29866,6371,13308,1746,1856,3955,5373,3573,6721,3889,9508,4391,7683,2326,3059,5578,8689,3672,9046,130798,77949,22875,3064,75631,52,0
2021-03-30T23:59:59+02:00,5381,7254,13374,19146,12003,19131,11282,23730,11180,18935,6399,8043,20579,28320,6263,13140,1727,1819,3915,5338,3505,6654,3803,9389,4267,7513,2184,2845,5145,8126,3569,8834,127450,75771,21954,2824,74756,38,0
2021-03-29T23:59:59+02:00,5329,7205,13266,19061,11942,19047,11189,23629,11042,18790,6061,7604,19350,26863,6169,12990,1665,1775,3869,5299,3423,6581,3692,9240,4114,7322,2077,2713,4558,7417,3460,8617,123921,73171,21098,2616,74518,35,0
2021-03-28T23:59:59+02:00,5269,7132,13151,18921,11862,18967,11099,23526,10939,18688,5727,7222,18359,25534,6075,12832,1628,1722,3760,5193,3221,6342,3629,9150,4064,7272,2011,2647,3765,6333,3343,8440,120980,70171,20314,2325,74009,24,0
2021-03-27T23:59:59+01:00,5232,7069,13043,18756,11743,18802,10992,23317,10836,18559,5654,7117,18100,25217,6067,12822,1622,1719,3756,5188,3219,6336,3313,8748,3906,7030,2006,2643,3746,6296,3314,8384,119162,68890,20279,2325,73885,11,0
2021-03-26T23:59:59+01:00,5184,7005,12932,18576,11627,18613,10833,23088,10688,18364,5463,6859,17531,24454,5995,12717,1621,1717,3751,5182,3198,6319,3291,8726,3677,6542,1863,2307,3454,5973,3199,8199,116145,66690,19941,2319,73843,10,0
2021-03-25T23:59:59+01:00,5104,6904,12728,18323,11430,18294,10620,22757,10453,18048,5210,6533,16558,23183,5895,12573,1610,1706,3729,5154,3168,6294,3245,8690,3627,6502,1784,2167,3006,5274,3084,7962,112219,64775,18877,2219,73517,8,0
2021-03-24T23:59:59+01:00,5005,6769,12520,17897,11231,17909,10405,22372,10244,17722,4893,6126,15564,22033,5794,12391,1584,1693,3705,5106,3133,6229,3189,8622,3578,6433,1727,2110,2679,4896,2963,7736,109180,63399,17792,1976,71903,8,0
2021-03-23T23:59:59+01:00,4935,6672,12356,17568,11049,17569,10222,22014,10050,17463,4757,5893,14903,21254,5691,12248,1569,1687,3692,5089,3114,6212,3169,8574,3544,6389,1693,2056,2434,4601,2783,7450,106908,62113,17069,1935,70667,8,0
2021-03-22T23:59:59+01:00,4874,6571,12159,17231,10875,17250,10022,21685,9849,17197,4600,5666,14289,20545,5592,12101,1553,1678,3667,5053,3085,6176,3136,8527,3511,6343,1651,2003,2226,4326,2609,7156,105117,60897,16368,1796,69021,7,0
2021-03-21T23:59:59+01:00,4784,6418,11873,16820,10604,16853,9772,21243,9608,16875,4470,5483,13615,19759,5474,11924,1544,1677,3650,5036,3065,6143,3116,8496,3494,6319,1633,1984,2057,4141,2464,6924,103276,59944,15076,1792,67223,7,0
2021-03-20T23:59:59+01:00,4745,6326,11731,16472,10474,16559,9633,20925,9434,16609,4348,5326,12991,18812,5358,11729,1543,1676,3650,5035,3062,6142,3113,8492,3489,6315,1627,1979,2025,4077,2446,6886,101111,59758,15072,1792,65289,7,0
2021-03-19T23:59:59+01:00,4690,6220,11558,16116,10304,16202,9455,20535,9230,16277,4162,5108,11986,17612,5235,11561,1535,1670,3634,5003,3032,6069,3074,8400,3387,6144,1515,1887,1954,4017,2338,6684,98441,58549,14665,1789,63145,5,0
2021-03-18T23:59:59+01:00,4594,6083,11289,15679,10042,15779,9190,20069,9017,15958,4020,4942,11339,16735,5051,11330,1529,1654,3619,4972,3010,6025,3055,8343,3361,6104,1496,1854,1914,3943,2214,6481,96653,57871,13661,1698,60803,5,0
2021-03-17T23:59:59+01:00,4396,5948,10996,15247,9790,15431,8951,19695,8781,15640,3894,4760,10512,15446,4839,10995,1527,1651,3606,4952,3005,6007,3044,8306,3345,6082,1494,1834,1890,3912,2104,6297,94033,57367,12143,1684,59145,5,0
2021-03-16T23:59:59+01:00,4236,5796,10643,14781,9541,15067,8659,19255,8506,15296,3751,4605,9679,14285,4611,10709,1512,1649,3602,4947,2996,6000,3038,8298,3334,6067,1473,1811,1852,3864,1988,6120,91732,56940,10953,1606,56735,5,0
2021-03-15T23:59:59+01:00,4068,5643,10328,14307,9254,14599,8360,18779,8245,14909,3602,4428,8950,13193,4442,10458,1501,1641,3584,4934,2985,5979,3019,8260,3314,6025,1458,1799,1837,3832,1876,5937,89796,56371,9590,1606,54179,4,0
2021-03-14T23:59:59+01:00,3988,5526,10046,13856,8997,14209,8047,18293,7987,14541,3425,4220,8122,11914,4199,10089,1487,1634,3560,4916,2963,5930,3000,8182,3290,5961,1424,1749,1779,3697,1715,5556,87494,55854,8580,985,51385,4,0
2021-03-13T23:59:59+01:00,3910,5316,9800,13338,8827,13795,7872,17886,7850,14252,3350,4152,7928,11607,4167,10022,1487,1634,3560,4916,2962,5930,3000,8182,3289,5959,1420,1748,1777,3693,1714,5555,86845,55837,8580,985,48647,4,0
2021-03-12T23:59:59+01:00,3825,5138,9552,12809,8600,13249,7629,17217,7500,13561,3194,4000,7548,11186,4060,9874,1485,1630,3557,4903,2957,5925,2993,8176,3285,5955,1394,1715,1756,3675,1618,5381,85097,55416,8334,985,45511,4,0
2021-03-11T23:59:59+01:00,3650,4773,9194,12092,8305,12580,7284,16431,7193,12978,3041,3799,6968,10420,3918,9639,1461,1613,3529,4860,2911,5836,2957,8058,3236,5866,1352,1660,1676,3461,1424,4874,82691,54673,7892,98,41682,3,0
2021-03-10T23:59:59+01:00,3569,4619,8628,11589,7688,12104,6976,15890,6909,12454,2889,3657,6389,9680,3792,9438,1446,1597,3500,4799,2880,5754,2919,7910,3181,5765,1315,1617,1620,3360,1308,4599,80909,53492,7341,75,38021,3,0
2021-03-09T23:59:59+01:00,3433,4403,7874,11142,6848,11614,6579,15271,6565,11884,2669,3372,5869,9032,3675,9211,1440,1592,3475,4749,2854,5689,2903,7860,3164,5721,1298,1594,1588,3319,1201,4401,78654,52806,5990,41,34797,1,0
2021-03-08T23:59:59+01:00,3232,4118,7151,10618,6114,11136,6188,14723,6193,11364,2480,3179,5254,8271,3576,9011,1432,1580,3453,4681,2826,5620,2867,7769,3136,5652,1295,1585,1584,3311,1198,4399,75872,52346,4899,41,31837,1,0
2021-03-07T23:59:59+01:00,3098,3949,6803,10117,5696,10582,5911,14282,5975,11016,2391,3100,4432,7137,3434,8816,1429,1577,3449,4676,2821,5608,2863,7750,3126,5641,1291,1567,1564,3272,1181,4359,72653,52135,4069,39,30017,0,0
2021-03-06T23:59:59+01:00,3047,3765,6610,9678,5505,10153,5406,13364,5658,10390,2377,3084,4427,7125,3431,8815,1428,1575,3447,4673,2819,5607,2862,7749,3125,5638,1289,1564,1564,3270,1180,4359,71441,52110,4069,39,27325,0,0
2021-03-05T23:59:59+01:00,2940,3449,6388,9134,5306,9745,5231,12788,5260,9408,2183,2692,4037,6712,3324,8645,1415,1568,3430,4659,2814,5594,2854,7731,3114,5620,1277,1561,1564,3265,1175,4355,69140,51957,3841,39,24261,0,0
2021-03-04T23:59:59+01:00,2845,3196,6169,8720,5154,9401,5056,12358,5086,9075,2071,2493,3478,5865,3203,8382,1403,1546,3390,4564,2782,5531,2826,7631,3087,5559,1264,1554,1554,3254,1170,4344,67117,51420,3401,39,22034,0,0
2021-03-03T23:59:59+01:00,2782,3119,5991,8312,4981,9022,4848,11904,4906,8661,1987,2389,3062,5388,3076,8136,1381,1536,3354,4513,2744,5468,2785,7527,3045,5496,1251,1533,1535,3223,1164,4327,65699,50844,3161,38,19704,0,0
2021-03-02T23:59:59+01:00,2721,3011,5823,7977,4826,8754,4688,11502,4769,8368,1909,2302,2757,5017,2889,7850,1375,1525,3335,4496,2729,5440,2772,7481,3037,5468,1247,1525,1516,3204,1162,4323,64380,50597,2906,38,17877,0,0
2021-03-01T23:59:59+01:00,2686,2963,5718,7755,4738,8630,4603,11346,4673,8205,1859,2222,2457,4678,2723,7572,1367,1523,3322,4477,2720,5408,2753,7431,3026,5451,1241,1521,1509,3196,1160,4319,63153,50386,2687,38,16988,0,0
2021-02-28T23:59:59+01:00,2619,2904,5538,7499,4569,8407,4474,11167,4576,8092,1809,2164,2171,4359,2551,7302,1355,1516,3310,4467,2712,5401,2748,7414,3019,5441,1237,1519,1503,3180,1159,4288,62089,50231,2391,38,15721,0,0
2021-02-27T23:59:59+01:00,2503,2530,5378,7113,4465,8098,4393,10807,4498,7847,1768,2102,2137,4306,2527,7238,1352,1513,3308,4466,2707,5398,2743,7410,3015,5439,1236,1518,1502,3180,1159,4288,61746,50199,2391,35,13573,0,0
2021-02-26T23:59:59+01:00,2437,2424,5241,6886,4324,7849,4250,10547,4308,7585,1656,2021,2080,4271,2425,7063,1331,1499,3290,4432,2697,5359,2732,7359,2993,5391,1230,1508,1498,3173,1158,4286,60513,49902,2385,34,12469,0,0
2021-02-25T23:59:59+01:00,2307,2293,4882,6476,3917,7386,3979,10052,4095,7245,1611,1979,2055,4221,2316,6884,1312,1479,3259,4392,2661,5299,2695,7249,2957,5310,1219,1492,1484,3133,1146,4231,60080,49286,2279,32,9339,0,0
2021-02-24T23:59:59+01:00,2269,2222,4761,6253,3825,7169,3851,9814,3980,7103,1591,1954,2025,4177,2202,6688,1298,1468,3229,4327,2627,5231,2670,7171,2927,5244,1203,1474,1461,3084,1135,4166,59536,48693,2035,22,8313,0,0
2021-02-23T23:59:59+01:00,2014,2029,4398,5787,3555,6768,3630,9439,3834,6854,1575,1925,1980,4132,2091,6506,1278,1456,3188,4292,2602,5171,2646,7097,2889,5195,1186,1453,1436,3047,1124,4117,59091,48169,1989,8,5437,0,0
2021-02-22T23:59:59+01:00,2003,2006,4343,5728,3519,6704,3565,9342,3779,6766,1544,1903,1957,4079,1976,6314,1273,1438,3168,4251,2581,5131,2620,7036,2860,5148,1178,1442,1424,3037,1118,4108,58559,47810,1847,3,5122,0,0
2021-02-21T23:59:59+01:00,1992,1999,4309,5694,3476,6670,3528,9281,3743,6724,1534,1897,1951,4070,1861,6150,1265,1422,3146,4214,2553,5080,2606,6969,2830,5066,1165,1426,1401,2975,1095,4036,58216,47246,1843,3,4820,0,0
2021-02-20T23:59:59+01:00,1991,1997,4304,5692,3474,6670,3528,9280,3742,6723,1529,1896,1949,4066,1860,6150,1265,1422,3145,4212,2553,5080,2605,6968,2830,5066,1165,1425,1400,2975,1095,4036,58202,47239,1843,3,4806,0,0
2021-02-19T23:59:59+01:00,1970,1988,4294,5676,3466,6655,3517,9270,3731,6710,1504,1864,1927,4046,1764,5972,1263,1421,3145,4211,2552,5079,2605,6966,2828,5064,1165,1425,1400,2974,1095,4036,57786,47226,1838,3,4730,0,0
2021-02-18T23:59:59+01:00,1925,1945,4191,5569,3404,6551,3422,9094,3655,6588,1488,1830,1892,3973,1635,5776,1212,1361,2997,3984,2433,4794,2494,6634,2729,4849,1135,1377,1368,2889,1071,3895,57137,45219,1748,3,4053,0,0
2021-02-17T23:59:59+01:00,1898,1903,4088,5414,3321,6398,3304,8842,3536,6423,1433,1758,1822,3870,1521,5472,1145,1289,2843,3764,2320,4479,2364,6196,2613,4596,1086,1313,1315,2777,1033,3737,55884,42867,1737,3,3382,0,0
2021-02-16T23:59:59+01:00,1799,1812,3934,5221,3192,6210,3191,8623,3420,6265,1411,1735,1794,3835,1407,5267,1049,1247,2715,3602,2221,4261,2225,5883,2492,4367,1040,1212,1157,2466,794,3144,55153,39874,1721,1,2242,0,0
2021-02-15T23:59:59+01:00,1783,1786,3884,5133,3135,6122,3129,8509,3362,6168,1401,1722,1781,3813,1399,5245,1009,1212,2633,3470,2148,4082,2140,5603,2406,4173,997,1145,1072,2276,731,2949,54688,38045,1720,1,1964,0,0
2021-02-14T23:59:59+01:00,1708,1751,3804,5056,3094,6006,3073,8349,3319,6073,1381,1691,1728,3673,1342,5006,996,1202,2588,3403,2108,4013,2081,5478,2347,4076,962,1107,993,2092,664,2723,54441,36832,1098,1,1515,0,0
2021-02-13T23:59:59+01:00,1705,1749,3796,5053,3088,6004,3070,8348,3316,6071,1380,1689,1728,3671,1340,5006,996,1202,2588,3403,2108,4013,2080,5478,2346,4076,962,1107,993,2092,664,2723,54423,36831,1098,0,1493,0,0
2021-02-12T23:59:59+01:00,1667,1724,3758,5024,3068,5985,3046,8311,3299,6033,1364,1682,1719,3653,1332,4987,987,1190,2554,3352,2075,3964,2052,5429,2329,4046,961,1107,992,2092,663,2721,54197,36514,1097,0,1358,0,0
2021-02-11T23:59:59+01:00,1612,1660,3652,4859,2969,5807,2947,8006,3208,5844,1310,1622,1655,3467,1248,4670,938,1091,2283,2912,1866,3459,1811,4694,2079,3578,883,1036,899,1884,615,2459,53591,32487,121,0,824,0,0
2021-02-10T23:59:59+01:00,1592,1634,3590,4741,2901,5709,2901,7844,3163,5734,1296,1606,1631,3425,1234,4634,844,1004,1998,2500,1657,3005,1567,4072,1836,3170,786,880,732,1505,489,1983,52942,28028,119,0,574,0,0
2021-02-09T23:59:59+01:00,1575,1608,3540,4676,2872,5637,2878,7747,3126,5670,1294,1597,1601,3404,1226,4620,781,896,1731,2152,1464,2601,1401,3568,1674,2856,757,848,709,1425,470,1881,52631,25214,115,0,325,0,0
2021-02-08T23:59:59+01:00,1555,1605,3516,4646,2853,5597,2854,7696,3111,5646,1284,1589,1593,3377,1224,4606,762,846,1578,1911,1318,2350,1270,3254,1518,2627,728,825,659,1310,441,1723,52339,23120,90,0,323,0,0
2021-02-07T23:59:59+01:00,1405,1560,3426,4588,2801,5556,2828,7654,3088,5612,1278,1573,1584,3356,1220,4575,590,659,1316,1569,1091,1888,1062,2655,1309,2172,625,705,584,1145,399,1515,52041,19284,63,0,0,0,0
2021-02-06T23:59:59+01:00,1401,1556,3425,4586,2795,5553,2823,7649,3084,5609,1276,1570,1582,3354,1220,4575,443,472,1126,1345,959,1559,914,2232,1146,1785,548,622,565,1131,396,1512,51995,16755,63,0,0,0,0
2021-02-05T23:59:59+01:00,1390,1544,3410,4565,2786,5526,2813,7604,3063,5564,1272,1562,1579,3347,1219,4575,325,272,941,1037,809,1184,751,1779,963,1404,448,531,542,1115,394,1508,51756,14003,63,0,0,0,0
2021-02-04T23:59:59+01:00,1371,1522,3361,4513,2746,5443,2772,7475,3017,5488,1259,1549,1565,3312,1212,4551,167,116,636,673,519,745,506,1141,633,873,286,362,444,969,359,1364,51116,9793,40,0,0,0,0
2021-02-03T23:59:59+01:00,1348,1512,3319,4461,2713,5391,2749,7409,2982,5426,1247,1526,1529,3243,1196,4444,146,95,503,520,396,605,419,899,485,673,238,290,356,785,288,1108,50455,7806,40,0,0,0,0
2021-02-02T23:59:59+01:00,1326,1498,3275,4422,2681,5329,2722,7331,2948,5364,1225,1495,1493,3181,1169,4350,130,79,419,426,333,525,378,818,430,608,221,268,310,714,266,994,49770,6919,39,0,0,0,0
2021-02-01T23:59:59+01:00,1309,1481,3250,4370,2651,5255,2688,7198,2919,5276,1209,1473,1466,3143,1155,4289,102,56,314,320,245,397,282,609,307,455,183,218,242,569,205,769,49093,5273,39,0,0,0,0
2021-01-31T23:59:59+01:00,1302,1467,3234,4340,2628,5211,2674,7144,2905,5237,1198,1456,1443,3076,1134,4213,91,53,284,296,224,350,259,566,278,422,162,197,199,463,168,624,48623,4636,39,0,0,0,0
2021-01-30T23:59:59+01:00,1302,1467,3231,4336,2627,5211,2673,7142,2905,5237,1198,1455,1442,3076,1134,4213,91,50,274,282,214,334,254,557,274,414,161,196,198,463,168,624,48613,4554,36,0,0,0,0
2021-01-29T23:59:59+01:00,1300,1466,3231,4332,2627,5210,2671,7140,2903,5235,1197,1455,1442,3075,1134,4213,85,46,253,268,192,310,242,544,262,406,158,194,194,457,167,622,48596,4400,35,0,0,0,0
2021-01-28T23:59:59+01:00,1277,1436,3157,4221,2575,5090,2609,6982,2846,5124,1183,1429,1428,3008,1114,4099,71,24,157,162,129,189,165,362,194,254,128,145,148,285,98,362,47545,2873,33,0,0,0,0
2021-01-27T23:59:59+01:00,1223,1379,3068,4082,2498,4904,2516,6694,2767,4952,1149,1383,1390,2914,1086,3965,36,9,93,77,62,90,80,209,111,138,99,114,110,212,74,256,45947,1770,23,0,0,0,0
2021-01-26T23:59:59+01:00,1138,1342,2949,3937,2425,4726,2431,6506,2695,4821,1130,1326,1294,2761,881,3571,35,9,90,76,61,89,78,209,109,137,97,113,110,212,74,256,43921,1755,12,0,0,0,0
2021-01-25T23:59:59+01:00,1119,1312,2869,3806,2379,4574,2367,6310,2635,4688,1118,1307,1279,2727,871,3544,35,9,89,76,59,89,78,208,109,136,97,113,110,212,74,256,42898,1750,7,0,0,0,0
2021-01-24T23:59:59+01:00,1107,1307,2852,3789,2369,4544,2337,6259,2604,4642,1109,1299,1268,2704,860,3510,35,9,89,76,59,89,78,208,109,136,97,113,110,212,74,256,42555,1750,5,0,0,0,0
2021-01-23T23:59:59+01:00,1107,1307,2852,3789,2369,4544,2337,6259,2603,4642,1109,1299,1268,2704,860,3510,35,9,89,76,59,89,78,208,109,136,97,113,110,212,74,256,42554,1750,5,0,0,0,0
2021-01-22T23:59:59+01:00,1099,1297,2817,3743,2337,4474,2306,6190,2584,4599,1108,1298,1267,2703,859,3507,35,9,89,76,59,89,78,208,109,136,97,113,110,212,74,256,42183,1750,5,0,0,0,0
2021-01-21T23:59:59+01:00,1067,1193,2552,3333,2148,4039,2120,5582,2373,4155,1061,1256,1221,2570,831,3362,30,8,79,68,55,72,65,171,89,125,89,96,91,156,63,199,38858,1456,5,0,0,0,0
2021-01-20T23:59:59+01:00,970,1105,2246,2915,1939,3565,1882,4961,2131,3730,963,1105,1056,2217,722,2910,30,8,79,68,55,71,65,171,89,125,89,96,91,156,63,199,34412,1455,5,0,0,0,0
2021-01-19T23:59:59+01:00,891,986,1956,2486,1697,3075,1656,4297,1904,3320,894,1005,925,1933,630,2575,13,4,51,47,33,39,33,100,39,75,38,35,47,84,37,130,30226,805,4,0,0,0,0
2021-01-18T23:59:59+01:00,810,897,1709,2078,1461,2591,1395,3601,1671,2866,815,924,821,1705,584,2326,7,2,17,12,14,18,17,53,15,34,22,23,24,56,28,75,26251,417,3,0,0,0,0
2021-01-17T23:59:59+01:00,602,694,1398,1688,1188,2032,1144,2848,1409,2308,672,778,686,1416,480,1970,1,0,2,2,0,0,0,0,0,0,0,0,0,0,0,0,21310,5,3,0,0,0,0
2021-01-16T23:59:59+01:00,457,505,1224,1470,1072,1721,999,2438,1256,1932,596,699,666,1403,478,1969,0,0,0,0,0,0,0,0,0,0,0,0,0,0,0,0,18883,0,2,0,0,0,0
2021-01-15T23:59:59+01:00,334,303,1043,1176,920,1374,838,1981,1072,1558,495,604,632,1371,469,1931,0,0,0,0,0,0,0,0,0,0,0,0,0,0,0,0,16099,0,2,0,0,0,0
2021-01-14T23:59:59+01:00,188,136,725,799,625,878,600,1300,717,999,326,427,524,1183,422,1718,0,0,0,0,0,0,0,0,0,0,0,0,0,0,0,0,11567,0,0,0,0,0,0
2021-01-13T23:59:59+01:00,162,110,606,625,499,696,490,1027,563,776,272,348,439,1007,366,1455,0,0,0,0,0,0,0,0,0,0,0,0,0,0,0,0,9441,0,0,0,0,0,0
2021-01-12T23:59:59+01:00,146,91,529,536,429,602,436,914,493,692,246,309,365,832,311,1184,0,0,0,0,0,0,0,0,0,0,0,0,0,0,0,0,8115,0,0,0,0,0,0
2021-01-11T23:59:59+01:00,116,71,425,437,351,491,349,727,390,534,215,256,302,698,253,989,0,0,0,0,0,0,0,0,0,0,0,0,0,0,0,0,6604,0,0,0,0,0,0
2021-01-10T23:59:59+01:00,100,58,351,361,289,406,295,634,324,473,187,224,239,555,201,769,0,0,0,0,0,0,0,0,0,0,0,0,0,0,0,0,5466,0,0,0,0,0,0
2021-01-09T23:59:59+01:00,100,56,333,342,266,382,288,620,316,466,186,223,238,553,201,769,0,0,0,0,0,0,0,0,0,0,0,0,0,0,0,0,5339,0,0,0,0,0,0
2021-01-08T23:59:59+01:00,94,50,293,307,225,341,264,589,289,438,170,204,217,487,183,686,0,0,0,0,0,0,0,0,0,0,0,0,0,0,0,0,4837,0,0,0,0,0,0
2021-01-07T23:59:59+01:00,76,31,200,206,162,244,201,424,224,309,141,160,163,317,115,427,0,0,0,0,0,0,0,0,0,0,0,0,0,0,0,0,3400,0,0,0,0,0,0
2021-01-06T23:59:59+01:00,64,19,146,124,115,158,148,301,166,215,109,129,124,245,79,298,0,0,0,0,0,0,0,0,0,0,0,0,0,0,0,0,2440,0,0,0,0,0,0
2021-01-05T23:59:59+01:00,40,9,89,77,62,93,84,212,110,139,104,119,117,227,78,275,0,0,0,0,0,0,0,0,0,0,0,0,0,0,0,0,1835,0,0,0,0,0,0
2021-01-04T23:59:59+01:00,38,9,89,77,59,91,84,211,110,138,104,118,117,227,78,275,0,0,0,0,0,0,0,0,0,0,0,0,0,0,0,0,1825,0,0,0,0,0,0
2021-01-03T23:59:59+01:00,38,9,89,77,59,91,84,211,110,138,104,118,117,227,78,275,0,0,0,0,0,0,0,0,0,0,0,0,0,0,0,0,1825,0,0,0,0,0,0
2021-01-02T23:59:59+01:00,38,9,89,77,59,91,84,211,110,138,104,118,117,227,78,275,0,0,0,0,0,0,0,0,0,0,0,0,0,0,0,0,1825,0,0,0,0,0,0
2021-01-01T23:59:59+01:00,38,9,89,77,59,91,84,211,110,137,103,117,117,227,78,275,0,0,0,0,0,0,0,0,0,0,0,0,0,0,0,0,1822,0,0,0,0,0,0
2020-12-31T23:59:59+01:00,38,9,89,77,59,91,84,211,110,137,103,117,117,227,78,275,0,0,0,0,0,0,0,0,0,0,0,0,0,0,0,0,1822,0,0,0,0,0,0
2020-12-30T23:59:59+01:00,38,9,89,77,58,91,84,211,110,137,103,117,117,227,78,275,0,0,0,0,0,0,0,0,0,0,0,0,0,0,0,0,1821,0,0,0,0,0,0
2020-12-29T23:59:59+01:00,19,5,62,57,35,57,49,137,61,87,47,50,69,138,48,186,0,0,0,0,0,0,0,0,0,0,0,0,0,0,0,0,1107,0,0,0,0,0,0
2020-12-28T23:59:59+01:00,7,4,36,26,20,28,20,68,22,41,23,22,25,51,28,74,0,0,0,0,0,0,0,0,0,0,0,0,0,0,0,0,495,0,0,0,0,0,0
2020-12-27T23:59:59+01:00,1,0,7,5,6,2,1,5,0,2,0,1,2,3,4,5,0,0,0,0,0,0,0,0,0,0,0,0,0,0,0,0,44,0,0,0,0,0,0
