Datum,<24_1_m,<24_1_w,25-34_1_m,25-34_1_w,35-44_1_m,35-44_1_w,45-54_1_m,45-54_1_w,55-64_1_m,55-64_1_w,65-74_1_m,65-74_1_w,75-84_1_m,75-84_1_w,>84_1_m,>84_1_w,<24_2_m,<24_2_w,25-34_2_m,25-34_2_w,35-44_2_m,35-44_2_w,45-54_2_m,45-54_2_w,55-64_2_m,55-64_2_w,65-74_2_m,65-74_2_w,75-84_2_m,75-84_2_w,>84_2_m,>84_2_w,bp_1,bp_2,mo_1,mo_2,az_1,az_2,ja
2021-06-11T23:59:59+02:00,26712,28682,57592,59824,55247,58797,61291,69718,72666,77915,47732,60156,38424,53576,8333,17330,9902,11037,23659,27347,25171,29878,30130,38969,37111,43848,29713,38210,32680,45240,7415,15236,552727,324101,78194,45456,149391,62306,13683
2021-06-10T23:59:59+02:00,26129,28077,56620,58932,54413,58050,60034,68554,72284,77619,47678,60074,38404,53539,8331,17316,9599,10726,22765,26417,24255,28988,29045,38063,35849,42755,29409,37814,32438,44872,7382,15202,547417,317540,76281,44764,149162,60081,13194
2021-06-09T23:59:59+02:00,25471,27463,55543,57896,53473,57202,59144,67686,71944,77343,47604,59980,38356,53481,8320,17290,9257,10429,21855,25554,23355,28125,28041,37140,34229,41043,29075,37381,32279,44622,7345,15121,541962,310305,75216,44077,148827,58278,12191
2021-06-08T23:59:59+02:00,24693,26679,54284,56842,52430,56279,58169,66802,71531,77025,47529,59872,38308,53398,8300,17262,8953,10144,20914,24687,22362,27267,27003,36198,32979,39797,28756,36938,31986,44182,7301,15056,535572,304240,74306,43323,148418,55853,11107
2021-06-07T23:59:59+02:00,23922,25964,52891,55648,51219,55329,57012,65819,71108,76714,47450,59781,38270,53339,8291,17239,8660,9873,20029,23846,21368,26465,25956,35310,32161,39085,28499,36578,31758,43777,7257,14981,528509,299729,73419,42526,148033,53313,10035
2021-06-06T23:59:59+02:00,23311,25349,51772,54581,50154,54374,56054,64869,70714,76417,47372,59714,38235,53280,8283,17224,8409,9608,19214,22960,20465,25601,24891,34365,31358,38358,28238,36269,31508,43398,7213,14913,522324,295253,72415,41793,147676,50434,9288
2021-06-05T23:59:59+02:00,22975,24951,50967,53797,49518,53824,55576,64348,70601,76303,47356,59693,38227,53276,8281,17224,8144,9194,18588,21960,19789,24601,24029,33223,30407,37169,27968,35875,31408,43243,7207,14900,518061,288971,72411,41756,147217,47750,9228
2021-06-04T23:59:59+02:00,22451,24310,49960,52846,48767,52980,54917,63587,70342,76065,47332,59662,38213,53263,8279,17219,7872,8818,17970,21110,19124,23605,23082,31951,29289,35930,27713,35544,31307,43098,7195,14883,511851,282719,72093,41686,147191,45028,9058
2021-06-03T23:59:59+02:00,21693,23537,48542,51589,47646,51902,53959,62567,69963,75724,47273,59570,38176,53220,8268,17198,7531,8331,17236,20079,18338,22466,22047,30506,28194,34535,27218,34805,31120,42809,7164,14816,504289,276061,71262,40944,146912,41826,8364
2021-06-02T23:59:59+02:00,21246,22956,47561,50667,46869,51203,53211,61849,69783,75567,47240,59539,38156,53191,8262,17186,7332,8042,16525,19411,17496,21721,21215,29473,27166,33251,26795,34246,30974,42580,7143,14756,498250,269956,71250,40928,146889,39145,8097
2021-06-01T23:59:59+02:00,20436,22099,45683,48931,45277,49805,51649,60351,69257,75130,47157,59436,38100,53123,8250,17144,6993,7671,15290,18516,16053,20754,20017,28234,26045,31923,26285,33618,30766,42269,7104,14664,489151,263664,69939,40371,146343,35772,6395
2021-05-31T23:59:59+02:00,19862,21510,44357,47785,44086,48733,50396,59206,68718,74757,47092,59338,38055,53055,8240,17117,6655,7294,14158,17700,14724,19854,18842,27074,24909,30665,25817,32979,30600,41992,7074,14576,482930,257484,68788,39832,145885,32893,4704
2021-05-30T23:59:59+02:00,19484,21059,43360,46830,43201,47849,49384,58200,68267,74302,46987,59188,37994,52948,8225,17080,6431,6999,13600,17002,14106,19166,17923,26067,23834,29522,25132,32102,30333,41612,7037,14499,477011,251614,67764,39038,145471,30601,4112
2021-05-29T23:59:59+02:00,19342,20919,42983,46498,42877,47609,49151,58002,68218,74257,46981,59179,37988,52946,8225,17080,6238,6681,13074,16209,13469,18295,17029,24865,22832,28341,24984,31893,30284,41536,7034,14492,475037,246086,67665,39038,145443,28022,4110
2021-05-28T23:59:59+02:00,18984,20565,42298,45877,42380,47071,48638,57444,67976,74005,46924,59095,37961,52902,8222,17075,5960,6213,12511,15324,12807,17416,16122,23615,21844,27028,24758,31562,30205,41423,7024,14476,470792,240163,67171,38932,145378,25117,4076
2021-05-27T23:59:59+02:00,18370,19962,41153,44909,41403,46208,47654,56567,67466,73628,46817,58955,37913,52834,8211,17036,5692,5817,11853,14483,12021,16488,15056,22390,20645,25585,24308,30900,30053,41188,6991,14402,465038,232924,65669,38132,144662,23099,3717
2021-05-26T23:59:59+02:00,17879,19476,40045,43983,40404,45343,46610,55679,66944,73178,46675,58787,37842,52683,8194,16990,5461,5588,11282,13691,11286,15625,14027,21221,19315,24066,23774,30171,29863,40884,6943,14308,459949,225721,63656,37284,143681,21074,3426
2021-05-25T23:59:59+02:00,17412,18997,39032,43103,39469,44513,45624,54738,66434,72716,46516,58570,37765,52556,8171,16944,5224,5341,10716,13032,10534,14820,12920,19968,17968,22624,23240,29444,29651,40601,6894,14233,454682,218443,62089,36357,142587,19208,3202
2021-05-24T23:59:59+02:00,17009,18629,38201,42376,38613,43825,44752,53949,65983,72301,46402,58399,37705,52437,8154,16908,5047,5180,10255,12554,9901,14251,11995,19092,16714,21410,22654,28658,29456,40312,6846,14156,450097,211649,60877,35426,141872,18609,2797
2021-05-23T23:59:59+02:00,16815,18427,37719,42004,38171,43440,44308,53551,65735,72099,46339,58310,37669,52396,8148,16886,4829,5011,9793,12072,9262,13645,10996,18252,15628,20405,22192,28116,29239,40059,6809,14080,446944,204764,60514,35348,141846,17563,2713
2021-05-22T23:59:59+02:00,16579,18163,37025,41470,37531,42992,43745,53151,64758,71124,46152,58068,37612,52297,8139,16867,4689,4664,9602,11691,9102,13326,10743,17783,15391,20037,22102,28012,29210,40026,6804,14074,440652,203567,60511,35347,141829,15661,2681
2021-05-21T23:59:59+02:00,16127,17691,35944,40558,36508,42102,42681,52240,63482,69904,45952,57760,37537,52166,8126,16836,4564,4546,9403,11429,8899,13080,10383,17436,15013,19681,21908,27750,29153,39943,6794,14068,431203,201657,60168,35045,141575,14680,2668
2021-05-20T23:59:59+02:00,15228,16879,34495,39066,35136,40800,41276,51014,62323,68836,45684,57454,37407,51998,8108,16792,4377,4317,8863,10835,8271,12362,9656,16570,14248,18690,21182,26746,28980,39674,6761,13995,421149,197343,58508,34214,140546,11677,2293
2021-05-19T23:59:59+02:00,14593,16222,33324,37564,34051,39542,40150,50044,60375,67107,45279,56953,37237,51758,8069,16697,4257,4157,8588,10473,7986,11975,9192,16061,13576,17980,20390,25705,28770,39397,6710,13893,410409,193149,57007,33411,139455,10456,2094
2021-05-18T23:59:59+02:00,14074,15700,32282,36552,33000,38637,39118,49096,58382,65324,44966,56540,37095,51535,8043,16645,4016,3939,8109,9882,7517,11427,8633,15371,12873,17175,19513,24578,28566,39093,6678,13792,401843,189108,55080,32573,138277,7692,1789
2021-05-17T23:59:59+02:00,13755,15377,31784,36010,32543,38092,38516,48450,56469,63598,44330,55777,36852,51181,8017,16586,3907,3792,7853,9610,7221,11131,8213,14949,12280,16521,18662,23521,28365,38808,6648,13723,394315,184784,54003,31829,137514,7086,1505
2021-05-16T23:59:59+02:00,13498,15081,31268,35513,32090,37602,37974,47874,54584,61737,43843,55144,36678,50897,7993,16543,3778,3668,7577,9318,6889,10797,7717,14462,11707,15896,17785,22462,28177,38553,6621,13664,387411,180568,53044,30995,136869,6513,995
2021-05-15T23:59:59+02:00,13315,14843,31012,35193,31841,37279,37747,47627,52999,60228,43629,54874,36608,50773,7990,16516,3756,3650,7556,9294,6874,10780,7702,14449,11693,15876,17638,22213,28003,38287,6615,13657,381630,179596,53043,30995,136822,6473,979
2021-05-14T23:59:59+02:00,13025,14511,30552,34708,31484,36824,37228,47144,51148,58393,43300,54421,36487,50589,7976,16483,3722,3627,7490,9228,6823,10716,7642,14382,11458,15612,16942,21160,27753,37870,6602,13626,373928,176733,52724,30658,136693,6334,928
2021-05-13T23:59:59+02:00,12690,14132,29916,34076,30902,36220,36523,46480,49708,56861,42922,53869,36329,50364,7957,16454,3640,3572,7375,9134,6740,10623,7539,14274,11061,15155,15921,19981,27424,37304,6565,13559,366895,172978,51731,30102,135951,5961,826
2021-05-12T23:59:59+02:00,12539,13961,29634,33772,30640,35936,36224,46162,49452,56578,42824,53766,36278,50286,7951,16417,3619,3543,7348,9099,6715,10587,7514,14241,10866,14979,15545,19510,27158,36900,6548,13515,364269,170976,51654,30092,135794,5916,703
2021-05-11T23:59:59+02:00,12113,13550,28806,32976,29810,35198,35357,45366,47754,54833,42433,53234,36118,50010,7921,16332,3510,3414,7104,8830,6513,10289,7295,13864,10316,14367,14604,18375,26805,36383,6524,13433,357443,167345,49957,29213,133932,4589,479
2021-05-10T23:59:59+02:00,11747,13229,28071,32261,29030,34503,34576,44604,46505,53583,42072,52770,35946,49722,7876,16235,3464,3357,6975,8702,6420,10176,7159,13668,10002,14010,13913,17529,26442,35847,6502,13368,351229,164561,48849,28842,132281,3760,371
2021-05-09T23:59:59+02:00,11466,12928,27388,31580,28383,33829,33828,43908,45023,52114,41632,52226,35764,49442,7847,16159,3406,3300,6850,8559,6321,10033,7052,13462,9591,13622,13183,16645,26126,35387,6486,13322,344276,161741,47777,28292,131179,3027,285
2021-05-08T23:59:59+02:00,11356,12843,26982,31274,27948,33519,33380,43607,44010,51290,41505,52087,35725,49386,7845,16154,3401,3297,6844,8556,6313,10026,7046,13450,9581,13607,13049,16461,25546,34562,6456,13259,339799,159892,47737,28266,131093,3014,282
2021-05-07T23:59:59+02:00,11183,12663,26509,30905,27512,33164,32881,43258,42997,50484,41270,51781,35627,49233,7835,16133,3346,3266,6796,8518,6265,9979,6991,13394,9356,13304,12357,15548,24737,33383,6417,13194,334801,155860,47431,27903,130939,2824,264
2021-05-06T23:59:59+02:00,10724,12312,25552,30134,26474,32378,31649,42423,41465,49313,40924,51268,35454,49010,7800,16070,3278,3206,6665,8376,6156,9848,6832,13210,9049,12939,11617,14557,23932,32235,6391,13138,327005,152122,46367,26960,129324,2093,254
2021-05-05T23:59:59+02:00,10295,12071,24670,29541,25605,31702,30536,41632,39566,47518,40525,50751,35255,48745,7752,15969,3231,3164,6551,8249,6060,9737,6730,13066,8766,12612,10800,13598,23090,31131,6366,13083,319183,148283,45516,26082,127263,1698,171
2021-05-04T23:59:59+02:00,10000,11795,23855,28893,24635,30970,29448,40772,38103,46073,40089,50202,35008,48424,7712,15868,3191,3137,6481,8173,5979,9670,6657,12996,8465,12316,9988,12647,22303,30073,6342,13032,312570,144609,44558,25281,124653,1494,66
2021-05-03T23:59:59+02:00,9754,11530,23112,28306,23819,30376,28511,40042,37225,45360,39754,49772,34814,48144,7671,15775,3141,3102,6409,8096,5905,9609,6564,12909,8183,12036,9151,11610,21552,29080,6321,12994,307733,140912,43784,24471,122421,1252,27
2021-05-02T23:59:59+02:00,9554,11309,22447,27744,23083,29790,27675,39407,36490,44769,39512,49451,34711,47971,7641,15724,3102,3080,6370,8053,5874,9577,6527,12871,7943,11787,8467,10821,20998,28357,6302,12979,302929,137767,43021,24199,121307,1121,21
2021-05-01T23:59:59+02:00,9367,11098,22059,27272,22599,29212,27009,38674,35699,43898,39281,49118,34627,47831,7637,15712,3095,3074,6345,8044,5861,9570,6508,12856,7929,11774,8426,10744,20966,28314,6298,12976,296856,137484,43020,24193,121196,1082,21
2021-04-30T23:59:59+02:00,9182,10880,21673,26841,22140,28654,26227,37886,34771,42981,39065,48816,34541,47700,7625,15693,3076,3058,6323,8029,5840,9554,6480,12833,7899,11741,8384,10663,20921,28244,6296,12971,290629,137181,43014,24124,121017,992,15
2021-04-29T23:59:59+02:00,8860,10598,21086,26260,21461,27958,25253,36904,33515,41611,38087,47504,34261,47267,7577,15581,3038,3017,6230,7920,5762,9450,6378,12684,7660,11424,7763,9957,20571,27776,6279,12909,281937,135138,42233,22914,119599,752,14
2021-04-28T23:59:59+02:00,8549,10349,20558,25776,20810,27363,24332,35991,32127,40109,37001,46028,33954,46814,7524,15462,2964,2963,6119,7798,5660,9328,6280,12524,7389,11104,7089,9114,20210,27271,6241,12845,273287,132728,41463,21626,117983,531,14
2021-04-27T23:59:59+02:00,8336,10138,20117,25356,20189,26825,23475,35202,30933,38733,35988,44698,33624,46300,7468,15354,2937,2932,6016,7698,5608,9237,6207,12397,7143,10858,6484,8387,19859,26835,6226,12828,265647,130654,40599,20696,116476,288,14
2021-04-26T23:59:59+02:00,8116,9938,19699,24941,19641,26290,22640,34423,29731,37460,35001,43382,33358,45858,7427,15240,2920,2920,5980,7658,5566,9199,6169,12356,6908,10619,5884,7678,19530,26447,6206,12805,258067,128719,39779,19856,115286,257,13
2021-04-25T23:59:59+02:00,7984,9781,19355,24676,19262,25946,21994,33783,28714,36430,33963,42065,33072,45470,7393,15169,2907,2910,5963,7636,5546,9181,6148,12331,6870,10584,5725,7462,19236,26029,6190,12763,250954,128103,39064,19118,115026,247,13
2021-04-24T23:59:59+02:00,7780,9564,18911,24243,18703,25411,21160,32932,27721,35457,33736,41770,32993,45333,7383,15158,2903,2904,5949,7628,5539,9172,6143,12327,6856,10565,5645,7341,19155,25913,6187,12755,245051,127660,39062,19081,114129,228,13
2021-04-23T23:59:59+02:00,7524,9337,18449,23765,18139,24792,20291,32075,26596,34256,33036,40692,32867,45131,7371,15137,2895,2885,5919,7605,5503,9128,6100,12289,6807,10507,5447,7036,18636,25294,6112,12622,237540,125828,38735,18737,113170,207,13
2021-04-22T23:59:59+02:00,7261,9095,17822,23144,17341,24004,19209,31021,25290,32798,32086,39452,32644,44810,7336,15068,2878,2866,5875,7551,5456,9046,6033,12211,6723,10425,5106,6572,17971,24460,6024,12468,228551,123699,37816,17778,112001,175,13
2021-04-21T23:59:59+02:00,7019,8889,17284,22640,16670,23403,18192,30074,23759,31209,31153,38275,32382,44428,7292,14991,2858,2846,5834,7498,5399,8972,5969,12112,6624,10346,4893,6230,17319,23662,5937,12318,219734,121637,37045,17017,110868,150,13
2021-04-20T23:59:59+02:00,6802,8658,16709,22156,15920,22714,17152,29036,22302,29704,30101,36886,32100,44061,7248,14910,2841,2831,5790,7460,5358,8925,5919,12047,6548,10279,4743,6015,16724,22933,5846,12173,210819,119977,36171,16300,109456,142,13
2021-04-19T23:59:59+02:00,6585,8473,16160,21720,15240,22144,16123,28097,20872,28283,28858,35357,31816,43641,7201,14812,2828,2815,5768,7427,5322,8895,5875,11998,6467,10200,4581,5803,16102,22245,5767,12054,202188,118353,35395,15643,107786,138,13
2021-04-18T23:59:59+02:00,6371,8306,15707,21376,14606,21576,15071,27266,19511,27072,27611,33836,31522,43264,7157,14731,2767,2762,5635,7302,5215,8784,5774,11850,6365,10088,4423,5580,15533,21593,5680,11916,193680,116740,34567,14379,106723,135,13
2021-04-17T23:59:59+02:00,6326,8270,15547,21299,14438,21490,14807,27073,19233,26802,27146,33335,31415,43141,7151,14719,2734,2710,5535,7149,5104,8624,5675,11654,6276,9977,4360,5493,15313,21326,5673,11907,192466,115001,34562,14375,105151,121,13
2021-04-16T23:59:59+02:00,6247,8207,15366,21131,14229,21343,14499,26798,18728,26268,26224,32238,31301,42948,7130,14701,2679,2646,5414,6968,4983,8445,5508,11412,6090,9764,4119,5228,14704,20560,5598,11804,189118,111817,34277,13982,103950,110,13
2021-04-15T23:59:59+02:00,6162,8113,15148,20913,13957,21058,14039,26418,17956,25488,25022,30795,31076,42653,7104,14633,2599,2542,5215,6715,4779,8143,5300,11094,5878,9490,3903,4943,13896,19500,5507,11679,184574,108032,33470,13042,102478,96,13
2021-04-14T23:59:59+02:00,6066,8030,14938,20706,13697,20821,13628,26065,17127,24704,23618,29174,30797,42294,7059,14548,2384,2404,5007,6455,4595,7893,5073,10840,5657,9221,3754,4700,13175,18611,5413,11508,179966,104996,32594,11592,100699,89,13
2021-04-13T23:59:59+02:00,5999,7964,14739,20565,13473,20638,13249,25747,16392,24002,22098,27527,30528,41912,7031,14449,2283,2335,4840,6261,4417,7688,4864,10586,5471,9005,3617,4521,12643,18005,5322,11377,175756,102663,31719,10480,98825,79,13
2021-04-12T23:59:59+02:00,5918,7874,14508,20365,13172,20383,12844,25308,15673,23274,20664,25768,30274,41601,6997,14381,2137,2222,4665,6107,4269,7504,4706,10401,5333,8851,3489,4359,12212,17486,5235,11250,171418,100989,30666,9146,96907,78,13
2021-04-11T23:59:59+02:00,5825,7785,14288,20168,12878,20165,12405,24936,14987,22611,19308,24166,30051,41302,6962,14308,2092,2184,4549,5993,4156,7381,4583,10278,5209,8737,3362,4215,11725,16877,5128,11083,167165,99255,29713,8208,95254,76,13
2021-04-10T23:59:59+02:00,5820,7777,14271,20157,12869,20154,12388,24922,14904,22519,18639,23252,29808,40946,6944,14285,2086,2172,4538,5983,4144,7370,4570,10262,5147,8659,3257,4102,11168,16042,5016,10903,166100,97126,29686,8208,93856,72,13
2021-04-09T23:59:59+02:00,5806,7760,14242,20109,12829,20106,12340,24871,14525,22077,17196,21457,29459,40407,6916,14251,2061,2162,4519,5965,4117,7345,4527,10229,5110,8608,3143,3964,10306,15050,4907,10743,163513,94710,29348,7963,91478,71,12
2021-04-08T23:59:59+02:00,5757,7730,14145,20032,12752,20029,12234,24761,14071,21514,15479,19346,28927,39510,6867,14144,2037,2146,4492,5910,4065,7263,4461,10151,5040,8537,3035,3844,9803,14436,4740,10536,159699,92878,28326,7539,89264,70,9
2021-04-07T23:59:59+02:00,5723,7696,14038,19953,12663,19949,12139,24651,13590,21035,14033,17530,28362,38676,6820,14057,2015,2133,4438,5840,3981,7188,4372,10061,4955,8450,2937,3739,9033,13290,4549,10213,155343,90363,27453,6764,88111,59,8
2021-04-06T23:59:59+02:00,5687,7665,13941,19882,12585,19893,12058,24585,13100,20544,12436,15523,27785,37861,6803,13991,1943,2069,4308,5721,3881,7063,4251,9916,4851,8327,2822,3613,8289,12310,4333,9923,151341,87998,26573,5557,86417,57,8
2021-04-05T23:59:59+02:00,5645,7632,13869,19816,12515,19827,12002,24504,12702,20161,10841,13571,27176,36954,6773,13939,1866,1989,4143,5566,3718,6907,4095,9774,4709,8203,2670,3478,7447,11292,4133,9624,148158,85655,25559,3897,84202,54,8
2021-04-04T23:59:59+02:00,5631,7613,13858,19796,12510,19809,11994,24486,12564,20043,9804,12271,26785,36392,6752,13894,1864,1984,4137,5564,3716,6902,4091,9767,4708,8197,2664,3465,7192,10799,4068,9535,146430,84703,25557,3897,82209,47,6
2021-04-03T23:59:59+02:00,5627,7602,13842,19779,12501,19800,11985,24475,12543,19993,8778,11059,26032,35318,6711,13799,1861,1981,4135,5559,3714,6898,4083,9755,4693,8186,2658,3454,7037,10521,4050,9477,143966,84113,25551,3897,80322,47,5
2021-04-02T23:59:59+02:00,5620,7583,13803,19754,12465,19757,11942,24427,12451,19909,8097,10081,24608,33412,6599,13591,1850,1965,4109,5537,3692,6855,4043,9676,4566,7906,2525,3316,6656,10096,3933,9322,139525,82319,25216,3676,79353,47,5
2021-04-01T23:59:59+02:00,5555,7498,13711,19618,12351,19611,11795,24266,11826,19432,7370,9164,23280,31663,6504,13402,1777,1894,4005,5437,3629,6789,3974,9606,4495,7802,2422,3166,6129,9365,3804,9117,135330,80094,24091,3273,77621,40,4
2021-03-31T23:59:59+02:00,5497,7434,13584,19464,12220,19463,11615,24066,11546,19181,6860,8528,21995,29952,6383,13217,1763,1882,3984,5414,3596,6761,3938,9556,4458,7750,2349,3079,5619,8676,3675,8950,131409,78349,23006,3057,76586,40,4
2021-03-30T23:59:59+02:00,5429,7359,13450,19307,12108,19296,11482,23904,11380,19044,6469,8102,20780,28408,6276,13051,1744,1844,3943,5380,3527,6692,3849,9436,4332,7579,2208,2862,5179,8114,3570,8738,128057,76150,22082,2819,75705,27,1
2021-03-29T23:59:59+02:00,5375,7310,13343,19218,12046,19211,11387,23801,11238,18900,6129,7657,19536,26948,6181,12900,1679,1799,3893,5339,3444,6618,3736,9286,4177,7384,2097,2729,4580,7403,3462,8521,124495,73512,21219,2609,75465,25,1
2021-03-28T23:59:59+02:00,5314,7234,13227,19075,11966,19130,11294,23699,11136,18798,5790,7272,18532,25609,6087,12743,1641,1745,3784,5233,3242,6378,3673,9193,4126,7333,2034,2663,3778,6316,3343,8343,121523,70495,20432,2313,74950,16,1
2021-03-27T23:59:59+01:00,5277,7171,13119,18913,11847,18963,11184,23488,11031,18669,5716,7167,18271,25290,6079,12734,1635,1742,3780,5228,3239,6372,3353,8791,3964,7091,2029,2659,3759,6281,3315,8287,119696,69204,20395,2313,74827,7,1
2021-03-26T23:59:59+01:00,5228,7105,13008,18730,11731,18770,11019,23256,10878,18472,5521,6907,17689,24520,6004,12626,1634,1740,3774,5222,3218,6355,3331,8770,3733,6592,1879,2320,3463,5955,3198,8101,116629,66971,20058,2307,74776,6,1
2021-03-25T23:59:59+01:00,5149,7002,12805,18474,11527,18448,10801,22923,10639,18156,5267,6579,16698,23243,5903,12480,1623,1729,3752,5192,3186,6330,3282,8734,3681,6550,1798,2178,3011,5250,3082,7860,112664,65026,18986,2206,74443,5,1
2021-03-24T23:59:59+01:00,5049,6860,12592,18032,11324,18059,10574,22531,10429,17826,4947,6170,15696,22085,5799,12299,1597,1715,3728,5144,3151,6265,3224,8664,3632,6479,1741,2121,2679,4869,2961,7636,109591,63637,17898,1963,72782,5,1
2021-03-23T23:59:59+01:00,4979,6761,12424,17700,11137,17713,10380,22169,10229,17565,4810,5935,15031,21300,5696,12156,1580,1708,3715,5126,3130,6248,3204,8615,3598,6435,1706,2066,2432,4576,2777,7351,107276,62339,17170,1922,71538,5,1
2021-03-22T23:59:59+01:00,4919,6659,12225,17364,10957,17392,10166,21835,10016,17295,4650,5704,14410,20589,5595,12007,1565,1699,3690,5090,3099,6210,3171,8566,3564,6388,1663,2012,2218,4295,2602,7059,105450,61102,16458,1783,69874,5,1
2021-03-21T23:59:59+01:00,4826,6502,11936,16951,10681,16993,9911,21391,9768,16971,4518,5517,13725,19798,5477,11830,1556,1698,3673,5073,3078,6177,3150,8535,3544,6364,1645,1991,2042,4109,2451,6822,103576,60124,15162,1778,68056,5,1
2021-03-20T23:59:59+01:00,4787,6411,11794,16601,10551,16698,9770,21072,9591,16704,4392,5360,13095,18846,5360,11636,1555,1697,3673,5071,3075,6176,3147,8530,3539,6360,1639,1986,2010,4045,2432,6785,101390,59936,15158,1778,66119,5,1
2021-03-19T23:59:59+01:00,4731,6305,11621,16241,10380,16339,9589,20686,9385,16373,4204,5141,12084,17641,5240,11466,1547,1690,3656,5037,3044,6102,3108,8434,3434,6185,1522,1892,1940,3986,2322,6582,98708,58703,14749,1774,63968,3,1
2021-03-18T23:59:59+01:00,4633,6166,11355,15805,10118,15908,9321,20217,9173,16053,4060,4973,11434,16764,5053,11234,1541,1674,3640,5004,3021,6058,3089,8377,3408,6145,1503,1860,1901,3911,2199,6379,96910,58022,13743,1684,61613,3,1
2021-03-17T23:59:59+01:00,4435,6029,11060,15374,9860,15562,9079,19838,8933,15733,3932,4789,10593,15472,4838,10894,1538,1671,3627,4984,3017,6040,3078,8340,3391,6123,1501,1840,1877,3879,2090,6195,94266,57517,12201,1670,59953,3,1
2021-03-16T23:59:59+01:00,4274,5875,10703,14905,9610,15194,8785,19398,8655,15389,3791,4630,9751,14305,4607,10605,1522,1668,3623,4978,3008,6033,3072,8332,3381,6108,1479,1817,1839,3829,1972,6019,91945,57086,11013,1590,57518,3,1
2021-03-15T23:59:59+01:00,4106,5724,10385,14431,9321,14729,8482,18922,8389,15001,3640,4453,9014,13206,4439,10354,1511,1660,3605,4964,2996,6010,3053,8294,3361,6065,1463,1805,1823,3796,1859,5835,89992,56508,9651,1589,54953,3,0
2021-03-14T23:59:59+01:00,4025,5608,10104,13976,9065,14332,8164,18434,8127,14632,3464,4248,8176,11924,4194,9984,1497,1653,3581,4945,2974,5961,3032,8216,3336,6002,1429,1753,1765,3662,1696,5460,87681,55984,8643,975,52133,3,0
2021-03-13T23:59:59+01:00,3937,5365,9833,13404,8875,13851,7958,17951,7959,14303,3378,4174,7980,11617,4164,9919,1497,1653,3581,4945,2973,5961,3032,8216,3335,6000,1425,1752,1763,3658,1695,5459,87032,55967,8643,975,48993,3,0
2021-03-12T23:59:59+01:00,3851,5187,9583,12873,8649,13303,7712,17282,7601,13609,3222,4022,7597,11192,4058,9774,1495,1649,3578,4932,2969,5957,3025,8210,3331,5994,1399,1719,1742,3640,1597,5285,85278,55544,8396,975,45841,3,0
2021-03-11T23:59:59+01:00,3674,4820,9217,12150,8351,12630,7361,16489,7288,13022,3066,3821,7014,10421,3914,9538,1471,1633,3550,4890,2924,5868,2989,8092,3281,5905,1358,1664,1662,3429,1403,4788,82851,54806,7950,99,41975,2,0
2021-03-10T23:59:59+01:00,3592,4665,8647,11644,7727,12153,7051,15945,6993,12497,2907,3678,6433,9675,3790,9336,1456,1616,3522,4829,2892,5786,2952,7942,3224,5804,1321,1621,1609,3328,1286,4516,81051,53627,7398,76,38284,1,0
2021-03-09T23:59:59+01:00,3456,4446,7896,11192,6881,11661,6653,15325,6643,11921,2689,3388,5905,9024,3672,9110,1450,1611,3498,4778,2866,5722,2936,7892,3207,5760,1305,1598,1577,3286,1179,4321,78772,52943,6043,42,35047,1,0
2021-03-08T23:59:59+01:00,3252,4159,7169,10662,6143,11179,6252,14769,6261,11397,2489,3191,5278,8249,3569,8900,1442,1599,3475,4710,2837,5653,2899,7800,3179,5690,1302,1589,1573,3278,1175,4319,75957,52479,4900,41,32062,0,0
2021-03-07T23:59:59+01:00,3119,3989,6821,10161,5723,10624,5974,14327,6040,11049,2399,3113,4448,7113,3426,8706,1439,1596,3472,4705,2832,5641,2895,7781,3170,5680,1298,1572,1553,3239,1160,4281,72722,52274,4070,40,30240,0,0
2021-03-06T23:59:59+01:00,3068,3802,6627,9722,5528,10190,5463,13404,5717,10421,2386,3097,4443,7102,3424,8705,1438,1594,3470,4702,2830,5640,2894,7780,3169,5677,1296,1569,1553,3237,1159,4281,71501,52249,4070,40,27528,0,0
2021-03-05T23:59:59+01:00,2961,3485,6406,9176,5326,9780,5287,12828,5317,9438,2186,2703,4047,6686,3315,8535,1425,1587,3453,4688,2825,5627,2886,7762,3158,5659,1282,1565,1553,3233,1154,4277,69182,52094,3839,40,24455,0,0
2021-03-04T23:59:59+01:00,2866,3231,6190,8759,5172,9436,5109,12396,5143,9099,2075,2502,3484,5836,3195,8269,1412,1565,3411,4592,2791,5562,2855,7661,3128,5596,1264,1558,1539,3220,1147,4266,67145,51527,3399,40,22218,0,0
2021-03-03T23:59:59+01:00,2803,3153,6011,8347,4992,9058,4902,11943,4961,8684,1992,2399,3062,5359,3068,8027,1389,1554,3375,4541,2754,5499,2812,7556,3086,5530,1250,1537,1521,3189,1141,4249,65725,50944,3159,39,19877,0,0
2021-03-02T23:59:59+01:00,2741,3042,5841,8012,4835,8790,4739,11538,4823,8389,1913,2311,2755,4989,2875,7741,1383,1542,3356,4524,2738,5471,2799,7508,3078,5501,1246,1529,1502,3170,1139,4245,64395,50692,2904,39,18035,0,0
2021-03-01T23:59:59+01:00,2706,2992,5735,7789,4745,8666,4653,11382,4725,8225,1862,2230,2447,4646,2708,7465,1374,1539,3343,4505,2729,5438,2780,7457,3067,5483,1240,1525,1495,3162,1137,4241,63151,50476,2683,39,17142,0,0
2021-02-28T23:59:59+01:00,2640,2932,5556,7532,4575,8443,4520,11199,4626,8109,1810,2171,2153,4324,2530,7193,1362,1532,3331,4495,2721,5431,2773,7440,3060,5473,1236,1522,1489,3146,1136,4210,62066,50318,2382,39,15865,0,0
2021-02-27T23:59:59+01:00,2524,2553,5398,7147,4474,8136,4444,10847,4557,7878,1783,2118,2127,4281,2511,7141,1359,1529,3329,4495,2716,5429,2769,7436,3056,5471,1235,1521,1488,3146,1136,4210,61834,50289,2382,36,13703,0,0
2021-02-26T23:59:59+01:00,2458,2446,5254,6913,4328,7883,4291,10579,4352,7603,1662,2030,2069,4245,2406,6965,1338,1515,3311,4459,2706,5389,2757,7383,3033,5422,1230,1511,1484,3139,1135,4208,60523,49984,2376,36,12585,0,0
2021-02-25T23:59:59+01:00,2327,2316,4891,6498,3918,7413,4013,10076,4137,7257,1613,1986,2037,4185,2295,6775,1319,1495,3279,4419,2667,5329,2720,7273,2996,5340,1220,1495,1470,3099,1123,4153,60047,49363,2269,34,9421,0,0
2021-02-24T23:59:59+01:00,2287,2244,4770,6273,3825,7195,3883,9838,4022,7115,1593,1961,2007,4140,2183,6580,1305,1484,3249,4354,2633,5262,2695,7196,2966,5273,1204,1477,1447,3050,1112,4088,59504,48771,2024,24,8388,0,0
2021-02-23T23:59:59+01:00,2026,2050,4408,5805,3554,6792,3663,9462,3875,6867,1576,1932,1962,4095,2071,6398,1285,1472,3205,4319,2608,5202,2671,7121,2929,5224,1187,1456,1423,3013,1102,4041,59053,48248,1978,10,5505,0,0
2021-02-22T23:59:59+01:00,2015,2027,4354,5745,3519,6727,3597,9365,3820,6780,1543,1909,1939,4042,1955,6204,1280,1454,3185,4278,2588,5162,2645,7059,2899,5177,1179,1445,1412,3003,1096,4032,58516,47889,1835,5,5190,0,0
2021-02-21T23:59:59+01:00,2003,2020,4321,5710,3476,6693,3557,9301,3780,6738,1533,1903,1934,4033,1838,6041,1272,1438,3163,4240,2560,5111,2631,6992,2869,5094,1166,1429,1389,2942,1075,3961,58171,47327,1831,5,4879,0,0
2021-02-20T23:59:59+01:00,2002,2018,4316,5708,3474,6693,3557,9300,3779,6737,1528,1902,1932,4029,1837,6041,1272,1438,3162,4238,2560,5111,2630,6991,2869,5094,1166,1428,1388,2942,1075,3961,58157,47320,1831,5,4865,0,0
2021-02-19T23:59:59+01:00,1982,2009,4306,5692,3465,6678,3546,9290,3768,6723,1503,1870,1910,4009,1738,5863,1270,1437,3162,4237,2559,5110,2630,6989,2867,5092,1166,1428,1388,2941,1075,3961,57737,47307,1826,5,4789,0,0
2021-02-18T23:59:59+01:00,1933,1965,4204,5584,3403,6574,3450,9112,3691,6601,1487,1836,1875,3935,1608,5670,1218,1375,3014,4009,2440,4822,2517,6656,2767,4875,1136,1380,1357,2856,1051,3822,57088,45291,1736,4,4104,0,0
2021-02-17T23:59:59+01:00,1906,1921,4102,5428,3319,6421,3333,8859,3568,6436,1432,1764,1806,3833,1493,5370,1149,1302,2859,3788,2327,4507,2386,6218,2651,4624,1087,1316,1305,2746,1013,3666,55857,42940,1725,4,3409,0,0
2021-02-16T23:59:59+01:00,1807,1830,3948,5235,3190,6231,3219,8640,3452,6278,1410,1741,1778,3799,1379,5168,1053,1259,2732,3624,2229,4287,2247,5904,2530,4394,1040,1215,1147,2437,773,3076,55139,39945,1708,2,2258,0,0
2021-02-15T23:59:59+01:00,1791,1804,3898,5148,3133,6143,3156,8526,3394,6180,1400,1728,1764,3777,1371,5148,1013,1223,2650,3489,2155,4107,2163,5623,2444,4200,997,1148,1062,2250,711,2883,54675,38117,1706,1,1980,0,0
2021-02-14T23:59:59+01:00,1717,1769,3817,5072,3092,6027,3101,8366,3351,6085,1380,1697,1711,3639,1315,4913,1000,1213,2605,3422,2115,4038,2104,5498,2384,4101,962,1111,983,2065,645,2662,54430,36907,1091,1,1531,0,0
2021-02-13T23:59:59+01:00,1714,1767,3809,5069,3086,6025,3098,8365,3348,6083,1379,1694,1711,3637,1313,4913,1000,1213,2605,3422,2115,4038,2103,5498,2382,4101,962,1111,983,2065,645,2662,54412,36905,1090,0,1509,0,0
2021-02-12T23:59:59+01:00,1677,1742,3772,5039,3066,6006,3074,8328,3331,6045,1363,1687,1702,3620,1305,4895,991,1201,2571,3370,2082,3989,2075,5449,2365,4071,961,1111,982,2065,644,2660,54188,36587,1089,0,1375,0,0
2021-02-11T23:59:59+01:00,1622,1678,3664,4874,2966,5825,2973,8021,3239,5853,1308,1627,1635,3435,1225,4583,942,1101,2298,2926,1874,3479,1832,4715,2113,3600,885,1040,893,1861,596,2406,53566,32561,122,0,840,0,0
2021-02-10T23:59:59+01:00,1599,1651,3602,4754,2899,5726,2926,7856,3192,5744,1294,1611,1611,3392,1211,4548,849,1015,2009,2511,1661,3021,1589,4095,1867,3189,788,884,726,1484,474,1939,52915,28101,120,0,581,0,0
2021-02-09T23:59:59+01:00,1580,1625,3549,4689,2870,5654,2903,7756,3155,5680,1292,1602,1582,3371,1203,4534,787,907,1740,2163,1468,2618,1418,3590,1702,2875,760,851,704,1405,455,1839,52601,25282,115,0,329,0,0
2021-02-08T23:59:59+01:00,1559,1621,3525,4658,2851,5612,2878,7704,3140,5654,1282,1594,1574,3343,1201,4520,767,857,1586,1919,1322,2367,1287,3274,1545,2646,731,827,654,1291,427,1682,52299,23182,90,0,327,0,0
2021-02-07T23:59:59+01:00,1409,1572,3434,4601,2800,5571,2850,7662,3117,5621,1275,1578,1565,3321,1198,4489,594,668,1322,1575,1094,1902,1075,2670,1325,2186,627,707,579,1127,386,1478,52000,19315,63,0,0,0,0
2021-02-06T23:59:59+01:00,1405,1569,3432,4599,2794,5568,2845,7658,3113,5618,1273,1575,1563,3319,1198,4489,445,476,1130,1351,962,1572,924,2245,1161,1799,549,624,560,1113,383,1475,51955,16769,63,0,0,0,0
2021-02-05T23:59:59+01:00,1394,1557,3417,4576,2785,5541,2835,7612,3092,5575,1269,1567,1560,3312,1197,4489,327,274,946,1043,809,1194,759,1791,973,1414,449,533,537,1097,381,1471,51715,13998,63,0,0,0,0
2021-02-04T23:59:59+01:00,1375,1534,3370,4524,2745,5458,2795,7483,3045,5498,1257,1554,1546,3278,1190,4465,167,118,641,678,521,753,512,1149,639,878,286,363,441,951,346,1332,51076,9775,41,0,0,0,0
2021-02-03T23:59:59+01:00,1352,1525,3329,4473,2712,5407,2773,7418,3012,5437,1247,1531,1511,3210,1174,4361,146,96,508,523,398,613,423,908,490,674,236,290,353,773,277,1085,50432,7793,40,0,0,0,0
2021-02-02T23:59:59+01:00,1330,1511,3285,4436,2680,5347,2746,7340,2980,5377,1225,1501,1477,3147,1148,4270,130,80,424,427,333,529,380,826,434,608,219,267,306,703,258,975,49761,6899,39,0,0,0,0
2021-02-01T23:59:59+01:00,1313,1495,3260,4384,2650,5274,2712,7207,2950,5289,1209,1479,1451,3109,1134,4210,102,57,316,321,244,401,283,615,310,455,181,217,240,559,200,756,49087,5257,39,0,0,0,0
2021-01-31T23:59:59+01:00,1306,1481,3244,4353,2627,5230,2698,7153,2936,5250,1197,1461,1428,3043,1115,4135,91,54,286,296,223,354,260,571,281,422,160,197,198,454,164,612,48618,4623,39,0,0,0,0
2021-01-30T23:59:59+01:00,1306,1481,3241,4349,2626,5230,2697,7151,2936,5250,1197,1460,1427,3043,1115,4135,91,51,276,282,213,338,255,562,277,414,159,196,197,454,164,612,48608,4541,36,0,0,0,0
2021-01-29T23:59:59+01:00,1304,1480,3241,4345,2626,5229,2696,7149,2934,5248,1197,1460,1427,3042,1115,4135,85,47,255,268,190,314,243,549,265,407,156,194,193,448,163,610,48592,4387,36,0,0,0,0
2021-01-28T23:59:59+01:00,1281,1450,3169,4235,2576,5110,2632,6994,2875,5136,1182,1434,1413,2975,1095,4022,71,25,156,163,127,191,166,363,197,254,126,145,147,278,95,354,47545,2858,34,0,0,0,0
2021-01-27T23:59:59+01:00,1225,1393,3080,4096,2499,4924,2539,6707,2796,4966,1148,1388,1376,2882,1067,3888,36,10,91,77,61,92,80,209,114,138,97,114,107,205,71,252,45950,1754,24,0,0,0,0
2021-01-26T23:59:59+01:00,1139,1354,2960,3950,2427,4745,2454,6519,2724,4836,1128,1331,1281,2730,859,3494,35,10,88,76,60,91,78,209,112,137,95,113,107,205,71,252,43918,1739,13,0,0,0,0
2021-01-25T23:59:59+01:00,1120,1324,2880,3818,2381,4593,2391,6323,2664,4703,1116,1312,1266,2698,849,3467,35,10,87,76,58,91,78,208,112,136,95,113,107,205,71,252,42897,1734,8,0,0,0,0
2021-01-24T23:59:59+01:00,1108,1319,2863,3801,2371,4563,2361,6272,2633,4657,1107,1304,1255,2676,838,3434,35,10,87,76,58,91,78,208,112,136,95,113,107,205,71,252,42556,1734,6,0,0,0,0
2021-01-23T23:59:59+01:00,1108,1319,2863,3801,2371,4563,2361,6272,2631,4657,1107,1304,1255,2676,838,3434,35,10,87,76,58,91,78,208,112,136,95,113,107,205,71,252,42554,1734,6,0,0,0,0
2021-01-22T23:59:59+01:00,1100,1309,2828,3755,2340,4492,2330,6203,2612,4614,1106,1303,1254,2675,837,3431,35,10,87,76,58,91,78,208,112,136,95,113,107,205,71,252,42183,1734,6,0,0,0,0
2021-01-21T23:59:59+01:00,1068,1205,2563,3344,2150,4058,2143,5595,2401,4170,1060,1260,1209,2544,809,3289,30,9,77,68,54,73,65,171,90,125,87,96,89,152,60,196,38862,1442,6,0,0,0,0
2021-01-20T23:59:59+01:00,972,1117,2256,2926,1938,3583,1906,4975,2155,3744,962,1109,1045,2193,704,2848,30,9,77,68,54,72,65,171,90,125,87,96,89,152,60,196,34427,1441,6,0,0,0,0
2021-01-19T23:59:59+01:00,893,998,1962,2493,1694,3091,1676,4311,1927,3334,894,1008,917,1911,614,2521,13,5,49,47,33,40,33,100,40,75,37,35,46,81,36,127,30239,797,5,0,0,0,0
2021-01-18T23:59:59+01:00,815,910,1719,2084,1458,2604,1417,3615,1694,2881,817,926,815,1685,568,2277,7,3,17,12,14,19,17,53,15,34,22,23,23,54,27,73,26282,413,3,0,0,0,0
2021-01-17T23:59:59+01:00,604,702,1405,1693,1183,2045,1160,2859,1422,2321,673,780,680,1395,466,1928,1,1,2,2,0,0,0,0,0,0,0,0,0,0,0,0,21313,6,3,0,0,0,0
2021-01-16T23:59:59+01:00,457,510,1230,1475,1067,1733,1012,2447,1268,1945,596,700,660,1382,464,1927,0,0,0,0,0,0,0,0,0,0,0,0,0,0,0,0,18871,0,2,0,0,0,0
2021-01-15T23:59:59+01:00,334,306,1049,1181,914,1384,850,1989,1079,1569,495,606,626,1351,454,1889,0,0,0,0,0,0,0,0,0,0,0,0,0,0,0,0,16074,0,2,0,0,0,0
2021-01-14T23:59:59+01:00,188,139,730,803,623,885,610,1307,722,1007,326,428,520,1163,407,1681,0,0,0,0,0,0,0,0,0,0,0,0,0,0,0,0,11539,0,0,0,0,0,0
2021-01-13T23:59:59+01:00,162,112,610,629,497,703,497,1035,568,782,272,350,436,993,353,1424,0,0,0,0,0,0,0,0,0,0,0,0,0,0,0,0,9423,0,0,0,0,0,0
2021-01-12T23:59:59+01:00,146,94,532,538,425,608,441,921,498,696,244,309,361,818,302,1159,0,0,0,0,0,0,0,0,0,0,0,0,0,0,0,0,8092,0,0,0,0,0,0
2021-01-11T23:59:59+01:00,116,74,428,439,347,497,352,734,395,538,212,256,300,686,248,970,0,0,0,0,0,0,0,0,0,0,0,0,0,0,0,0,6592,0,0,0,0,0,0
2021-01-10T23:59:59+01:00,100,61,354,364,286,412,298,640,328,477,184,225,238,544,197,754,0,0,0,0,0,0,0,0,0,0,0,0,0,0,0,0,5462,0,0,0,0,0,0
2021-01-09T23:59:59+01:00,100,59,336,345,263,388,291,626,320,470,183,224,237,542,197,754,0,0,0,0,0,0,0,0,0,0,0,0,0,0,0,0,5335,0,0,0,0,0,0
2021-01-08T23:59:59+01:00,94,52,297,308,222,346,265,594,292,441,167,204,216,477,179,670,0,0,0,0,0,0,0,0,0,0,0,0,0,0,0,0,4824,0,0,0,0,0,0
2021-01-07T23:59:59+01:00,76,33,204,207,160,248,202,428,227,310,138,160,161,309,112,418,0,0,0,0,0,0,0,0,0,0,0,0,0,0,0,0,3393,0,0,0,0,0,0
2021-01-06T23:59:59+01:00,64,21,151,124,114,162,149,304,169,216,106,129,122,237,76,292,0,0,0,0,0,0,0,0,0,0,0,0,0,0,0,0,2436,0,0,0,0,0,0
2021-01-05T23:59:59+01:00,40,11,90,77,61,96,84,212,113,140,101,119,114,219,75,270,0,0,0,0,0,0,0,0,0,0,0,0,0,0,0,0,1822,0,0,0,0,0,0
2021-01-04T23:59:59+01:00,38,11,90,77,58,94,84,211,113,139,101,118,114,219,75,270,0,0,0,0,0,0,0,0,0,0,0,0,0,0,0,0,1812,0,0,0,0,0,0
2021-01-03T23:59:59+01:00,38,11,90,77,58,94,84,211,113,139,101,118,114,219,75,270,0,0,0,0,0,0,0,0,0,0,0,0,0,0,0,0,1812,0,0,0,0,0,0
2021-01-02T23:59:59+01:00,38,11,90,77,58,94,84,211,112,139,101,118,114,219,75,270,0,0,0,0,0,0,0,0,0,0,0,0,0,0,0,0,1811,0,0,0,0,0,0
2021-01-01T23:59:59+01:00,38,11,90,77,58,94,84,211,112,138,101,118,114,219,75,270,0,0,0,0,0,0,0,0,0,0,0,0,0,0,0,0,1810,0,0,0,0,0,0
2020-12-31T23:59:59+01:00,38,11,90,77,58,94,84,211,111,138,101,118,114,219,75,270,0,0,0,0,0,0,0,0,0,0,0,0,0,0,0,0,1809,0,0,0,0,0,0
2020-12-30T23:59:59+01:00,38,11,90,77,57,94,84,211,111,138,101,118,114,219,75,270,0,0,0,0,0,0,0,0,0,0,0,0,0,0,0,0,1808,0,0,0,0,0,0
2020-12-29T23:59:59+01:00,19,5,63,57,35,60,49,137,62,88,46,50,67,131,47,182,0,0,0,0,0,0,0,0,0,0,0,0,0,0,0,0,1098,0,0,0,0,0,0
2020-12-28T23:59:59+01:00,7,4,36,26,20,29,20,68,22,41,23,22,24,49,27,72,0,0,0,0,0,0,0,0,0,0,0,0,0,0,0,0,490,0,0,0,0,0,0
2020-12-27T23:59:59+01:00,1,0,7,5,6,2,1,5,0,2,0,1,2,3,4,5,0,0,0,0,0,0,0,0,0,0,0,0,0,0,0,0,44,0,0,0,0,0,0
