Datum,<15_m,<15_w,15-24_1_m,15-24_1_w,25-34_1_m,25-34_1_w,35-44_1_m,35-44_1_w,45-54_1_m,45-54_1_w,55-64_1_m,55-64_1_w,65-74_1_m,65-74_1_w,75-84_1_m,75-84_1_w,>84_1_m,>84_1_w,<24_2_m,<24_2_w,25-34_2_m,25-34_2_w,35-44_2_m,35-44_2_w,45-54_2_m,45-54_2_w,55-64_2_m,55-64_2_w,65-74_2_m,65-74_2_w,75-84_2_m,75-84_2_w,>84_2_m,>84_2_w,bp_1,bp_2,mo_1,mo_2,az_1,az_2,ja,unb_1,unb_2
2021-07-24T23:59:59+02:00,5916,5647,51243,52318,93942,92488,87155,87082,85926,91847,87478,90434,53417,66561,42674,59080,10299,20691,32287,32972,70005,69662,63177,64277,69659,75868,76992,80691,49625,61762,40409,55642,9719,19354,738737,589800,127373,92810,157600,130225,60414,74,69
2021-07-23T23:59:59+02:00,5861,5593,50986,52060,93565,92223,86880,86875,85749,91672,87350,90343,53385,66516,42666,59062,10296,20685,31845,32437,69012,68872,62414,63631,68763,75035,76594,80367,49549,61666,40377,55605,9712,19340,736787,584550,127313,91664,157593,130056,60000,74,69
2021-07-22T23:59:59+02:00,5794,5531,50583,51674,93120,91799,86510,86563,85456,91390,87140,90169,53303,66428,42639,59011,10291,20664,31171,31743,67740,67900,61391,62770,67159,73703,75963,79869,49399,61468,40289,55499,9694,19307,733886,578295,127090,88939,157572,129303,59443,74,69
2021-07-21T23:59:59+02:00,5743,5482,50235,51315,92706,91405,86218,86276,85220,91163,86978,89994,53223,66348,42585,58945,10281,20638,30592,31132,66425,66876,60328,61886,65141,72036,75068,79133,49110,61162,40132,55315,9670,19253,731216,572128,126883,84666,157551,128250,59031,74,69
2021-07-20T23:59:59+02:00,5684,5421,49860,50936,92264,90958,85861,85960,84962,90924,86764,89804,53135,66218,42542,58889,10275,20614,29956,30511,64988,65721,59198,60934,63964,70985,74459,78588,48908,60933,40027,55158,9650,19192,728369,565198,126673,83015,157506,127236,58449,74,69
2021-07-19T23:59:59+02:00,5605,5348,49401,50494,91805,90498,85509,85639,84721,90716,86564,89635,53042,66102,42507,58816,10258,20578,29429,29960,63853,64688,58302,60076,62833,69966,73877,78081,48737,60739,39937,55016,9623,19147,725195,559520,126461,81275,157474,126068,58034,74,69
2021-07-18T23:59:59+02:00,5538,5282,48589,49706,90779,89497,84805,85043,84256,90303,86279,89351,52937,65957,42444,58721,10248,20547,28888,29385,62702,63638,57390,59175,61666,68949,73337,77588,48594,60580,39879,54933,9611,19119,718939,553793,126150,79260,157461,125279,57658,74,69
2021-07-17T23:59:59+02:00,5365,5098,48244,49380,90638,89366,84619,84887,84103,90170,86171,89270,52917,65931,42434,58710,10247,20544,28514,29020,62063,63047,56849,58753,60915,68216,73033,77350,48487,60463,39839,54875,9602,19109,717792,550825,125980,78297,157458,124674,56790,74,69
2021-07-16T23:59:59+02:00,5270,5009,47933,49110,90385,89152,84380,84688,83905,89990,86037,89166,52876,65900,42417,58696,10244,20540,28029,28536,61139,62145,56012,58071,59870,67185,72532,76936,48328,60277,39795,54808,9597,19100,716472,545931,125818,76985,157454,123947,55880,74,69
2021-07-15T23:59:59+02:00,5136,4882,47472,48717,90004,88793,84035,84315,83612,89720,85825,89004,52800,65811,42366,58630,10234,20514,27310,27937,59844,61112,54910,57109,58490,65915,71815,76365,48107,60023,39709,54683,9582,19045,714115,540227,125414,74883,157424,122313,54843,74,69
2021-07-14T23:59:59+02:00,5032,4769,47139,48351,89713,88516,83758,84010,83369,89485,85625,88849,52715,65705,42310,58542,10217,20484,26801,27405,58773,60126,53958,56278,57623,65072,71206,75784,47845,59745,39607,54511,9560,19001,712029,534910,125060,73971,157381,120639,54045,74,69
2021-07-13T23:59:59+02:00,4919,4652,46750,47979,89329,88163,83459,83713,83113,89233,85426,88688,52609,65603,42257,58479,10211,20465,26162,26757,57413,58953,52773,55301,56638,64166,70490,75150,47571,59427,39483,54336,9531,18951,709744,528647,124692,72883,157335,118614,53203,74,67
2021-07-12T23:59:59+02:00,4752,4484,46221,47476,88936,87830,83082,83405,82871,88987,85241,88529,52530,65510,42209,58415,10199,20450,25550,26122,55915,57613,51489,54252,55420,63034,69755,74535,47203,59000,39310,54116,9492,18886,707107,521440,124327,71866,157289,116286,52330,74,66
2021-07-11T23:59:59+02:00,4356,4116,45288,46562,88516,87404,82672,83026,82570,88705,85053,88387,52444,65422,42185,58360,10188,20433,24961,25566,54548,56365,50198,53220,54378,62006,69168,73992,46859,58618,39187,53940,9468,18844,703229,514873,123861,70867,157249,114514,51274,74,66
2021-07-10T23:59:59+02:00,4344,4101,44964,46232,88068,86925,82350,82724,82471,88608,84985,88329,52425,65399,42176,58346,10187,20429,24484,25043,53482,55441,49348,52644,53786,61444,68953,73807,46490,58204,39087,53837,9463,18835,702579,510623,123398,70784,157077,113206,49935,74,66
2021-07-09T23:59:59+02:00,4326,4088,44545,45802,87463,86378,81973,82390,82224,88426,84873,88237,52391,65370,42169,58333,10183,20420,23800,24279,52168,54209,48421,51766,53011,60599,68539,73411,46132,57799,39001,53749,9455,18823,701211,504527,122824,70380,156912,111864,48570,74,66
2021-07-08T23:59:59+02:00,4302,4063,44004,45328,86613,85682,81455,81890,81975,88188,84682,88085,52327,65303,42137,58287,10174,20403,22835,23366,50238,52664,47052,50619,51888,59483,67863,72783,45620,57247,38866,53587,9427,18754,699161,496880,121944,69127,156622,109342,47097,74,66
2021-07-07T23:59:59+02:00,4279,4036,43436,44763,85793,84922,80918,81420,81691,87897,84480,87926,52250,65206,42098,58226,10167,20383,21977,22481,48305,50997,45553,49492,50662,58316,67180,72254,44890,56512,38677,53350,9396,18696,696718,488819,120953,68018,156370,106256,45776,74,64
2021-07-06T23:59:59+02:00,4244,4016,42898,44251,84949,84200,80313,80836,81327,87571,84306,87752,52161,65124,42061,58163,10157,20358,21152,21636,46336,49218,44174,48240,49396,56981,66437,71537,44064,55745,38492,53111,9378,18640,694126,479910,119931,66940,156064,103308,44492,74,64
2021-07-05T23:59:59+02:00,4220,3980,41761,43290,83462,83124,79587,80232,80883,87156,84039,87495,52043,64988,42015,58086,10144,20331,19983,20596,44397,47634,43152,47283,48371,56030,65744,70921,43309,54886,38320,52889,9355,18601,690914,473990,118875,66075,155705,100228,41268,74,64
2021-07-04T23:59:59+02:00,4193,3959,40419,42105,81834,81821,78872,79628,80419,86736,83770,87301,51952,64862,41969,58035,10131,20303,18641,19390,42614,46125,42456,46546,47570,55174,65170,70355,42571,54042,38157,52698,9337,18554,687895,469378,117723,65149,155281,97618,37336,74,64
2021-07-03T23:59:59+02:00,3734,3543,38864,40583,80976,81169,78388,79139,79979,86260,83556,87133,51883,64761,41951,57983,10128,20297,17834,18702,41702,45439,42037,46167,47166,54779,65004,70190,41984,53314,38095,52598,9331,18544,684216,467455,116418,65051,155192,96029,34427,74,64
2021-07-02T23:59:59+02:00,3178,2976,37317,39113,80265,80443,77725,78444,79460,85755,83314,86933,51833,64673,41922,57935,10116,20284,17082,17993,40567,44485,41307,45479,46338,54000,64487,69745,41035,52110,37965,52409,9315,18525,679235,462440,115019,64593,155035,93547,32323,74,61
2021-07-01T23:59:59+02:00,2535,2434,35615,37479,79313,79598,76896,77624,78760,85117,83002,86655,51713,64515,41860,57831,10100,20256,16222,17107,39046,43262,40099,44421,45042,52878,63751,69178,40148,50977,37816,52202,9298,18493,673013,456135,113315,62955,154810,90794,30091,74,61
2021-06-30T23:59:59+02:00,2495,2403,34618,36491,77500,78109,75202,76131,78103,84571,82721,86361,51581,64352,41800,57737,10088,20229,15204,16148,37371,42038,38902,43310,43885,51824,63000,68554,39607,50303,37702,52007,9276,18458,667234,450041,111586,61621,154587,88932,27011,74,60
2021-06-29T23:59:59+02:00,2462,2372,33794,35616,75908,76630,73596,74715,77318,83860,82184,85876,51400,64134,41725,57606,10071,20193,14377,15255,36062,40902,37986,42491,42664,50777,62290,67973,38906,49369,37566,51790,9255,18415,660961,444910,109727,59786,154312,86992,24386,74,58
2021-06-28T23:59:59+02:00,2422,2338,32994,34826,74300,75227,71925,73320,76297,83078,81581,85384,51224,63909,41648,57500,10058,20159,13639,14514,35009,39890,37163,41765,41551,49787,61646,67432,38036,48288,37399,51572,9236,18368,654566,440127,107766,58282,153720,84805,22064,74,57
2021-06-27T23:59:59+02:00,2408,2323,32266,34092,72737,73862,70524,72120,74905,81965,80919,84840,51027,63696,41583,57386,10048,20130,13011,13890,34055,39141,36512,41164,40623,48941,61114,66991,37182,47265,37248,51395,9221,18337,648434,436276,105837,57525,152772,82553,19714,74,57
2021-06-26T23:59:59+02:00,1779,1719,31242,33003,72385,73546,70058,71656,74612,81657,80827,84756,51008,63666,41569,57376,10047,20127,12820,13685,33402,38604,35874,40747,40105,48606,60120,65995,36194,46135,37081,51182,9207,18304,643695,430340,104901,57477,152766,80618,19603,68,57
2021-06-25T23:59:59+02:00,1163,1123,30140,31845,71902,73024,69446,70959,74191,81216,80455,84435,50948,63582,41535,57333,10042,20114,12500,13300,32550,37808,35006,39929,39167,47772,58913,64766,35679,45439,36889,50881,9184,18260,637440,421949,103714,57033,152759,79561,19472,68,57
2021-06-24T23:59:59+02:00,565,569,28816,30553,71138,72292,68584,70085,73521,80595,80016,84078,50844,63455,41484,57264,10031,20080,11843,12610,31395,36514,33800,38668,38050,46668,57278,63393,35207,44919,36733,50694,9165,18200,629765,412680,102233,55489,152644,77674,19260,68,57
2021-06-23T23:59:59+02:00,538,536,28317,30016,70042,71320,67312,68957,72776,79908,79567,83677,50734,63280,41422,57169,10014,20050,11358,12087,30399,35271,32872,37452,37045,45793,55346,61686,34656,44358,36566,50466,9144,18135,623593,402974,100665,54435,152541,76420,18768,68,57
2021-06-22T23:59:59+02:00,515,520,27808,29444,68873,70300,66119,67934,72100,79208,79155,83313,50627,63151,41374,57085,10005,20025,11014,11691,29482,34337,31910,36569,36090,44910,53383,59855,34274,43882,36429,50225,9115,18078,617315,394482,99219,52865,152405,75309,18549,68,56
2021-06-21T23:59:59+02:00,483,486,27147,28788,67561,69135,64941,66809,71344,78434,78761,82919,50520,63043,41316,57000,9992,19983,10729,11384,28857,33761,31363,36008,35494,44324,51541,58204,33569,43084,36134,49803,9086,18002,610551,386954,97728,51671,152283,74646,18032,68,56
2021-06-20T23:59:59+02:00,398,404,26511,28133,66350,68010,63927,65869,70544,77695,78406,82585,50442,62919,41268,56931,9987,19950,10442,11125,28319,33260,30908,35516,34986,43803,49709,56423,33027,42407,35938,49472,9056,17942,604201,379577,96270,50919,152184,74187,17606,68,55
2021-06-19T23:59:59+02:00,366,370,26135,27777,65628,67445,63410,65386,69753,77049,78252,82457,50422,62894,41252,56916,9986,19950,10313,10932,28074,32943,30655,35199,34766,43544,48270,55036,32772,42063,35856,49336,9048,17914,600312,374215,95333,50907,152182,74002,17553,68,55
2021-06-18T23:59:59+02:00,339,336,25681,27322,64617,66707,62677,64777,68838,76218,77858,82119,50361,62818,41225,56880,9982,19942,10100,10698,27675,32526,30331,34791,34383,43154,46551,53384,32421,41550,35719,49124,9029,17881,594919,367420,94096,50622,152174,73791,17440,68,55
2021-06-17T23:59:59+02:00,310,305,25052,26726,63369,65715,61689,63970,67252,74820,77339,81721,50261,62666,41163,56797,9969,19914,9691,10348,26887,31846,29595,34117,33550,42457,45049,51897,31978,40924,35556,48870,8997,17831,588895,360030,91450,49488,152015,73421,16611,67,54
2021-06-16T23:59:59+02:00,277,268,24534,26155,62073,64593,60585,62987,64981,72906,76495,81065,50050,62456,41072,56684,9950,19883,9377,10099,26238,31183,28889,33497,32825,41832,44460,51335,31709,40567,35410,48672,8976,17790,582693,356356,86950,48784,151568,71936,15738,65,54
2021-06-15T23:59:59+02:00,238,237,23899,25476,60679,63394,59506,62004,63825,71823,75994,80641,49928,62307,41022,56588,9943,19853,9119,9832,25637,30450,28251,32743,32153,41110,42905,49715,31264,40015,35239,48439,8946,17726,575621,349672,85323,47892,151099,70686,15249,65,54
2021-06-14T23:59:59+02:00,216,206,23436,24896,59583,62342,58633,61159,62757,70822,75520,80253,49841,62186,40972,56517,9927,19827,8833,9533,24886,29563,27491,31913,31365,40297,41623,48383,30897,39517,35103,48216,8916,17675,569800,343557,83611,46874,150895,69012,14722,65,54
2021-06-13T23:59:59+02:00,211,192,23020,24432,58654,61438,57861,60377,61652,69855,75048,79821,49752,62069,40923,56458,9916,19798,8559,9237,24180,28729,26776,31079,30604,39446,40086,46817,30436,38912,34902,47912,8886,17586,564797,336556,81747,46100,150664,67242,14204,65,53
2021-06-12T23:59:59+02:00,198,175,22797,24169,58106,60942,57504,60098,61011,69213,74849,79707,49729,62038,40911,56444,9913,19794,8445,9121,23702,28144,26260,30512,30093,38888,39013,45847,30269,38733,34806,47747,8882,17575,561916,332370,80792,46097,150657,65357,14168,65,53
2021-06-11T23:59:59+02:00,180,159,22446,23760,57374,60131,56825,59470,60107,68282,74495,79396,49653,61966,40886,56408,9910,19788,8314,8933,23195,27476,25734,29858,29513,38258,37945,44843,30003,38379,34664,47524,8869,17549,556923,327562,79506,45838,150638,63508,14104,65,52
2021-06-10T23:59:59+02:00,165,142,21918,23206,56249,59206,55899,58652,58853,67112,73964,78988,49583,61859,40862,56356,9897,19760,8053,8688,22333,26536,24776,28924,28402,37336,36559,43684,29652,37905,34387,47092,8802,17474,551401,320701,77305,45133,150389,61214,13512,64,50
2021-06-09T23:59:59+02:00,144,129,21301,22661,55004,58115,54839,57746,57907,66208,73496,78595,49496,61759,40813,56294,9883,19730,7769,8426,21422,25672,23842,28035,27379,36392,34847,41905,29269,37407,34201,46823,8761,17384,545697,313299,75858,44409,150033,59315,12468,64,50
2021-06-08T23:59:59+02:00,122,111,20636,21981,53705,56992,53722,56777,56951,65350,72955,78161,49409,61636,40757,56201,9863,19699,7508,8193,20510,24782,22785,27172,26349,35439,33499,40606,28914,36901,33883,46372,8708,17301,539074,307013,74941,43647,149587,56857,11362,64,49
2021-06-07T23:59:59+02:00,105,93,19996,21386,52273,55742,52460,55804,55795,64368,72405,77762,49326,61530,40711,56137,9850,19671,7263,7975,19670,23963,21760,26359,25317,34574,32568,39827,28632,36513,33639,45948,8657,17210,531848,302413,74048,42831,149173,54305,10281,64,49
2021-06-06T23:59:59+02:00,98,87,19492,20854,51127,54654,51361,54832,54837,63420,71896,77358,49242,61456,40674,56074,9843,19655,7055,7777,18884,23076,20862,25490,24248,33595,31658,39016,28350,36176,33383,45558,8608,17135,525547,297868,73029,42093,148836,51379,9486,62,49
2021-06-05T23:59:59+02:00,93,79,19225,20557,50354,53899,50705,54321,54362,62923,71758,77237,49226,61437,40671,56070,9840,19655,6832,7373,18250,22016,20146,24384,23376,32367,30639,37708,28023,35718,33259,45385,8601,17115,521248,291589,73024,42055,148662,48087,9416,62,49
2021-06-04T23:59:59+02:00,83,72,18785,19981,49310,52900,49898,53454,53717,62147,71416,76911,49198,61402,40651,56055,9838,19648,6613,7064,17634,21167,19474,23402,22457,31104,29435,36382,27736,35357,33147,45213,8589,17096,514820,285217,72704,41987,148642,45382,9238,62,49
2021-06-03T23:59:59+02:00,72,61,18115,19310,47792,51608,48692,52337,52762,61137,70921,76451,49134,61300,40613,56010,9825,19624,6326,6674,16902,20129,18686,22258,21463,29696,28277,34905,27195,34583,32943,44889,8553,17021,507124,278514,71693,41246,148364,42174,8521,62,48
2021-06-02T23:59:59+02:00,67,57,17749,18810,46785,50635,47835,51599,52028,60391,70675,76238,49096,61264,40594,55982,9817,19610,6147,6439,16260,19451,17786,21512,20643,28762,27190,33508,26730,33979,32784,44639,8524,16951,500904,272295,71680,41231,148339,39489,8248,61,45
2021-06-01T23:59:59+02:00,56,51,17081,18091,44930,48900,46192,50141,50508,58946,69993,75637,49006,61152,40534,55909,9804,19562,5873,6131,15105,18557,16286,20556,19443,27531,25977,32125,26182,33290,32537,44292,8478,16847,491782,265869,70340,40667,147787,36106,6525,59,45
2021-05-31T23:59:59+02:00,54,47,16609,17612,43623,47762,44986,49042,49271,57836,69315,75124,48929,61050,40490,55840,9792,19527,5596,5812,14070,17733,14892,19644,18277,26432,24762,30791,25668,32576,32343,43996,8444,16749,485539,259616,69182,40124,147329,33202,4801,58,44
2021-05-30T23:59:59+02:00,47,46,16287,17222,42648,46831,44082,48136,48279,56840,68755,74575,48821,60895,40419,55728,9777,19484,5409,5571,13525,17038,14272,18954,17395,25469,23668,29623,24899,31630,32050,43581,8400,16661,479560,253675,68148,39326,146919,30916,4187,58,43
2021-05-29T23:59:59+02:00,47,46,16159,17105,42291,46516,43742,47873,48037,56651,68695,74515,48815,60888,40413,55725,9777,19484,5246,5332,13018,16228,13628,18105,16554,24306,22561,28328,24743,31400,31987,43488,8397,16654,477597,248104,68032,39326,146909,28322,4183,58,42
2021-05-28T23:59:59+02:00,46,44,15858,16800,41597,45888,43232,47314,47530,56109,68417,74218,48749,60807,40385,55676,9774,19479,5009,4948,12482,15314,12955,17246,15693,23081,21476,26898,24498,31035,31894,43354,8387,16637,473309,242119,67533,39221,146876,25382,4147,58,40
2021-05-27T23:59:59+02:00,43,40,15341,16281,40455,44910,42216,46433,46547,55226,67833,73787,48627,60648,40331,55604,9763,19438,4787,4612,11843,14492,12173,16311,14631,21893,20221,25392,23997,30298,31722,43094,8354,16555,467498,234805,66024,38417,146160,23334,3783,58,38
2021-05-26T23:59:59+02:00,41,39,14935,15857,39361,43994,41184,45551,45522,54351,67224,73277,48476,60469,40251,55437,9742,19390,4596,4417,11288,13732,11453,15462,13632,20761,18832,23809,23417,29519,31506,42754,8302,16454,462384,227560,64000,37561,145173,21291,3486,58,38
2021-05-25T23:59:59+02:00,41,38,14545,15456,38358,43107,40218,44697,44571,53433,66616,72747,48297,60237,40172,55305,9716,19335,4391,4215,10749,13089,10695,14681,12571,19535,17403,22305,22835,28741,31273,42437,8248,16367,457087,220239,62420,36623,144070,19385,3254,58,36
2021-05-24T23:59:59+02:00,40,38,14202,15134,37533,42373,39347,44027,43711,52653,66085,72263,48171,60060,40108,55183,9696,19291,4248,4090,10303,12630,10057,14098,11696,18705,16124,21055,22170,27911,31057,42114,8190,16281,452473,213391,61195,35684,143344,18776,2845,58,35
2021-05-23T23:59:59+02:00,36,38,14034,14961,37066,42000,38895,43623,43262,52249,65815,72037,48097,59969,40070,55138,9689,19267,4059,3951,9843,12157,9440,13493,10760,17894,14934,19995,21705,27347,30805,41828,8143,16200,449292,206438,60821,35605,143315,17718,2760,58,35
2021-05-22T23:59:59+02:00,34,36,13837,14745,36385,41435,38218,43170,42690,51843,64797,71031,47893,59713,40000,55025,9679,19245,3950,3656,9629,11745,9287,13167,10519,17452,14666,19595,21612,27230,30771,41788,8136,16191,442872,205226,60818,35603,143299,15803,2729,58,35
2021-05-21T23:59:59+02:00,33,35,13458,14345,35313,40523,37155,42242,41628,50947,63444,69750,47663,59376,39919,54878,9662,19212,3844,3560,9422,11481,9078,12902,10191,17126,14259,19227,21393,26944,30712,41698,8127,16183,433283,203292,60467,35297,143063,14813,2713,57,34
2021-05-20T23:59:59+02:00,30,35,12665,13621,33878,39073,35738,40834,40230,49752,62161,68600,47374,59032,39776,54697,9641,19161,3696,3379,8897,10881,8432,12196,9493,16281,13507,18271,20582,25834,30519,41403,8089,16098,423099,198955,58769,34453,142038,11781,2337,55,34
2021-05-19T23:59:59+02:00,30,34,12129,13058,32700,37649,34639,39454,39108,48796,60164,66834,46898,58476,39594,54436,9600,19055,3594,3249,8626,10510,8137,11824,9054,15774,12873,17613,19719,24705,30293,41100,8033,15983,412272,194730,57254,33642,140937,10547,2136,55,34
2021-05-18T23:59:59+02:00,28,34,11708,12615,31656,36633,33548,38541,38070,47863,58108,64977,46543,58028,39441,54197,9568,18996,3396,3085,8134,9907,7668,11279,8515,15110,12194,16845,18780,23479,30057,40757,7997,15878,403629,190656,55296,32803,139744,7759,1831,54,34
2021-05-17T23:59:59+02:00,26,33,11457,12339,31140,36079,33057,37980,37480,47230,56206,63272,45842,57206,39164,53800,9531,18922,3314,2976,7872,9624,7375,10982,8117,14698,11628,16242,17864,22349,29825,40438,7962,15804,396050,186295,54178,32056,138939,7144,1544,53,33
2021-05-16T23:59:59+02:00,26,33,11237,12086,30620,35576,32595,37488,36960,46661,54313,61447,45298,56509,38970,53481,9504,18867,3213,2877,7584,9335,7057,10639,7642,14237,11052,15660,16935,21205,29616,40149,7924,15736,389100,182029,53215,31214,138277,6562,1027,52,31
2021-05-15T23:59:59+02:00,26,33,11083,11883,30343,35243,32358,37168,36732,46398,52744,59970,45048,56203,38893,53343,9498,18839,3193,2859,7560,9308,7042,10618,7624,14224,11035,15639,16826,20992,29407,39844,7916,15726,383299,181049,53212,31213,138232,6513,1010,52,30
2021-05-14T23:59:59+02:00,26,33,10837,11602,29876,34737,31979,36708,36223,45926,50877,58143,44686,55701,38753,53135,9482,18799,3166,2841,7490,9238,6988,10547,7566,14167,10853,15441,16096,19928,29121,39358,7899,15686,375523,178150,52885,30874,138103,6373,960,52,30
2021-05-13T23:59:59+02:00,23,32,10556,11277,29233,34100,31381,36104,35552,45263,49409,56625,44256,55074,38582,52892,9455,18753,3098,2795,7364,9137,6901,10453,7464,14061,10528,15096,15041,18695,28736,38716,7856,15612,368440,174364,51867,30313,137358,5998,851,51,29
2021-05-12T23:59:59+02:00,23,30,10428,11135,28953,33783,31116,35812,35242,44952,49123,56317,44157,54967,38529,52810,9448,18715,3086,2769,7330,9101,6871,10418,7437,14022,10364,14940,14670,18268,28433,38240,7834,15565,365774,172334,51786,30303,137200,5954,729,51,29
2021-05-11T23:59:59+02:00,22,27,10082,10812,28101,32958,30285,35059,34383,44172,47390,54550,43705,54375,38353,52518,9410,18613,2999,2673,7087,8822,6648,10119,7223,13653,9884,14394,13693,17120,28020,37629,7797,15471,358865,168678,50081,29413,135314,4609,504,51,29
2021-05-10T23:59:59+02:00,21,27,9777,10539,27356,32257,29511,34362,33613,43408,46088,53287,43323,53864,38163,52213,9360,18500,2958,2628,6960,8699,6553,10002,7083,13472,9623,14087,13000,16262,27594,37020,7771,15391,352618,165874,48965,29034,133643,3774,395,48,27
2021-05-09T23:59:59+02:00,20,27,9546,10295,26680,31577,28845,33665,32893,42716,44571,51821,42823,53244,37963,51909,9323,18415,2910,2582,6837,8556,6447,9861,6971,13260,9308,13776,12204,15364,27231,36490,7751,15335,345562,163035,47891,28480,132525,3034,308,47,27
2021-05-08T23:59:59+02:00,20,27,9453,10227,26295,31276,28400,33351,32440,42412,43539,50994,42671,53081,37919,51847,9321,18409,2907,2578,6829,8552,6441,9853,6963,13249,9299,13764,12166,15302,26557,35546,7714,15259,341045,161176,47849,28454,132439,3021,302,47,27
2021-05-07T23:59:59+02:00,19,27,9312,10079,25824,30900,27955,32977,31935,42067,42504,50171,42402,52741,37806,51687,9309,18382,2860,2552,6776,8511,6385,9798,6912,13197,9126,13545,11535,14490,25619,34169,7667,15177,335943,157095,47542,28085,132281,2829,284,47,27
2021-05-06T23:59:59+02:00,17,26,8915,9790,24910,30133,26898,32178,30711,41251,40890,48964,42023,52197,37611,51445,9271,18309,2798,2506,6646,8365,6270,9670,6764,13011,8856,13248,10890,13630,24661,32792,7634,15116,328109,153330,46469,27134,130641,2094,273,47,27
2021-05-05T23:59:59+02:00,17,25,8550,9591,24030,29536,26035,31515,29625,40462,38915,47153,41580,51644,37403,51163,9214,18197,2758,2476,6529,8238,6170,9557,6662,12870,8611,12992,10185,12805,23652,31473,7605,15045,320267,149470,45619,26249,128533,1694,189,47,27
2021-05-04T23:59:59+02:00,17,24,8307,9364,23234,28892,25064,30776,28555,39627,37405,45690,41112,51058,37125,50815,9168,18076,2721,2455,6457,8166,6088,9492,6589,12793,8377,12773,9457,11952,22708,30233,7571,14982,313620,145771,44655,25444,125903,1490,84,47,26
2021-05-03T23:59:59+02:00,17,23,8105,9151,22537,28314,24226,30171,27648,38934,36450,44940,40766,50585,36911,50527,9118,17972,2676,2424,6388,8089,6010,9427,6502,12709,8149,12561,8716,11055,21794,29019,7540,14932,308764,142047,43878,24627,123663,1248,44,46,26
2021-05-02T23:59:59+02:00,17,23,7943,8987,21902,27740,23488,29581,26832,38314,35636,44310,40506,50254,36799,50340,9084,17915,2641,2402,6346,8047,5975,9393,6464,12669,7967,12388,8118,10321,21086,28153,7519,14914,303942,138872,43109,24352,122538,1117,37,45,26
2021-05-01T23:59:59+02:00,16,23,7791,8805,21530,27284,23006,29006,26189,37606,34813,43415,40243,49881,36702,50187,9078,17898,2635,2396,6320,8037,5960,9384,6446,12655,7950,12373,8082,10258,21047,28096,7515,14910,297851,138582,43108,24345,122432,1075,37,45,26
2021-04-30T23:59:59+02:00,16,21,7644,8627,21144,26855,22561,28441,25443,36830,33807,42452,40014,49562,36605,50034,9066,17877,2618,2383,6296,8019,5938,9367,6419,12635,7918,12340,8042,10188,20997,28013,7512,14901,291571,138273,43101,24272,122251,985,31,45,26
2021-04-29T23:59:59+02:00,15,21,7375,8388,20553,26284,21892,27760,24512,35867,32533,41116,38971,48160,36288,49562,9009,17749,2586,2350,6204,7909,5854,9265,6325,12493,7717,12067,7420,9467,20590,27498,7490,14827,282847,136218,42317,23046,120820,744,31,40,24
2021-04-28T23:59:59+02:00,14,19,7101,8171,20034,25813,21255,27163,23629,35022,31142,39667,37811,46577,35945,49067,8946,17607,2517,2303,6096,7788,5745,9135,6224,12344,7498,11797,6733,8623,20174,26923,7449,14756,274179,133780,41548,21751,119186,520,31,39,24
2021-04-27T23:59:59+02:00,13,19,6919,7993,19602,25389,20640,26627,22777,34249,29937,38352,36724,45136,35564,48497,8876,17480,2493,2278,5993,7691,5692,9039,6159,12221,7284,11599,6133,7888,19769,26426,7429,14733,266394,131690,40685,20810,117645,273,31,39,24
2021-04-26T23:59:59+02:00,12,19,6737,7829,19185,24967,20099,26104,21977,33498,28725,37121,35666,43717,35258,48014,8827,17356,2482,2269,5952,7649,5647,9000,6123,12178,7098,11435,5519,7158,19399,25978,7405,14706,258733,129734,39860,19970,116451,242,29,38,24
2021-04-25T23:59:59+02:00,12,18,6633,7696,18848,24698,19720,25767,21367,32884,27744,36166,34537,42291,34943,47586,8786,17275,2470,2262,5934,7626,5628,8983,6103,12153,7061,11408,5392,6977,19064,25514,7389,14662,251568,129113,39146,19229,116190,232,29,38,24
2021-04-24T23:59:59+02:00,12,18,6468,7520,18407,24267,19162,25230,20585,32083,26668,35123,34287,41978,34849,47421,8776,17263,2466,2257,5921,7617,5621,8972,6098,12149,7051,11401,5319,6866,18966,25373,7386,14654,245621,128661,39142,19191,115287,214,29,38,23
2021-04-23T23:59:59+02:00,12,18,6247,7323,17959,23795,18595,24621,19763,31270,25515,33931,33513,40807,34705,47184,8762,17240,2460,2239,5894,7593,5584,8934,6054,12105,7005,11349,5153,6590,18428,24748,7286,14485,238075,126821,38814,18845,114305,192,29,37,21
2021-04-22T23:59:59+02:00,11,17,6031,7115,17354,23209,17803,23840,18716,30250,24196,32501,32474,39455,34459,46828,8724,17162,2446,2224,5850,7543,5536,8850,5980,12027,6930,11279,4869,6175,17717,23876,7167,14291,229050,124670,37896,17883,113136,159,29,34,20
2021-04-21T23:59:59+02:00,11,16,5834,6936,16824,22738,17142,23237,17737,29353,22647,30910,31471,38225,34162,46392,8676,17075,2423,2207,5808,7488,5479,8775,5914,11927,6835,11199,4710,5901,17020,23030,7051,14110,220192,122587,37125,17115,112008,127,29,32,20
2021-04-20T23:59:59+02:00,10,15,5651,6743,16269,22265,16403,22581,16747,28355,21181,29444,30327,36740,33848,45962,8628,16987,2411,2193,5759,7451,5439,8730,5866,11861,6756,11136,4591,5748,16420,22256,6926,13931,211236,120911,36244,16399,110616,119,28,32,18
2021-04-19T23:59:59+02:00,10,15,5466,6586,15739,21836,15729,22025,15757,27479,19793,28049,28958,35108,33531,45489,8572,16873,2400,2180,5734,7418,5402,8697,5827,11816,6675,11060,4465,5587,15773,21547,6818,13770,202572,119272,35467,15736,108918,116,28,30,18
2021-04-18T23:59:59+02:00,9,15,5279,6445,15306,21512,15113,21464,14788,26692,18456,26911,27572,33462,33200,45070,8516,16787,2349,2134,5603,7298,5288,8584,5720,11667,6571,10941,4349,5400,15181,20883,6705,13592,194051,117640,34639,14469,107849,112,28,30,17
2021-04-17T23:59:59+02:00,9,14,5244,6411,15152,21437,14937,21379,14553,26513,18202,26690,27065,32922,33074,44922,8507,16772,2322,2094,5503,7145,5181,8425,5621,11479,6481,10809,4297,5338,14941,20589,6695,13579,192835,115887,34634,14465,106276,103,28,30,17
2021-04-16T23:59:59+02:00,9,14,5181,6357,14975,21285,14726,21218,14271,26263,17789,26280,26023,31691,32940,44707,8486,16749,2276,2044,5387,6962,5045,8244,5469,11239,6285,10588,4092,5105,14297,19805,6597,13434,189485,112663,34345,14069,105076,93,28,30,17
2021-04-15T23:59:59+02:00,7,13,5113,6280,14762,21072,14458,20930,13842,25913,17154,25652,24663,30084,32683,44384,8451,16671,2206,1960,5191,6727,4843,7923,5262,10922,6069,10304,3894,4855,13469,18723,6482,13267,184939,108845,33537,13126,103598,82,28,30,17
2021-04-14T23:59:59+02:00,7,13,5032,6210,14558,20873,14205,20708,13452,25579,16489,25035,23087,28299,32367,43979,8400,16577,2018,1840,4973,6466,4654,7674,5036,10673,5835,10020,3759,4648,12746,17808,6356,13054,180341,105767,32662,11673,101809,76,28,30,17
2021-04-13T23:59:59+02:00,7,13,4981,6163,14359,20738,13973,20527,13110,25285,15920,24533,21385,26456,32050,43556,8368,16470,1933,1788,4807,6279,4469,7455,4836,10418,5631,9788,3623,4485,12231,17194,6233,12893,176127,103394,31787,10559,99923,66,28,29,17
2021-04-12T23:59:59+02:00,7,12,4917,6098,14143,20541,13669,20265,12728,24872,15343,23980,19793,24515,31760,43197,8328,16396,1803,1697,4627,6120,4323,7279,4674,10226,5494,9631,3506,4330,11801,16685,6122,12730,171779,101715,30733,9224,97995,65,28,29,17
2021-04-11T23:59:59+02:00,7,12,4848,6022,13919,20343,13374,20055,12316,24521,14783,23472,18290,22744,31497,42858,8285,16317,1766,1661,4507,6007,4212,7156,4552,10095,5360,9502,3392,4211,11312,16077,5991,12524,167501,99973,29775,8247,96331,63,27,29,16
2021-04-10T23:59:59+02:00,7,12,4843,6014,13900,20329,13365,20045,12299,24505,14760,23453,17602,21822,31205,42440,8267,16290,1762,1649,4495,5996,4197,7143,4539,10081,5307,9437,3290,4098,10756,15243,5861,12326,166433,97834,29748,8247,94923,59,25,29,16
2021-04-09T23:59:59+02:00,7,12,4831,5997,13865,20280,13322,19998,12252,24451,14502,23202,16088,19937,30799,41794,8232,16247,1738,1639,4474,5981,4171,7116,4498,10047,5270,9388,3205,3981,9891,14255,5714,12128,163826,95401,29407,7999,92531,58,24,28,15
2021-04-08T23:59:59+02:00,7,12,4789,5969,13764,20206,13242,19918,12153,24347,14167,22844,14321,17729,30183,40786,8174,16126,1717,1626,4442,5928,4119,7032,4434,9967,5198,9311,3097,3878,9413,13655,5509,11883,160006,93558,28380,7564,90309,57,16,26,15
2021-04-07T23:59:59+02:00,7,12,4759,5941,13661,20124,13149,19833,12052,24246,13791,22488,12816,15886,29540,39820,8119,16028,1698,1614,4390,5861,4034,6958,4345,9883,5108,9212,3011,3783,8672,12564,5274,11480,155616,91020,27505,6791,89110,47,15,26,15
2021-04-06T23:59:59+02:00,7,12,4730,5915,13564,20057,13068,19773,11976,24181,13416,22137,11184,13882,28879,38851,8087,15957,1638,1560,4262,5736,3926,6834,4226,9736,5005,9083,2896,3662,7968,11635,5002,11115,151609,88640,26624,5572,87403,45,14,26,14
2021-04-05T23:59:59+02:00,7,11,4693,5888,13487,19991,13001,19705,11921,24101,13144,21883,9575,11940,28153,37802,8052,15895,1567,1491,4107,5586,3758,6678,4073,9587,4850,8955,2764,3545,7164,10674,4731,10726,148419,86276,25610,3912,85181,42,13,26,14
2021-04-04T23:59:59+02:00,7,11,4679,5870,13476,19971,12993,19688,11913,24081,13047,21813,8552,10680,27706,37160,8027,15838,1566,1489,4099,5580,3756,6673,4068,9582,4848,8947,2759,3536,6928,10210,4647,10601,146692,85320,25606,3912,83178,36,10,26,12
2021-04-03T23:59:59+02:00,7,11,4676,5860,13459,19952,12984,19678,11903,24071,13033,21795,7648,9613,26827,35918,7978,15727,1562,1485,4097,5575,3754,6670,4060,9570,4834,8934,2752,3525,6790,9950,4608,10521,144223,84719,25598,3912,81285,36,9,25,12
2021-04-02T23:59:59+02:00,7,11,4671,5842,13422,19928,12945,19635,11861,24023,12958,21727,7135,8866,25243,33818,7832,15459,1553,1469,4071,5552,3728,6629,4024,9509,4713,8648,2624,3370,6415,9557,4460,10323,139775,82904,25260,3686,80316,36,8,24,12
2021-04-01T23:59:59+02:00,6,10,4620,5783,13328,19783,12830,19484,11712,23867,12361,21281,6573,8161,23738,31847,7704,15222,1490,1424,3963,5429,3661,6558,3956,9443,4635,8545,2530,3229,5905,8874,4292,10049,135583,80651,24122,3284,78576,31,7,22,11
2021-03-31T23:59:59+02:00,6,10,4569,5728,13204,19631,12699,19330,11524,23687,12098,21021,6254,7790,22262,29893,7554,14994,1477,1413,3941,5406,3629,6530,3916,9396,4598,8492,2467,3154,5423,8232,4118,9811,131656,78890,23035,3068,77536,31,5,22,10
2021-03-30T23:59:59+02:00,6,10,4508,5664,13066,19482,12587,19155,11393,23522,11928,20883,6064,7575,20876,28166,7410,14790,1460,1377,3900,5373,3565,6460,3828,9282,4467,8321,2333,2950,5003,7679,3975,9556,128307,76673,22110,2826,76646,19,2,20,10
2021-03-29T23:59:59+02:00,6,10,4468,5625,12947,19387,12520,19072,11311,23420,11779,20748,5907,7377,19461,26488,7282,14589,1401,1336,3845,5330,3491,6390,3710,9138,4317,8132,2211,2809,4440,7013,3821,9281,124732,74022,21246,2615,76397,18,2,20,9
2021-03-28T23:59:59+02:00,6,10,4421,5561,12827,19250,12435,18978,11210,23325,11674,20647,5755,7172,18284,24984,7163,14395,1369,1292,3747,5224,3298,6165,3623,9021,4267,8076,2159,2746,3682,5995,3636,9014,121743,70978,20458,2317,75875,10,2,19,8
2021-03-27T23:59:59+01:00,6,10,4389,5511,12720,19086,12321,18813,11097,23121,11567,20499,5690,7090,18000,24638,7152,14380,1363,1289,3742,5220,3295,6158,3337,8673,4069,7778,2153,2743,3668,5962,3602,8954,119909,69675,20420,2317,75740,5,2,19,8
2021-03-26T23:59:59+01:00,6,9,4353,5458,12610,18898,12188,18613,10944,22893,11406,20290,5527,6876,17397,23850,7053,14231,1362,1288,3737,5213,3272,6140,3318,8653,3857,7334,1976,2339,3405,5678,3452,8722,116828,67424,20082,2310,75672,4,1,19,8
2021-03-25T23:59:59+01:00,6,9,4286,5371,12412,18660,11983,18284,10730,22565,11165,19963,5315,6592,16370,22543,6924,14042,1353,1278,3716,5187,3240,6113,3267,8616,3811,7291,1904,2226,2971,4997,3295,8418,112850,65464,19011,2209,75339,2,1,19,8
2021-03-24T23:59:59+01:00,6,9,4207,5260,12201,18211,11766,17872,10514,22175,10933,19592,5047,6247,15334,21328,6785,13819,1330,1265,3692,5142,3205,6051,3212,8546,3757,7218,1851,2167,2664,4663,3143,8143,109756,64073,17920,1966,73610,2,1,19,8
2021-03-23T23:59:59+01:00,6,9,4151,5197,12034,17868,11567,17522,10323,21812,10715,19305,4914,6052,14694,20514,6645,13646,1315,1259,3678,5124,3184,6034,3191,8498,3721,7175,1816,2109,2436,4393,2935,7822,107413,62755,17194,1925,72347,2,1,19,8
2021-03-22T23:59:59+01:00,6,9,4104,5119,11840,17536,11379,17196,10098,21486,10500,19003,4764,5846,14076,19800,6512,13460,1302,1250,3651,5091,3153,5998,3162,8442,3685,7130,1772,2053,2237,4143,2740,7491,105564,61505,16477,1785,70674,2,1,18,8
2021-03-21T23:59:59+01:00,6,9,4030,4996,11559,17124,11099,16791,9829,21032,10245,18653,4650,5675,13383,19011,6370,13252,1294,1249,3634,5076,3132,5965,3139,8412,3666,7108,1754,2026,2074,3982,2569,7223,103690,60513,15179,1780,68826,2,1,18,8
2021-03-20T23:59:59+01:00,5,9,4000,4927,11416,16789,10974,16474,9686,20729,10069,18371,4525,5515,12754,18061,6234,13037,1293,1248,3634,5074,3129,5964,3136,8407,3661,7104,1750,2021,2043,3921,2546,7182,101499,60323,15175,1780,66882,2,1,18,8
2021-03-19T23:59:59+01:00,5,8,3956,4847,11249,16429,10793,16119,9514,20349,9856,18012,4366,5320,11732,16851,6074,12826,1284,1241,3616,5049,3100,5888,3092,8315,3559,6930,1625,1911,1969,3859,2435,6974,98805,59061,14768,1776,64715,2,1,17,8
2021-03-18T23:59:59+01:00,5,8,3870,4745,11003,16003,10525,15676,9237,19880,9633,17671,4222,5154,11110,15985,5846,12559,1280,1230,3599,5014,3080,5844,3070,8259,3531,6884,1606,1879,1930,3789,2312,6763,97007,58374,13761,1686,62346,2,1,17,8
2021-03-17T23:59:59+01:00,5,8,3699,4630,10708,15584,10261,15317,8995,19519,9382,17323,4104,4988,10296,14742,5584,12136,1279,1228,3585,4996,3074,5824,3060,8226,3513,6861,1605,1855,1906,3761,2202,6576,94362,57869,12220,1672,60681,2,1,17,8
2021-03-16T23:59:59+01:00,5,8,3558,4505,10369,15122,9987,14947,8720,19077,9086,16960,3961,4823,9480,13621,5303,11777,1265,1225,3581,4989,3063,5820,3054,8215,3506,6847,1581,1832,1867,3710,2082,6398,92034,57433,11031,1592,58227,2,1,16,8
2021-03-15T23:59:59+01:00,5,8,3410,4389,10055,14654,9697,14489,8424,18603,8799,16548,3815,4653,8773,12559,5079,11456,1255,1217,3561,4977,3051,5796,3034,8176,3486,6804,1566,1819,1850,3677,1967,6213,90075,56849,9668,1591,55657,2,0,16,8
2021-03-14T23:59:59+01:00,5,8,3340,4300,9789,14220,9442,14086,8107,18111,8519,16153,3652,4467,7972,11325,4771,11001,1241,1211,3540,4959,3030,5755,3012,8096,3458,6736,1540,1770,1789,3550,1802,5825,87766,56324,8650,981,52839,2,0,13,8
2021-03-13T23:59:59+01:00,5,8,3266,4055,9484,13563,9202,13516,7883,17547,8318,15727,3545,4367,7781,11034,4723,10913,1241,1211,3540,4959,3030,5755,3011,8096,3457,6734,1536,1769,1787,3546,1801,5824,87116,56307,8650,981,49158,2,0,13,8
2021-03-12T23:59:59+01:00,5,8,3205,3919,9239,13024,8965,12985,7650,16911,7962,14977,3382,4197,7398,10627,4586,10727,1238,1208,3536,4945,3027,5752,3004,8088,3453,6728,1509,1740,1766,3528,1702,5649,85349,55884,8404,980,46001,2,0,13,8
2021-03-11T23:59:59+01:00,5,8,3057,3651,8863,12265,8661,12309,7317,16129,7620,14334,3225,3995,6843,9908,4398,10415,1219,1198,3502,4901,2985,5675,2969,7964,3402,6630,1465,1687,1687,3328,1504,5137,82907,55140,7959,105,42125,1,0,12,8
2021-03-10T23:59:59+01:00,5,7,2992,3544,8364,11754,7985,11825,6996,15638,7322,13743,3065,3838,6283,9216,4227,10141,1208,1184,3472,4843,2954,5600,2933,7824,3348,6508,1427,1647,1629,3232,1388,4858,81092,53966,7408,82,38434,0,0,11,8
2021-03-09T23:59:59+01:00,5,6,2887,3368,7680,11304,7088,11339,6577,15026,6959,13136,2837,3538,5775,8587,4071,9865,1203,1180,3450,4796,2927,5535,2916,7773,3330,6462,1412,1623,1594,3190,1283,4660,78801,53281,6053,48,35183,0,0,11,6
2021-03-08T23:59:59+01:00,5,6,2714,3133,7038,10760,6274,10860,6175,14497,6565,12570,2628,3327,5172,7848,3925,9598,1196,1174,3429,4730,2902,5460,2877,7679,3298,6386,1405,1614,1591,3182,1278,4657,75978,52807,4914,46,32193,0,0,10,6
2021-03-07T23:59:59+01:00,5,6,2602,3001,6707,10260,5863,10319,5880,14047,6325,12184,2532,3236,4407,6787,3708,9316,1193,1171,3426,4725,2897,5448,2873,7662,3290,6373,1400,1601,1570,3142,1263,4616,72730,52601,4083,44,30363,0,0,9,6
2021-03-06T23:59:59+01:00,5,5,2557,2859,6523,9806,5664,9902,5404,13192,5951,11445,2511,3209,4401,6776,3707,9315,1193,1170,3423,4721,2895,5447,2872,7661,3289,6370,1398,1598,1570,3140,1262,4616,71504,52576,4083,44,27636,0,0,9,6
2021-03-05T23:59:59+01:00,5,5,2466,2604,6311,9221,5450,9505,5227,12625,5568,10468,2285,2746,4022,6394,3568,9101,1181,1167,3405,4705,2891,5434,2864,7643,3278,6351,1384,1591,1569,3136,1257,4612,69178,52420,3850,44,24534,0,0,9,5
2021-03-04T23:59:59+01:00,5,5,2390,2399,6096,8786,5289,9165,5047,12204,5393,10090,2193,2576,3470,5571,3403,8763,1169,1153,3362,4607,2858,5368,2833,7545,3245,6277,1364,1584,1555,3122,1249,4601,67136,51846,3411,44,22289,0,0,9,3
2021-03-03T23:59:59+01:00,4,5,2333,2349,5926,8372,5118,8805,4835,11752,5203,9645,2111,2468,3067,5133,3244,8469,1149,1145,3328,4559,2821,5303,2793,7446,3199,6203,1344,1559,1536,3091,1243,4584,65712,51260,3168,42,19950,0,0,9,2
2021-03-02T23:59:59+01:00,4,5,2279,2261,5765,8038,4961,8550,4674,11352,5043,9327,2045,2377,2763,4776,3027,8148,1144,1136,3310,4538,2806,5277,2776,7398,3191,6175,1339,1548,1518,3074,1240,4578,64367,51005,2909,42,18110,0,0,9,2
2021-03-01T23:59:59+01:00,4,5,2253,2234,5661,7822,4862,8405,4590,11200,4944,9153,1990,2300,2468,4454,2839,7833,1138,1133,3296,4520,2794,5248,2760,7352,3176,6147,1333,1545,1511,3065,1237,4574,63107,50786,2688,42,17213,0,0,9,2
2021-02-28T23:59:59+01:00,3,5,2201,2191,5483,7564,4686,8185,4455,11015,4837,9027,1953,2238,2175,4151,2637,7524,1129,1127,3281,4510,2787,5241,2754,7338,3169,6133,1328,1542,1504,3050,1236,4542,62004,50628,2385,42,15932,0,0,9,2
2021-02-27T23:59:59+01:00,3,5,2114,1882,5306,7139,4588,7873,4372,10667,4765,8777,1925,2177,2147,4106,2617,7470,1125,1124,3279,4509,2782,5239,2750,7335,3165,6130,1327,1542,1504,3049,1235,4542,61772,50597,2385,39,13767,0,0,9,2
2021-02-26T23:59:59+01:00,3,5,2057,1804,5160,6902,4442,7613,4221,10403,4556,8495,1796,2070,2086,4069,2511,7291,1104,1111,3262,4475,2770,5200,2737,7282,3143,6076,1321,1531,1500,3041,1234,4540,60451,50288,2379,38,12645,0,0,9,2
2021-02-25T23:59:59+01:00,3,5,1940,1705,4834,6499,4014,7153,3935,9889,4321,8114,1738,2012,2053,4008,2401,7097,1088,1096,3225,4433,2740,5148,2692,7176,3103,5983,1311,1515,1486,3002,1221,4481,59974,49663,2272,36,9466,0,0,9,2
2021-02-24T23:59:59+01:00,3,5,1911,1647,4717,6285,3909,6939,3813,9648,4197,7954,1716,1980,2021,3966,2289,6899,1075,1091,3198,4371,2704,5082,2667,7092,3074,5912,1295,1498,1461,2954,1209,4412,59431,49069,2026,25,8433,0,0,9,2
2021-02-23T23:59:59+01:00,3,5,1686,1500,4346,5797,3628,6545,3592,9269,4042,7669,1687,1949,1977,3919,2176,6716,1056,1080,3160,4343,2676,5025,2643,7016,3039,5853,1275,1478,1435,2919,1199,4362,58976,48547,1979,11,5542,0,0,9,2
2021-02-22T23:59:59+01:00,3,5,1677,1481,4296,5738,3592,6482,3528,9176,3981,7574,1655,1922,1950,3868,2059,6519,1052,1067,3139,4298,2656,4986,2618,6957,3010,5801,1263,1464,1426,2909,1191,4353,58434,48183,1837,6,5226,0,0,9,2
2021-02-21T23:59:59+01:00,3,5,1665,1477,4266,5705,3549,6444,3487,9121,3937,7523,1647,1915,1945,3859,1939,6357,1047,1056,3118,4260,2627,4936,2603,6889,2981,5715,1249,1448,1406,2849,1167,4276,58090,47620,1831,6,4914,0,0,9,2
2021-02-20T23:59:59+01:00,3,5,1664,1476,4261,5702,3547,6443,3487,9120,3936,7522,1642,1914,1943,3855,1938,6357,1047,1056,3116,4258,2627,4936,2602,6888,2981,5715,1249,1447,1405,2849,1167,4276,58076,47612,1831,6,4899,0,0,9,2
2021-02-19T23:59:59+01:00,3,5,1647,1469,4249,5682,3536,6429,3476,9110,3926,7507,1616,1885,1922,3836,1838,6178,1046,1055,3115,4257,2626,4935,2602,6886,2978,5713,1249,1447,1405,2848,1167,4276,57659,47598,1826,6,4822,0,0,7,2
2021-02-18T23:59:59+01:00,3,5,1603,1438,4153,5571,3465,6327,3388,8946,3842,7367,1594,1850,1888,3766,1708,5981,1000,1012,2976,4032,2501,4664,2491,6551,2872,5451,1218,1404,1374,2763,1141,4127,57014,45570,1736,6,4138,0,0,7,2
2021-02-17T23:59:59+01:00,3,4,1581,1409,4057,5421,3380,6177,3270,8710,3715,7167,1542,1782,1816,3665,1591,5676,943,962,2823,3810,2384,4352,2364,6141,2743,5139,1170,1344,1328,2656,1094,3965,55801,43210,1725,6,3433,0,0,7,2
2021-02-16T23:59:59+01:00,3,4,1507,1342,3896,5225,3243,5996,3162,8477,3593,7001,1518,1756,1781,3635,1478,5469,858,930,2692,3654,2285,4141,2238,5821,2612,4885,1115,1253,1183,2356,840,3353,55106,40211,1708,3,2267,0,0,5,2
2021-02-15T23:59:59+01:00,3,4,1492,1324,3851,5140,3185,5909,3105,8362,3526,6895,1507,1742,1766,3612,1470,5449,824,908,2611,3526,2209,3961,2155,5543,2524,4672,1072,1189,1097,2182,776,3138,54641,38385,1706,1,1990,0,0,5,1
2021-02-14T23:59:59+01:00,3,4,1426,1296,3766,5063,3142,5800,3049,8208,3482,6786,1487,1711,1713,3485,1415,5201,815,902,2562,3458,2170,3893,2102,5423,2458,4566,1046,1153,1013,2010,705,2904,54396,37178,1095,1,1541,0,0,5,1
2021-02-13T23:59:59+01:00,3,4,1424,1295,3758,5059,3135,5799,3046,8206,3479,6784,1486,1708,1713,3483,1413,5201,815,902,2562,3458,2170,3893,2101,5423,2457,4566,1044,1152,1013,2010,705,2904,54378,37175,1094,0,1519,0,0,5,0
2021-02-12T23:59:59+01:00,3,3,1391,1279,3720,5025,3113,5779,3024,8173,3460,6740,1470,1698,1703,3466,1404,5182,808,894,2529,3405,2136,3848,2071,5369,2439,4535,1043,1151,1012,2010,704,2902,54151,36856,1092,0,1385,0,0,5,0
2021-02-11T23:59:59+01:00,3,3,1344,1236,3607,4853,3022,5605,2926,7863,3360,6528,1410,1638,1636,3288,1320,4858,771,831,2275,2961,1910,3372,1841,4625,2168,4007,960,1082,926,1818,655,2633,53521,32835,128,0,848,0,0,3,0
2021-02-10T23:59:59+01:00,3,3,1323,1214,3548,4743,2956,5500,2884,7713,3307,6397,1393,1621,1609,3247,1307,4821,695,774,1983,2555,1700,2924,1602,4018,1911,3545,850,935,763,1447,527,2144,52872,28373,126,0,589,0,0,2,0
2021-02-09T23:59:59+01:00,3,2,1310,1196,3493,4674,2926,5431,2863,7617,3270,6329,1386,1608,1581,3226,1297,4808,647,697,1724,2200,1507,2535,1418,3519,1739,3181,819,901,742,1375,506,2032,52562,25542,121,0,335,0,0,2,0
2021-02-08T23:59:59+01:00,3,2,1296,1192,3464,4644,2906,5393,2842,7565,3251,6299,1376,1601,1572,3200,1295,4790,634,663,1573,1963,1366,2283,1284,3211,1579,2921,780,880,694,1269,474,1863,52262,23437,95,0,332,0,0,2,0
2021-02-07T23:59:59+01:00,3,2,1164,1149,3357,4588,2851,5350,2815,7526,3226,6261,1366,1585,1564,3178,1290,4758,487,517,1304,1607,1126,1833,1076,2622,1352,2401,674,754,612,1110,429,1648,51964,19552,67,0,0,0,0,2,0
2021-02-06T23:59:59+01:00,3,2,1160,1147,3355,4586,2847,5347,2808,7523,3222,6257,1364,1583,1563,3175,1289,4758,363,368,1104,1355,989,1529,932,2208,1186,1982,585,652,585,1093,426,1645,51920,17002,67,0,0,0,0,2,0
2021-02-05T23:59:59+01:00,3,1,1149,1137,3339,4565,2839,5320,2797,7478,3203,6211,1358,1575,1560,3168,1288,4758,261,206,920,1036,841,1157,757,1756,1008,1573,468,546,558,1073,423,1641,51680,14224,67,0,0,0,0,2,0
2021-02-04T23:59:59+01:00,3,1,1133,1120,3294,4518,2798,5245,2755,7346,3155,6126,1344,1560,1547,3136,1279,4731,133,81,615,662,550,735,515,1145,666,983,288,363,458,927,385,1490,51044,9996,45,0,0,0,0,2,0
2021-02-03T23:59:59+01:00,3,1,1111,1114,3266,4472,2769,5200,2733,7291,3124,6068,1334,1551,1523,3095,1273,4686,115,65,490,512,419,595,414,905,511,740,240,284,359,728,301,1161,50568,7839,44,0,0,0,0,2,0
2021-02-02T23:59:59+01:00,3,1,1090,1101,3227,4441,2739,5147,2707,7215,3090,6002,1311,1523,1490,3038,1247,4594,105,56,407,414,348,517,366,818,458,660,219,261,314,658,277,1043,49921,6921,43,0,0,0,0,2,0
2021-02-01T23:59:59+01:00,3,1,1074,1090,3206,4388,2708,5085,2675,7088,3060,5905,1291,1495,1466,3002,1231,4531,78,41,310,310,256,393,273,609,324,495,180,211,248,521,215,813,49254,5277,43,0,0,0,0,2,0
2021-01-31T23:59:59+01:00,3,1,1069,1080,3191,4359,2684,5041,2660,7033,3046,5862,1280,1478,1446,2937,1208,4453,68,40,285,286,231,346,252,568,294,456,161,193,208,426,174,657,48786,4645,43,0,0,0,0,2,0
2021-01-30T23:59:59+01:00,3,1,1069,1080,3188,4355,2683,5041,2659,7032,3046,5861,1280,1477,1445,2937,1208,4453,68,37,278,272,218,330,247,557,290,450,160,190,207,426,174,657,48776,4561,40,0,0,0,0,2,0
2021-01-29T23:59:59+01:00,3,1,1068,1079,3187,4352,2683,5039,2659,7030,3043,5859,1280,1477,1445,2936,1208,4453,64,33,260,258,195,310,231,540,279,442,155,188,203,420,173,655,48760,4406,40,0,0,0,0,2,0
2021-01-28T23:59:59+01:00,3,1,1048,1060,3120,4247,2629,4928,2602,6874,2976,5728,1266,1455,1432,2870,1186,4333,55,18,163,154,129,186,161,355,204,279,124,145,157,261,101,378,47719,2870,37,0,0,0,0,2,0
2021-01-27T23:59:59+01:00,3,1,1003,1022,3034,4103,2548,4749,2507,6592,2892,5527,1236,1413,1396,2781,1153,4193,26,7,98,71,58,91,82,207,114,146,94,113,113,193,76,270,46124,1759,27,0,0,0,0,2,0
2021-01-26T23:59:59+01:00,2,1,926,993,2918,3968,2469,4564,2425,6412,2821,5372,1210,1364,1305,2628,939,3794,26,7,93,70,57,90,80,207,112,145,92,112,113,193,76,270,44093,1743,16,0,0,0,0,2,0
2021-01-25T23:59:59+01:00,2,1,911,976,2839,3839,2423,4416,2364,6216,2762,5221,1192,1342,1291,2603,929,3761,26,7,92,70,55,90,80,207,112,143,92,112,113,193,76,270,43076,1738,11,0,0,0,0,1,0
2021-01-24T23:59:59+01:00,2,1,901,972,2819,3824,2413,4384,2338,6177,2729,5161,1180,1336,1282,2581,916,3727,26,7,92,70,55,90,80,207,112,143,91,112,113,193,76,270,42734,1737,8,0,0,0,0,1,0
2021-01-23T23:59:59+01:00,2,1,901,972,2819,3823,2413,4384,2338,6177,2728,5161,1178,1335,1282,2581,916,3727,26,7,92,70,55,90,80,207,112,143,91,112,113,193,76,269,42731,1736,7,0,0,0,0,0,0
2021-01-22T23:59:59+01:00,2,1,895,965,2787,3777,2379,4319,2307,6102,2707,5114,1177,1334,1281,2580,915,3724,26,7,92,70,55,90,80,207,112,143,91,112,113,193,76,269,42359,1736,7,0,0,0,0,0,0
2021-01-21T23:59:59+01:00,2,1,880,897,2529,3361,2178,3903,2127,5494,2483,4628,1125,1286,1237,2459,885,3572,22,7,81,64,51,73,67,167,92,132,81,97,96,143,64,208,39040,1445,7,0,0,0,0,0,0
2021-01-20T23:59:59+01:00,2,1,805,835,2217,2957,1971,3437,1895,4885,2227,4151,1013,1147,1079,2113,772,3109,22,7,81,64,51,72,67,167,92,132,81,97,96,143,64,208,34609,1444,7,0,0,0,0,0,0
2021-01-19T23:59:59+01:00,2,1,745,757,1928,2514,1729,2976,1660,4228,1984,3679,940,1052,959,1840,675,2760,11,3,48,45,32,44,34,98,43,76,36,37,46,75,39,133,30423,800,6,0,0,0,0,0,0
2021-01-18T23:59:59+01:00,2,1,675,701,1699,2116,1491,2499,1411,3542,1727,3172,859,967,860,1634,623,2490,5,2,18,11,13,20,17,53,17,33,19,22,25,53,28,75,26466,411,3,0,0,0,0,0,0
2021-01-17T23:59:59+01:00,1,1,495,542,1382,1713,1210,1966,1155,2806,1449,2550,720,815,713,1355,513,2122,0,1,3,2,0,0,0,0,0,0,0,0,0,0,0,0,21506,6,2,0,0,0,0,0,0
2021-01-16T23:59:59+01:00,1,0,372,394,1200,1466,1090,1679,1014,2406,1292,2143,633,717,685,1339,511,2121,0,0,0,0,0,0,0,0,0,0,0,0,0,0,0,0,19062,0,1,0,0,0,0,0,0
2021-01-15T23:59:59+01:00,1,0,266,231,1016,1163,942,1332,845,1958,1112,1742,516,607,647,1306,500,2081,0,0,0,0,0,0,0,0,0,0,0,0,0,0,0,0,16264,0,1,0,0,0,0,0,0
2021-01-14T23:59:59+01:00,0,0,151,101,700,775,650,861,609,1300,748,1125,331,420,538,1124,450,1857,0,0,0,0,0,0,0,0,0,0,0,0,0,0,0,0,11740,0,0,0,0,0,0,0,0
2021-01-13T23:59:59+01:00,0,0,127,80,589,606,526,693,492,1044,591,860,278,346,452,957,393,1589,0,0,0,0,0,0,0,0,0,0,0,0,0,0,0,0,9623,0,0,0,0,0,0,0,0
2021-01-12T23:59:59+01:00,0,0,116,65,508,519,448,594,429,918,520,758,244,297,369,765,327,1241,0,0,0,0,0,0,0,0,0,0,0,0,0,0,0,0,8118,0,0,0,0,0,0,0,0
2021-01-11T23:59:59+01:00,0,0,87,52,415,421,364,484,343,741,413,585,210,246,309,636,268,1044,0,0,0,0,0,0,0,0,0,0,0,0,0,0,0,0,6618,0,0,0,0,0,0,0,0
2021-01-10T23:59:59+01:00,0,0,73,45,351,348,298,403,287,644,343,518,185,218,249,505,211,814,0,0,0,0,0,0,0,0,0,0,0,0,0,0,0,0,5492,0,0,0,0,0,0,0,0
2021-01-09T23:59:59+01:00,0,0,73,43,336,328,274,381,279,628,335,511,184,217,248,503,211,814,0,0,0,0,0,0,0,0,0,0,0,0,0,0,0,0,5365,0,0,0,0,0,0,0,0
2021-01-08T23:59:59+01:00,0,0,69,37,302,296,228,340,252,587,308,474,167,199,223,445,191,717,0,0,0,0,0,0,0,0,0,0,0,0,0,0,0,0,4835,0,0,0,0,0,0,0,0
2021-01-07T23:59:59+01:00,0,0,58,25,212,198,159,241,193,420,237,338,138,160,169,288,120,446,0,0,0,0,0,0,0,0,0,0,0,0,0,0,0,0,3402,0,0,0,0,0,0,0,0
2021-01-06T23:59:59+01:00,0,0,47,16,162,120,113,160,143,293,174,238,108,128,128,222,81,313,0,0,0,0,0,0,0,0,0,0,0,0,0,0,0,0,2446,0,0,0,0,0,0,0,0
2021-01-05T23:59:59+01:00,0,0,29,8,96,72,58,93,85,211,113,148,98,118,119,204,80,291,0,0,0,0,0,0,0,0,0,0,0,0,0,0,0,0,1823,0,0,0,0,0,0,0,0
2021-01-04T23:59:59+01:00,0,0,27,8,96,71,55,91,85,211,113,146,98,117,119,204,80,291,0,0,0,0,0,0,0,0,0,0,0,0,0,0,0,0,1812,0,0,0,0,0,0,0,0
2021-01-03T23:59:59+01:00,0,0,27,8,96,71,55,91,85,211,113,146,97,117,119,204,80,291,0,0,0,0,0,0,0,0,0,0,0,0,0,0,0,0,1811,0,0,0,0,0,0,0,0
2021-01-02T23:59:59+01:00,0,0,27,8,96,71,55,91,85,211,112,146,97,117,119,204,80,290,0,0,0,0,0,0,0,0,0,0,0,0,0,0,0,0,1809,0,0,0,0,0,0,0,0
2021-01-01T23:59:59+01:00,0,0,27,8,96,71,55,91,85,211,112,145,97,117,119,204,80,290,0,0,0,0,0,0,0,0,0,0,0,0,0,0,0,0,1808,0,0,0,0,0,0,0,0
2020-12-31T23:59:59+01:00,0,0,27,8,96,71,55,91,85,211,111,145,97,117,119,204,80,290,0,0,0,0,0,0,0,0,0,0,0,0,0,0,0,0,1807,0,0,0,0,0,0,0,0
2020-12-30T23:59:59+01:00,0,0,27,8,96,71,54,91,85,211,111,145,97,117,119,204,80,290,0,0,0,0,0,0,0,0,0,0,0,0,0,0,0,0,1806,0,0,0,0,0,0,0,0
2020-12-29T23:59:59+01:00,0,0,15,2,64,53,32,61,50,138,64,88,47,51,66,119,51,195,0,0,0,0,0,0,0,0,0,0,0,0,0,0,0,0,1096,0,0,0,0,0,0,0,0
2020-12-28T23:59:59+01:00,0,0,5,2,36,26,19,30,21,67,25,41,20,22,26,47,28,74,0,0,0,0,0,0,0,0,0,0,0,0,0,0,0,0,489,0,0,0,0,0,0,0,0
2020-12-27T23:59:59+01:00,0,0,0,0,7,5,7,2,1,5,0,2,0,1,2,2,4,6,0,0,0,0,0,0,0,0,0,0,0,0,0,0,0,0,44,0,0,0,0,0,0,0,0
