Datum,<15_m,<15_w,15-24_1_m,15-24_1_w,25-34_1_m,25-34_1_w,35-44_1_m,35-44_1_w,45-54_1_m,45-54_1_w,55-64_1_m,55-64_1_w,65-74_1_m,65-74_1_w,75-84_1_m,75-84_1_w,>84_1_m,>84_1_w,<24_2_m,<24_2_w,25-34_2_m,25-34_2_w,35-44_2_m,35-44_2_w,45-54_2_m,45-54_2_w,55-64_2_m,55-64_2_w,65-74_2_m,65-74_2_w,75-84_2_m,75-84_2_w,>84_2_m,>84_2_w,bp_1,bp_2,mo_1,mo_2,az_1,az_2,ja,unb_1,unb_2
2021-09-20T23:59:59+02:00,9436,9118,63762,63685,106168,103774,97360,97095,94239,99717,93567,95515,56072,69678,44099,61134,10694,21633,56938,56964,99600,96411,91694,90280,89490,94215,89734,91562,54269,67405,42883,59188,10283,20649,812901,762284,135032,129111,159088,144930,89631,156,148
2021-09-19T23:59:59+02:00,9386,9076,63494,63525,105946,103584,97218,96930,94106,99618,93469,95441,56043,69630,44090,61111,10691,21626,56712,56784,99379,96243,91523,90123,89318,94052,89625,91486,54231,67352,42866,59157,10282,20639,811619,761173,134950,129011,159085,144668,89236,156,148
2021-09-18T23:59:59+02:00,9356,9032,63408,63426,105840,103497,97113,96853,94042,99549,93439,95414,56035,69621,44086,61106,10689,21625,56598,56663,99279,96147,91406,90043,89248,93988,89591,91457,54221,67347,42859,59154,10280,20634,811089,760549,134864,128948,159083,144656,89001,156,148
2021-09-17T23:59:59+02:00,9279,8947,63229,63271,105665,103346,96943,96701,93909,99452,93366,95336,56019,69593,44075,61100,10683,21619,56402,56439,99106,96002,91261,89931,89137,93885,89515,91393,54206,67320,42851,59146,10280,20631,810004,759489,134780,128859,159079,144640,88576,156,148
2021-09-16T23:59:59+02:00,9192,8841,62965,62989,105401,103100,96715,96470,93726,99277,93267,95246,55967,69538,44062,61073,10676,21606,56163,56184,98853,95781,91075,89729,88964,93730,89414,91308,54159,67270,42829,59125,10273,20619,808265,758052,134693,128718,159070,144579,87989,156,148
2021-09-15T23:59:59+02:00,9122,8788,62629,62708,105204,102889,96508,96278,93591,99120,93164,95160,55930,69482,44021,61039,10671,21580,56006,56038,98666,95624,90906,89575,88858,93617,89314,91247,54125,67225,42803,59088,10268,20602,806536,757036,134639,128601,159066,144543,87548,156,148
2021-09-14T23:59:59+02:00,9079,8735,62351,62510,104980,102680,96320,96098,93460,98980,93049,95078,55885,69427,43997,61001,10665,21564,55818,55865,98493,95443,90746,89413,88729,93508,89231,91177,54089,67185,42781,59062,10263,20587,805038,756026,134570,128509,159057,144447,87099,156,148
2021-09-13T23:59:59+02:00,9045,8702,62064,62255,104753,102460,96149,95930,93317,98845,92964,94981,55835,69373,43980,60969,10658,21552,55618,55694,98307,95257,90596,89263,88602,93401,89145,91103,54053,67139,42761,59033,10257,20570,803549,754967,134486,128396,159047,144404,86655,156,148
2021-09-12T23:59:59+02:00,8994,8654,61766,62020,104515,102218,95944,95708,93158,98715,92869,94900,55785,69325,43965,60938,10653,21541,55424,55539,98072,95048,90434,89101,88468,93284,89050,91028,54011,67085,42740,59004,10252,20552,802062,753968,134389,128270,159043,144332,86078,156,148
2021-09-11T23:59:59+02:00,8946,8620,61646,61892,104377,102103,95842,95599,93072,98637,92830,94869,55770,69311,43960,60926,10653,21540,55279,55448,97926,94946,90333,89004,88368,93218,89015,91002,54001,67066,42736,58994,10252,20551,801396,753384,134331,128193,159042,144313,85728,156,148
2021-09-10T23:59:59+02:00,8849,8510,61413,61631,104184,101899,95672,95410,92929,98511,92736,94798,55738,69283,43946,60908,10653,21538,55044,55247,97736,94761,90147,88821,88233,93091,88930,90932,53979,67045,42723,58975,10252,20547,800035,752243,134268,128078,159040,144297,85169,156,148
2021-09-09T23:59:59+02:00,8753,8413,61116,61378,103921,101596,95449,95121,92755,98293,92600,94685,55700,69221,43925,60878,10643,21517,54799,55035,97496,94518,89934,88593,88075,92937,88793,90844,53934,66998,42702,58944,10246,20541,798149,750869,134165,127898,159038,144224,84516,156,148
2021-09-08T23:59:59+02:00,8698,8365,60915,61160,103725,101364,95266,94902,92598,98131,92486,94558,55665,69155,43890,60838,10630,21493,54652,54885,97323,94318,89783,88405,87920,92796,88671,90736,53893,66935,42664,58901,10234,20504,796740,749875,134058,127750,159028,144138,83917,156,148
2021-09-07T23:59:59+02:00,8647,8316,60697,60953,103503,101135,95077,94716,92457,97992,92386,94485,55631,69105,43861,60783,10620,21470,54468,54721,97104,94125,89598,88241,87795,92690,88575,90647,53851,66887,42637,58870,10228,20486,795297,748805,133955,127625,159024,144011,83462,156,148
2021-09-06T23:59:59+02:00,8609,8275,60501,60793,103312,100971,94947,94560,92345,97867,92303,94414,55578,69046,43840,60755,10613,21437,54307,54554,96919,93965,89438,88082,87668,92565,88479,90566,53800,66840,42616,58825,10218,20461,794123,747723,133865,127486,159013,143927,83069,156,148
2021-09-05T23:59:59+02:00,8555,8226,60299,60599,103162,100794,94803,94398,92224,97754,92227,94344,55552,69004,43829,60734,10608,21429,54107,54361,96733,93770,89252,87925,87530,92442,88397,90480,53748,66788,42597,58802,10212,20443,792980,746575,133793,127313,159010,143833,82662,156,148
2021-09-04T23:59:59+02:00,8504,8197,60191,60495,103078,100697,94704,94315,92170,97690,92193,94318,55543,68993,43823,60724,10608,21428,53985,54250,96618,93644,89137,87826,87462,92364,88350,90447,53734,66777,42590,58791,10212,20442,792409,745931,133743,127191,159005,143815,82418,156,148
2021-09-03T23:59:59+02:00,8427,8125,60010,60321,102911,100550,94560,94178,92068,97575,92121,94267,55516,68967,43815,60710,10606,21422,53779,54070,96422,93435,88945,87631,87318,92188,88254,90367,53702,66745,42579,58772,10208,20439,791346,744689,133692,126960,158997,143779,82018,156,148
2021-09-02T23:59:59+02:00,8313,8042,59776,60088,102671,100322,94374,93963,91886,97420,92006,94171,55471,68909,43792,60675,10600,21400,53520,53819,96139,93167,88712,87361,87097,91985,88113,90251,53657,66664,42548,58721,10198,20403,789778,743071,133586,126605,158985,143661,81433,156,148
2021-09-01T23:59:59+02:00,8251,7962,59571,59880,102487,100154,94225,93809,91768,97292,91904,94098,55428,68859,43774,60652,10592,21381,53267,53608,95918,92954,88522,87143,86922,91823,87974,90143,53592,66578,42510,58677,10188,20383,788542,741646,133515,126349,158969,143542,80964,156,145
2021-08-31T23:59:59+02:00,8173,7888,59368,59654,102308,99981,94056,93658,91651,97180,91782,94017,55382,68808,43748,60612,10582,21365,53019,53364,95664,92715,88309,86910,86767,91663,87815,90037,53545,66501,42477,58621,10180,20362,787234,740151,133437,126044,158956,143432,80489,156,145
2021-08-30T23:59:59+02:00,8077,7811,59173,59477,102142,99844,93943,93529,91536,97078,91717,93941,55348,68781,43731,60578,10577,21349,52782,53179,95424,92485,88107,86680,86591,91520,87689,89914,53490,66423,42437,58557,10163,20333,786150,738742,133382,125728,158949,143283,80053,156,145
2021-08-29T23:59:59+02:00,8001,7736,58897,59238,101911,99652,93763,93359,91395,96959,91630,93852,55303,68731,43707,60548,10575,21339,52432,52878,95115,92203,87823,86422,86357,91328,87535,89790,53421,66348,42407,58517,10156,20316,784808,736872,133294,125396,158935,143139,79461,156,145
2021-08-28T23:59:59+02:00,7944,7672,58764,59128,101805,99545,93661,93276,91311,96883,91585,93823,55289,68718,43699,60543,10574,21337,52257,52733,94959,92074,87688,86314,86248,91240,87466,89747,53404,66327,42398,58509,10154,20315,784196,736064,133257,125295,158931,143114,79075,156,145
2021-08-27T23:59:59+02:00,7879,7587,58577,58944,101641,99385,93524,93152,91204,96778,91496,93767,55266,68689,43690,60526,10573,21332,52009,52495,94671,91802,87470,86112,86077,91087,87356,89647,53362,66291,42384,58484,10149,20312,783237,734506,133194,125096,158887,143077,78594,156,145
2021-08-26T23:59:59+02:00,7793,7489,58348,58703,101424,99167,93310,92930,91023,96601,91391,93669,55218,68627,43656,60498,10567,21320,51676,52218,94315,91456,87140,85802,85834,90834,87200,89517,53302,66202,42337,58441,10142,20300,781799,732623,133097,124697,158862,142944,77878,156,144
2021-08-25T23:59:59+02:00,7722,7400,58131,58519,101258,99032,93160,92748,90908,96479,91284,93593,55179,68580,43622,60454,10563,21296,51384,51975,94019,91205,86917,85557,85636,90645,87067,89391,53234,66117,42288,58372,10137,20268,780636,730923,133018,124385,158852,142875,77323,156,143
2021-08-24T23:59:59+02:00,7673,7350,57919,58310,101081,98864,92998,92587,90800,96358,91200,93523,55141,68525,43596,60411,10556,21271,51071,51721,93680,90921,86623,85301,85434,90456,86916,89233,53149,66024,42239,58305,10128,20245,779530,729124,132927,124084,158846,142658,76761,156,143
2021-08-23T23:59:59+02:00,7618,7299,57723,58115,100914,98711,92870,92433,90706,96273,91126,93439,55106,68482,43567,60385,10552,21253,50756,51457,93342,90650,86375,85030,85240,90290,86785,89110,53072,65931,42203,58255,10121,20227,778420,727259,132856,123802,158836,142480,76361,156,142
2021-08-22T23:59:59+02:00,7551,7242,57532,57935,100722,98558,92712,92302,90610,96156,91048,93374,55072,68437,43553,60361,10546,21239,50391,51108,92945,90254,86067,84733,85003,90059,86616,88987,52996,65827,42167,58192,10107,20195,777424,724938,132757,123494,158824,142265,75846,156,140
2021-08-21T23:59:59+02:00,7498,7204,57401,57812,100590,98454,92608,92199,90511,96096,90992,93339,55051,68416,43545,60344,10544,21236,50063,50807,92783,90109,85897,84577,84855,89936,86531,88925,52964,65804,42157,58177,10106,20189,776753,723429,132682,123263,158823,142224,75483,156,140
2021-08-20T23:59:59+02:00,7447,7151,57244,57642,100420,98301,92455,92063,90394,95974,90918,93279,55029,68393,43535,60327,10542,21231,49741,50479,92522,89847,85634,84337,84638,89733,86400,88815,52932,65763,42134,58153,10099,20182,775802,721498,132634,123055,158818,142157,74992,156,140
2021-08-19T23:59:59+02:00,7379,7091,57007,57415,100164,98077,92257,91879,90234,95814,90795,93178,54987,68335,43510,60296,10535,21217,49304,50049,92106,89457,85232,83936,84330,89423,86186,88631,52861,65657,42096,58093,10089,20164,774489,718842,132507,122612,158812,141952,74263,156,139
2021-08-18T23:59:59+02:00,7317,7036,56829,57257,99986,97908,92114,91723,90097,95691,90693,93083,54919,68272,43481,60250,10525,21197,48962,49693,91733,89138,84915,83608,84051,89169,85997,88460,52745,65540,42026,58001,10074,20134,773357,716480,132422,122220,158805,141713,73695,156,139
2021-08-17T23:59:59+02:00,7255,6985,56648,57105,99794,97733,91953,91577,89975,95561,90597,92991,54882,68224,43456,60223,10523,21182,48478,49284,91287,88714,84513,83253,83721,88878,85793,88259,52642,65415,41968,57926,10068,20110,772259,713490,132320,121813,158792,141423,73194,156,139
2021-08-16T23:59:59+02:00,7195,6918,56468,56937,99604,97560,91806,91423,89837,95446,90484,92894,54831,68163,43427,60173,10515,21168,47925,48723,90824,88276,84044,82860,83393,88586,85565,88057,52538,65300,41910,57848,10059,20074,771110,710018,132229,121366,158785,141193,72626,156,139
2021-08-15T23:59:59+02:00,7130,6870,56250,56753,99424,97376,91651,91288,89711,95340,90394,92834,54793,68122,43407,60143,10511,21161,46813,47621,90184,87589,83491,82328,82998,88200,85279,87850,52431,65177,41868,57789,10050,20054,770054,704286,132117,120738,158776,141013,72112,156,138
2021-08-14T23:59:59+02:00,7099,6838,56130,56663,99282,97277,91548,91211,89624,95272,90343,92789,54778,68106,43402,60136,10510,21160,46665,47480,89958,87412,83276,82120,82874,88102,85210,87806,52403,65146,41859,57778,10049,20052,769531,703484,132060,120415,158772,140961,71706,156,138
2021-08-13T23:59:59+02:00,7055,6792,55977,56539,99129,97153,91421,91075,89522,95158,90264,92726,54748,68056,43388,60113,10508,21154,46365,47171,89492,87019,82882,81746,82611,87866,85045,87668,52359,65078,41838,57754,10046,20041,768718,701292,132003,119868,158765,140883,71195,154,138
2021-08-12T23:59:59+02:00,7020,6741,55774,56381,98927,96977,91248,90912,89377,95017,90170,92646,54710,68003,43362,60079,10500,21137,45959,46786,88866,86455,82307,81197,82233,87544,84816,87493,52285,64977,41787,57695,10036,20023,767675,698377,131897,119035,158752,140632,70560,154,137
2021-08-11T23:59:59+02:00,6985,6686,55586,56214,98725,96800,91095,90775,89245,94904,90061,92543,54658,67944,43331,60040,10490,21122,45548,46334,88260,85803,81734,80688,81900,87240,84550,87253,52197,64836,41715,57570,10017,19972,766564,695231,131801,118093,158728,140301,70016,152,136
2021-08-10T23:59:59+02:00,6923,6639,55404,56057,98520,96658,90936,90625,89118,94792,89976,92467,54613,67897,43315,60001,10486,21109,45122,45873,87616,85187,81133,80149,81493,86859,84304,87039,52075,64729,41657,57485,10003,19941,765525,691924,131707,117147,158709,139989,69500,152,136
2021-08-09T23:59:59+02:00,6872,6581,55235,55892,98331,96507,90790,90488,88982,94696,89865,92405,54573,67846,43289,59968,10478,21093,44568,45323,86788,84508,80446,79564,81080,86511,84010,86816,51963,64594,41599,57385,9989,19896,764532,688125,131634,116086,158698,139641,68932,152,135
2021-08-08T23:59:59+02:00,6803,6513,55011,55706,98133,96326,90617,90323,88844,94580,89770,92329,54519,67798,43263,59932,10471,21072,43968,44720,85738,83581,79554,78755,80542,86036,83686,86518,51830,64441,41536,57294,9977,19870,763342,683066,131520,114906,158677,139331,68375,152,135
2021-08-07T23:59:59+02:00,6758,6463,54871,55582,97996,96213,90486,90221,88751,94522,89708,92289,54500,67772,43259,59922,10468,21067,43139,43852,85408,83253,79083,78312,80186,85686,83503,86374,51767,64358,41515,57258,9972,19861,762680,679398,131456,113761,158673,139225,67943,152,134
2021-08-06T23:59:59+02:00,6703,6413,54681,55438,97768,96035,90336,90092,88626,94405,89610,92217,54460,67744,43250,59896,10465,21063,42224,42974,84950,82798,78492,77758,79795,85302,83310,86227,51715,64294,41488,57225,9964,19847,761730,675467,131360,112480,158666,139088,67350,152,134
2021-08-05T23:59:59+02:00,6638,6342,54367,55194,97475,95767,90084,89876,88411,94217,89439,92083,54394,67654,43220,59843,10456,21044,41000,41828,84225,82130,77719,76962,79197,84736,82950,85923,51584,64134,41427,57124,9949,19815,760091,669935,131234,110857,158653,138543,66430,152,133
2021-08-04T23:59:59+02:00,6557,6291,54132,55013,97235,95559,89914,89710,88269,94075,89322,91984,54341,67602,43183,59796,10452,21034,40536,41346,83028,81086,76393,75816,78706,84287,82631,85674,51444,63996,41368,57037,9933,19789,758814,664769,131126,109353,158639,138087,65794,152,133
2021-08-03T23:59:59+02:00,6492,6227,53875,54818,97004,95370,89743,89549,88128,93930,89176,91863,54261,67521,43146,59737,10444,21026,40099,40936,81781,79950,74970,74622,78100,83718,82088,85183,51230,63792,41267,56881,9920,19753,757449,658967,131021,107651,158615,137380,65129,152,133
2021-08-02T23:59:59+02:00,6430,6164,53637,54618,96748,95151,89526,89374,87963,93786,89035,91749,54179,67451,43112,59686,10441,21006,39635,40466,80473,78845,73418,73410,77475,83149,81543,84700,51061,63589,41190,56761,9903,19718,756033,652933,130872,105886,158593,136780,64463,151,131
2021-08-01T23:59:59+02:00,6366,6077,53368,54354,96485,94882,89292,89200,87757,93643,88872,91639,54115,67366,43075,59633,10434,20999,39118,39975,79178,77759,72013,72305,76584,82392,80958,84233,50874,63349,41102,56655,9892,19694,754435,646756,130680,103980,158569,136170,63777,150,128
2021-07-31T23:59:59+02:00,6330,6038,53250,54264,96368,94788,89192,89134,87666,93572,88828,91603,54104,67356,43069,59629,10434,20998,38172,38968,78734,77316,71479,71752,76203,82065,80842,84136,50855,63316,41086,56643,9892,19691,753959,642111,130515,103108,158567,136075,63486,150,128
2021-07-30T23:59:59+02:00,6277,6003,53080,54122,96212,94614,89039,88985,87534,93458,88744,91533,54067,67325,43056,59611,10432,20996,37175,37923,78044,76674,70731,71017,75689,81537,80440,83811,50781,63227,41053,56583,9886,19679,753074,635958,130197,101975,158564,135867,63157,150,128
2021-07-29T23:59:59+02:00,6226,5944,52847,53942,95959,94391,88826,88777,87366,93284,88603,91405,54007,67261,43033,59573,10424,20974,35933,36706,76998,75798,69677,70058,74886,80784,79900,83381,50648,63064,40986,56488,9868,19652,751840,628212,129720,100422,158548,135309,62639,149,128
2021-07-28T23:59:59+02:00,6188,5891,52650,53778,95757,94187,88675,88593,87249,93145,88493,91309,53949,67187,43000,59525,10414,20943,35328,36125,75839,74825,68400,68949,74127,80067,79406,82928,50509,62863,40916,56385,9852,19613,750677,621909,129272,99009,158530,134521,62359,149,126
2021-07-27T23:59:59+02:00,6139,5850,52418,53556,95494,93980,88498,88409,87092,92994,88371,91213,53896,67111,42956,59461,10399,20894,34677,35392,74389,73591,66950,67733,73264,79217,78860,82414,50336,62651,40836,56264,9827,19570,749276,614675,128847,97555,158504,133284,62009,149,125
2021-07-26T23:59:59+02:00,6082,5798,52204,53353,95248,93787,88303,88245,86934,92856,88241,91112,53836,67032,42927,59407,10392,20872,33921,34591,72876,72254,65588,66493,72217,78231,78270,81884,50163,62436,40758,56117,9805,19525,747945,606650,128422,96027,158487,132211,61680,149,125
2021-07-25T23:59:59+02:00,6044,5756,52003,53160,94994,93557,88132,88057,86776,92725,88134,91016,53785,66969,42899,59363,10382,20836,33217,33846,71531,71050,64472,65468,71215,77322,77797,81436,50044,62252,40693,56030,9799,19491,746573,599699,128144,94455,158465,131418,61311,149,125
2021-07-24T23:59:59+02:00,5956,5698,51730,52867,94690,93246,87882,87837,86598,92568,88034,90937,53755,66935,42887,59340,10382,20830,32731,33371,70677,70362,63801,64906,70337,76622,77592,81285,49990,62209,40671,56005,9799,19489,744700,595329,128089,93524,158463,131292,60824,149,125
2021-07-23T23:59:59+02:00,5903,5642,51460,52596,94300,92966,87591,87622,86418,92387,87899,90842,53722,66887,42879,59322,10379,20824,32225,32753,69623,69514,63017,64241,69432,75772,77190,80958,49915,62111,40639,55966,9792,19475,742674,589772,128016,92363,158456,131115,60397,149,125
2021-07-22T23:59:59+02:00,5832,5578,51048,52197,93846,92528,87205,87285,86112,92088,87681,90659,53637,66792,42850,59261,10370,20798,31517,32036,68292,68501,61951,63321,67773,74384,76535,80447,49759,61904,40548,55848,9771,19435,739654,583156,127781,89602,158431,130346,59806,148,124
2021-07-21T23:59:59+02:00,5780,5527,50686,51821,93415,92119,86901,86982,85854,91843,87511,90473,53553,66708,42792,59194,10359,20769,30921,31401,66956,67458,60866,62425,65729,72696,75628,79704,49470,61594,40387,55660,9747,19378,736873,576875,127541,85295,158404,129257,59373,148,124
2021-07-20T23:59:59+02:00,5722,5464,50300,51434,92955,91652,86537,86661,85588,91588,87291,90277,53461,66573,42745,59134,10352,20744,30269,30773,65498,66280,59726,61467,64543,71636,75017,79148,49262,61360,40281,55502,9723,19316,733936,569846,127318,83633,158348,128230,58780,148,124
2021-07-19T23:59:59+02:00,5644,5390,49835,50982,92483,91182,86172,86332,85338,91374,87083,90101,53368,66453,42709,59055,10334,20708,29726,30203,64339,65225,58801,60600,63388,70594,74418,78631,49088,61163,40189,55356,9694,19271,730684,564051,127093,81830,158312,127038,58358,148,124
2021-07-18T23:59:59+02:00,5575,5321,49009,50170,91426,90150,85447,85721,84860,90948,86789,89808,53261,66305,42646,58958,10324,20677,29178,29626,63169,64156,57872,59687,62208,69566,73868,78129,48941,61001,40131,55273,9682,19243,724276,558227,126757,79808,158295,126233,57971,148,123
2021-07-17T23:59:59+02:00,5401,5135,48659,49841,91282,90016,85251,85562,84703,90811,86680,89724,53239,66278,42635,58946,10323,20674,28800,29258,62531,63563,57323,59263,61450,68829,73563,77888,48831,60884,40091,55214,9672,19232,723098,555242,126579,78840,158288,125614,57098,148,123
2021-07-16T23:59:59+02:00,5302,5044,48341,49558,91018,89795,85004,85358,84500,90625,86542,89616,53197,66246,42617,58932,10320,20669,28311,28769,61602,62657,56476,58576,60395,67793,73061,77469,48668,60696,40044,55146,9667,19223,721718,550310,126411,77515,158277,124879,56182,147,123
2021-07-15T23:59:59+02:00,5165,4912,47865,49151,90630,89422,84647,84978,84200,90349,86321,89445,53117,66156,42562,58863,10310,20642,27583,28156,60292,61608,55357,57592,58993,66477,72329,76881,48440,60435,39954,55015,9651,19168,719268,544528,125990,75318,158242,123219,55126,146,123
2021-07-14T23:59:59+02:00,5060,4799,47517,48774,90327,89129,84361,84666,83949,90108,86118,89290,53028,66049,42504,58774,10293,20610,27063,27613,59201,60616,54388,56747,58116,65633,71718,76298,48172,60156,39847,54841,9629,19124,717103,539121,125628,74403,158193,121532,54324,145,123
2021-07-13T23:59:59+02:00,4947,4683,47116,48395,89935,88772,84054,84360,83682,89849,85911,89125,52920,65945,42450,58708,10287,20589,26417,26960,57832,59433,53194,55759,57123,64719,70995,75662,47896,59833,39716,54663,9597,19071,714759,532801,125258,73302,158134,119490,53469,144,122
2021-07-12T23:59:59+02:00,4777,4514,46579,47886,89539,88433,83661,84042,83436,89592,85723,88967,52838,65847,42401,58643,10275,20574,25797,26311,56325,58082,51902,54696,55895,63576,70251,75043,47522,59403,39540,54441,9556,19006,712073,525519,124886,72271,158071,117143,52589,144,122
2021-07-11T23:59:59+02:00,4382,4142,45634,46969,89114,88002,83245,83655,83127,89302,85528,88820,52752,65756,42376,58587,10264,20557,25200,25747,54951,56823,50605,53651,54850,62540,69659,74493,47176,59020,39415,54266,9531,18964,708128,518895,124415,71263,158031,115356,51533,141,122
2021-07-10T23:59:59+02:00,4370,4127,45304,46632,88659,87522,82909,83343,83025,89204,85460,88762,52731,65733,42367,58573,10263,20553,24715,25220,53869,55886,49746,53069,54252,61971,69442,74304,46805,58601,39315,54161,9526,18953,707459,514596,123949,71179,157854,114034,50171,140,122
2021-07-09T23:59:59+02:00,4351,4114,44884,46197,88050,86969,82529,83002,82773,89018,85344,88671,52696,65703,42360,58559,10259,20544,24018,24450,52552,54650,48808,52189,53473,61118,69020,73903,46444,58192,39228,54071,9518,18941,706051,508426,123370,70775,157686,112687,48812,140,121
2021-07-08T23:59:59+02:00,4323,4088,44335,45714,87192,86266,82004,82492,82519,88776,85149,88516,52629,65636,42328,58513,10248,20528,23045,23532,50618,53089,47432,51036,52329,59992,68331,73264,45926,57632,39091,53907,9490,18872,703941,500715,122484,69500,157393,110149,47322,139,121
2021-07-07T23:59:59+02:00,4299,4060,43765,45141,86367,85502,81461,82015,82234,88480,84944,88352,52551,65535,42286,58450,10241,20508,22181,22643,48672,51411,45917,49899,51091,58809,67630,72727,45190,56888,38896,53669,9458,18814,701454,492570,121488,68384,157138,107044,45974,137,119
2021-07-06T23:59:59+02:00,4267,4040,43221,44624,85520,84770,80851,81426,81864,88148,84770,88178,52462,65454,42248,58387,10232,20483,21351,21791,46691,49625,44531,48645,49818,57474,66885,72007,44359,56113,38710,53429,9440,18758,698823,483624,120466,67303,156839,104077,44681,136,119
2021-07-05T23:59:59+02:00,4243,4002,42079,43650,84026,83681,80118,80809,81407,87727,84496,87915,52346,65317,42199,58309,10218,20455,20177,20747,44740,48029,43505,47680,48786,56510,66187,71388,43598,55251,38537,53204,9416,18719,695522,477635,119405,66434,156475,100981,41459,136,119
2021-07-04T23:59:59+02:00,4216,3980,40728,42457,82389,82361,79398,80197,80934,87301,84225,87715,52252,65190,42153,58257,10205,20426,18816,19525,42936,46489,42779,46893,47939,55597,65574,70807,42850,54393,38370,53004,9396,18671,692428,472690,118250,65501,156049,98352,37521,136,119
2021-07-03T23:59:59+02:00,3752,3565,39169,40928,81529,81707,78912,79698,80488,86824,84009,87545,52184,65089,42135,58205,10202,20420,18007,18836,42021,45798,42361,46512,47534,55198,65409,70642,42261,53666,38308,52905,9389,18661,688714,470756,116938,65400,155964,96762,34609,136,119
2021-07-02T23:59:59+02:00,3192,2993,37621,39448,80812,80981,78239,78996,79966,86322,83767,87343,52132,65002,42106,58158,10190,20407,17250,18125,40877,44841,41626,45817,46700,54413,64888,70194,41310,52461,38178,52716,9373,18642,683698,465705,115532,64938,155809,94271,32500,136,117
2021-07-01T23:59:59+02:00,2551,2447,35909,37800,79841,80118,77404,78162,79258,85685,83451,87064,52011,64844,42043,58054,10171,20378,16387,17235,39344,43608,40409,44749,45392,53281,64148,69621,40421,51322,38028,52509,9356,18610,677394,459350,113815,63287,155583,91499,30263,136,117
2021-06-30T23:59:59+02:00,2509,2416,34907,36796,78011,78617,75698,76662,78601,85137,83165,86771,51880,64686,41983,57957,10159,20351,15365,16274,37660,42381,39209,43635,44228,52222,63396,68995,39876,50638,37913,52313,9334,18574,671539,453228,112081,61946,155368,89616,27182,136,117
2021-06-29T23:59:59+02:00,2476,2383,34076,35912,76410,77125,74078,75240,77810,84416,82620,86280,51697,64467,41906,57826,10142,20315,14531,15377,36345,41240,38290,42813,43002,51168,62684,68410,39168,49702,37777,52095,9312,18530,665192,448062,110203,60107,155097,87662,24551,136,116
2021-06-28T23:59:59+02:00,2436,2350,33270,35114,74792,75715,72394,73833,76785,83627,82012,85780,51518,64237,41828,57719,10129,20281,13787,14632,35288,40220,37462,42079,41877,50173,62034,67863,38295,48614,37610,51874,9292,18483,658723,443230,108234,58591,154502,85462,22225,136,115
2021-06-27T23:59:59+02:00,2422,2335,32536,34373,73221,74345,70986,72623,75384,82504,81332,85224,51319,64019,41763,57601,10119,20252,13155,14004,34330,39464,36802,41473,40942,49323,61493,67418,37435,47584,37458,51696,9277,18452,652518,439330,106289,57826,153547,83202,19868,136,115
2021-06-26T23:59:59+02:00,1790,1728,31505,33276,72870,74030,70521,72160,75090,82191,81237,85142,51299,63991,41749,57591,10118,20249,12960,13796,33666,38921,36158,41051,40423,48987,60498,66414,36444,46447,37291,51482,9263,18419,647753,433349,105352,57774,153543,81260,19756,133,115
2021-06-25T23:59:59+02:00,1171,1130,30392,32112,72384,73502,69906,71461,74659,81745,80860,84819,51238,63905,41715,57548,10113,20235,12635,13410,32811,38119,35287,40226,39484,48150,59286,65179,35927,45747,37099,51181,9240,18376,641444,424924,104159,57326,153535,80198,19624,133,115
2021-06-24T23:59:59+02:00,571,571,29056,30800,71608,72753,69034,70571,73986,81115,80411,84454,51132,63774,41663,57478,10102,20201,11977,12714,31646,36815,34068,38956,38355,47038,57651,63800,35450,45227,36942,50992,9221,18316,633655,415588,102662,55774,153421,78306,19410,132,114
2021-06-23T23:59:59+02:00,544,538,28553,30259,70497,71771,67757,69431,73238,80427,79958,84051,51021,63599,41602,57382,10085,20170,11489,12188,30646,35565,33135,37732,37340,46156,55709,62088,34899,44661,36774,50764,9200,18251,627431,405831,101088,54707,153314,77049,18918,132,113
2021-06-22T23:59:59+02:00,521,522,28041,29680,69319,70743,66551,68402,72558,79720,79545,83685,50914,63472,41554,57298,10076,20144,11145,11790,29723,34629,32168,36841,36379,45266,53739,60252,34511,44185,36635,50522,9171,18193,621112,397304,99626,53133,153178,75921,18697,132,112
2021-06-21T23:59:59+02:00,489,488,27377,29018,68001,69569,65364,67266,71797,78939,79149,83290,50807,63363,41495,57209,10062,20102,10854,11480,29097,34045,31617,36271,35776,44677,51890,58593,33797,43384,36339,50097,9141,18117,614299,389727,98127,51935,153056,75246,18172,131,112
2021-06-20T23:59:59+02:00,404,407,26739,28359,66780,68432,64341,66320,70993,78196,78795,82954,50730,63239,41446,57141,10057,20069,10566,11219,28549,33543,31159,35779,35266,44154,50048,56799,33254,42702,36142,49761,9111,18057,607911,382311,96658,51180,152958,74779,17744,131,107
2021-06-19T23:59:59+02:00,372,373,26362,27994,66049,67857,63816,65822,70196,77542,78642,82829,50709,63213,41430,57125,10056,20069,10434,11027,28302,33225,30905,35457,35044,43893,48601,55404,32994,42355,36058,49624,9103,18029,603964,376911,95714,51168,152956,74590,17691,131,107
2021-06-18T23:59:59+02:00,345,339,25902,27536,65037,67121,63077,65209,69277,76704,78252,82494,50648,63138,41403,57089,10052,20061,10220,10790,27897,32798,30576,35044,34656,43499,46868,53739,32643,41840,35921,49413,9084,17995,598557,370053,94472,50880,152948,74378,17577,130,107
2021-06-17T23:59:59+02:00,316,308,25252,26917,63748,66101,62058,64356,67646,75263,77717,82092,50544,62983,41340,57003,10039,20033,9805,10436,27101,32109,29834,34365,33819,42796,45362,52244,32198,41210,35758,49158,9052,17945,592242,362625,91815,49737,152788,73994,16742,129,106
2021-06-16T23:59:59+02:00,282,269,24730,26336,62447,64974,60949,63374,65374,73345,76870,81436,50332,62773,41249,56891,10020,20001,9484,10185,26448,31433,29124,33737,33088,42158,44769,51679,31928,40848,35612,48959,9031,17904,586003,358919,87305,49028,152354,72481,15863,127,106
2021-06-15T23:59:59+02:00,243,238,24093,25654,61046,63765,59863,62383,64213,72259,76366,81016,50209,62625,41199,56794,10013,19971,9223,9918,25847,30698,28485,32977,32411,41434,43207,50049,31482,40294,35439,48724,9001,17840,578890,352209,85674,48135,151887,71217,15372,127,106
2021-06-14T23:59:59+02:00,221,206,23616,25063,59937,62707,58984,61527,63137,71244,75892,80622,50121,62502,41149,56722,9997,19945,8937,9619,25090,29803,27717,32140,31619,40616,41924,48711,31114,39794,35302,48499,8971,17789,572990,346064,83952,47111,151684,69534,14839,127,106
2021-06-13T23:59:59+02:00,216,191,23199,24596,59007,61801,58208,60742,62027,70273,75426,80197,50032,62386,41099,56661,9985,19915,8658,9319,24376,28959,26999,31297,30855,39764,40373,47126,30649,39185,35101,48194,8941,17699,567979,339008,82086,46326,151455,67752,14314,127,104
2021-06-12T23:59:59+02:00,202,174,22971,24332,58458,61300,57848,60463,61385,69630,75225,80084,50008,62355,41087,56647,9982,19911,8542,9203,23897,28374,26482,30728,30339,39205,39295,46152,30481,39006,35004,48029,8937,17688,565086,334806,81129,46323,151446,65864,14274,127,104
2021-06-11T23:59:59+02:00,184,159,22621,23919,57718,60486,57171,59832,60478,68697,74873,79774,49931,62282,41062,56611,9979,19905,8409,9015,23386,27700,25948,30070,29757,38571,38224,45143,30210,38651,34860,47805,8924,17661,560082,329965,79833,46062,151432,64003,14209,126,103
2021-06-10T23:59:59+02:00,169,142,22087,23358,56589,59557,56241,59012,59222,67523,74337,79370,49859,62173,41038,56560,9965,19876,8146,8767,22518,26754,24982,29132,28636,37639,36833,43973,29856,38172,34579,47370,8857,17585,554538,323058,77623,45350,151187,61694,13604,126,101
2021-06-09T23:59:59+02:00,148,128,21461,22805,55321,58458,55171,58092,58263,66615,73873,78973,49771,62072,40987,56497,9951,19845,7859,8502,21600,25888,24045,28236,27601,36691,35113,42186,29470,37672,34394,47101,8815,17495,548757,315618,76167,44623,150830,59785,12551,126,99
2021-06-08T23:59:59+02:00,125,110,20789,22122,54009,57327,54052,57115,57303,65755,73327,78536,49682,61946,40933,56405,9931,19814,7591,8268,20687,24990,22985,27372,26566,35733,33760,40883,29111,37163,34072,46647,8762,17412,542086,309308,75247,43857,150386,57310,11436,126,97
2021-06-07T23:59:59+02:00,108,92,20146,21522,52572,56073,52788,56138,56143,64768,72775,78133,49596,61839,40887,56341,9918,19786,7342,8049,19841,24164,21960,26556,25530,34858,32823,40095,28825,36765,33825,46215,8711,17321,534823,304674,74350,43037,149975,54725,10351,126,97
2021-06-06T23:59:59+02:00,101,86,19636,20986,51421,54981,51682,55157,55180,63814,72268,77730,49509,61762,40850,56278,9911,19770,7133,7849,19053,23270,21059,25683,24458,33875,31908,39278,28537,36424,33569,45824,8662,17246,528480,300104,73328,42298,149637,51782,9553,124,95
2021-06-05T23:59:59+02:00,95,78,19372,20695,50650,54232,51030,54655,54707,63331,72134,77618,49498,61748,40847,56275,9908,19770,6905,7434,18411,22194,20336,24563,23582,32625,30882,37958,28204,35960,33445,45648,8655,17226,524169,293795,73323,42259,149544,48400,9483,124,95
2021-06-04T23:59:59+02:00,85,72,18929,20113,49601,53227,50220,53786,54059,62547,71791,77289,49470,61711,40827,56261,9906,19762,6686,7122,17789,21343,19655,23572,22653,31352,29669,36622,27916,35596,33333,45472,8643,17206,517703,287355,73000,42190,149526,45689,9303,124,95
2021-06-03T23:59:59+02:00,74,61,18255,19440,48083,51924,49008,52663,53091,61532,71296,76828,49403,61606,40789,56213,9893,19737,6397,6732,17054,20297,18858,22420,21652,29936,28504,35143,27371,34814,33127,45147,8607,17131,509959,280611,71984,41443,149247,42463,8583,123,93
2021-06-02T23:59:59+02:00,69,57,17885,18936,47065,50943,48146,51918,52349,60782,71046,76614,49364,61570,40770,56185,9885,19723,6214,6493,16405,19615,17948,21670,20819,28992,27408,33739,26905,34209,32967,44896,8578,17061,503686,274328,71967,41428,149226,39770,8307,121,89
2021-06-01T23:59:59+02:00,58,51,17215,18217,45207,49205,46498,50456,50832,59334,70369,76013,49272,61460,40710,56111,9872,19674,5940,6184,15246,18711,16439,20704,19607,27749,26182,32344,26354,33515,32716,44549,8532,16957,494566,267838,70615,40862,148674,36362,6580,119,89
2021-05-31T23:59:59+02:00,56,47,16739,17734,43894,48063,45287,49354,49593,58222,69691,75501,49193,61357,40666,56041,9860,19638,5663,5865,14205,17880,15037,19786,18437,26640,24958,31000,25838,32798,32521,44252,8498,16858,488309,261544,69451,40317,148204,33435,4854,118,88
2021-05-30T23:59:59+02:00,48,46,16400,17324,42901,47107,44360,48408,48564,57175,69099,74942,49083,61188,40595,55920,9845,19595,5474,5621,13656,17180,14412,19090,17547,25672,23852,29825,25067,31846,32227,43833,8452,16768,482039,255567,68417,39516,147793,31124,4234,117,83
2021-05-29T23:59:59+02:00,48,46,16269,17207,42542,46790,44017,48142,48323,56985,69039,74886,49078,61182,40588,55915,9845,19594,5311,5380,13143,16368,13762,18238,16703,24505,22740,28524,24910,31614,32163,43740,8449,16761,480077,249963,68292,39516,147784,28526,4226,117,82
2021-05-28T23:59:59+02:00,47,44,15969,16905,41844,46159,43504,47578,47817,56443,68767,74590,49013,61100,40560,55866,9842,19589,5071,4995,12604,15450,13079,17373,15837,23268,21637,27088,24661,31245,32069,43606,8439,16744,475788,243918,67789,39410,147756,25573,4187,117,80
2021-05-27T23:59:59+02:00,44,40,15450,16384,40695,45178,42484,46694,46830,55555,68184,74156,48889,60940,40506,55794,9831,19547,4845,4657,11962,14623,12290,16434,14765,22075,20375,25579,24156,30504,31896,43343,8406,16660,469958,236558,66270,38606,147034,23510,3822,117,76
2021-05-26T23:59:59+02:00,42,39,15039,15958,39596,44260,41446,45811,45803,54675,67578,73645,48735,60760,40425,55626,9810,19499,4652,4461,11404,13859,11565,15581,13761,20941,18976,23986,23569,29721,31679,42999,8353,16559,464818,229284,64245,37741,146043,21443,3524,117,76
2021-05-25T23:59:59+02:00,42,38,14648,15555,38588,43372,40473,44952,44851,53756,66968,73114,48554,60521,40346,55494,9784,19445,4444,4258,10861,13213,10804,14798,12694,19702,17536,22479,22984,28941,31445,42675,8294,16466,459503,221911,62662,36801,144928,19519,3291,117,74
2021-05-24T23:59:59+02:00,41,37,14306,15232,37756,42633,39600,44277,43988,52971,66437,72627,48429,60344,40282,55370,9764,19400,4301,4130,10412,12749,10162,14210,11808,18866,16249,21217,22310,28107,31225,42343,8234,16376,454875,214991,61431,35856,144190,18900,2881,117,73
2021-05-23T23:59:59+02:00,37,37,14137,15059,37287,42258,39149,43872,43536,52566,66167,72398,48352,60253,40243,55323,9757,19376,4111,3990,9946,12273,9536,13600,10865,18046,15052,20151,21841,27534,30973,42053,8183,16291,451680,207976,61049,35775,144167,17830,2794,117,72
2021-05-22T23:59:59+02:00,35,35,13939,14842,36596,41692,38468,43416,42965,52158,65145,71383,48144,59995,40173,55210,9747,19355,3999,3695,9731,11858,9381,13269,10622,17599,14783,19749,21747,27416,30939,42013,8176,16282,445222,206750,61046,35772,144150,15904,2763,117,72
2021-05-21T23:59:59+02:00,34,34,13560,14439,35521,40771,37403,42483,41897,51261,63789,70098,47914,59657,40093,55062,9730,19322,3893,3599,9524,11592,9170,13003,10292,17272,14370,19378,21526,27130,30878,41923,8167,16274,435603,204800,60689,35466,143913,14910,2747,116,70
2021-05-20T23:59:59+02:00,31,34,12764,13715,34078,39313,35977,41074,40489,50057,62502,68947,47623,59314,39950,54879,9709,19271,3744,3417,8995,10990,8522,12289,9592,16424,13613,18409,20708,26009,30684,41625,8128,16187,425373,200421,58986,34619,142885,11859,2369,114,70
2021-05-19T23:59:59+02:00,31,33,12226,13149,32897,37889,34873,39690,39361,49094,60498,67176,47144,58756,39767,54616,9668,19165,3640,3284,8722,10613,8226,11916,9150,15916,12974,17743,19842,24877,30457,41322,8072,16072,414517,196168,57463,33805,141773,10620,2167,113,68
2021-05-18T23:59:59+02:00,28,33,11803,12706,31853,36870,33775,38771,38316,48161,58438,65317,46788,58306,39611,54375,9636,19106,3442,3121,8220,10006,7754,11369,8606,15245,12287,16973,18899,23644,30220,40978,8035,15967,405843,192065,55503,32962,140577,7813,1860,110,68
2021-05-17T23:59:59+02:00,26,32,11552,12430,31331,36310,33277,38209,37726,47526,56535,63605,46082,57482,39334,53977,9599,19033,3360,3012,7956,9723,7460,11071,8205,14832,11715,16369,17981,22510,29987,40659,8000,15893,398248,187687,54375,32214,139763,7195,1572,108,67
2021-05-16T23:59:59+02:00,26,32,11329,12176,30808,35803,32812,37713,37204,46954,54639,61776,45535,56783,39140,53657,9572,18977,3259,2911,7668,9431,7138,10726,7726,14368,11133,15783,17049,21359,29778,40369,7962,15824,391278,183397,53406,31365,139093,6605,1054,105,65
2021-05-15T23:59:59+02:00,26,32,11172,11971,30530,35469,32574,37392,36973,46690,53067,60297,45284,56476,39063,53519,9566,18949,3238,2893,7643,9402,7123,10705,7706,14353,11115,15761,16939,21143,29569,40061,7954,15814,385459,182403,53402,31364,139047,6553,1037,105,64
2021-05-14T23:59:59+02:00,26,32,10924,11691,30056,34959,32191,36927,36459,46216,51193,58465,44923,55975,38923,53312,9550,18909,3211,2874,7571,9327,7067,10632,7647,14292,10931,15560,16206,20073,29283,39574,7937,15774,377648,179475,53073,31023,138918,6412,987,105,64
2021-05-13T23:59:59+02:00,23,31,10640,11365,29407,34315,31590,36318,35785,45547,49720,56947,44493,55346,38752,53068,9523,18863,3142,2828,7444,9225,6980,10538,7543,14183,10604,15212,15147,18834,28897,38930,7894,15700,370537,175669,52056,30459,138161,6036,876,103,63
2021-05-12T23:59:59+02:00,23,29,10509,11222,29124,33993,31322,36024,35472,45232,49436,56638,44397,55240,38701,52989,9516,18825,3130,2801,7409,9188,6949,10503,7511,14144,10434,15056,14770,18401,28593,38447,7872,15653,367861,173606,51973,30449,138003,5991,753,102,63
2021-05-11T23:59:59+02:00,22,26,10160,10898,28268,33166,30489,35269,34609,44449,47701,54867,43941,54642,38526,52697,9478,18722,3043,2703,7162,8906,6723,10202,7295,13774,9951,14509,13787,17248,28177,37828,7834,15558,360936,169918,50263,29556,136104,4639,525,102,63
2021-05-10T23:59:59+02:00,21,26,9854,10621,27520,32460,29708,34565,33838,43678,46393,53599,43559,54132,38339,52391,9428,18609,3001,2657,7032,8781,6627,10082,7154,13592,9683,14201,13089,16387,27747,37217,7808,15477,354672,167092,49146,29173,134411,3799,413,99,59
2021-05-09T23:59:59+02:00,20,26,9620,10373,26837,31772,29039,33864,33115,42979,44863,52119,43057,53511,38137,52087,9391,18524,2953,2611,6909,8637,6519,9939,7040,13379,9367,13890,12291,15486,27383,36680,7788,15421,347568,164237,48071,28615,133274,3057,326,95,59
2021-05-08T23:59:59+02:00,20,26,9527,10304,26452,31471,28591,33549,32658,42675,43831,51288,42905,53347,38097,52025,9389,18518,2950,2607,6901,8632,6513,9931,7032,13367,9357,13878,12253,15424,26703,35731,7751,15345,343044,162365,48029,28588,133185,3044,320,95,59
2021-05-07T23:59:59+02:00,19,26,9385,10156,25979,31090,28136,33174,32151,42324,42789,50462,42632,53005,37985,51865,9377,18491,2903,2581,6846,8588,6457,9875,6981,13315,9184,13655,11621,14611,25761,34343,7703,15263,337902,158263,47722,28216,133027,2848,302,93,59
2021-05-06T23:59:59+02:00,17,25,8983,9868,25059,30320,27071,32367,30920,41501,41173,49242,42250,52458,37792,51622,9339,18418,2839,2535,6712,8440,6339,9746,6833,13127,8911,13355,10970,13746,24795,32958,7668,15202,330032,154466,46645,27258,131370,2106,288,90,59
2021-05-05T23:59:59+02:00,17,24,8617,9667,24171,29720,26206,31703,29828,40708,39189,47425,41802,51906,37584,51340,9282,18306,2798,2504,6593,8311,6236,9632,6731,12984,8663,13097,10259,12913,23780,31634,7639,15131,322170,150572,45790,26368,129242,1706,203,90,57
2021-05-04T23:59:59+02:00,17,23,8374,9439,23374,29069,25230,30963,28754,39872,37675,45958,41331,51322,37307,50993,9235,18185,2759,2482,6519,8239,6152,9562,6655,12899,8427,12875,9529,12056,22830,30388,7605,15068,315509,146830,44822,25561,126602,1501,98,90,56
2021-05-03T23:59:59+02:00,17,22,8170,9225,22671,28489,24390,30355,27846,39173,36716,45207,40982,50847,37092,50705,9185,18081,2713,2449,6448,8162,6071,9496,6565,12814,8199,12660,8785,11154,21914,29171,7574,15018,310633,143081,44045,24740,124348,1260,58,89,55
2021-05-02T23:59:59+02:00,17,22,8006,9060,22030,27909,23648,29764,27026,38550,35901,44570,40722,50518,36979,50518,9151,18024,2675,2426,6405,8120,6034,9460,6525,12773,8016,12487,8182,10412,21204,28303,7553,14999,305794,139886,43274,24462,123209,1123,50,88,54
2021-05-01T23:59:59+02:00,16,22,7852,8876,21657,27450,23164,29189,26379,37835,35076,43673,40458,50142,36881,50366,9145,18007,2669,2420,6379,8110,6018,9451,6507,12760,7999,12471,8145,10348,21165,28246,7549,14995,299675,139595,43272,24455,123104,1080,49,88,54
2021-04-30T23:59:59+02:00,16,21,7703,8697,21268,27020,22716,28619,25627,37054,34065,42704,40227,49821,36785,50212,9133,17985,2650,2407,6354,8092,5996,9434,6479,12740,7967,12438,8105,10277,21114,28163,7546,14986,293359,139283,43264,24382,122921,988,42,87,54
2021-04-29T23:59:59+02:00,15,21,7434,8457,20674,26441,22045,27933,24692,36086,32786,41367,39180,48418,36468,49736,9076,17857,2618,2373,6262,7982,5910,9332,6385,12598,7763,12162,7480,9551,20705,27646,7524,14912,284597,137215,42481,23150,121484,745,42,82,52
2021-04-28T23:59:59+02:00,14,19,7159,8239,20152,25968,21406,27333,23805,35238,31386,39914,38018,46828,36125,49244,9013,17716,2548,2325,6152,7859,5800,9201,6283,12446,7544,11890,6789,8705,20289,27070,7483,14840,275905,134758,41707,21855,119846,518,42,77,52
2021-04-27T23:59:59+02:00,13,19,6974,8061,19716,25543,20782,26794,22946,34456,30166,38585,36929,45383,35741,48674,8943,17589,2522,2300,6049,7762,5747,9102,6217,12322,7329,11691,6187,7965,19883,26571,7463,14817,268062,132655,40844,20909,118289,270,42,77,52
2021-04-26T23:59:59+02:00,12,19,6792,7895,19296,25119,20237,26266,22138,33697,28946,37346,35869,43960,35435,48189,8893,17465,2510,2290,6004,7719,5702,9062,6179,12278,7143,11525,5572,7231,19511,26120,7439,14790,260354,130685,40018,20061,117088,239,39,75,52
2021-04-25T23:59:59+02:00,12,18,6687,7759,18958,24848,19856,25926,21523,33074,27957,36388,34735,42528,35120,47759,8850,17383,2498,2283,5986,7695,5683,9045,6158,12253,7106,11498,5445,7048,19176,25656,7423,14746,253139,130062,39304,19320,116826,229,38,74,51
2021-04-24T23:59:59+02:00,12,18,6523,7584,18514,24414,19296,25387,20738,32271,26874,35337,34482,42213,35026,47594,8840,17371,2494,2277,5973,7685,5672,9034,6153,12249,7096,11491,5372,6937,19078,25514,7420,14738,247164,129605,39299,19280,115919,211,38,74,50
2021-04-23T23:59:59+02:00,12,18,6299,7384,18063,23937,18725,24774,19912,31454,25711,34138,33705,41038,34883,47359,8826,17348,2488,2258,5946,7662,5635,8995,6108,12204,7049,11436,5206,6660,18539,24887,7320,14569,239574,127757,38969,18933,114932,189,38,73,46
2021-04-22T23:59:59+02:00,11,17,6084,7176,17458,23348,17932,23989,18860,30428,24386,32705,32663,39681,34636,47003,8788,17269,2474,2243,5902,7608,5585,8910,6031,12126,6974,11365,4922,6240,17824,24011,7201,14375,230516,125589,38050,17966,113760,155,38,70,44
2021-04-21T23:59:59+02:00,11,16,5885,6995,16925,22877,17270,23383,17873,29530,22828,31112,31658,38445,34337,46564,8739,17180,2450,2226,5859,7552,5526,8835,5965,12025,6878,11285,4762,5965,17124,23161,7084,14193,221619,123493,37278,17193,112625,123,38,68,44
2021-04-20T23:59:59+02:00,10,15,5702,6799,16369,22402,16527,22723,16875,28528,21356,29641,30508,36950,34021,46123,8687,17085,2437,2211,5809,7514,5485,8790,5916,11958,6799,11220,4643,5808,16523,22387,6957,14013,212598,121803,36396,16476,111222,115,37,68,40
2021-04-19T23:59:59+02:00,10,15,5515,6641,15832,21969,15848,22163,15882,27647,19959,28236,29131,35312,33701,45642,8626,16967,2426,2196,5785,7481,5448,8756,5877,11909,6717,11144,4516,5645,15874,21674,6849,13851,203866,120152,35616,15808,109512,112,37,65,40
2021-04-18T23:59:59+02:00,9,15,5327,6500,15397,21645,15229,21599,14906,26853,18619,27096,27742,33660,33369,45219,8567,16878,2375,2150,5653,7358,5333,8641,5770,11757,6611,11023,4398,5457,15280,21006,6734,13668,195304,118496,34786,14535,108439,108,37,64,39
2021-04-17T23:59:59+02:00,9,14,5291,6465,15242,21568,15054,21513,14670,26673,18364,26874,27234,33116,33243,45071,8558,16863,2348,2110,5553,7205,5225,8482,5670,11569,6522,10890,4345,5394,15039,20712,6724,13655,194081,116737,34781,14531,106859,100,37,64,39
2021-04-16T23:59:59+02:00,9,14,5228,6410,15065,21416,14841,21352,14388,26426,17945,26463,26188,31883,33110,44862,8537,16840,2302,2060,5436,7016,5088,8298,5516,11326,6325,10667,4136,5159,14391,19916,6626,13510,190729,113477,34490,14128,105657,92,37,64,39
2021-04-15T23:59:59+02:00,7,13,5159,6333,14849,21203,14570,21063,13957,26075,17305,25829,24823,30272,32853,44539,8501,16760,2232,1976,5240,6778,4885,7975,5309,11007,6109,10382,3937,4908,13560,18832,6511,13343,186154,109645,33682,13183,104175,82,37,63,38
2021-04-14T23:59:59+02:00,7,13,5080,6263,14644,21002,14315,20839,13565,25740,16638,25208,23242,28480,32542,44136,8449,16666,2041,1855,5021,6514,4696,7724,5080,10757,5873,10096,3799,4697,12830,17913,6383,13129,181538,106536,32808,11723,102383,75,37,63,38
2021-04-13T23:59:59+02:00,7,13,5028,6215,14440,20869,14079,20657,13224,25443,16068,24702,21536,26632,32223,43721,8419,16560,1955,1802,4854,6325,4511,7503,4877,10501,5668,9858,3661,4529,12313,17297,6260,12968,177305,104135,31931,10608,100501,65,37,62,38
2021-04-12T23:59:59+02:00,7,12,4964,6148,14223,20666,13774,20392,12836,25027,15487,24149,19940,24687,31934,43359,8376,16486,1825,1711,4671,6164,4361,7327,4714,10308,5531,9698,3542,4374,11879,16785,6149,12805,172929,102443,30874,9266,98565,63,37,62,36
2021-04-11T23:59:59+02:00,7,12,4895,6071,13998,20467,13478,20178,12416,24677,14923,23639,18429,22912,31674,43016,8332,16406,1787,1675,4551,6051,4250,7203,4591,10177,5396,9566,3427,4254,11387,16174,6018,12597,168636,100690,29911,8286,96887,61,35,61,33
2021-04-10T23:59:59+02:00,7,12,4890,6063,13979,20453,13469,20167,12399,24659,14899,23619,17738,21990,31382,42598,8314,16379,1783,1663,4539,6040,4235,7188,4578,10163,5343,9500,3324,4141,10830,15339,5889,12399,167564,98544,29884,8286,95475,59,33,61,33
2021-04-09T23:59:59+02:00,7,12,4876,6046,13942,20403,13425,20118,12352,24603,14640,23365,16215,20097,30975,41953,8280,16336,1759,1652,4516,6023,4206,7161,4535,10128,5304,9451,3239,4022,9963,14349,5740,12201,164936,96097,29542,8037,93077,57,31,59,28
2021-04-08T23:59:59+02:00,7,12,4832,6018,13841,20328,13344,20038,12252,24498,14303,23004,14443,17880,30358,40941,8221,16213,1737,1639,4484,5970,4154,7076,4471,10047,5232,9374,3131,3918,9479,13743,5536,11956,161095,94242,28511,7599,90847,56,23,57,28
2021-04-07T23:59:59+02:00,7,12,4801,5989,13735,20244,13247,19949,12148,24395,13919,22643,12926,16025,29713,39969,8166,16115,1718,1627,4430,5903,4068,7002,4382,9963,5142,9274,3043,3823,8730,12644,5298,11550,156666,91680,27630,6824,89630,46,21,56,27
2021-04-06T23:59:59+02:00,7,12,4772,5963,13636,20177,13165,19888,12072,24330,13539,22290,11291,14009,29050,38996,8134,16044,1657,1573,4300,5774,3959,6878,4261,9812,5039,9144,2927,3702,8023,11711,5025,11185,152637,89288,26747,5594,87917,44,19,55,26
2021-04-05T23:59:59+02:00,7,11,4734,5935,13558,20108,13098,19820,12016,24250,13265,22032,9678,12059,28319,37941,8099,15982,1586,1504,4143,5624,3790,6722,4106,9663,4884,9015,2795,3585,7211,10749,4754,10796,149424,86910,25731,3933,85685,41,18,54,26
2021-04-04T23:59:59+02:00,7,11,4720,5918,13547,20088,13090,19802,12008,24229,13166,21962,8654,10797,27871,37301,8074,15925,1584,1501,4135,5618,3787,6717,4101,9658,4882,9007,2790,3576,6974,10283,4669,10671,147694,85947,25727,3933,83680,35,15,54,24
2021-04-03T23:59:59+02:00,7,11,4717,5908,13530,20067,13078,19792,11998,24219,13152,21944,7748,9729,26988,36060,8025,15813,1580,1497,4133,5613,3785,6714,4093,9646,4868,8994,2783,3563,6835,10018,4630,10589,145216,85336,25719,3933,81784,35,14,53,24
2021-04-02T23:59:59+02:00,7,11,4712,5889,13493,20041,13038,19749,11954,24171,13078,21875,7234,8979,25399,33959,7879,15544,1571,1480,4106,5589,3759,6673,4057,9585,4745,8705,2655,3407,6460,9622,4481,10386,140754,83505,25380,3706,80815,35,12,51,24
2021-04-01T23:59:59+02:00,6,10,4664,5830,13399,19897,12920,19598,11803,24015,12475,21424,6671,8274,23891,31985,7753,15306,1505,1434,3996,5462,3692,6602,3989,9518,4667,8602,2559,3264,5946,8935,4310,10111,136562,81228,24238,3300,79063,31,11,47,23
2021-03-31T23:59:59+02:00,6,10,4613,5775,13274,19742,12785,19443,11614,23836,12211,21164,6350,7902,22415,30034,7602,15077,1492,1423,3970,5439,3661,6574,3949,9471,4628,8549,2495,3188,5461,8287,4135,9871,132625,79452,23151,3081,78022,31,8,47,22
2021-03-30T23:59:59+02:00,6,10,4549,5709,13136,19592,12672,19268,11483,23671,12041,21024,6160,7684,21025,28300,7458,14874,1475,1387,3928,5406,3597,6504,3861,9358,4497,8378,2360,2982,5041,7731,3992,9614,129260,77226,22221,2840,77131,19,5,45,22
2021-03-29T23:59:59+02:00,6,10,4509,5671,13016,19499,12605,19184,11400,23565,11891,20889,6002,7483,19601,26615,7330,14673,1416,1346,3873,5361,3522,6434,3743,9214,4348,8187,2238,2841,4479,7061,3838,9338,125667,74569,21354,2628,76879,18,4,45,21
2021-03-28T23:59:59+02:00,6,10,4462,5605,12895,19360,12519,19091,11297,23466,11784,20785,5850,7274,18420,25105,7211,14477,1383,1302,3775,5253,3327,6207,3656,9097,4298,8131,2184,2777,3718,6038,3653,9070,122655,71508,20562,2328,76352,10,4,44,20
2021-03-27T23:59:59+01:00,6,10,4430,5554,12787,19195,12399,18926,11182,23260,11674,20634,5784,7191,18134,24758,7200,14460,1377,1299,3770,5249,3324,6200,3370,8747,4100,7833,2178,2774,3704,6004,3619,9008,120807,70199,20522,2328,76207,6,4,44,20
2021-03-26T23:59:59+01:00,6,9,4394,5501,12675,19003,12263,18724,11028,23030,11514,20420,5617,6976,17527,23961,7100,14310,1375,1298,3765,5242,3301,6182,3351,8727,3885,7382,2001,2368,3440,5719,3468,8774,117696,67930,20183,2321,76132,5,3,44,20
2021-03-25T23:59:59+01:00,6,9,4326,5413,12476,18763,12058,18394,10816,22701,11271,20093,5404,6691,16498,22652,6972,14120,1366,1288,3744,5216,3267,6154,3299,8689,3839,7338,1929,2255,3004,5034,3309,8468,113710,65954,19111,2220,75795,3,3,44,20
2021-03-24T23:59:59+01:00,6,9,4246,5302,12259,18307,11838,17979,10592,22305,11036,19720,5135,6342,15456,21434,6832,13895,1343,1275,3720,5170,3231,6090,3244,8619,3785,7265,1875,2196,2696,4700,3156,8192,110593,64556,18016,1977,74037,3,3,44,19
2021-03-23T23:59:59+01:00,6,9,4190,5237,12092,17961,11637,17624,10398,21936,10812,19430,4998,6143,14816,20619,6692,13722,1328,1268,3705,5151,3210,6072,3219,8568,3746,7221,1840,2137,2467,4429,2944,7869,108231,63215,17285,1935,72759,3,3,44,19
2021-03-22T23:59:59+01:00,6,9,4140,5158,11892,17627,11448,17296,10171,21608,10596,19122,4844,5930,14198,19900,6559,13535,1314,1259,3676,5118,3178,6034,3190,8511,3709,7176,1796,2081,2267,4178,2749,7537,106359,61955,16563,1794,71072,3,3,42,19
2021-03-21T23:59:59+01:00,6,9,4066,5035,11608,17216,11167,16887,9898,21153,10338,18766,4730,5757,13498,19108,6417,13327,1306,1258,3659,5102,3156,6001,3167,8481,3689,7154,1777,2053,2100,4015,2578,7267,104472,60951,15260,1789,69209,3,3,42,18
2021-03-20T23:59:59+01:00,5,9,4036,4966,11465,16881,11042,16569,9756,20850,10161,18482,4602,5597,12865,18158,6279,13111,1305,1257,3659,5100,3153,6000,3164,8475,3684,7149,1773,2048,2068,3953,2555,7225,102272,60756,15255,1789,67262,3,3,42,18
2021-03-19T23:59:59+01:00,5,8,3991,4885,11297,16518,10858,16214,9580,20469,9944,18119,4439,5400,11840,16943,6118,12900,1296,1250,3641,5071,3123,5923,3119,8382,3581,6974,1646,1935,1992,3888,2443,7017,99562,59473,14839,1785,65087,3,3,37,18
2021-03-18T23:59:59+01:00,5,8,3903,4781,11050,16092,10588,15767,9301,19998,9721,17776,4295,5234,11208,16074,5890,12632,1292,1239,3624,5036,3103,5879,3097,8325,3554,6927,1627,1902,1952,3817,2320,6806,97755,58783,13827,1694,62702,3,3,36,18
2021-03-17T23:59:59+01:00,5,8,3730,4666,10755,15671,10321,15407,9056,19635,9468,17428,4175,5064,10394,14830,5626,12208,1291,1236,3609,5018,3096,5859,3087,8291,3536,6903,1625,1878,1928,3788,2210,6619,95098,58273,12277,1679,61033,2,3,36,18
2021-03-16T23:59:59+01:00,5,8,3587,4542,10415,15206,10048,15037,8779,19191,9169,17063,4031,4897,9570,13705,5344,11849,1277,1233,3605,5011,3085,5855,3081,8280,3529,6889,1600,1853,1889,3737,2090,6440,92757,57833,11085,1599,58566,2,3,35,18
2021-03-15T23:59:59+01:00,5,8,3438,4426,10098,14738,9756,14577,8482,18716,8881,16649,3884,4727,8857,12636,5120,11527,1267,1225,3585,4999,3073,5831,3060,8241,3509,6846,1585,1840,1872,3703,1974,6254,90785,57245,9720,1598,55985,2,2,33,18
2021-03-14T23:59:59+01:00,5,8,3367,4336,9831,14301,9498,14172,8161,18221,8599,16254,3721,4540,8052,11400,4812,11072,1253,1219,3564,4981,3052,5789,3038,8161,3481,6778,1559,1787,1812,3576,1809,5865,88471,56716,8698,989,53151,2,0,30,18
2021-03-13T23:59:59+01:00,5,8,3287,4078,9517,13628,9250,13586,7933,17636,8390,15815,3608,4436,7859,11104,4764,10983,1253,1219,3564,4981,3052,5789,3037,8160,3479,6776,1555,1786,1810,3572,1808,5864,87811,56697,8698,989,49348,2,0,30,18
2021-03-12T23:59:59+01:00,5,8,3224,3941,9270,13088,9011,13054,7700,17000,8031,15061,3444,4265,7472,10695,4625,10794,1249,1216,3559,4967,3049,5786,3030,8152,3475,6770,1528,1757,1789,3554,1708,5686,86027,56268,8450,988,46181,2,0,30,18
2021-03-11T23:59:59+01:00,5,8,3073,3672,8893,12325,8707,12374,7367,16215,7687,14414,3284,4058,6914,9972,4434,10481,1230,1206,3526,4923,3005,5709,2995,8028,3424,6672,1482,1702,1710,3354,1510,5172,83557,55523,8002,111,42295,1,0,29,14
2021-03-10T23:59:59+01:00,5,8,3008,3565,8391,11815,8025,11891,7045,15724,7382,13822,3123,3900,6354,9274,4263,10206,1219,1192,3496,4865,2974,5632,2959,7888,3370,6549,1444,1662,1651,3258,1394,4892,81731,54345,7445,87,38598,0,0,27,14
2021-03-09T23:59:59+01:00,5,7,2902,3389,7706,11361,7125,11402,6625,15107,7017,13212,2892,3597,5845,8640,4107,9929,1214,1188,3474,4819,2946,5566,2942,7833,3352,6503,1429,1638,1614,3215,1289,4693,79428,53651,6081,53,35332,0,0,27,12
2021-03-08T23:59:59+01:00,5,7,2729,3153,7064,10815,6309,10921,6221,14578,6622,12641,2680,3386,5238,7899,3960,9660,1207,1182,3453,4753,2921,5490,2903,7738,3320,6427,1422,1629,1611,3207,1284,4690,76591,53175,4936,51,32335,0,0,26,12
2021-03-07T23:59:59+01:00,5,7,2617,3020,6732,10314,5897,10377,5925,14128,6382,12251,2582,3293,4471,6831,3743,9377,1204,1179,3450,4748,2916,5478,2899,7721,3312,6414,1417,1615,1590,3167,1269,4649,73327,52968,4104,49,30496,0,0,25,12
2021-03-06T23:59:59+01:00,5,6,2572,2878,6548,9860,5697,9960,5447,13271,6006,11510,2561,3266,4465,6820,3742,9374,1204,1178,3447,4742,2914,5477,2898,7720,3311,6411,1415,1612,1590,3165,1268,4649,72096,52942,4104,49,27763,0,0,25,11
2021-03-05T23:59:59+01:00,5,6,2480,2622,6334,9274,5483,9561,5270,12699,5620,10528,2335,2800,4084,6437,3603,9158,1192,1175,3429,4726,2909,5464,2890,7701,3299,6392,1401,1604,1589,3161,1263,4644,69757,52782,3871,49,24646,0,0,25,9
2021-03-04T23:59:59+01:00,5,6,2404,2416,6119,8838,5320,9217,5088,12275,5444,10150,2243,2629,3525,5612,3437,8819,1181,1160,3386,4625,2875,5397,2858,7603,3267,6317,1381,1597,1575,3147,1254,4633,67701,52202,3428,48,22393,0,0,25,7
2021-03-03T23:59:59+01:00,4,6,2346,2364,5949,8421,5149,8854,4874,11822,5254,9702,2159,2522,3120,5174,3277,8523,1161,1152,3351,4577,2838,5332,2818,7504,3219,6243,1361,1572,1556,3116,1248,4615,66265,51614,3183,44,20048,0,0,24,6
2021-03-02T23:59:59+01:00,4,6,2291,2275,5787,8084,4990,8598,4710,11420,5090,9381,2093,2430,2815,4817,3057,8199,1156,1142,3333,4556,2823,5306,2801,7455,3211,6215,1356,1561,1538,3097,1245,4609,64902,51355,2921,44,18200,0,0,24,6
2021-03-01T23:59:59+01:00,4,6,2264,2248,5682,7868,4890,8450,4625,11267,4988,9205,2037,2352,2516,4493,2869,7882,1150,1139,3319,4538,2811,5277,2785,7409,3195,6187,1349,1558,1531,3088,1242,4605,63626,51134,2699,44,17297,0,0,24,6
2021-02-28T23:59:59+01:00,3,6,2212,2205,5502,7607,4713,8228,4487,11077,4878,9075,1998,2288,2217,4190,2666,7572,1141,1133,3304,4528,2804,5270,2779,7395,3188,6173,1344,1555,1524,3071,1241,4573,62502,50975,2395,44,16003,0,0,24,5
2021-02-27T23:59:59+01:00,3,6,2125,1896,5326,7181,4613,7912,4404,10728,4805,8823,1968,2227,2186,4143,2646,7518,1137,1129,3302,4526,2799,5268,2775,7392,3183,6169,1342,1555,1524,3070,1240,4572,62260,50938,2395,41,13831,0,0,24,5
2021-02-26T23:59:59+01:00,3,6,2068,1818,5179,6941,4466,7651,4253,10462,4596,8539,1839,2119,2125,4103,2538,7338,1116,1116,3285,4492,2787,5229,2762,7338,3161,6115,1336,1544,1520,3061,1239,4570,60925,50627,2389,40,12706,0,0,24,5
2021-02-25T23:59:59+01:00,3,6,1951,1718,4852,6536,4037,7188,3966,9945,4360,8155,1780,2060,2091,4042,2427,7143,1100,1100,3246,4449,2756,5177,2716,7231,3121,6022,1326,1528,1504,3021,1226,4511,60442,49993,2282,38,9512,0,0,24,4
2021-02-24T23:59:59+01:00,3,6,1922,1658,4735,6322,3932,6973,3843,9702,4233,7995,1758,2028,2058,4000,2315,6945,1087,1095,3219,4386,2720,5110,2691,7147,3092,5951,1310,1511,1479,2973,1214,4442,59892,49397,2035,27,8477,0,0,24,4
2021-02-23T23:59:59+01:00,3,6,1698,1511,4360,5832,3651,6580,3621,9322,4077,7709,1728,1996,2014,3953,2202,6761,1068,1083,3181,4358,2692,5052,2664,7071,3057,5892,1290,1491,1452,2938,1204,4392,59436,48870,1988,13,5577,0,0,23,3
2021-02-22T23:59:59+01:00,3,6,1688,1492,4309,5773,3615,6517,3556,9227,4015,7613,1696,1969,1988,3899,2081,6564,1064,1069,3160,4313,2672,5013,2639,7011,3028,5838,1278,1477,1442,2928,1196,4383,58885,48501,1845,8,5258,0,0,23,3
2021-02-21T23:59:59+01:00,3,6,1676,1488,4279,5739,3572,6479,3515,9173,3971,7563,1687,1962,1983,3890,1961,6401,1058,1058,3139,4275,2642,4963,2623,6942,2999,5748,1263,1461,1422,2867,1172,4306,58542,47928,1839,8,4945,0,0,22,3
2021-02-20T23:59:59+01:00,3,6,1675,1487,4274,5736,3570,6478,3515,9171,3969,7562,1682,1960,1981,3886,1960,6401,1058,1058,3137,4273,2642,4963,2622,6941,2999,5748,1263,1460,1421,2867,1172,4306,58525,47920,1839,8,4930,0,0,22,3
2021-02-19T23:59:59+01:00,3,6,1657,1480,4261,5716,3559,6464,3504,9161,3959,7546,1655,1931,1960,3866,1858,6220,1057,1057,3136,4272,2641,4962,2622,6939,2996,5746,1263,1459,1421,2866,1172,4306,58101,47905,1833,8,4852,0,0,20,3
2021-02-18T23:59:59+01:00,3,6,1611,1449,4165,5605,3486,6361,3416,8997,3872,7406,1633,1896,1926,3796,1727,6023,1011,1014,2996,4047,2514,4690,2511,6601,2889,5481,1232,1416,1388,2780,1146,4156,57451,45863,1743,8,4164,0,0,20,2
2021-02-17T23:59:59+01:00,3,5,1589,1420,4069,5455,3401,6210,3298,8761,3745,7206,1581,1827,1853,3695,1610,5718,954,964,2843,3824,2396,4377,2384,6189,2760,5168,1182,1355,1342,2673,1099,3994,56241,43495,1732,7,3453,0,0,20,2
2021-02-16T23:59:59+01:00,3,5,1515,1353,3909,5257,3264,6027,3190,8527,3623,7040,1557,1802,1816,3665,1496,5510,868,932,2711,3666,2297,4166,2258,5866,2627,4912,1124,1263,1194,2370,844,3375,55546,40467,1715,4,2280,0,0,18,2
2021-02-15T23:59:59+01:00,3,5,1500,1335,3863,5170,3205,5940,3133,8412,3556,6934,1546,1788,1801,3642,1488,5489,833,910,2630,3536,2221,3986,2174,5587,2539,4699,1081,1199,1108,2196,780,3160,55080,38636,1713,2,2000,0,0,17,1
2021-02-14T23:59:59+01:00,3,5,1434,1307,3778,5092,3161,5831,3077,8258,3512,6825,1526,1757,1749,3514,1433,5242,824,904,2581,3468,2182,3918,2120,5467,2473,4592,1054,1163,1023,2024,709,2925,54837,37424,1101,2,1549,0,0,17,1
2021-02-13T23:59:59+01:00,3,5,1432,1306,3770,5086,3154,5830,3074,8256,3509,6823,1525,1753,1749,3512,1431,5242,824,904,2581,3468,2182,3917,2118,5466,2472,4592,1052,1162,1023,2024,709,2925,54817,37419,1100,0,1526,0,0,17,0
2021-02-12T23:59:59+01:00,3,4,1398,1290,3732,5052,3132,5810,3052,8222,3490,6778,1508,1742,1739,3495,1422,5222,817,896,2548,3414,2148,3871,2088,5412,2454,4561,1051,1161,1022,2023,708,2923,54587,37097,1098,0,1390,0,0,16,0
2021-02-11T23:59:59+01:00,3,4,1351,1247,3617,4880,3041,5638,2954,7910,3388,6565,1447,1681,1672,3317,1338,4896,780,833,2293,2969,1922,3392,1856,4663,2182,4030,967,1091,936,1831,659,2652,53954,33056,132,0,851,0,0,12,0
2021-02-10T23:59:59+01:00,3,4,1330,1224,3558,4770,2975,5534,2912,7760,3334,6434,1429,1664,1645,3278,1325,4859,702,776,2001,2560,1712,2940,1617,4053,1924,3568,857,944,773,1459,531,2163,53305,28580,130,0,592,0,0,11,0
2021-02-09T23:59:59+01:00,3,3,1317,1206,3503,4700,2945,5465,2892,7667,3296,6366,1422,1649,1617,3255,1315,4846,651,698,1740,2204,1518,2550,1427,3543,1752,3200,825,909,750,1386,510,2050,52995,25713,125,0,336,0,0,11,0
2021-02-08T23:59:59+01:00,3,3,1303,1202,3474,4670,2925,5427,2871,7615,3276,6336,1412,1642,1608,3229,1313,4828,638,664,1588,1967,1377,2296,1293,3235,1592,2940,786,888,702,1280,478,1881,52694,23605,99,0,333,0,0,11,0
2021-02-07T23:59:59+01:00,3,3,1171,1159,3367,4614,2871,5384,2842,7575,3251,6297,1401,1625,1600,3206,1308,4795,491,518,1319,1611,1135,1845,1082,2642,1364,2416,680,760,620,1121,433,1665,52394,19702,71,0,0,0,0,7,0
2021-02-06T23:59:59+01:00,3,3,1167,1157,3365,4612,2866,5381,2835,7572,3247,6293,1399,1623,1599,3203,1307,4794,366,369,1118,1359,998,1541,937,2227,1197,1997,590,658,591,1104,430,1662,52348,17144,71,0,0,0,0,7,0
2021-02-05T23:59:59+01:00,3,1,1156,1146,3349,4591,2859,5353,2823,7528,3228,6247,1393,1615,1596,3196,1306,4794,263,207,933,1042,849,1169,762,1771,1018,1588,473,551,564,1084,427,1657,52106,14358,71,0,0,0,0,7,0
2021-02-04T23:59:59+01:00,3,1,1140,1128,3304,4543,2818,5277,2780,7397,3179,6161,1379,1600,1582,3163,1295,4767,134,82,628,667,558,746,520,1158,673,990,292,368,464,938,389,1506,51462,10113,48,0,0,0,0,7,0
2021-02-03T23:59:59+01:00,3,1,1118,1122,3279,4498,2789,5234,2759,7344,3149,6104,1370,1591,1558,3123,1289,4721,116,66,500,516,426,603,417,916,515,745,243,288,364,736,305,1175,51000,7931,45,0,0,0,0,7,0
2021-02-02T23:59:59+01:00,3,1,1097,1109,3242,4466,2759,5180,2732,7268,3113,6040,1347,1563,1524,3066,1264,4632,106,57,414,417,354,525,368,827,462,663,222,265,319,665,280,1054,50355,6998,44,0,0,0,0,7,0
2021-02-01T23:59:59+01:00,3,1,1081,1097,3223,4413,2728,5119,2700,7141,3083,5942,1327,1535,1499,3030,1248,4569,79,42,315,311,261,400,275,616,327,498,184,217,251,526,218,822,49689,5342,44,0,0,0,0,6,0
2021-01-31T23:59:59+01:00,3,1,1076,1087,3208,4384,2703,5075,2685,7085,3069,5897,1315,1518,1479,2966,1225,4491,69,41,289,286,235,350,254,574,297,459,162,199,211,430,177,666,49217,4699,44,0,0,0,0,6,0
2021-01-30T23:59:59+01:00,3,1,1075,1087,3205,4380,2702,5075,2684,7084,3069,5896,1315,1517,1478,2966,1225,4491,69,38,282,272,222,334,249,563,293,453,161,196,210,430,177,666,49206,4615,41,0,0,0,0,6,0
2021-01-29T23:59:59+01:00,3,1,1074,1086,3204,4376,2702,5073,2683,7082,3066,5894,1315,1517,1478,2965,1225,4491,65,34,264,258,199,312,233,546,282,445,155,192,206,424,176,664,49188,4455,41,0,0,0,0,6,0
2021-01-28T23:59:59+01:00,3,1,1053,1066,3137,4270,2647,4962,2625,6926,2998,5763,1301,1495,1462,2899,1203,4370,55,19,167,155,133,188,163,361,207,281,124,149,160,264,102,385,48139,2913,38,0,0,0,0,4,0
2021-01-27T23:59:59+01:00,3,1,1008,1028,3051,4126,2566,4782,2530,6644,2914,5562,1270,1452,1426,2810,1170,4230,26,8,101,71,62,93,84,211,117,147,94,115,116,195,77,277,46541,1794,28,0,0,0,0,4,0
2021-01-26T23:59:59+01:00,2,1,931,998,2935,3991,2487,4597,2448,6464,2843,5405,1244,1400,1332,2654,954,3827,26,8,96,70,61,92,82,211,115,146,92,114,116,195,77,277,44492,1778,17,0,0,0,0,4,0
2021-01-25T23:59:59+01:00,2,1,915,981,2856,3861,2441,4450,2388,6267,2784,5253,1226,1378,1318,2629,944,3794,26,8,95,70,59,91,82,211,115,144,92,114,116,195,77,277,43473,1772,12,0,0,0,0,3,0
2021-01-24T23:59:59+01:00,2,1,905,977,2836,3846,2431,4418,2362,6228,2751,5192,1213,1372,1309,2607,931,3760,26,8,95,70,59,91,82,211,114,144,91,114,116,195,77,277,43129,1770,9,0,0,0,0,3,0
2021-01-23T23:59:59+01:00,2,1,905,977,2836,3845,2431,4418,2361,6227,2750,5192,1211,1371,1309,2607,931,3760,26,8,95,70,59,91,82,211,114,144,91,114,116,195,77,275,43124,1768,8,0,0,0,0,2,0
2021-01-22T23:59:59+01:00,2,1,899,970,2804,3799,2397,4353,2330,6151,2729,5145,1209,1368,1308,2605,930,3757,26,8,95,70,59,91,82,211,114,144,91,114,116,195,77,275,42749,1768,8,0,0,0,0,0,0
2021-01-21T23:59:59+01:00,2,1,883,902,2546,3383,2196,3934,2148,5542,2505,4659,1157,1320,1264,2481,899,3598,22,8,83,64,55,74,68,169,94,133,81,98,98,145,65,212,39412,1469,8,0,0,0,0,0,0
2021-01-20T23:59:59+01:00,2,1,808,840,2234,2977,1989,3465,1916,4933,2248,4181,1045,1176,1106,2135,786,3135,22,8,83,64,55,73,68,169,93,133,81,98,98,145,64,212,34969,1466,8,0,0,0,0,0,0
2021-01-19T23:59:59+01:00,2,1,748,762,1943,2530,1746,3003,1679,4272,2003,3707,972,1079,983,1860,688,2784,11,3,50,45,36,45,35,100,44,77,36,37,48,77,39,137,30755,820,7,0,0,0,0,0,0
2021-01-18T23:59:59+01:00,2,1,678,705,1711,2130,1508,2525,1428,3584,1746,3201,889,992,884,1655,636,2518,5,2,19,11,13,20,17,54,17,33,19,22,25,53,28,75,26789,413,4,0,0,0,0,0,0
2021-01-17T23:59:59+01:00,1,1,495,543,1394,1726,1224,1987,1169,2842,1466,2573,747,838,735,1375,526,2149,0,1,3,2,0,0,0,0,0,0,0,0,0,0,0,0,21788,6,3,0,0,0,0,0,0
2021-01-16T23:59:59+01:00,1,0,372,395,1211,1477,1103,1698,1025,2437,1308,2163,658,736,705,1359,523,2148,0,0,0,0,0,0,0,0,0,0,0,0,0,0,0,0,19317,0,2,0,0,0,0,0,0
2021-01-15T23:59:59+01:00,1,0,266,232,1027,1174,953,1348,856,1983,1124,1761,536,624,667,1326,512,2108,0,0,0,0,0,0,0,0,0,0,0,0,0,0,0,0,16497,0,1,0,0,0,0,0,0
2021-01-14T23:59:59+01:00,0,0,151,102,709,786,660,873,618,1318,756,1139,346,435,554,1142,462,1879,0,0,0,0,0,0,0,0,0,0,0,0,0,0,0,0,11930,0,0,0,0,0,0,0,0
2021-01-13T23:59:59+01:00,0,0,127,81,598,616,536,705,500,1059,597,873,292,361,466,973,403,1611,0,0,0,0,0,0,0,0,0,0,0,0,0,0,0,0,9798,0,0,0,0,0,0,0,0
2021-01-12T23:59:59+01:00,0,0,116,65,514,527,456,603,435,929,526,769,257,312,382,780,337,1263,0,0,0,0,0,0,0,0,0,0,0,0,0,0,0,0,8271,0,0,0,0,0,0,0,0
2021-01-11T23:59:59+01:00,0,0,87,52,418,427,371,492,347,751,418,594,223,261,320,649,277,1064,0,0,0,0,0,0,0,0,0,0,0,0,0,0,0,0,6751,0,0,0,0,0,0,0,0
2021-01-10T23:59:59+01:00,0,0,73,45,352,353,305,408,290,652,348,527,194,232,260,516,220,833,0,0,0,0,0,0,0,0,0,0,0,0,0,0,0,0,5608,0,0,0,0,0,0,0,0
2021-01-09T23:59:59+01:00,0,0,73,43,337,333,280,384,282,636,340,520,193,231,259,514,220,833,0,0,0,0,0,0,0,0,0,0,0,0,0,0,0,0,5478,0,0,0,0,0,0,0,0
2021-01-08T23:59:59+01:00,0,0,69,37,303,299,234,343,254,594,312,481,175,211,234,456,199,732,0,0,0,0,0,0,0,0,0,0,0,0,0,0,0,0,4933,0,0,0,0,0,0,0,0
2021-01-07T23:59:59+01:00,0,0,58,25,213,199,165,243,194,427,241,344,146,172,180,297,127,462,0,0,0,0,0,0,0,0,0,0,0,0,0,0,0,0,3493,0,0,0,0,0,0,0,0
2021-01-06T23:59:59+01:00,0,0,47,16,163,120,118,162,144,299,178,244,116,140,139,231,88,329,0,0,0,0,0,0,0,0,0,0,0,0,0,0,0,0,2534,0,0,0,0,0,0,0,0
2021-01-05T23:59:59+01:00,0,0,29,8,97,72,63,94,86,215,117,152,105,130,130,213,87,308,0,0,0,0,0,0,0,0,0,0,0,0,0,0,0,0,1906,0,0,0,0,0,0,0,0
2021-01-04T23:59:59+01:00,0,0,27,8,97,71,60,92,86,215,117,150,105,129,130,213,87,308,0,0,0,0,0,0,0,0,0,0,0,0,0,0,0,0,1895,0,0,0,0,0,0,0,0
2021-01-03T23:59:59+01:00,0,0,27,8,97,71,60,92,86,215,116,150,104,129,130,213,87,308,0,0,0,0,0,0,0,0,0,0,0,0,0,0,0,0,1893,0,0,0,0,0,0,0,0
2021-01-02T23:59:59+01:00,0,0,27,8,97,71,60,92,86,215,115,150,104,129,130,213,87,307,0,0,0,0,0,0,0,0,0,0,0,0,0,0,0,0,1891,0,0,0,0,0,0,0,0
2021-01-01T23:59:59+01:00,0,0,27,8,97,71,60,92,86,215,114,149,104,129,130,213,87,307,0,0,0,0,0,0,0,0,0,0,0,0,0,0,0,0,1889,0,0,0,0,0,0,0,0
2020-12-31T23:59:59+01:00,0,0,27,8,97,71,60,92,86,215,113,149,104,129,130,213,87,307,0,0,0,0,0,0,0,0,0,0,0,0,0,0,0,0,1888,0,0,0,0,0,0,0,0
2020-12-30T23:59:59+01:00,0,0,27,8,97,71,59,92,86,215,113,149,104,129,130,213,86,307,0,0,0,0,0,0,0,0,0,0,0,0,0,0,0,0,1886,0,0,0,0,0,0,0,0
2020-12-29T23:59:59+01:00,0,0,15,2,65,53,37,61,50,138,64,89,49,54,72,125,56,208,0,0,0,0,0,0,0,0,0,0,0,0,0,0,0,0,1138,0,0,0,0,0,0,0,0
2020-12-28T23:59:59+01:00,0,0,5,2,36,26,24,30,21,67,25,41,21,23,26,48,28,74,0,0,0,0,0,0,0,0,0,0,0,0,0,0,0,0,497,0,0,0,0,0,0,0,0
2020-12-27T23:59:59+01:00,0,0,0,0,7,5,11,2,1,5,0,2,0,1,2,2,4,6,0,0,0,0,0,0,0,0,0,0,0,0,0,0,0,0,48,0,0,0,0,0,0,0,0
