Datum,<15_1_m,<15_1_w,15-24_1_m,15-24_1_w,25-34_1_m,25-34_1_w,35-44_1_m,35-44_1_w,45-54_1_m,45-54_1_w,55-64_1_m,55-64_1_w,65-74_1_m,65-74_1_w,75-84_1_m,75-84_1_w,>84_1_m,>84_1_w,<15_2_m,<15_2_w,15-24_2_m,15-24_2_w,25-34_2_m,25-34_2_w,35-44_2_m,35-44_2_w,45-54_2_m,45-54_2_w,55-64_2_m,55-64_2_w,65-74_2_m,65-74_2_w,75-84_2_m,75-84_2_w,>84_2_m,>84_2_w,bp_1,bp_2,mo_1,mo_2,az_1,az_2,ja,unb_1,unb_2
2021-11-22T23:59:59+01:00,16484,15603,79554,78120,121204,116827,108592,107084,102475,107298,98856,100365,58273,72171,45040,62635,11177,22765,11531,10994,69057,68908,110237,106196,99735,98220,95549,100279,94071,95510,56217,69675,43825,60737,10696,21604,923466,840696,139935,134052,159044,146089,101850,318,354
2021-11-21T23:59:59+01:00,15992,15140,79354,77928,120973,116596,108404,106914,102343,107171,98766,100262,58223,72091,45025,62603,11171,22753,11491,10969,68887,68793,110036,106063,99572,98076,95447,100190,93978,95452,56182,69631,43815,60717,10694,21597,920769,839353,139873,133989,159033,146088,101806,318,354
2021-11-20T23:59:59+01:00,15769,14936,79204,77808,120827,116443,108250,106797,102243,107080,98709,100190,58206,72067,45016,62589,11169,22748,11465,10940,68765,68700,109860,105958,99419,97987,95320,100106,93922,95416,56172,69611,43810,60709,10694,21597,919192,838306,139838,133943,159030,146085,101763,318,354
2021-11-19T23:59:59+01:00,15458,14612,78941,77553,120558,116164,107996,106582,102091,106895,98600,100071,58182,72018,45001,62572,11165,22742,11405,10885,68608,68571,109661,105779,99224,97826,95176,99995,93839,95361,56160,69582,43801,60698,10692,21596,916450,836823,139779,133882,159029,146085,101715,318,354
2021-11-18T23:59:59+01:00,15068,14235,78576,77227,120230,115771,107707,106245,101875,106651,98466,99911,58102,71944,44985,62522,11157,22720,11286,10778,68382,68358,109430,105552,98994,97612,95008,99843,93727,95256,56125,69534,43785,60666,10688,21584,912817,834704,139657,133801,159023,146083,101666,318,354
2021-11-17T23:59:59+01:00,14840,13995,78266,76955,119913,115384,107450,105955,101679,106433,98356,99757,58039,71860,44963,62481,11151,22693,11235,10732,68214,68197,109251,105370,98858,97488,94898,99722,93646,95175,56088,69484,43772,60643,10684,21575,909797,833257,139518,133730,159016,146082,101609,318,354
2021-11-16T23:59:59+01:00,14604,13782,77861,76619,119468,115010,107122,105624,101449,106198,98205,99610,57972,71780,44942,62434,11141,22682,11164,10659,68040,68023,109042,105172,98695,97351,94798,99606,93551,95108,56063,69442,43751,60621,10682,21563,906291,831715,139447,133659,159010,146080,101524,318,353
2021-11-15T23:59:59+01:00,14351,13562,77400,76207,118999,114536,106724,105282,101196,105965,98048,99457,57903,71715,44914,62389,11133,22666,11108,10628,67890,67882,108854,105009,98552,97220,94694,99508,93470,95043,56032,69397,43724,60594,10677,21543,902436,830388,139336,133573,159007,146075,101437,318,352
2021-11-14T23:59:59+01:00,13973,13193,76894,75807,118489,114063,106377,104926,100925,105709,97886,99306,57839,71631,44890,62363,11131,22651,11031,10572,67730,67749,108668,104834,98416,97091,94586,99407,93399,94968,55991,69360,43710,60572,10673,21537,898255,829004,139207,133497,158989,146070,101371,318,352
2021-11-13T23:59:59+01:00,13851,13081,76598,75539,118202,113842,106157,104718,100768,105589,97818,99233,57822,71611,44887,62355,11131,22650,11000,10548,67625,67641,108559,104735,98333,97011,94526,99357,93365,94941,55982,69351,43707,60566,10673,21535,896224,828315,139144,133449,158981,146067,101272,318,352
2021-11-12T23:59:59+01:00,13670,12898,76206,75188,117875,113555,105861,104473,100543,105403,97685,99120,57792,71580,44877,62339,11130,22650,10944,10498,67483,67490,108428,104622,98219,96898,94430,99270,93306,94882,55967,69333,43702,60556,10672,21535,893340,827205,139081,133404,158979,146061,101213,318,352
2021-11-11T23:59:59+01:00,13446,12685,75708,74755,117411,113103,105468,104090,100288,105155,97526,98969,57722,71484,44859,62281,11122,22632,10784,10368,67271,67310,108265,104411,98058,96723,94311,99140,93229,94801,55931,69296,43676,60525,10668,21509,889415,825422,138963,133327,158969,146052,101124,318,351
2021-11-10T23:59:59+01:00,13319,12572,75316,74453,117058,112768,105186,103822,100102,104953,97384,98850,57670,71418,44838,62240,11116,22617,10708,10304,67111,67159,108120,104265,97953,96580,94218,99036,93155,94734,55887,69255,43657,60494,10661,21495,886627,824113,138853,133273,158955,146043,101012,318,351
2021-11-09T23:59:59+01:00,13207,12454,74826,74111,116589,112441,104906,103555,99869,104747,97235,98721,57616,71369,44814,62207,11112,22606,10597,10212,66943,67022,107960,104112,97815,96470,94144,98946,93096,94669,55857,69222,43644,60473,10654,21485,883545,822826,138746,133213,158951,146026,100906,318,350
2021-11-08T23:59:59+01:00,13086,12360,74319,73778,116165,112060,104590,103266,99638,104553,97103,98602,57557,71305,44789,62173,11106,22592,10555,10157,66806,66905,107809,103982,97719,96361,94075,98855,93047,94597,55818,69176,43635,60448,10651,21479,880447,821777,138626,133137,158941,146020,100791,318,350
2021-11-07T23:59:59+01:00,12986,12254,73890,73489,115741,111687,104255,102973,99419,104366,96968,98476,57504,71250,44759,62145,11102,22583,10503,10115,66673,66776,107656,103824,97603,96228,93998,98758,92982,94529,55784,69129,43611,60425,10647,21470,877505,820618,138491,133060,158936,146006,100677,318,350
2021-11-06T23:59:59+01:00,12896,12183,73643,73242,115431,111475,104040,102774,99251,104236,96892,98410,57491,71228,44752,62131,11101,22583,10478,10091,66587,66690,107542,103750,97532,96167,93957,98708,92954,94510,55780,69120,43608,60418,10645,21469,875587,820045,138427,133031,158933,146006,100574,318,350
2021-11-05T23:59:59+01:00,12781,12072,73389,73009,115158,111219,103805,102560,99063,104077,96787,98317,57474,71199,44744,62117,11100,22580,10398,10022,66478,66581,107432,103637,97450,96075,93885,98629,92906,94470,55770,69104,43604,60413,10644,21467,873459,819155,138355,132990,158930,146002,100468,318,350
2021-11-04T23:59:59+01:00,12673,11967,73200,72765,114897,110983,103596,102348,98879,103916,96680,98220,57435,71159,44734,62090,11097,22572,10301,9933,66335,66446,107308,103469,97354,95944,93797,98536,92833,94396,55739,69071,43591,60378,10640,21458,871386,817882,138284,132922,158926,145998,100377,317,350
2021-11-03T23:59:59+01:00,12609,11909,73043,72617,114659,110789,103442,102211,98771,103787,96591,98145,57407,71131,44721,62070,11094,22561,10256,9893,66187,66332,107187,103338,97249,95839,93716,98478,92777,94341,55721,69041,43574,60348,10634,21442,869868,816847,138237,132867,158922,145996,100293,316,350
2021-11-02T23:59:59+01:00,12571,11871,72842,72480,114403,110587,103241,102075,98618,103681,96502,98062,57381,71097,44710,62055,11090,22547,10134,9801,66009,66198,107028,103195,97146,95720,93633,98400,92716,94276,55695,69011,43561,60313,10630,21425,868318,815586,138165,132796,158920,145988,100172,316,349
2021-11-01T23:59:59+01:00,12485,11797,72625,72319,114164,110401,103023,101926,98453,103562,96420,98004,57361,71062,44700,62037,11087,22539,10074,9738,65848,66051,106883,103058,97029,95621,93552,98314,92653,94219,55671,68976,43548,60293,10627,21414,866707,814478,138062,132718,158916,145983,100041,316,349
2021-10-31T23:59:59+01:00,12448,11775,72500,72237,114008,110325,102869,101838,98365,103505,96381,97974,57350,71056,44698,62033,11087,22538,10041,9717,65758,66005,106798,103001,96960,95580,93513,98290,92629,94202,55664,68971,43546,60291,10624,21410,865889,814063,138020,132685,158915,145979,99924,316,349
2021-10-30T23:59:59+02:00,12418,11756,72384,72156,113812,110235,102733,101749,98254,103404,96319,97947,57338,71040,44693,62027,11086,22535,10012,9710,65678,65948,106714,102945,96889,95530,93468,98242,92604,94191,55658,68966,43545,60287,10621,21407,864944,813651,137983,132633,158914,145976,99806,316,349
2021-10-29T23:59:59+02:00,12379,11717,72203,72030,113561,110061,102509,101601,98095,103307,96233,97894,57325,71029,44688,62017,11086,22531,9975,9677,65547,65836,106566,102843,96775,95441,93379,98165,92546,94149,55645,68953,43542,60282,10621,21407,863606,812855,137916,132578,158912,145974,99593,316,349
2021-10-28T23:59:59+02:00,12287,11659,71989,71850,113262,109808,102279,101433,97921,103161,96126,97812,57303,70997,44678,62002,11084,22526,9904,9618,65348,65628,106370,102637,96613,95270,93258,98043,92462,94102,55619,68902,43534,60263,10620,21400,861882,811461,137834,132501,158908,145966,99314,316,349
2021-10-27T23:59:59+02:00,12234,11600,71826,71689,113068,109609,102112,101293,97800,103046,96038,97752,57278,70954,44659,61978,11082,22521,9819,9552,65192,65466,106237,102509,96501,95173,93169,97952,92405,94046,55587,68863,43523,60240,10614,21387,860488,810369,137754,132409,158906,145956,99152,316,349
2021-10-26T23:59:59+02:00,12162,11515,71603,71476,112841,109409,101928,101162,97661,102939,95965,97687,57245,70928,44646,61963,11081,22513,9749,9466,65000,65272,106066,102355,96370,95035,93073,97868,92332,93980,55564,68826,43509,60208,10611,21375,858964,809061,137660,132333,158900,145955,98961,316,349
2021-10-25T23:59:59+02:00,12120,11493,71483,71385,112724,109307,101838,101086,97582,102873,95931,97655,57239,70920,44645,61955,11079,22510,9734,9451,64919,65206,106000,102306,96334,95002,93034,97842,92309,93967,55558,68819,43508,60206,10611,21371,858196,808697,137622,132310,158899,145952,98869,316,349
2021-10-24T23:59:59+02:00,12048,11431,71299,71216,112461,109130,101661,100924,97429,102744,95852,97577,57211,70883,44633,61947,11078,22507,9673,9396,64719,65015,105802,102149,96187,94876,92929,97741,92252,93910,55526,68782,43500,60182,10609,21367,856723,807481,137556,132222,158899,145949,98614,316,349
2021-10-23T23:59:59+02:00,12022,11404,71196,71133,112338,109032,101568,100841,97369,102695,95807,97554,57199,70870,44632,61946,11078,22507,9638,9357,64640,64926,105708,102089,96125,94822,92874,97688,92221,93883,55508,68771,43499,60179,10608,21367,856038,806936,137511,132166,158898,145947,98505,316,349
2021-10-22T23:59:59+02:00,11948,11362,71036,71000,112118,108878,101407,100723,97255,102596,95747,97503,57188,70853,44630,61938,11078,22505,9550,9272,64470,64745,105528,101946,95993,94704,92777,97602,92165,93830,55495,68760,43496,60166,10607,21365,854896,805811,137450,132090,158898,145940,98281,316,349
2021-10-21T23:59:59+02:00,11815,11234,70834,70843,111919,108684,101228,100551,97101,102473,95657,97439,57165,70821,44615,61915,11073,22491,9453,9154,64250,64525,105337,101731,95839,94505,92652,97487,92091,93756,55470,68724,43483,60137,10605,21355,853245,804200,137384,131981,158895,145930,98094,316,349
2021-10-20T23:59:59+02:00,11768,11185,70712,70715,111775,108549,101117,100462,97011,102392,95595,97385,57136,70786,44601,61897,11068,22474,9330,9058,64054,64341,105213,101567,95726,94366,92555,97380,92017,93703,55443,68668,43457,60104,10588,21326,852183,802723,137333,131921,158893,145924,97979,316,349
2021-10-19T23:59:59+02:00,11667,11095,70566,70580,111640,108416,101025,100380,96937,102330,95537,97332,57113,70748,44593,61879,11064,22459,9236,8965,63836,64136,105047,101406,95611,94244,92476,97284,91967,93646,55411,68626,43439,60063,10578,21311,851085,801314,137281,131836,158888,145917,97867,316,348
2021-10-18T23:59:59+02:00,11616,11056,70433,70490,111496,108309,100919,100294,96871,102277,95481,97282,57085,70719,44576,61856,11057,22447,9185,8915,63692,63986,104927,101242,95516,94129,92409,97202,91908,93589,55385,68594,43427,60037,10574,21308,850168,800226,137199,131764,158883,145913,97774,316,348
2021-10-17T23:59:59+02:00,11571,11015,70275,70357,111366,108195,100809,100217,96817,102219,95443,97229,57063,70697,44570,61841,11055,22442,9130,8865,63459,63730,104764,101099,95387,93992,92310,97117,91849,93525,55362,68562,43417,60020,10570,21302,849237,798864,137149,131669,158881,145905,97674,316,348
2021-10-16T23:59:59+02:00,11552,10994,70216,70308,111308,108149,100783,100191,96784,102191,95424,97220,57062,70694,44569,61839,11053,22442,9100,8833,63364,63642,104699,101044,95340,93930,92279,97086,91828,93507,55357,68556,43415,60017,10570,21301,848895,798371,137136,131618,158881,145904,97627,316,348
2021-10-15T23:59:59+02:00,11497,10954,70104,70222,111196,108059,100715,100116,96728,102138,95395,97189,57055,70692,44569,61833,11052,22442,9050,8757,63227,63456,104588,100928,95248,93830,92201,97003,91780,93469,55348,68534,43410,60006,10570,21299,848199,797385,137113,131545,158880,145902,97524,316,348
2021-10-14T23:59:59+02:00,11394,10856,69922,70041,111057,107915,100599,100023,96631,102055,95341,97131,57034,70657,44557,61809,11049,22435,8923,8620,62929,63170,104433,100715,95101,93631,92080,96871,91706,93392,55310,68483,43391,59979,10566,21291,846940,795508,137035,131421,158871,145895,97419,316,348
2021-10-13T23:59:59+02:00,11295,10789,69775,69927,110943,107806,100506,99927,96550,101970,95291,97074,56999,70613,44542,61780,11044,22419,8885,8583,62767,63020,104297,100576,94996,93485,91991,96785,91645,93320,55272,68440,43370,59949,10557,21281,845901,794362,136964,131346,158867,145886,97277,316,348
2021-10-12T23:59:59+02:00,11154,10680,69596,69791,110844,107689,100408,99834,96489,101910,95249,97028,56985,70581,44532,61765,11040,22413,8823,8536,62606,62859,104166,100447,94879,93365,91903,96714,91586,93264,55220,68405,43358,59926,10553,21269,844824,793207,136898,131284,158863,145880,97162,315,346
2021-10-11T23:59:59+02:00,11083,10618,69451,69675,110725,107582,100322,99756,96427,101834,95194,96988,56957,70552,44512,61745,11035,22400,8785,8503,62431,62691,104040,100322,94784,93267,91831,96626,91535,93216,55183,68363,43343,59899,10544,21261,843858,792143,136830,131198,158860,145870,97067,315,346
2021-10-10T23:59:59+02:00,11011,10567,69295,69561,110586,107445,100227,99666,96360,101757,95148,96950,56939,70532,44506,61733,11027,22397,8748,8469,62243,62542,103879,100163,94679,93133,91741,96522,91458,93174,55157,68339,43334,59886,10541,21252,842916,791004,136782,131138,158856,145860,96912,315,346
2021-10-09T23:59:59+02:00,10986,10549,69207,69501,110518,107400,100187,99625,96322,101725,95132,96934,56932,70525,44505,61732,11027,22397,8713,8428,62154,62464,103795,100087,94622,93075,91699,96477,91437,93153,55151,68328,43329,59878,10540,21251,842522,790463,136751,131080,158854,145856,96836,315,346
2021-10-08T23:59:59+02:00,10912,10494,69064,69404,110380,107295,100114,99533,96258,101674,95084,96888,56920,70509,44502,61729,11027,22396,8652,8341,61984,62277,103662,99936,94508,92957,91614,96383,91389,93113,55134,68315,43323,59869,10538,21250,841688,789360,136702,130993,158853,145849,96698,315,345
2021-10-07T23:59:59+02:00,10832,10416,68860,69224,110198,107116,99976,99390,96170,101552,95010,96821,56898,70472,44489,61708,11023,22383,8522,8217,61702,62023,103467,99716,94360,92741,91507,96248,91315,93040,55102,68266,43308,59838,10531,21240,840278,787552,136632,130870,158851,145841,96535,315,345
2021-10-06T23:59:59+02:00,10762,10359,68687,69076,110066,106973,99878,99281,96085,101489,94965,96770,56861,70430,44478,61688,11020,22369,8479,8167,61517,61852,103332,99568,94248,92623,91432,96148,91240,92964,55071,68226,43293,59810,10526,21223,839200,786361,136565,130805,158850,145830,96378,315,345
2021-10-05T23:59:59+02:00,10657,10271,68514,68938,109918,106827,99763,99152,96022,101409,94920,96718,56843,70402,44469,61652,11015,22356,8445,8123,61319,61678,103181,99381,94133,92473,91336,96063,91179,92892,55042,68180,43280,59793,10523,21210,838027,785092,136495,130738,158849,145825,96231,315,345
2021-10-04T23:59:59+02:00,10619,10241,68340,68769,109754,106671,99661,99038,95927,101322,94866,96660,56807,70354,44454,61623,11014,22334,8412,8090,61163,61496,103037,99241,94000,92352,91245,95968,91115,92841,55006,68137,43256,59761,10517,21190,836935,783983,136423,130679,158847,145814,96006,314,345
2021-10-03T23:59:59+02:00,10555,10186,68130,68587,109584,106514,99536,98930,95839,101221,94801,96606,56776,70320,44446,61598,11014,22329,8351,8055,60960,61339,102849,99063,93863,92193,91146,95855,91040,92784,54970,68093,43239,59736,10515,21182,835762,782715,136348,130592,158843,145805,95776,314,345
2021-10-02T23:59:59+02:00,10529,10160,68027,68489,109495,106444,99470,98868,95788,101173,94777,96585,56765,70302,44446,61597,11013,22327,8311,8021,60843,61224,102776,98989,93796,92127,91100,95806,91014,92762,54963,68075,43238,59732,10514,21182,835212,782123,136285,130546,158841,145785,95674,314,345
2021-10-01T23:59:59+02:00,10444,10057,67872,68319,109308,106299,99342,98752,95705,101102,94719,96544,56747,70284,44443,61585,11011,22325,8199,7912,60644,60993,102607,98834,93663,91984,90995,95697,90952,92705,54946,68046,43234,59722,10513,21179,834104,780831,136227,130459,158839,145745,95445,314,345
2021-09-30T23:59:59+02:00,10366,9984,67640,68094,109098,106060,99162,98554,95567,100956,94625,96439,56711,70238,44425,61554,11007,22310,8090,7791,60391,60728,102401,98623,93476,91773,90854,95546,90860,92610,54919,67997,43219,59689,10503,21164,832459,779137,136137,130340,158833,145696,95116,313,345
2021-09-29T23:59:59+02:00,10285,9926,67440,67904,108902,105860,99006,98391,95441,100845,94541,96368,56670,70181,44409,61519,11002,22291,8032,7732,60209,60558,102213,98442,93340,91605,90739,95438,90789,92529,54885,67949,43200,59643,10500,21149,831031,777883,136073,130261,158829,145661,94803,313,344
2021-09-28T23:59:59+02:00,10200,9849,67250,67697,108694,105691,98857,98235,95331,100732,94456,96289,56630,70142,44397,61481,10995,22264,7982,7685,60020,60373,102023,98288,93207,91469,90615,95309,90710,92459,54854,67912,43183,59615,10491,21134,829630,776705,136011,130175,158827,145628,94477,313,344
2021-09-27T23:59:59+02:00,10071,9717,67004,67448,108483,105519,98723,98085,95242,100620,94378,96217,56602,70095,44383,61451,10990,22253,7944,7631,59813,60184,101835,98151,93067,91327,90513,95195,90638,92382,54817,67856,43162,59589,10483,21123,828223,775623,135925,130095,158826,145586,94062,313,344
2021-09-26T23:59:59+02:00,9950,9623,66761,67215,108254,105327,98556,97939,95120,100495,94293,96135,56564,70061,44368,61428,10985,22240,7891,7585,59568,59987,101632,97968,92921,91162,90404,95077,90565,92305,54788,67828,43148,59561,10478,21108,826774,774474,135844,130000,158820,145527,93631,313,344
2021-09-25T23:59:59+02:00,9911,9583,66641,67092,108151,105237,98482,97879,95063,100442,94262,96106,56560,70053,44366,61425,10984,22240,7851,7546,59454,59870,101530,97875,92840,91092,90362,95011,90529,92283,54776,67817,43144,59557,10478,21108,826219,773921,135782,129948,158820,145499,93411,313,344
2021-09-24T23:59:59+02:00,9850,9522,66477,66908,107978,105064,98334,97730,94942,100337,94192,96051,56545,70036,44358,61412,10984,22238,7753,7434,59229,59640,101345,97681,92711,90944,90252,94904,90444,92217,54755,67795,43142,59552,10477,21105,825189,772724,135710,129882,158820,145437,92993,313,344
2021-09-23T23:59:59+02:00,9758,9399,66153,66570,107712,104805,98139,97499,94781,100173,94089,95941,56499,69977,44334,61383,10978,22209,7637,7314,58931,59358,101101,97446,92521,90733,90116,94750,90346,92109,54706,67745,43120,59524,10476,21082,823379,771161,135589,129772,158814,145368,92370,313,344
2021-09-22T23:59:59+02:00,9688,9319,65818,66244,107502,104588,97940,97293,94625,100038,93960,95843,56452,69908,44300,61339,10967,22187,7581,7273,58751,59177,100921,97276,92341,90596,90000,94629,90238,92033,54672,67700,43092,59492,10470,21066,821616,770123,135475,129693,158809,145285,91863,313,344
2021-09-21T23:59:59+02:00,9601,9231,65589,65996,107294,104408,97765,97134,94510,99929,93880,95773,56403,69857,44282,61296,10960,22173,7543,7236,58558,58993,100727,97118,92199,90463,89911,94540,90147,91958,54633,67642,43072,59454,10461,21048,820159,769064,135393,129598,158806,145222,91475,313,344
2021-09-20T23:59:59+02:00,9539,9174,65305,65687,107093,104224,97606,96966,94403,99829,93813,95697,56363,69814,44262,61253,10955,22162,7486,7181,58366,58838,100542,96973,92046,90309,89770,94438,90066,91887,54586,67604,43045,59418,10455,21031,818732,768055,135313,129516,158800,145075,91051,313,344
2021-09-19T23:59:59+02:00,9488,9130,65024,65512,106864,104030,97456,96798,94263,99728,93709,95620,56334,69761,44252,61229,10953,22151,7448,7139,58124,58643,100297,96795,91861,90140,89585,94266,89948,91802,54549,67543,43027,59384,10454,21018,817402,766844,135230,129398,158796,144812,90625,313,344
2021-09-18T23:59:59+02:00,9455,9085,64931,65409,106743,103934,97345,96711,94197,99658,93675,95592,56326,69752,44248,61224,10951,22150,7408,7098,58002,58523,100190,96695,91738,90059,89514,94203,89911,91772,54539,67538,43020,59381,10452,21014,816828,766206,135140,129333,158794,144800,90375,313,343
2021-09-17T23:59:59+02:00,9376,8999,64734,65248,106565,103776,97176,96557,94068,99560,93602,95516,56310,69725,44237,61218,10945,22144,7317,6999,57795,58287,99999,96533,91582,89938,89396,94097,89834,91710,54524,67512,43012,59374,10452,21011,815723,765067,135051,129236,158790,144783,89943,313,343
2021-09-16T23:59:59+02:00,9286,8891,64455,64943,106285,103519,96940,96319,93880,99382,93500,95423,56259,69670,44224,61190,10938,22130,7226,6888,57545,58015,99728,96303,91388,89724,89221,93935,89732,91622,54478,67461,42990,59352,10447,21000,813905,763557,134961,129099,158780,144720,89338,313,341
2021-09-15T23:59:59+02:00,9216,8836,64103,64649,106085,103307,96733,96125,93746,99220,93399,95337,56222,69613,44189,61160,10933,22103,7177,6839,57367,57855,99535,96141,91218,89566,89116,93823,89628,91557,54446,67414,42965,59320,10443,20980,812161,762499,134906,128982,158776,144686,88882,313,341
2021-09-14T23:59:59+02:00,9174,8787,63815,64440,105845,103089,96536,95945,93616,99081,93283,95251,56174,69553,44163,61122,10928,22087,7135,6803,57163,57673,99356,95954,91050,89403,88985,93712,89548,91485,54410,67374,42943,59293,10438,20965,810617,761457,134836,128891,158769,144586,88416,313,340
2021-09-13T23:59:59+02:00,9138,8753,63518,64175,105616,102858,96367,95778,93472,98945,93196,95154,56123,69499,44146,61088,10921,22075,7103,6766,56956,57488,99158,95763,90897,89247,88852,93606,89462,91411,54372,67326,42923,59264,10435,20948,809107,760358,134746,128777,158759,144544,87959,313,339
2021-09-12T23:59:59+02:00,9085,8705,63203,63930,105368,102610,96156,95551,93309,98817,93098,95072,56072,69449,44129,61057,10917,22064,7065,6736,56755,57327,98914,95554,90728,89078,88719,93489,89365,91335,54329,67268,42902,59235,10431,20931,807564,759326,134647,128648,158755,144473,87375,313,339
2021-09-11T23:59:59+02:00,9038,8672,63083,63797,105224,102492,96053,95441,93223,98738,93059,95040,56057,69434,44124,61045,10917,22063,7012,6710,56607,57236,98763,95449,90629,88980,88620,93423,89328,91309,54319,67248,42898,59225,10431,20930,806879,758732,134592,128568,158753,144454,87025,313,338
2021-09-10T23:59:59+02:00,8944,8561,62842,63532,105024,102279,95880,95252,93078,98612,92964,94968,56022,69405,44110,61027,10917,22061,6932,6632,56360,57027,98565,95263,90447,88796,88487,93293,89242,91238,54297,67227,42885,59206,10431,20926,805489,757567,134528,128450,158750,144439,86460,313,338
2021-09-09T23:59:59+02:00,8846,8462,62522,63254,104747,101959,95642,94964,92899,98385,92828,94851,55981,69340,44089,60998,10907,22040,6829,6529,56105,56802,98311,95013,90215,88564,88324,93138,89099,91153,54254,67177,42864,59177,10425,20920,803503,756143,134423,128264,158746,144365,85791,313,336
2021-09-08T23:59:59+02:00,8785,8411,62296,63017,104521,101720,95448,94740,92729,98211,92711,94719,55946,69273,44055,60959,10894,22016,6798,6499,55944,56645,98119,94803,90054,88367,88164,92991,88980,91047,54215,67115,42829,59137,10413,20886,801991,755119,134315,128114,158735,144278,85159,313,336
2021-09-07T23:59:59+02:00,8734,8358,62057,62799,104296,101480,95264,94549,92585,98070,92610,94641,55912,69224,44026,60904,10885,21993,6752,6463,55747,56478,97900,94608,89868,88203,88032,92881,88883,90956,54173,67069,42805,59106,10408,20867,800498,754032,134209,127985,158730,144148,84699,313,335
2021-09-06T23:59:59+02:00,8692,8315,61848,62622,104087,101307,95122,94387,92467,97938,92523,94565,55854,69165,44004,60875,10878,21960,6709,6426,55575,56310,97696,94442,89698,88045,87904,92753,88785,90875,54120,67018,42785,59061,10398,20842,799243,752919,134118,127847,158719,144063,84278,313,335
2021-09-05T23:59:59+02:00,8631,8265,61631,62414,103916,101119,94966,94217,92341,97824,92446,94498,55826,69124,43994,60854,10873,21953,6656,6370,55369,56107,97498,94243,89510,87882,87761,92626,88702,90788,54071,66969,42768,59038,10393,20826,798038,751748,134037,127676,158716,143967,83851,312,335
2021-09-04T23:59:59+02:00,8580,8235,61512,62302,103826,101021,94864,94130,92283,97756,92411,94472,55816,69113,43987,60844,10873,21952,6628,6326,55243,55991,97377,94116,89393,87782,87693,92545,88652,90754,54056,66958,42762,59027,10393,20825,797435,751093,133989,127553,158712,143949,83591,312,335
2021-09-03T23:59:59+02:00,8502,8160,61317,62117,103652,100863,94712,93982,92177,97643,92339,94421,55788,69086,43979,60829,10871,21944,6561,6260,55034,55805,97177,93899,89202,87586,87547,92374,88559,90676,54024,66924,42751,59008,10389,20822,796307,749838,133935,127326,158704,143913,83186,312,335
2021-09-02T23:59:59+02:00,8380,8068,61054,61868,103393,100616,94509,93757,91986,97473,92219,94318,55740,69028,43956,60794,10866,21922,6461,6178,54764,55544,96878,93615,88953,87311,87323,92163,88415,90559,53979,66842,42720,58957,10379,20785,794616,748165,133823,126969,158692,143792,82565,312,335
2021-09-01T23:59:59+02:00,8315,7986,60841,61653,103193,100444,94360,93601,91865,97343,92112,94242,55696,68978,43938,60770,10858,21903,6404,6115,54507,55322,96650,93391,88757,87097,87145,91998,88273,90448,53914,66752,42682,58915,10371,20764,793344,746712,133747,126709,158676,143673,82080,312,331
2021-08-31T23:59:59+02:00,8233,7910,60629,61397,102985,100256,94180,93438,91741,97225,91985,94159,55649,68924,43912,60731,10847,21887,6342,6045,54253,55058,96377,93142,88539,86862,86987,91838,88109,90342,53870,66679,42656,58860,10363,20745,791941,745208,133667,126402,158665,143562,81564,312,331
2021-08-30T23:59:59+02:00,8137,7834,60423,61210,102804,100108,94056,93301,91623,97122,91915,94080,55615,68893,43896,60697,10842,21871,6270,5980,54000,54863,96132,92906,88323,86631,86806,91694,87982,90217,53811,66599,42615,58797,10346,20716,790813,743762,133609,126089,158658,143414,81095,312,328
2021-08-29T23:59:59+02:00,8061,7756,60145,60969,102564,99909,93871,93126,91483,97005,91825,93988,55570,68843,43872,60667,10840,21862,6162,5869,53648,54553,95812,92612,88032,86373,86571,91498,87828,90090,53743,66523,42585,58757,10340,20699,789443,741844,133518,125753,158641,143268,80502,312,328
2021-08-28T23:59:59+02:00,8004,7690,60004,60857,102456,99800,93768,93042,91398,96931,91779,93958,55556,68830,43864,60663,10839,21860,6123,5802,53470,54404,95650,92479,87897,86262,86460,91411,87760,90047,53726,66503,42576,58750,10338,20698,788818,741025,133479,125648,158637,143242,80113,312,328
2021-08-27T23:59:59+02:00,7938,7604,59820,60661,102285,99631,93626,92914,91285,96825,91691,93899,55534,68801,43855,60646,10838,21857,6044,5731,53227,54156,95353,92201,87674,86054,86282,91253,87652,89947,53684,66467,42561,58724,10333,20695,787822,739438,133417,125447,158599,143205,79620,312,328
2021-08-26T23:59:59+02:00,7852,7505,59577,60412,102053,99411,93406,92688,91106,96644,91585,93802,55483,68736,43822,60618,10832,21845,5972,5664,52884,53867,94983,91846,87336,85742,86041,90991,87495,89815,53619,66378,42515,58680,10326,20683,786326,737497,133319,125038,158576,143072,78904,312,326
2021-08-25T23:59:59+02:00,7779,7415,59346,60214,101880,99269,93254,92505,90986,96521,91475,93722,55444,68684,43789,60574,10827,21822,5900,5604,52576,53614,94675,91589,87109,85496,85842,90803,87363,89688,53552,66294,42467,58613,10320,20653,785103,735753,133237,124728,158565,143002,78350,311,325
2021-08-24T23:59:59+02:00,7729,7363,59126,59996,101694,99096,93088,92342,90874,96393,91390,93650,55406,68630,43763,60531,10821,21797,5855,5537,52252,53352,94323,91305,86806,85244,85633,90612,87211,89528,53467,66199,42420,58547,10312,20631,783964,733935,133146,124424,158558,142781,77770,311,324
2021-08-23T23:59:59+02:00,7673,7309,58918,59786,101523,98937,92957,92180,90779,96308,91313,93564,55368,68585,43734,60505,10817,21778,5792,5475,51928,53079,93980,91023,86562,84968,85438,90440,87075,89401,53387,66108,42385,58497,10305,20613,782799,732028,133073,124136,158548,142605,77364,310,323
2021-08-22T23:59:59+02:00,7601,7254,58723,59603,101318,98776,92798,92044,90684,96192,91232,93496,55332,68537,43720,60481,10811,21764,5711,5392,51555,52727,93575,90620,86250,84662,85201,90213,86903,89276,53307,66002,42353,58436,10297,20592,781767,729700,132970,123822,158536,142388,76843,310,319
2021-08-21T23:59:59+02:00,7548,7216,58586,59479,101182,98671,92692,91940,90585,96131,91174,93461,55312,68515,43712,60464,10809,21761,5519,5204,51219,52425,93407,90471,86079,84504,85054,90086,86817,89213,53276,65978,42343,58420,10296,20586,781087,728167,132894,123593,158535,142346,76472,310,319
2021-08-20T23:59:59+02:00,7496,7164,58431,59304,101010,98515,92542,91803,90467,96006,91096,93399,55290,68490,43702,60447,10807,21756,5393,5102,50883,52074,93145,90198,85815,84270,84839,89881,86684,89101,53245,65937,42320,58396,10289,20579,780125,726191,132844,123383,158529,142280,75978,309,319
2021-08-19T23:59:59+02:00,7429,7103,58180,59069,100734,98287,92335,91611,90307,95839,90968,93295,55247,68430,43677,60416,10800,21742,5276,4977,50439,51634,92711,89793,85409,83860,84526,89566,86469,88916,53172,65829,42281,58334,10279,20561,778754,723470,132710,122937,158522,142072,75235,308,318
2021-08-18T23:59:59+02:00,7365,7048,57992,58907,100547,98106,92188,91447,90164,95716,90867,93199,55180,68366,43648,60371,10790,21722,5181,4877,50084,51260,92332,89461,85084,83528,84247,89316,86277,88742,53058,65714,42210,58242,10264,20532,777586,721060,132621,122545,158515,141832,74654,307,318
2021-08-17T23:59:59+02:00,7303,6997,57803,58748,100352,97930,92021,91295,90040,95584,90770,93108,55140,68319,43624,60343,10788,21707,5060,4744,49588,50835,91879,89040,84679,83168,83916,89019,86070,88540,52955,65589,42152,58165,10258,20508,776461,718024,132517,122135,158502,141542,74146,306,318
2021-08-16T23:59:59+02:00,7243,6931,57618,58570,100149,97755,91872,91134,89899,95464,90655,93011,55088,68257,43594,60292,10781,21693,4850,4560,49017,50253,91404,88583,84210,82766,83583,88723,85840,88335,52849,65473,42093,58087,10249,20470,775281,714462,132426,121691,158495,141316,73558,306,318
2021-08-15T23:59:59+02:00,7177,6883,57395,58379,99963,97571,91713,90991,89774,95357,90567,92950,55050,68216,43574,60263,10777,21686,4451,4160,47893,49106,90758,87891,83653,82220,83188,88333,85552,88129,52741,65349,42048,58028,10240,20451,774188,708630,132314,121061,158487,141133,73051,306,316
2021-08-14T23:59:59+02:00,7145,6850,57272,58290,99820,97469,91606,90914,89685,95288,90516,92905,55034,68199,43569,60256,10776,21685,4422,4137,47736,48962,90525,87717,83435,82009,83062,88232,85482,88085,52713,65318,42039,58017,10239,20449,773654,707802,132256,120737,158482,141083,72641,306,316
2021-08-13T23:59:59+02:00,7098,6805,57116,58155,99661,97341,91476,90774,89578,95172,90435,92841,55004,68148,43555,60232,10774,21678,4363,4076,47427,48638,90040,87307,83030,81630,82798,87997,85310,87944,52669,65250,42017,57992,10236,20437,772811,705552,132196,120178,158475,141002,72116,304,313
2021-08-12T23:59:59+02:00,7063,6755,56909,57991,99446,97164,91298,90606,89432,95027,90341,92760,54967,68095,43529,60198,10766,21661,4311,4013,47005,48241,89389,86735,82446,81079,82421,87669,85080,87763,52594,65147,41964,57933,10226,20419,771734,702558,132092,119339,158463,140752,71474,304,312
2021-08-11T23:59:59+02:00,7027,6700,56719,57819,99235,96983,91140,90465,89300,94909,90230,92658,54915,68035,43497,60159,10756,21646,4237,3964,46585,47778,88757,86081,81860,80569,82082,87361,84809,87520,52505,65003,41891,57808,10207,20370,770597,699358,131993,118382,158440,140415,70921,301,311
2021-08-10T23:59:59+02:00,6966,6652,56531,57651,99012,96830,90983,90314,89171,94793,90145,92580,54872,67988,43481,60119,10752,21633,4172,3899,46144,47297,88109,85448,81252,80024,81669,86979,84562,87301,52384,64893,41831,57725,10193,20339,769525,695986,131897,117439,158421,140097,70388,301,311
2021-08-09T23:59:59+02:00,6914,6593,56358,57490,98819,96672,90827,90176,89029,94694,90034,92516,54831,67938,43456,60084,10745,21618,4103,3821,45574,46727,87274,84768,80562,79436,81254,86626,84268,87075,52272,64760,41775,57624,10179,20297,768483,692124,131824,116377,158411,139751,69835,300,308
2021-08-08T23:59:59+02:00,6843,6524,56133,57301,98605,96479,90644,90010,88892,94571,89939,92441,54776,67890,43430,60050,10738,21597,4047,3760,44968,46112,86201,83823,79655,78619,80705,86147,83934,86774,52137,64606,41711,57533,10166,20270,767252,686961,131709,115192,158390,139437,69271,299,307
2021-08-07T23:59:59+02:00,6799,6473,55989,57178,98464,96363,90512,89908,88797,94513,89877,92400,54757,67863,43427,60040,10735,21592,3586,3385,44126,45220,85861,83482,79178,78177,80342,85795,83753,86629,52074,64522,41690,57497,10161,20261,766578,683218,131647,114045,158385,139334,68836,299,306
2021-08-06T23:59:59+02:00,6743,6424,55797,57025,98232,96176,90358,89778,88670,94398,89779,92329,54717,67835,43418,60013,10732,21588,3202,2986,43204,44323,85388,83013,78591,77620,79952,85408,83562,86481,52022,64457,41664,57466,10153,20248,765604,679232,131548,112764,158378,139198,68241,299,305
2021-08-05T23:59:59+02:00,6675,6352,55476,56774,97928,95903,90093,89556,88455,94202,89608,92193,54652,67745,43389,59961,10723,21570,2685,2538,41954,43149,84649,82326,77804,76818,79354,84840,83202,86179,51891,64298,41604,57363,10138,20215,763925,673625,131419,111122,158365,138651,67305,299,304
2021-08-04T23:59:59+02:00,6594,6302,55230,56582,97660,95688,89904,89388,88311,94061,89489,92094,54599,67694,43351,59914,10719,21560,2613,2478,41467,42650,83405,81273,76450,75674,78863,84382,82882,85931,51750,64160,41546,57275,10122,20189,762615,668400,131312,109605,158351,138180,66621,299,304
2021-08-03T23:59:59+02:00,6528,6236,54972,56387,97424,95492,89725,89222,88167,93915,89343,91972,54521,67613,43314,59856,10711,21552,2558,2436,41026,42217,82158,80133,75024,74483,78253,83814,82333,85438,51535,63956,41445,57119,10109,20153,761226,662557,131207,107904,158327,137475,65950,298,304
2021-08-02T23:59:59+02:00,6466,6173,54732,56183,97161,95268,89500,89047,87996,93772,89201,91859,54438,67540,43281,59803,10708,21532,2507,2371,40541,41713,80827,79019,73468,73271,77621,83249,81791,84953,51364,63752,41370,56998,10092,20119,759785,656438,131057,106143,158304,136869,65275,297,301
2021-08-01T23:59:59+02:00,6399,6088,54461,55917,96891,94998,89263,88871,87791,93626,89035,91748,54369,67454,43244,59751,10701,21525,2428,2318,40020,41212,79532,77935,72051,72167,76721,82495,81204,84486,51173,63514,41282,56893,10081,20095,758167,650232,130861,104238,158278,136254,64588,294,295
2021-07-31T23:59:59+02:00,6363,6050,54338,55823,96769,94903,89160,88804,87700,93554,88990,91711,54357,67444,43238,59747,10701,21524,1903,1868,39058,40183,79081,77493,71514,71612,76337,82167,81089,84390,51154,63480,41266,56881,10081,20092,757680,645539,130691,103364,158275,136159,64292,294,295
2021-07-30T23:59:59+02:00,6308,6015,54160,55676,96609,94725,89002,88655,87568,93439,88907,91641,54320,67413,43225,59729,10699,21522,1436,1418,38043,39120,78371,76834,70753,70876,75823,81638,80687,84065,51077,63391,41232,56821,10075,20080,756775,639317,130375,102224,158270,135949,63956,293,294
2021-07-29T23:59:59+02:00,6257,5956,53922,55491,96348,94499,88788,88445,87395,93263,88766,91513,54260,67349,43202,59688,10690,21501,949,952,36791,37875,77311,75960,69701,69925,75013,80875,80149,83636,50944,63226,41165,56725,10058,20053,755518,631522,129893,100667,158253,135392,63433,292,294
2021-07-28T23:59:59+02:00,6220,5903,53718,55319,96139,94292,88636,88263,87282,93121,88654,91415,54201,67272,43168,59640,10680,21469,908,902,36176,37264,76138,74980,68419,68822,74249,80158,79656,83175,50801,63024,41097,56620,10042,20012,754327,625153,129444,99250,158237,134600,63148,292,292
2021-07-27T23:59:59+02:00,6170,5861,53482,55096,95877,94078,88452,88078,87124,92965,88530,91317,54146,67196,43127,59577,10666,21421,847,846,35514,36491,74673,73727,66965,67602,73381,79311,79110,82652,50626,62811,41018,56499,10017,19970,752900,617806,129013,97795,158214,133368,62800,292,291
2021-07-26T23:59:59+02:00,6113,5808,53261,54888,95633,93887,88252,87906,86959,92829,88401,91215,54084,67115,43098,59520,10659,21399,791,787,34742,35647,73149,72391,65591,66362,72334,78317,78515,82118,50452,62593,40939,56349,9995,19925,751542,609691,128589,96263,158195,132287,62466,291,290
2021-07-25T23:59:59+02:00,6075,5764,53053,54682,95377,93656,88076,87711,86801,92697,88292,91117,54032,67049,43070,59476,10649,21364,679,678,34037,34880,71798,71181,64480,65346,71333,77402,78038,81663,50331,62404,40874,56261,9989,19890,750123,602688,128314,94704,158173,131486,62096,291,290
2021-07-24T23:59:59+02:00,5988,5707,52777,54385,95067,93343,87830,87501,86625,92540,88192,91036,54003,67015,43058,59453,10649,21358,630,627,33525,34381,70928,70483,63813,64787,70454,76702,77834,81512,50276,62361,40852,56236,9989,19888,748244,598248,128260,93768,158172,131357,61615,291,290
2021-07-23T23:59:59+02:00,5935,5651,52503,54113,94663,93054,87526,87283,86443,92361,88050,90943,53967,66967,43050,59435,10646,21352,577,582,32991,33718,69861,69616,63027,64114,69547,75851,77432,81182,50200,62262,40820,56197,9982,19874,746175,592574,128186,92609,158166,131181,61179,291,290
2021-07-22T23:59:59+02:00,5865,5588,52084,53711,94181,92603,87139,86944,86133,92060,87838,90756,53882,66873,43021,59375,10638,21326,502,519,32274,32982,68545,68622,61978,63234,67929,74494,76776,80665,50048,62054,40728,56082,9961,19834,743108,586087,127953,89854,158140,130416,60581,290,289
2021-07-21T23:59:59+02:00,5812,5534,51711,53323,93746,92186,86829,86644,85878,91815,87664,90568,53797,66786,42962,59308,10627,21298,452,461,31652,32321,67209,67579,60886,62340,65887,72800,75867,79917,49758,61744,40567,55894,9937,19777,740290,579775,127714,85525,158109,129320,60139,290,289
2021-07-20T23:59:59+02:00,5753,5470,51322,52928,93281,91715,86460,86318,85609,91559,87440,90371,53705,66652,42913,59250,10620,21273,405,417,30986,31657,65741,66383,59755,61376,64708,71738,75251,79358,49552,61513,40461,55734,9913,19714,737308,572697,127492,83840,158054,128287,59549,290,289
2021-07-19T23:59:59+02:00,5676,5396,50849,52468,92809,91234,86090,85985,85360,91346,87234,90190,53612,66531,42877,59171,10602,21238,361,364,30437,31068,64575,65325,58839,60517,63554,70701,74648,78840,49378,61316,40371,55586,9885,19670,734029,566898,127263,82031,158018,127096,59122,290,288
2021-07-18T23:59:59+02:00,5607,5326,50022,51651,91731,90179,85358,85369,84878,90913,86941,89898,53505,66384,42814,59075,10592,21207,324,320,29890,30478,63383,64251,57914,59599,62376,69673,74097,78341,49230,61153,40312,55502,9873,19641,727547,561046,126933,80000,158001,126289,58735,288,287
2021-07-17T23:59:59+02:00,5433,5139,49669,51317,91588,90043,85163,85210,84719,90775,86833,89816,53485,66357,42803,59063,10591,21204,272,265,29500,30090,62737,63649,57353,59176,61622,68937,73789,78098,49119,61035,40273,55444,9863,19630,726367,558006,126755,79032,157997,125673,57854,288,287
2021-07-16T23:59:59+02:00,5332,5048,49344,51017,91323,89820,84914,85012,84520,90591,86695,89709,53443,66324,42785,59049,10588,21199,237,230,28994,29580,61794,62734,56505,58488,60567,67897,73288,77677,48957,60846,40226,55375,9858,19621,724980,553019,126582,77710,157990,124931,56927,287,287
2021-07-15T23:59:59+02:00,5196,4914,48863,50602,90921,89437,84555,84632,84217,90312,86472,89540,53360,66233,42731,58980,10578,21171,188,197,28263,28947,60474,61662,55368,57501,59152,66582,72551,77086,48724,60582,40136,55243,9842,19566,722489,547163,126164,75503,157955,123254,55859,286,285
2021-07-14T23:59:59+02:00,5090,4799,48505,50222,90617,89141,84263,84317,83968,90075,86271,89382,53271,66125,42673,58891,10561,21141,169,174,27726,28371,59374,60664,54399,56655,58274,65730,71941,76497,48455,60304,40030,55068,9819,19522,720310,541716,125804,74579,157911,121553,55041,285,283
2021-07-13T23:59:59+02:00,4978,4682,48095,49838,90221,88784,83955,84007,83698,89813,86063,89213,53160,66020,42618,58827,10555,21120,153,164,27055,27686,58001,59475,53204,55664,57283,64816,71213,75857,48177,59979,39902,54889,9787,19470,717926,535346,125431,73462,157855,119498,54188,285,281
2021-07-12T23:59:59+02:00,4807,4511,47537,49317,89825,88443,83558,83683,83448,89550,85873,89052,53079,65925,42571,58764,10543,21105,144,156,26418,27020,56497,58123,51917,54600,56060,63671,70466,75234,47800,59549,39727,54664,9745,19405,715185,528030,125062,72440,157794,117142,53304,284,280
2021-07-11T23:59:59+02:00,4413,4137,46586,48388,89394,88008,83143,83296,83137,89261,85677,88902,52989,65831,42545,58708,10532,21088,132,148,25812,26453,55117,56865,50619,53554,55019,62639,69871,74682,47451,59165,39603,54489,9720,19363,711203,521391,124589,71432,157754,115353,52247,280,279
2021-07-10T23:59:59+02:00,4400,4124,46254,48040,88940,87527,82812,82984,83030,89161,85612,88845,52968,65808,42536,58694,10531,21084,129,140,25322,25912,54025,55917,49758,52968,54417,62071,69655,74496,47083,58746,39503,54385,9715,19352,710531,517060,124121,71347,157578,114030,50878,279,279
2021-07-09T23:59:59+02:00,4380,4112,45830,47596,88318,86963,82434,82640,82781,88970,85496,88752,52932,65779,42529,58681,10527,21075,123,125,24617,25135,52697,54682,48813,52087,53637,61219,69231,74090,46724,58336,39415,54294,9708,19340,709100,510866,123533,70941,157414,112678,49509,276,279
2021-07-08T23:59:59+02:00,4350,4085,45277,47091,87454,86248,81896,82123,82525,88724,85302,88598,52864,65712,42497,58634,10516,21059,115,108,23619,24184,50752,53097,47429,50934,52497,60089,68537,73452,46201,57779,39278,54130,9680,19272,706954,503088,122638,69661,157125,110139,47987,275,278
2021-07-07T23:59:59+02:00,4327,4058,44696,46495,86608,85482,81336,81638,82239,88427,85093,88434,52784,65610,42454,58570,10508,21039,103,93,22720,23265,48798,51407,45912,49797,51253,58906,67833,72916,45464,57035,39082,53892,9646,19214,704411,494877,121637,68550,156869,107023,46610,273,276
2021-07-06T23:59:59+02:00,4294,4037,44147,45970,85738,84743,80719,81043,81869,88096,84916,88258,52695,65530,42416,58508,10499,21014,94,83,21878,22385,46790,49624,44522,48546,49970,57563,67088,72196,44632,56260,38897,53653,9628,19159,701739,485871,120617,67469,156570,104055,45297,271,276
2021-07-05T23:59:59+02:00,4272,4001,42983,44970,84218,83641,79992,80421,81410,87672,84637,87992,52580,65393,42365,58430,10485,20986,83,71,20684,21308,44826,48021,43502,47584,48941,56600,66390,71578,43869,55397,38723,53428,9603,19119,698387,479859,119560,66597,156205,100965,42030,268,276
2021-07-04T23:59:59+02:00,4244,3978,41617,43737,82575,82328,79265,79817,80937,87246,84363,87788,52488,65268,42322,58378,10472,20957,80,64,19329,20092,43031,46503,42800,46839,48127,55746,65810,71009,43124,54544,38560,53234,9583,19071,695244,475186,118405,65660,155782,98342,38083,268,275
2021-07-03T23:59:59+02:00,3777,3563,40032,42168,81703,81668,78777,79330,80493,86770,84146,87616,52421,65167,42303,58325,10469,20951,76,63,18520,19396,42110,45807,42382,46462,47721,55347,65645,70843,42534,53814,38497,53133,9576,19061,691455,473240,117097,65560,155698,96749,35163,268,275
2021-07-02T23:59:59+02:00,3219,2991,38472,40661,80966,80940,78106,78620,79973,86266,83904,87412,52370,65081,42275,58278,10457,20938,67,55,17746,18659,40952,44841,41645,45762,46887,54564,65122,70391,41581,52609,38367,52944,9560,19042,686381,468141,115693,65089,155548,94246,33044,265,274
2021-07-01T23:59:59+02:00,2570,2444,36747,38988,79982,80063,77265,77787,79269,85629,83589,87134,52245,64925,42212,58177,10439,20908,56,43,16853,17718,39404,43599,40429,44698,45581,53430,64375,69806,40688,51467,38217,52734,9543,19010,680014,461670,113963,63436,155328,91467,30805,265,273
2021-06-30T23:59:59+02:00,2528,2414,35729,37962,78138,78557,75565,76298,78624,85079,83303,86840,52116,64762,42152,58080,10427,20881,47,33,15810,16726,37723,42372,39228,43594,44425,52366,63619,69174,40141,50780,38098,52534,9521,18975,674131,455507,112222,62094,155118,89573,27721,265,271
2021-06-29T23:59:59+02:00,2491,2382,34891,37052,76532,77064,73951,74884,77824,84362,82756,86347,51933,64543,42076,57949,10410,20845,34,24,14972,15813,36406,41227,38316,42768,43203,51309,62901,68588,39429,49842,37962,52315,9499,18931,667742,450296,110347,60260,154849,87622,25091,265,270
2021-06-28T23:59:59+02:00,2450,2348,34062,36224,74913,75651,72268,73488,76802,83573,82152,85848,51758,64315,41999,57843,10397,20813,25,19,14220,15047,35348,40199,37493,42035,42074,50312,62246,68038,38551,48755,37795,52092,9479,18886,661239,445419,108386,58746,154253,85416,22763,265,270
2021-06-27T23:59:59+02:00,2435,2333,33322,35468,73347,74279,70859,72279,75405,82453,81474,85293,51561,64098,41934,57725,10387,20784,20,19,13579,14403,34385,39437,36835,41436,41135,49460,61704,67595,37685,47720,37643,51913,9464,18855,655013,441484,106453,57978,153300,83151,20407,264,268
2021-06-26T23:59:59+02:00,1797,1725,32276,34352,72983,73958,70393,71815,75113,82142,81381,85215,51541,64070,41919,57715,10386,20781,20,18,13384,14191,33715,38893,36188,41012,40612,49124,60712,66585,36688,46584,37474,51700,9450,18822,650194,435480,105515,57923,153296,81208,20295,263,266
2021-06-25T23:59:59+02:00,1177,1129,31146,33162,72479,73424,69779,71121,74686,81692,81001,84889,51479,63983,41886,57672,10381,20767,17,16,13043,13794,32861,38096,35317,40193,39655,48283,59500,65350,36173,45883,37282,51399,9427,18781,643820,427030,104321,57474,153291,80142,20159,263,265
2021-06-24T23:59:59+02:00,564,570,29797,31830,71690,72665,68905,70237,74010,81058,80551,84525,51371,63853,41833,57602,10370,20734,14,13,12370,13077,31679,36795,34092,38924,38516,47165,57862,63976,35693,45365,37125,51209,9408,18722,635950,417639,102835,55912,153179,78252,19940,262,262
2021-06-23T23:59:59+02:00,537,537,29287,31265,70574,71680,67634,69096,73260,80369,80101,84117,51259,63679,41775,57506,10354,20702,12,12,11870,12538,30682,35551,33154,37698,37491,46284,55914,62254,35140,44797,36957,50983,9387,18657,629690,407822,101254,54851,153076,76997,19451,262,260
2021-06-22T23:59:59+02:00,514,520,28762,30657,69399,70644,66427,68068,72581,79664,79687,83744,51152,63552,41728,57421,10345,20676,10,11,11517,12116,29765,34621,32198,36803,36530,45378,53935,60412,34752,44321,36819,50741,9358,18599,623323,399249,99787,53278,152943,75875,19227,262,257
2021-06-21T23:59:59+02:00,482,486,28089,29964,68080,69464,65239,66938,71824,78885,79290,83351,51044,63441,41670,57333,10331,20635,9,11,11221,11797,29139,34031,31646,36234,35920,44786,52088,58753,34041,43517,36523,50318,9329,18523,616477,391650,98286,52082,152821,75194,18704,259,256
2021-06-20T23:59:59+02:00,397,405,27453,29293,66849,68324,64222,66004,71017,78144,78940,83012,50967,63313,41621,57266,10326,20602,5,10,10930,11525,28587,33528,31188,35741,35407,44263,50240,56954,33496,42834,36326,49984,9299,18463,610077,384204,96826,51330,152721,74721,18273,259,252
2021-06-19T23:59:59+02:00,365,370,27063,28916,66116,67754,63695,65497,70218,77490,78788,82888,50947,63287,41605,57250,10325,20602,5,9,10794,11324,28333,33207,30932,35415,35182,44000,48792,55560,33236,42485,36241,49844,9291,18435,606107,378786,95884,51318,152721,74523,18206,259,252
2021-06-18T23:59:59+02:00,337,336,26598,28438,65097,67012,62954,64885,69294,76651,78397,82556,50884,63213,41578,57214,10322,20594,5,9,10575,11080,27933,32780,30601,35004,34790,43600,47048,53878,32881,41968,36104,49633,9271,18400,600660,371899,94640,51028,152715,74295,18087,259,251
2021-06-17T23:59:59+02:00,307,305,25949,27816,63824,66015,61953,64075,67704,75242,77873,82149,50783,63060,41515,57133,10309,20567,5,9,10151,10714,27139,32079,29857,34324,33951,42894,45531,52377,32430,41334,35941,49376,9240,18350,594538,364419,91982,49882,152553,73904,17249,258,248
2021-06-16T23:59:59+02:00,272,266,25410,27207,62519,64882,60840,63107,65438,73314,77029,81494,50570,62851,41423,57021,10290,20534,5,7,9824,10444,26487,31403,29153,33701,33219,42257,44934,51808,32157,40968,35795,49177,9219,18309,588233,360695,87467,49173,152142,72381,16370,256,248
2021-06-15T23:59:59+02:00,233,235,24755,26480,61108,63651,59760,62124,64282,72225,76521,81074,50446,62701,41373,56926,10283,20505,5,7,9551,10160,25882,30667,28516,32947,32539,41533,43376,50175,31706,40411,35623,48942,9189,18244,581037,353956,85838,48275,151688,71129,15865,255,248
2021-06-14T23:59:59+02:00,210,203,24271,25872,60000,62604,58884,61280,63204,71220,76045,80683,50358,62577,41323,56855,10268,20480,4,7,9254,9858,25131,29777,27755,32112,31750,40718,42086,48829,31334,39910,35487,48721,9159,18191,575143,347792,84123,47255,151483,69455,15334,255,247
2021-06-13T23:59:59+02:00,205,188,23856,25400,59057,61694,58112,60492,62096,70252,75578,80261,50268,62461,41272,56796,10257,20450,4,7,8966,9551,24419,28932,27046,31271,30992,39860,40523,47239,30866,39294,35286,48414,9129,18101,570119,340707,82268,46473,151258,67678,14797,254,245
2021-06-12T23:59:59+02:00,192,170,23592,25110,58494,61187,57753,60211,61452,69615,75377,80148,50243,62429,41260,56782,10254,20446,4,7,8845,9430,23942,28353,26523,30693,30461,39298,39423,46265,30697,39115,35192,48248,9125,18090,567147,336446,81313,46470,151251,65799,14751,254,245
2021-06-11T23:59:59+02:00,173,155,23216,24666,57741,60366,57077,59582,60543,68684,75030,79843,50168,62354,41234,56745,10252,20440,4,6,8699,9231,23425,27678,25990,30035,29874,38657,38344,45252,30431,38758,35049,48028,9112,18063,562088,331576,80022,46211,151238,63936,14669,253,244
2021-06-10T23:59:59+02:00,158,138,22671,24075,56594,59427,56149,58765,59280,67509,74489,79442,50096,62247,41210,56696,10237,20411,4,6,8432,8974,22550,26732,25028,29094,28752,37718,36953,44086,30073,38278,34769,47595,9045,17987,556485,324654,77810,45502,150998,61628,14049,253,243
2021-06-09T23:59:59+02:00,138,123,22034,23470,55333,58321,55069,57851,58328,66599,74028,79048,50008,62147,41158,56634,10223,20380,4,5,8131,8710,21617,25863,24098,28214,27717,36763,35233,42294,29682,37775,34583,47325,9003,17896,550663,317196,76347,44769,150647,59721,12985,251,242
2021-06-08T23:59:59+02:00,116,105,21351,22744,54022,57188,53950,56867,57369,65742,73482,78615,49918,62024,41103,56543,10205,20350,3,4,7863,8458,20726,24975,23043,27348,26676,35800,33868,40987,29324,37271,34262,46865,8952,17812,543952,310872,75410,43997,150207,57252,11875,250,241
2021-06-07T23:59:59+02:00,99,88,20692,22104,52578,55929,52691,55887,56213,64754,72928,78209,49832,61915,41057,56479,10192,20324,2,3,7603,8234,19886,24157,22022,26539,25639,34928,32934,40201,29040,36876,34013,46439,8901,17721,536636,306235,74506,43177,149798,54704,10781,250,241
2021-06-06T23:59:59+02:00,92,83,20178,21568,51429,54817,51579,54907,55248,63803,72416,77802,49743,61836,41021,56416,10184,20308,2,3,7388,8037,19103,23261,21122,25666,24568,33943,32017,39381,28751,36534,33760,46048,8850,17647,530288,301675,73479,42434,149461,51781,9953,249,238
2021-06-05T23:59:59+02:00,86,75,19902,21254,50643,54059,50926,54403,54775,63328,72287,77690,49733,61822,41016,56413,10181,20308,2,3,7156,7623,18460,22196,20398,24553,23694,32687,30979,38060,28416,36067,33635,45873,8843,17627,525913,295376,73473,42396,149393,48391,9873,249,236
2021-06-04T23:59:59+02:00,76,69,19444,20665,49574,53041,50104,53535,54117,62540,71946,77363,49705,61785,40996,56398,10179,20303,2,2,6929,7303,17829,21345,19707,23553,22753,31404,29755,36718,28127,35699,33521,45697,8831,17606,519409,288884,73144,42327,149377,45673,9662,248,235
2021-06-03T23:59:59+02:00,66,58,18759,19963,48049,51737,48881,52399,53138,61511,71443,76904,49636,61682,40958,56350,10166,20278,2,2,6636,6903,17091,20294,18906,22404,21747,29972,28588,35227,27585,34913,33315,45369,8794,17530,511599,282128,72129,41572,149104,42446,8900,246,232
2021-06-02T23:59:59+02:00,61,54,18374,19440,47025,50741,47995,51633,52385,60748,71191,76690,49597,61646,40940,56321,10158,20264,1,2,6446,6666,16450,19599,17979,21641,20896,29020,27492,33814,27120,34304,33153,45117,8765,17460,505282,275826,72110,41558,149085,39774,8543,243,224
2021-06-01T23:59:59+02:00,51,48,17686,18693,45159,49004,46341,50174,50865,59284,70511,76090,49503,61534,40882,56249,10146,20216,1,1,6165,6345,15295,18698,16466,20673,19676,27763,26265,32414,26560,33605,32902,44765,8719,17358,496155,269305,70741,40985,148539,36400,6763,238,218
2021-05-31T23:59:59+02:00,49,44,17201,18194,43853,47858,45125,49060,49625,58156,69827,75579,49418,61428,40836,56182,10134,20178,1,1,5887,6009,14253,17862,15057,19748,18495,26644,25031,31067,26038,32885,32707,44466,8685,17257,489894,262991,69576,40439,148071,33482,4969,237,212
2021-05-30T23:59:59+02:00,43,43,16866,17797,42885,46915,44216,48156,48615,57157,69276,75034,49312,61272,40764,56066,10118,20135,1,1,5692,5764,13702,17151,14427,19048,17587,25669,23926,29891,25265,31933,32407,44047,8640,17168,483940,256997,68545,39639,147662,31194,4287,236,202
2021-05-29T23:59:59+02:00,43,42,16731,17669,42520,46595,43872,47891,48374,56966,69218,74981,49306,61266,40757,56062,10118,20134,1,1,5527,5521,13192,16350,13781,18199,16744,24502,22808,28587,25104,31697,32342,43952,8637,17161,481956,251388,68422,39639,147655,28604,4277,235,198
2021-05-28T23:59:59+02:00,42,40,16429,17360,41810,45966,43359,47324,47864,56435,68940,74686,49239,61183,40731,56012,10115,20129,1,1,5281,5134,12656,15433,13099,17334,15879,23266,21704,27145,24852,31330,32247,43819,8627,17145,477645,245320,67915,39535,147631,25667,4238,235,193
2021-05-27T23:59:59+02:00,39,37,15896,16804,40657,44976,42341,46428,46876,55543,68360,74246,49116,61022,40677,55940,10104,20090,1,1,5036,4786,12011,14610,12312,16399,14805,22073,20442,25633,24345,30592,32074,43558,8593,17062,471736,237948,66401,38728,146912,23597,3872,231,188
2021-05-26T23:59:59+02:00,37,36,15482,16362,39557,44046,41302,45555,45847,54664,67753,73734,48962,60839,40593,55776,10081,20042,1,1,4842,4584,11456,13849,11594,15549,13793,20940,19039,24036,23759,29803,31856,43212,8539,16960,466560,230667,64380,37856,145924,21529,3574,230,187
2021-05-25T23:59:59+02:00,37,35,15077,15943,38550,43156,40334,44704,44893,53738,67132,73201,48777,60598,40514,55641,10056,19989,1,1,4620,4377,10913,13204,10827,14778,12719,19698,17607,22530,23170,29023,31619,42885,8482,16865,461207,223284,62800,36912,144814,19614,3325,229,184
2021-05-24T23:59:59+02:00,37,33,14726,15610,37711,42416,39466,44028,44032,52947,66598,72717,48653,60420,40451,55518,10036,19944,1,1,4471,4248,10468,12735,10190,14196,11829,18863,16315,21263,22492,28187,31401,42554,8423,16776,456573,216352,61560,35971,144070,18996,2912,228,182
2021-05-23T23:59:59+02:00,33,33,14558,15429,37245,42041,39013,43625,43581,52540,66326,72488,48567,60327,40412,55471,10029,19920,1,1,4282,4105,10000,12259,9569,13590,10882,18045,15115,20195,22017,27612,31147,42262,8372,16690,453363,209327,61178,35889,144047,17926,2823,227,179
2021-05-22T23:59:59+02:00,31,31,14361,15212,36551,41474,38326,43167,43005,52126,65307,71470,48360,60068,40340,55356,10019,19899,1,1,4170,3808,9784,11841,9415,13267,10640,17599,14843,19794,21923,27495,31113,42220,8365,16681,446878,208095,61174,35886,144032,16008,2792,227,179
2021-05-21T23:59:59+02:00,30,30,13972,14799,35480,40562,37265,42245,41935,51222,63950,70179,48130,59732,40260,55207,10002,19866,1,1,4056,3708,9575,11574,9200,12997,10303,17266,14425,19422,21702,27209,31051,42129,8356,16673,437261,206121,60813,35580,143794,15000,2773,225,174
2021-05-20T23:59:59+02:00,27,30,13159,14053,34040,39116,35845,40850,40528,50019,62653,69028,47835,59391,40113,55025,9981,19816,1,1,3898,3530,9048,10967,8547,12283,9601,16417,13671,18456,20881,26088,30856,41830,8317,16586,427013,201738,59109,34730,142775,11948,2389,223,173
2021-05-19T23:59:59+02:00,27,29,12615,13475,32862,37706,34746,39473,39395,49056,60644,67254,47353,58834,39926,54760,9938,19711,1,1,3791,3390,8768,10593,8250,11911,9159,15909,13032,17791,20013,24957,30628,41525,8260,16472,416142,197482,57594,33916,141660,10698,2187,221,168
2021-05-18T23:59:59+02:00,25,29,12186,13013,31822,36693,33665,38560,38354,48122,58577,65386,46999,58388,39770,54520,9906,19651,1,1,3586,3222,8270,9998,7780,11369,8608,15237,12347,17021,19070,23722,30390,41183,8222,16366,407451,193368,55640,33070,140469,7899,1888,218,168
2021-05-17T23:59:59+02:00,23,28,11929,12728,31301,36136,33171,37997,37759,47489,56679,63676,46293,57564,39491,54121,9868,19578,1,1,3498,3111,8002,9720,7481,11069,8206,14823,11772,16413,18146,22586,30154,40862,8186,16291,399852,188975,54509,32325,139658,7267,1596,216,159
2021-05-16T23:59:59+02:00,23,28,11709,12472,30771,35632,32708,37505,37236,46915,54777,61842,45744,56867,39297,53804,9840,19522,1,1,3399,3008,7711,9425,7157,10727,7735,14356,11188,15825,17216,21433,29944,40572,8148,16222,392871,184679,53539,31475,138988,6677,1080,214,157
2021-05-15T23:59:59+02:00,23,28,11548,12263,30492,35299,32470,37185,37008,46651,53207,60361,45493,56562,39220,53665,9834,19494,1,1,3376,2988,7683,9394,7141,10704,7716,14341,11167,15800,17102,21217,29732,40262,8140,16212,387050,183663,53535,31473,138942,6623,1063,213,155
2021-05-14T23:59:59+02:00,23,28,11295,11970,30014,34783,32087,36722,36486,46174,51320,58519,45131,56060,39080,53459,9817,19454,1,1,3346,2962,7611,9318,7077,10629,7652,14279,10982,15599,16362,20146,29446,39771,8123,16172,379189,180698,53204,31132,138806,6481,1011,212,155
2021-05-13T23:59:59+02:00,21,27,11001,11630,29363,34130,31481,36117,35804,45497,49840,56999,44697,55434,38909,53212,9790,19407,1,1,3266,2911,7480,9210,6984,10533,7546,14167,10645,15250,15301,18901,29061,39130,8080,16097,372017,176862,52187,30569,138054,6091,890,211,152
2021-05-12T23:59:59+02:00,20,25,10866,11482,29074,33805,31212,35822,35483,45179,49557,56685,44601,55324,38857,53135,9783,19369,1,0,3252,2884,7445,9174,6951,10497,7514,14124,10471,15091,14919,18464,28754,38643,8058,16051,369304,174768,52099,30558,137897,6046,769,210,152
2021-05-11T23:59:59+02:00,19,22,10500,11147,28213,32984,30386,35063,34617,44392,47814,54907,44143,54723,38683,52847,9745,19266,1,0,3159,2787,7199,8895,6719,10194,7295,13755,9991,14542,13926,17313,28335,38023,8019,15957,362338,171056,50389,29657,135996,4705,540,208,152
2021-05-10T23:59:59+02:00,18,22,10188,10857,27470,32282,29607,34369,33847,43621,46507,53631,43757,54215,38496,52544,9695,19152,1,0,3115,2740,7069,8770,6621,10074,7150,13575,9721,14238,13221,16444,27906,37408,7994,15876,356073,168213,49269,29273,134305,3862,427,204,148
2021-05-09T23:59:59+02:00,17,22,9942,10601,26780,31588,28947,33673,33122,42922,44966,52147,43256,53589,38298,52239,9658,19066,1,0,3067,2692,6941,8631,6516,9935,7034,13360,9408,13922,12420,15543,27538,36865,7974,15820,348940,165335,48197,28720,133157,3124,341,198,147
2021-05-08T23:59:59+02:00,17,22,9849,10528,26397,31286,28492,33353,32653,42613,43912,51317,43102,53425,38259,52179,9655,19060,1,0,3062,2687,6931,8624,6510,9926,7025,13347,9398,13909,12383,15480,26857,35912,7937,15744,344360,163454,48157,28692,133069,3105,335,198,147
2021-05-07T23:59:59+02:00,16,22,9701,10377,25920,30900,28033,32970,32145,42259,42865,50487,42831,53082,38149,52023,9643,19033,1,0,2993,2657,6867,8578,6452,9868,6973,13294,9224,13686,11749,14670,25907,34517,7890,15662,339188,159321,47849,28319,132910,2886,315,194,147
2021-05-06T23:59:59+02:00,14,21,9289,10080,25003,30128,26967,32166,30913,41429,41246,49269,42444,52531,37954,51780,9605,18959,1,0,2917,2608,6736,8433,6332,9738,6823,13105,8949,13378,11093,13801,24939,33132,7855,15600,331303,155501,46769,27359,131238,2136,298,190,146
2021-05-05T23:59:59+02:00,14,20,8907,9878,24119,29522,26110,31511,29826,40638,39262,47452,41996,51982,37745,51496,9548,18846,1,0,2872,2575,6613,8300,6232,9623,6720,12960,8702,13115,10376,12965,23921,31804,7826,15528,323431,151574,45916,26468,129119,1731,217,189,143
2021-05-04T23:59:59+02:00,14,19,8662,9633,23333,28875,25134,30772,28754,39797,37734,45983,41522,51395,37468,51150,9497,18723,1,0,2828,2551,6539,8228,6145,9551,6641,12871,8464,12891,9636,12097,22974,30555,7792,15465,316741,147792,44944,25662,126480,1521,113,187,141
2021-05-03T23:59:59+02:00,14,18,8447,9418,22634,28295,24301,30167,27846,39097,36772,45229,41173,50924,37252,50859,9445,18621,1,0,2779,2515,6465,8148,6065,9480,6551,12787,8236,12672,8875,11195,22054,29334,7761,15414,311859,144008,44168,24839,124229,1276,74,182,135
2021-05-02T23:59:59+02:00,14,18,8278,9253,21994,27717,23567,29572,27028,38476,35953,44588,40914,50595,37140,50672,9410,18564,1,0,2742,2491,6423,8107,6025,9444,6508,12745,8055,12497,8273,10453,21342,28464,7740,15395,307024,140806,43400,24563,123089,1142,65,175,129
2021-05-01T23:59:59+02:00,13,18,8121,9066,21618,27266,23087,29002,26385,37757,35125,43693,40647,50218,37041,50519,9404,18547,1,0,2736,2484,6397,8096,6008,9434,6490,12732,8039,12480,8236,10388,21304,28407,7736,15391,300906,140510,43398,24556,122984,1100,64,175,129
2021-04-30T23:59:59+02:00,13,17,7968,8882,21229,26842,22637,28432,25629,36968,34106,42719,40414,49895,36943,50365,9392,18523,1,0,2711,2470,6371,8078,5986,9414,6461,12710,8004,12447,8194,10319,21254,28324,7733,15381,294552,140194,43391,24478,122801,1003,57,173,126
2021-04-29T23:59:59+02:00,12,17,7683,8640,20630,26263,21967,27750,24695,36002,32830,41376,39369,48492,36626,49894,9334,18395,1,0,2675,2432,6279,7968,5897,9311,6366,12569,7797,12171,7566,9588,20844,27806,7709,15306,285779,138112,42607,23242,121365,751,57,167,123
2021-04-28T23:59:59+02:00,11,16,7397,8421,20108,25798,21328,27155,23812,35153,31426,39921,38202,46897,36282,49400,9272,18253,1,0,2601,2382,6162,7845,5786,9176,6260,12411,7571,11895,6867,8732,20426,27223,7669,15235,277082,135611,41830,21937,119720,522,56,164,116
2021-04-27T23:59:59+02:00,10,16,7206,8239,19682,25368,20704,26617,22953,34369,30204,38589,37107,45449,35900,48830,9202,18127,1,0,2574,2358,6061,7746,5733,9079,6192,12285,7356,11699,6262,7995,20025,26722,7649,15212,269228,133518,40962,20989,118166,275,56,160,111
2021-04-26T23:59:59+02:00,9,16,7022,8070,19261,24944,20156,26090,22141,33610,28987,37349,36046,44023,35592,48342,9151,17999,1,0,2560,2347,6015,7704,5688,9039,6153,12240,7168,11535,5648,7259,19650,26277,7626,15184,261508,131548,40138,20143,116959,243,51,152,109
2021-04-25T23:59:59+02:00,9,15,6913,7934,18925,24671,19776,25750,21528,32984,27992,36386,34906,42590,35273,47912,9109,17917,1,0,2545,2338,5997,7677,5669,9020,6133,12213,7128,11508,5520,7075,19313,25812,7610,15139,254271,130909,39421,19399,116698,231,50,150,109
2021-04-24T23:59:59+02:00,9,15,6744,7753,18483,24246,19221,25212,20741,32182,26902,35331,34655,42275,35180,47747,9099,17905,1,0,2541,2331,5985,7667,5658,9010,6128,12209,7117,11501,5445,6960,19217,25670,7607,15131,248288,130448,39416,19358,115796,214,50,150,108
2021-04-23T23:59:59+02:00,9,15,6513,7550,18036,23769,18649,24597,19911,31366,25733,34129,33873,41105,35036,47514,9085,17882,1,0,2535,2312,5958,7646,5619,8970,6082,12163,7069,11449,5281,6682,18677,25038,7507,14960,240680,128592,39086,19010,114808,192,48,150,107
2021-04-22T23:59:59+02:00,8,14,6296,7341,17427,23180,17854,23814,18859,30340,24404,32686,32830,39750,34791,47156,9045,17803,1,0,2519,2296,5910,7593,5568,8884,6003,12083,6992,11377,4994,6259,17960,24162,7386,14764,231613,126405,38158,18037,113632,157,48,147,104
2021-04-21T23:59:59+02:00,8,13,6095,7157,16898,22709,17193,23209,17868,29437,22849,31090,31821,38511,34493,46714,8996,17714,1,0,2495,2279,5866,7534,5508,8809,5936,11981,6897,11296,4832,5984,17259,23310,7270,14581,222700,124301,37384,17263,112497,125,48,146,101
2021-04-20T23:59:59+02:00,7,12,5907,6960,16332,22233,16441,22556,16866,28433,21372,29617,30668,37014,34175,46268,8942,17614,1,0,2481,2265,5817,7494,5464,8763,5889,11912,6819,11232,4714,5826,16655,22534,7143,14400,213644,122606,36494,16545,111087,117,47,145,94
2021-04-19T23:59:59+02:00,7,12,5720,6798,15802,21809,15763,22003,15866,27555,19974,28210,29280,35366,33856,45783,8882,17496,1,0,2470,2248,5793,7460,5427,8730,5850,11866,6738,11153,4585,5666,16008,21815,7035,14238,204903,120951,35711,15878,109382,114,47,139,93
2021-04-18T23:59:59+02:00,6,12,5531,6656,15369,21484,15141,21440,14890,26760,18637,27071,27888,33713,33520,45357,8820,17407,1,0,2420,2202,5661,7334,5311,8617,5743,11711,6631,11035,4465,5481,15418,21149,6919,14056,196329,119296,34878,14611,108311,110,47,137,90
2021-04-17T23:59:59+02:00,6,11,5493,6619,15214,21407,14966,21354,14654,26582,18383,26849,27382,33167,33395,45209,8811,17392,1,0,2393,2163,5561,7180,5206,8461,5643,11524,6543,10904,4412,5419,15172,20854,6909,14042,195102,117541,34872,14607,106736,102,47,137,90
2021-04-16T23:59:59+02:00,6,11,5428,6564,15032,21254,14754,21192,14366,26334,17966,26435,26336,31940,33259,44999,8791,17369,1,0,2349,2112,5445,6991,5063,8279,5493,11281,6341,10680,4209,5183,14522,20060,6812,13897,191738,114283,34585,14207,105529,94,47,137,87
2021-04-15T23:59:59+02:00,6,10,5355,6484,14816,21042,14485,20907,13931,25982,17323,25802,24966,30322,33000,44674,8756,17287,1,0,2276,2027,5249,6755,4866,7963,5286,10960,6127,10393,4007,4931,13688,18978,6697,13730,187147,110455,33774,13262,104045,85,47,135,85
2021-04-14T23:59:59+02:00,6,10,5275,6414,14610,20840,14231,20683,13546,25648,16655,25177,23379,28532,32687,44274,8701,17193,1,0,2082,1905,5029,6494,4679,7712,5059,10711,5893,10103,3872,4724,12954,18056,6568,13516,182528,107339,32903,11807,102250,80,47,133,85
2021-04-13T23:59:59+02:00,6,10,5218,6363,14402,20710,13986,20498,13201,25348,16081,24671,21660,26672,32369,43857,8671,17084,1,0,1994,1852,4860,6304,4492,7485,4859,10456,5682,9863,3727,4555,12433,17440,6441,13353,178260,104907,32022,10690,100347,69,46,132,85
2021-04-12T23:59:59+02:00,6,9,5156,6294,14183,20516,13681,20236,12811,24931,15497,24119,20047,24725,32078,43494,8629,17009,1,0,1866,1758,4677,6143,4341,7308,4696,10262,5545,9704,3607,4399,11999,16928,6329,13191,173870,103210,30967,9349,98409,67,46,129,82
2021-04-11T23:59:59+02:00,6,9,5085,6217,13961,20318,13382,20023,12392,24577,14929,23603,18536,22941,31817,43152,8584,16927,1,0,1827,1719,4555,6030,4229,7182,4573,10131,5409,9573,3491,4278,11505,16318,6196,12983,169560,101444,30007,8369,96723,65,44,125,78
2021-04-10T23:59:59+02:00,6,9,5080,6208,13941,20301,13372,20010,12374,24558,14903,23580,17842,22017,31526,42732,8566,16900,1,0,1822,1705,4540,6019,4213,7167,4560,10117,5356,9505,3386,4163,10949,15486,6065,12785,168472,99288,29979,8369,95308,63,41,125,78
2021-04-09T23:59:59+02:00,6,9,5066,6188,13899,20252,13322,19953,12323,24498,14639,23325,16318,20121,31120,42085,8532,16857,1,0,1795,1686,4517,6002,4186,7140,4516,10078,5319,9457,3299,4042,10079,14497,5916,12586,165822,96822,29637,8118,92894,61,39,121,76
2021-04-08T23:59:59+02:00,6,9,5020,6159,13798,20177,13241,19872,12219,24394,14296,22962,14541,17900,30499,41078,8469,16733,1,0,1770,1671,4487,5949,4135,7054,4451,9996,5243,9380,3191,3938,9600,13889,5710,12339,161961,94956,28604,7682,90658,60,32,118,74
2021-04-07T23:59:59+02:00,6,9,4985,6127,13685,20090,13142,19780,12109,24283,13906,22596,13010,16039,29850,40094,8415,16632,1,0,1750,1656,4433,5880,4047,6980,4361,9912,5154,9278,3100,3844,8838,12790,5470,11932,157457,92367,27722,6904,89435,52,30,114,73
2021-04-06T23:59:59+02:00,6,9,4954,6103,13585,20024,13059,19722,12030,24219,13528,22244,11372,14030,29189,39123,8383,16561,1,0,1686,1601,4302,5751,3937,6855,4242,9762,5048,9145,2984,3724,8130,11855,5195,11565,153438,89973,26841,5659,87723,50,28,111,73
2021-04-05T23:59:59+02:00,6,8,4915,6073,13511,19957,12989,19651,11973,24139,13252,21992,9756,12078,28462,38071,8348,16498,1,0,1616,1533,4149,5597,3769,6698,4090,9611,4893,9015,2852,3607,7313,10885,4925,11174,150219,87587,25828,3997,85502,47,24,106,73
2021-04-04T23:59:59+02:00,6,8,4897,6055,13501,19932,12979,19632,11966,24119,13151,21918,8729,10815,28011,37429,8323,16441,1,0,1613,1530,4141,5591,3768,6693,4085,9608,4891,9006,2846,3597,7074,10414,4842,11048,148471,86619,25823,3996,83492,41,22,104,70
2021-04-03T23:59:59+02:00,6,8,4894,6045,13483,19913,12967,19622,11956,24108,13137,21900,7820,9748,27130,36184,8273,16329,1,0,1609,1526,4139,5586,3767,6690,4077,9596,4877,8992,2839,3583,6932,10147,4803,10966,145992,86003,25815,3996,81592,40,21,103,70
2021-04-02T23:59:59+02:00,6,8,4888,6025,13447,19885,12928,19577,11910,24059,13062,21833,7307,8999,25540,34081,8128,16059,1,0,1598,1510,4113,5561,3742,6650,4041,9535,4756,8707,2710,3426,6557,9747,4655,10760,141530,84173,25471,3768,80620,40,19,102,69
2021-04-01T23:59:59+02:00,5,8,4838,5965,13352,19742,12812,19425,11763,23904,12461,21387,6743,8286,24031,32111,8001,15818,1,0,1534,1462,4001,5440,3676,6577,3973,9468,4677,8602,2613,3284,6040,9064,4477,10481,137329,81892,24332,3358,78873,36,18,100,66
2021-03-31T23:59:59+02:00,5,8,4786,5908,13228,19585,12677,19267,11574,23724,12199,21125,6419,7911,22546,30153,7847,15588,1,0,1521,1451,3976,5416,3643,6549,3936,9421,4637,8545,2547,3207,5550,8414,4298,10242,133377,80097,23235,3140,77823,36,15,100,66
2021-03-30T23:59:59+02:00,5,8,4720,5840,13091,19435,12565,19086,11445,23559,12031,20987,6228,7697,21155,28420,7701,15383,1,0,1504,1415,3935,5382,3578,6477,3845,9307,4505,8375,2408,3003,5126,7854,4155,9985,130006,77860,22308,2896,76934,24,10,98,65
2021-03-29T23:59:59+02:00,5,8,4679,5797,12970,19340,12496,19002,11364,23450,11879,20852,6068,7498,19725,26734,7574,15180,1,0,1446,1374,3880,5335,3503,6406,3725,9163,4350,8182,2284,2863,4560,7180,3998,9708,126397,75184,21440,2679,76679,23,9,96,63
2021-03-28T23:59:59+02:00,5,8,4632,5728,12848,19198,12412,18909,11261,23348,11769,20746,5916,7290,18541,25227,7454,14982,1,0,1413,1331,3781,5227,3309,6179,3636,9045,4297,8125,2231,2797,3802,6160,3812,9437,123380,72118,20645,2381,76147,16,9,93,59
2021-03-27T23:59:59+01:00,5,8,4599,5678,12739,19034,12296,18747,11144,23143,11660,20599,5848,7202,18251,24880,7443,14964,1,0,1406,1328,3776,5223,3306,6172,3351,8694,4098,7827,2225,2794,3789,6125,3775,9372,121539,70803,20605,2381,75995,12,9,92,57
2021-03-26T23:59:59+01:00,5,7,4560,5621,12625,18841,12160,18546,10992,22912,11497,20385,5681,6986,17641,24086,7344,14813,1,0,1404,1326,3771,5216,3282,6154,3331,8674,3882,7376,2046,2388,3525,5838,3623,9133,118428,68521,20263,2374,75914,10,8,89,57
2021-03-25T23:59:59+01:00,5,7,4484,5528,12428,18599,11958,18224,10782,22583,11255,20058,5465,6698,16609,22778,7216,14623,1,0,1395,1314,3752,5190,3247,6127,3279,8636,3833,7334,1972,2275,3088,5153,3461,8825,114453,66539,19187,2273,75565,7,8,87,55
2021-03-24T23:59:59+01:00,5,7,4401,5415,12207,18145,11739,17809,10557,22190,11022,19684,5195,6349,15566,21559,7074,14395,1,0,1372,1300,3727,5145,3211,6063,3225,8564,3781,7260,1917,2217,2779,4818,3308,8551,111335,65142,18093,2031,73796,7,8,87,51
2021-03-23T23:59:59+01:00,5,7,4344,5346,12039,17803,11536,17453,10365,21822,10793,19393,5054,6148,14922,20741,6935,14220,1,0,1355,1292,3710,5124,3189,6046,3199,8513,3739,7217,1878,2158,2547,4542,3096,8222,108946,63776,17360,1989,72525,5,8,87,50
2021-03-22T23:59:59+01:00,5,7,4292,5267,11839,17468,11349,17129,10142,21498,10578,19089,4903,5937,14303,20025,6803,14036,1,0,1342,1282,3679,5091,3157,6009,3172,8456,3702,7172,1833,2103,2350,4288,2898,7884,107074,62510,16639,1848,70863,4,8,86,49
2021-03-21T23:59:59+01:00,5,7,4219,5142,11555,17054,11065,16727,9871,21043,10320,18732,4789,5765,13606,19234,6659,13829,1,0,1333,1281,3662,5075,3136,5976,3149,8429,3683,7148,1812,2073,2181,4124,2726,7612,105183,61501,15338,1843,69008,4,7,86,46
2021-03-20T23:59:59+01:00,4,7,4190,5072,11413,16724,10942,16413,9730,20747,10145,18450,4660,5604,12977,18287,6518,13613,1,0,1332,1280,3661,5073,3133,5975,3146,8424,3677,7142,1808,2068,2149,4062,2700,7569,102985,61300,15333,1843,67085,4,7,86,46
2021-03-19T23:59:59+01:00,4,6,4144,4990,11245,16361,10757,16060,9553,20366,9925,18091,4501,5408,11949,17079,6357,13402,1,0,1324,1273,3644,5044,3103,5897,3101,8329,3571,6965,1681,1956,2073,3996,2590,7359,100276,60011,14923,1839,64909,4,7,83,46
2021-03-18T23:59:59+01:00,4,6,4056,4884,10997,15934,10494,15613,9271,19899,9701,17748,4355,5242,11322,16208,6126,13135,1,0,1320,1262,3627,5009,3083,5853,3079,8273,3544,6916,1660,1923,2037,3927,2463,7148,98467,59324,13915,1747,62526,4,7,80,43
2021-03-17T23:59:59+01:00,4,6,3878,4768,10699,15521,10236,15255,9028,19536,9447,17398,4234,5075,10505,14965,5862,12710,1,0,1319,1259,3613,4990,3075,5833,3069,8239,3526,6893,1656,1899,2013,3897,2351,6963,95806,58815,12369,1732,60867,4,5,80,40
2021-03-16T23:59:59+01:00,4,6,3734,4642,10363,15057,9967,14885,8751,19091,9149,17031,4093,4907,9684,13839,5581,12352,1,0,1305,1256,3609,4983,3065,5828,3063,8226,3517,6878,1629,1873,1974,3846,2230,6781,93474,58362,11175,1654,58405,4,4,78,40
2021-03-15T23:59:59+01:00,4,6,3587,4522,10048,14595,9675,14428,8452,18616,8859,16621,3946,4739,8966,12772,5353,12026,1,0,1295,1248,3588,4971,3053,5804,3041,8187,3497,6836,1612,1857,1955,3814,2113,6593,91497,57769,9811,1651,55831,4,3,73,38
2021-03-14T23:59:59+01:00,4,6,3515,4430,9791,14166,9424,14031,8132,18125,8577,16227,3783,4551,8158,11532,5042,11561,1,0,1281,1241,3567,4953,3032,5762,3019,8108,3469,6768,1585,1803,1894,3686,1945,6194,89165,57237,8788,1028,53030,4,1,71,38
2021-03-13T23:59:59+01:00,4,6,3432,4172,9476,13499,9174,13448,7903,17539,8364,15786,3671,4444,7963,11235,4990,11469,1,0,1281,1241,3567,4953,3031,5761,3018,8107,3466,6766,1582,1802,1892,3682,1944,6193,88487,57217,8787,1028,49229,4,1,71,37
2021-03-12T23:59:59+01:00,4,6,3366,4024,9227,12966,8936,12922,7669,16904,8003,15033,3506,4273,7572,10824,4850,11279,1,0,1277,1237,3562,4939,3028,5756,3011,8099,3462,6759,1555,1773,1870,3664,1845,6012,86688,56784,8536,1025,46070,4,1,69,36
2021-03-11T23:59:59+01:00,4,6,3207,3751,8845,12209,8631,12248,7335,16116,7654,14382,3344,4069,7009,10102,4654,10972,1,0,1258,1226,3530,4895,2983,5677,2976,7976,3410,6660,1509,1719,1786,3458,1641,5477,84218,56022,8080,124,42174,3,1,65,32
2021-03-10T23:59:59+01:00,4,6,3138,3643,8355,11704,7952,11770,7015,15622,7354,13787,3183,3906,6439,9405,4477,10695,1,0,1247,1212,3500,4838,2950,5600,2940,7838,3356,6538,1467,1676,1724,3360,1519,5190,82364,54824,7524,101,38504,0,1,62,30
2021-03-09T23:59:59+01:00,4,5,3030,3464,7680,11258,7073,11295,6597,15012,6989,13181,2947,3606,5926,8764,4319,10410,1,0,1242,1209,3477,4792,2923,5535,2923,7786,3337,6492,1453,1651,1688,3318,1407,4984,80044,54124,6154,66,35299,0,1,62,27
2021-03-08T23:59:59+01:00,4,5,2856,3225,7050,10716,6264,10815,6196,14491,6591,12611,2733,3395,5319,8026,4169,10138,1,0,1236,1202,3455,4728,2898,5458,2884,7691,3305,6417,1446,1642,1685,3308,1402,4981,77214,53647,5005,64,32324,0,1,60,27
2021-03-07T23:59:59+01:00,4,5,2743,3091,6721,10219,5856,10273,5900,14043,6346,12219,2633,3301,4557,6964,3953,9854,1,0,1232,1199,3451,4723,2893,5446,2880,7674,3297,6403,1440,1628,1662,3267,1385,4937,73955,53429,4172,61,30499,0,1,55,27
2021-03-06T23:59:59+01:00,4,5,2698,2948,6537,9772,5657,9857,5424,13183,5969,11481,2611,3273,4551,6953,3950,9851,1,0,1232,1198,3447,4717,2891,5445,2879,7673,3296,6400,1439,1625,1662,3265,1384,4937,72724,53403,4172,61,27773,0,1,54,26
2021-03-05T23:59:59+01:00,4,5,2599,2688,6324,9195,5442,9464,5246,12616,5589,10497,2382,2805,4170,6571,3812,9630,1,0,1218,1195,3431,4701,2886,5432,2869,7655,3284,6381,1425,1617,1661,3261,1379,4933,70383,53243,3936,61,24665,0,1,54,24
2021-03-04T23:59:59+01:00,4,5,2517,2478,6111,8765,5284,9123,5064,12191,5411,10119,2286,2635,3610,5745,3641,9284,1,0,1206,1179,3387,4603,2854,5364,2837,7558,3253,6306,1404,1608,1647,3247,1369,4922,68311,52665,3488,58,22420,0,1,53,21
2021-03-03T23:59:59+01:00,3,5,2458,2421,5939,8353,5114,8757,4848,11741,5222,9673,2203,2529,3201,5303,3480,8988,1,0,1185,1169,3352,4556,2816,5298,2795,7459,3205,6230,1384,1581,1627,3216,1363,4904,66873,52068,3243,54,20069,0,1,52,18
2021-03-02T23:59:59+01:00,3,5,2401,2327,5781,8021,4956,8503,4683,11341,5056,9353,2133,2439,2895,4942,3261,8662,1,0,1180,1158,3333,4534,2801,5271,2777,7410,3197,6202,1379,1571,1609,3196,1360,4899,65495,51807,2982,53,18234,0,0,51,18
2021-03-01T23:59:59+01:00,3,5,2374,2296,5674,7804,4856,8358,4597,11188,4954,9178,2076,2361,2596,4618,3070,8342,1,0,1174,1155,3318,4516,2789,5242,2760,7364,3181,6174,1373,1568,1602,3187,1357,4893,64218,51583,2758,53,17325,0,0,49,18
2021-02-28T23:59:59+01:00,2,5,2321,2250,5492,7542,4683,8137,4460,11002,4843,9047,2035,2296,2298,4315,2866,8026,1,0,1164,1149,3304,4506,2782,5235,2755,7350,3174,6160,1368,1565,1594,3167,1356,4859,63088,51419,2452,53,16031,0,0,49,17
2021-02-27T23:59:59+01:00,2,5,2231,1938,5319,7118,4584,7829,4377,10655,4769,8797,2007,2236,2267,4269,2844,7974,1,0,1160,1145,3302,4504,2777,5233,2751,7347,3169,6156,1367,1565,1592,3163,1355,4858,62847,51380,2452,50,13873,0,0,49,15
2021-02-26T23:59:59+01:00,2,5,2164,1858,5173,6884,4437,7570,4225,10389,4560,8511,1878,2128,2207,4229,2735,7791,1,0,1139,1132,3286,4470,2765,5193,2740,7295,3148,6102,1361,1554,1588,3155,1354,4856,61511,51075,2446,49,12740,0,0,49,15
2021-02-25T23:59:59+01:00,2,5,2031,1754,4849,6476,4009,7119,3940,9872,4326,8129,1819,2069,2176,4171,2618,7596,1,0,1120,1114,3246,4424,2734,5142,2694,7189,3108,6009,1349,1538,1571,3114,1340,4797,61029,50430,2339,47,9545,0,0,48,13
2021-02-24T23:59:59+01:00,2,5,1996,1688,4732,6262,3905,6907,3818,9630,4203,7970,1796,2036,2145,4128,2503,7396,1,0,1107,1108,3216,4360,2699,5077,2668,7104,3080,5938,1333,1520,1547,3064,1328,4728,60479,49831,2094,35,8501,0,0,48,12
2021-02-23T23:59:59+01:00,2,5,1766,1545,4362,5776,3623,6521,3596,9249,4045,7686,1764,2003,2100,4080,2389,7211,1,0,1088,1096,3180,4332,2671,5019,2643,7028,3044,5879,1313,1500,1520,3029,1318,4673,60010,49301,2047,21,5619,0,0,47,12
2021-02-22T23:59:59+01:00,2,5,1756,1526,4312,5717,3586,6459,3529,9153,3984,7591,1730,1976,2074,4029,2268,7013,1,0,1082,1082,3158,4288,2651,4980,2618,6969,3014,5826,1300,1484,1509,3018,1310,4664,59461,48930,1905,12,5298,0,0,46,12
2021-02-21T23:59:59+01:00,2,5,1744,1520,4281,5683,3542,6421,3489,9100,3940,7540,1718,1967,2069,4019,2144,6846,1,0,1074,1071,3137,4248,2621,4928,2603,6901,2985,5739,1287,1468,1485,2957,1281,4583,59104,48347,1899,10,4985,0,0,42,12
2021-02-20T23:59:59+01:00,2,5,1740,1519,4274,5680,3539,6418,3488,9098,3937,7539,1713,1965,2067,4015,2143,6846,1,0,1074,1071,3134,4246,2621,4928,2602,6900,2985,5739,1287,1467,1484,2957,1281,4583,59085,48338,1899,10,4964,0,0,40,12
2021-02-19T23:59:59+01:00,2,5,1711,1509,4260,5660,3528,6404,3477,9088,3928,7522,1686,1936,2046,3997,2043,6662,1,0,1073,1069,3132,4244,2620,4927,2602,6897,2982,5737,1287,1466,1484,2955,1281,4583,58660,48319,1893,10,4873,0,0,38,11
2021-02-18T23:59:59+01:00,2,5,1658,1476,4166,5548,3456,6300,3389,8923,3840,7379,1663,1901,2013,3925,1911,6461,1,0,1024,1027,2992,4026,2493,4659,2492,6559,2874,5472,1253,1422,1452,2868,1252,4428,58002,46276,1803,8,4175,0,0,36,10
2021-02-17T23:59:59+01:00,2,4,1635,1446,4069,5399,3372,6147,3271,8688,3713,7177,1608,1829,1935,3820,1785,6145,0,0,966,978,2843,3804,2377,4350,2367,6149,2745,5160,1202,1359,1404,2755,1202,4250,56758,43894,1792,7,3461,0,0,34,10
2021-02-16T23:59:59+01:00,2,4,1558,1379,3907,5209,3237,5966,3162,8455,3591,7014,1584,1803,1900,3791,1664,5934,0,0,879,947,2710,3649,2280,4140,2242,5828,2615,4908,1145,1265,1256,2450,935,3619,56061,40856,1776,4,2293,0,0,30,8
2021-02-15T23:59:59+01:00,2,4,1539,1360,3858,5124,3177,5880,3105,8341,3525,6908,1570,1787,1885,3768,1655,5911,0,0,843,924,2631,3520,2206,3961,2162,5550,2527,4697,1100,1200,1163,2271,864,3389,55589,38999,1772,2,2009,0,0,29,7
2021-02-14T23:59:59+01:00,2,4,1474,1330,3777,5050,3134,5775,3050,8188,3482,6799,1550,1755,1831,3637,1596,5652,0,0,834,918,2579,3452,2166,3893,2108,5430,2461,4591,1072,1161,1073,2094,788,3139,55347,37751,1142,2,1568,0,0,29,6
2021-02-13T23:59:59+01:00,2,4,1470,1329,3768,5044,3127,5774,3046,8186,3479,6797,1549,1751,1831,3635,1594,5652,0,0,834,918,2579,3452,2166,3892,2106,5429,2460,4591,1069,1160,1072,2094,788,3139,55324,37746,1141,0,1544,0,0,29,3
2021-02-12T23:59:59+01:00,2,3,1432,1310,3731,5011,3104,5754,3024,8153,3460,6753,1533,1741,1821,3618,1585,5631,0,0,826,911,2546,3399,2132,3847,2076,5376,2442,4560,1068,1158,1071,2092,787,3137,55098,37426,1138,0,1402,0,0,28,2
2021-02-11T23:59:59+01:00,2,3,1378,1262,3616,4841,3012,5579,2926,7845,3361,6541,1473,1681,1751,3434,1493,5285,0,0,786,846,2289,2953,1904,3372,1845,4631,2169,4029,978,1086,973,1893,728,2854,54457,33336,145,0,855,0,0,26,0
2021-02-10T23:59:59+01:00,2,3,1352,1239,3554,4736,2947,5474,2883,7695,3308,6408,1454,1663,1723,3396,1479,5246,0,0,703,786,1996,2544,1693,2928,1608,4022,1910,3570,866,940,802,1514,583,2330,53807,28795,143,0,589,0,0,23,0
2021-02-09T23:59:59+01:00,2,2,1340,1220,3499,4667,2918,5405,2862,7603,3271,6339,1446,1647,1695,3373,1469,5233,0,0,653,706,1733,2195,1501,2542,1423,3522,1738,3209,834,907,777,1436,561,2214,53496,25951,138,0,334,0,0,23,0
2021-02-08T23:59:59+01:00,2,2,1326,1216,3470,4637,2898,5367,2840,7552,3251,6310,1434,1640,1685,3347,1467,5214,0,0,638,669,1582,1959,1360,2285,1291,3214,1580,2946,794,886,729,1329,528,2039,53192,23829,113,0,331,0,0,22,0
2021-02-07T23:59:59+01:00,2,2,1193,1173,3366,4582,2844,5324,2813,7514,3226,6272,1424,1623,1676,3324,1460,5181,0,0,493,523,1313,1603,1120,1835,1079,2625,1351,2423,690,757,648,1168,482,1811,52895,19921,85,0,0,0,0,19,0
2021-02-06T23:59:59+01:00,2,2,1189,1171,3364,4580,2840,5322,2806,7511,3222,6269,1423,1621,1675,3320,1459,5180,0,0,370,372,1113,1355,984,1531,937,2217,1185,2007,602,658,620,1150,480,1808,52852,17389,85,0,0,0,0,19,0
2021-02-05T23:59:59+01:00,2,1,1177,1160,3349,4558,2833,5295,2796,7468,3204,6223,1417,1613,1672,3314,1458,5180,0,0,270,213,928,1039,838,1161,762,1769,1009,1597,486,552,593,1130,477,1804,52616,14628,85,0,0,0,0,19,0
2021-02-04T23:59:59+01:00,2,1,1161,1141,3303,4506,2793,5220,2754,7339,3156,6139,1402,1597,1658,3280,1448,5152,0,0,141,86,627,670,548,741,523,1162,668,999,305,371,486,982,432,1640,51973,10381,60,0,0,0,0,19,0
2021-02-03T23:59:59+01:00,2,1,1139,1135,3276,4463,2764,5179,2731,7291,3126,6083,1392,1586,1632,3240,1441,5099,0,0,120,70,497,518,416,598,418,915,512,752,252,291,381,767,334,1276,51507,8117,55,0,0,0,0,18,0
2021-02-02T23:59:59+01:00,2,1,1117,1121,3240,4432,2732,5126,2706,7217,3091,6020,1367,1557,1596,3185,1415,5003,0,0,111,61,414,419,345,519,368,825,459,670,232,268,335,694,306,1140,50857,7166,54,0,0,0,0,17,0
2021-02-01T23:59:59+01:00,2,1,1101,1109,3220,4380,2704,5065,2675,7091,3060,5924,1347,1527,1570,3147,1398,4938,0,0,83,46,314,314,253,392,276,618,328,505,193,219,263,554,238,893,50189,5489,54,0,0,0,0,16,0
2021-01-31T23:59:59+01:00,2,1,1093,1099,3205,4350,2679,5021,2659,7036,3047,5880,1335,1510,1547,3081,1370,4853,0,0,73,44,288,290,228,345,254,574,298,465,172,200,217,453,195,725,49698,4821,54,0,0,0,0,16,0
2021-01-30T23:59:59+01:00,2,1,1092,1099,3201,4345,2678,5020,2658,7035,3047,5879,1335,1509,1546,3081,1370,4853,0,0,72,40,279,276,215,330,249,563,294,459,171,197,216,453,195,725,49684,4734,51,0,0,0,0,16,0
2021-01-29T23:59:59+01:00,2,1,1091,1097,3199,4342,2678,5018,2658,7033,3044,5877,1335,1509,1546,3080,1370,4853,0,0,65,36,261,261,192,310,233,546,283,448,165,193,212,447,194,723,49666,4569,51,0,0,0,0,16,0
2021-01-28T23:59:59+01:00,2,1,1070,1078,3132,4240,2624,4909,2600,6877,2978,5746,1319,1487,1530,3012,1346,4727,0,0,55,19,165,156,128,187,164,361,208,284,132,150,166,284,117,433,48616,3009,48,0,0,0,0,14,0
2021-01-27T23:59:59+01:00,2,1,1024,1039,3049,4098,2543,4731,2505,6596,2894,5545,1287,1442,1488,2917,1309,4575,0,0,26,7,101,73,59,92,85,211,119,150,101,118,122,214,90,313,46995,1881,38,0,0,0,0,12,0
2021-01-26T23:59:59+01:00,1,1,947,1011,2931,3964,2464,4547,2423,6417,2824,5389,1260,1392,1398,2764,1085,4169,0,0,25,7,96,72,58,91,83,211,117,149,99,117,121,214,90,313,44951,1863,26,0,0,0,0,10,0
2021-01-25T23:59:59+01:00,1,1,929,994,2850,3836,2420,4400,2363,6222,2765,5239,1240,1369,1384,2737,1072,4133,0,0,25,7,94,71,56,89,83,211,117,147,99,116,121,214,90,313,43929,1853,17,0,0,0,0,9,0
2021-01-24T23:59:59+01:00,1,1,919,990,2829,3820,2409,4368,2337,6183,2731,5178,1227,1362,1375,2713,1058,4099,0,0,25,7,94,71,56,88,83,210,116,147,98,116,121,214,90,313,43579,1849,13,0,0,0,0,8,0
2021-01-23T23:59:59+01:00,1,1,919,990,2829,3819,2409,4367,2335,6182,2730,5178,1224,1361,1374,2713,1058,4099,0,0,25,6,94,71,56,88,83,210,116,147,98,116,121,214,90,311,43573,1846,11,0,0,0,0,5,0
2021-01-22T23:59:59+01:00,1,1,912,983,2798,3773,2375,4302,2303,6107,2709,5131,1222,1358,1373,2710,1057,4096,0,0,25,6,94,70,56,88,83,210,116,147,98,116,121,214,90,311,43198,1845,11,0,0,0,0,2,0
2021-01-21T23:59:59+01:00,1,1,896,915,2540,3362,2173,3885,2122,5496,2484,4647,1165,1312,1323,2590,1021,3938,0,0,21,6,83,64,52,72,70,170,96,134,88,100,101,154,74,235,39859,1520,11,0,0,0,0,1,0
2021-01-20T23:59:59+01:00,1,1,815,850,2230,2955,1967,3424,1891,4888,2229,4172,1051,1172,1151,2235,886,3414,0,0,21,6,83,64,52,71,69,170,95,134,88,100,101,154,72,235,35321,1515,11,0,0,0,0,0,0
2021-01-19T23:59:59+01:00,1,1,752,771,1936,2508,1728,2967,1657,4228,1985,3698,977,1075,1023,1946,778,3032,0,0,10,3,50,46,33,44,35,100,44,77,40,37,50,83,44,152,31054,848,9,0,0,0,0,0,0
2021-01-18T23:59:59+01:00,1,1,677,711,1706,2111,1489,2495,1411,3544,1733,3194,890,988,917,1730,722,2749,0,0,5,2,19,11,13,21,17,54,17,33,20,22,26,56,31,82,27065,429,4,0,0,0,0,0,0
2021-01-17T23:59:59+01:00,0,1,499,550,1389,1709,1211,1963,1157,2812,1451,2571,749,831,763,1438,598,2354,0,0,0,1,4,2,0,0,0,0,0,0,1,0,0,0,0,0,22043,8,3,0,0,0,0,0,0
2021-01-16T23:59:59+01:00,0,0,379,400,1207,1466,1091,1677,1017,2415,1293,2164,662,734,735,1421,596,2353,0,0,0,0,0,0,0,0,0,0,0,0,0,0,0,0,0,0,19608,0,2,0,0,0,0,0,0
2021-01-15T23:59:59+01:00,0,0,276,239,1022,1167,942,1332,849,1969,1116,1762,543,623,696,1386,583,2312,0,0,0,0,0,0,0,0,0,0,0,0,0,0,0,0,0,0,16816,0,1,0,0,0,0,0,0
2021-01-14T23:59:59+01:00,0,0,159,106,708,784,650,864,614,1312,752,1141,353,434,571,1199,523,2061,0,0,0,0,0,0,0,0,0,0,0,0,0,0,0,0,0,0,12231,0,0,0,0,0,0,0,0
2021-01-13T23:59:59+01:00,0,0,133,86,598,617,526,698,497,1054,595,875,297,358,482,1014,450,1756,0,0,0,0,0,0,0,0,0,0,0,0,0,0,0,0,0,0,10036,0,0,0,0,0,0,0,0
2021-01-12T23:59:59+01:00,0,0,123,70,513,526,450,597,431,922,524,769,262,309,394,817,376,1371,0,0,0,0,0,0,0,0,0,0,0,0,0,0,0,0,0,0,8454,0,0,0,0,0,0,0,0
2021-01-11T23:59:59+01:00,0,0,94,57,417,432,365,485,345,746,419,596,228,258,327,684,307,1158,0,0,0,0,0,0,0,0,0,0,0,0,0,0,0,0,0,0,6918,0,0,0,0,0,0,0,0
2021-01-10T23:59:59+01:00,0,0,79,49,352,359,298,402,292,649,349,528,199,227,262,544,245,903,0,0,0,0,0,0,0,0,0,0,0,0,0,0,0,0,0,0,5737,0,0,0,0,0,0,0,0
2021-01-09T23:59:59+01:00,0,0,78,47,336,338,274,381,284,633,341,521,198,226,261,542,245,903,0,0,0,0,0,0,0,0,0,0,0,0,0,0,0,0,0,0,5608,0,0,0,0,0,0,0,0
2021-01-08T23:59:59+01:00,0,0,72,39,301,303,229,340,255,590,314,480,180,206,236,482,224,799,0,0,0,0,0,0,0,0,0,0,0,0,0,0,0,0,0,0,5050,0,0,0,0,0,0,0,0
2021-01-07T23:59:59+01:00,0,0,58,25,211,200,160,241,196,425,244,343,150,167,181,317,150,513,0,0,0,0,0,0,0,0,0,0,0,0,0,0,0,0,0,0,3581,0,0,0,0,0,0,0,0
2021-01-06T23:59:59+01:00,0,0,46,15,164,121,113,160,145,298,179,244,118,135,139,250,107,367,0,0,0,0,0,0,0,0,0,0,0,0,0,0,0,0,0,0,2601,0,0,0,0,0,0,0,0
2021-01-05T23:59:59+01:00,0,0,28,8,98,74,59,93,88,214,118,152,108,125,130,231,106,341,0,0,0,0,0,0,0,0,0,0,0,0,0,0,0,0,0,0,1973,0,0,0,0,0,0,0,0
2021-01-04T23:59:59+01:00,0,0,26,8,97,72,56,90,88,214,118,150,108,123,129,231,106,341,0,0,0,0,0,0,0,0,0,0,0,0,0,0,0,0,0,0,1957,0,0,0,0,0,0,0,0
2021-01-03T23:59:59+01:00,0,0,26,8,97,71,56,89,88,213,117,150,107,123,129,231,106,341,0,0,0,0,0,0,0,0,0,0,0,0,0,0,0,0,0,0,1952,0,0,0,0,0,0,0,0
2021-01-02T23:59:59+01:00,0,0,26,7,97,71,56,89,87,213,116,150,107,123,129,231,106,340,0,0,0,0,0,0,0,0,0,0,0,0,0,0,0,0,0,0,1948,0,0,0,0,0,0,0,0
2021-01-01T23:59:59+01:00,0,0,26,7,97,71,56,89,87,213,115,149,107,123,129,231,106,340,0,0,0,0,0,0,0,0,0,0,0,0,0,0,0,0,0,0,1946,0,0,0,0,0,0,0,0
2020-12-31T23:59:59+01:00,0,0,26,7,97,71,56,89,87,213,114,149,107,123,129,231,106,340,0,0,0,0,0,0,0,0,0,0,0,0,0,0,0,0,0,0,1945,0,0,0,0,0,0,0,0
2020-12-30T23:59:59+01:00,0,0,26,7,97,71,55,89,86,213,114,149,107,123,129,231,105,340,0,0,0,0,0,0,0,0,0,0,0,0,0,0,0,0,0,0,1942,0,0,0,0,0,0,0,0
2020-12-29T23:59:59+01:00,0,0,14,2,65,54,33,60,50,138,64,91,53,54,74,142,65,232,0,0,0,0,0,0,0,0,0,0,0,0,0,0,0,0,0,0,1191,0,0,0,0,0,0,0,0
2020-12-28T23:59:59+01:00,0,0,5,2,36,26,20,30,21,67,25,41,23,22,27,51,34,82,0,0,0,0,0,0,0,0,0,0,0,0,0,0,0,0,0,0,512,0,0,0,0,0,0,0,0
2020-12-27T23:59:59+01:00,0,0,1,0,8,6,8,2,1,5,0,2,1,1,2,2,4,6,0,0,0,0,0,0,0,0,0,0,0,0,0,0,0,0,0,0,49,0,0,0,0,0,0,0,0
