Datum,<24_1_m,<24_1_w,25-34_1_m,25-34_1_w,35-44_1_m,35-44_1_w,45-54_1_m,45-54_1_w,55-64_1_m,55-64_1_w,65-74_1_m,65-74_1_w,75-84_1_m,75-84_1_w,>84_1_m,>84_1_w,<24_2_m,<24_2_w,25-34_2_m,25-34_2_w,35-44_2_m,35-44_2_w,45-54_2_m,45-54_2_w,55-64_2_m,55-64_2_w,65-74_2_m,65-74_2_w,75-84_2_m,75-84_2_w,>84_2_m,>84_2_w,bp_1,bp_2,mo_1,mo_2,az_1,az_2,ja
2021-06-18T23:59:59+02:00,30769,33176,65033,66470,61374,64284,70364,77838,75443,80273,48405,60999,38761,54048,8398,17465,12016,13279,28300,32484,29811,34776,35138,44065,45625,52441,31922,41111,33690,46795,7568,15556,591730,364661,93083,50194,151290,72725,16997
2021-06-17T23:59:59+02:00,30059,32487,63840,65511,60327,63456,68864,76537,75055,79960,48319,60867,38710,53979,8392,17452,11558,12873,27527,31818,29095,34130,34310,43384,44174,50963,31535,40569,33544,46572,7550,15525,585924,357424,90494,49077,151167,72396,16230
2021-06-16T23:59:59+02:00,29426,31806,62524,64433,59164,62430,66641,74693,74384,79427,48142,60684,38628,53885,8380,17434,11201,12574,26870,31167,28415,33546,33592,42755,43652,50445,31288,40243,33420,46410,7538,15499,579829,353846,86035,48399,150811,70964,15406
2021-06-15T23:59:59+02:00,28647,30984,61190,63271,58137,61482,65440,73622,74016,79074,48033,60551,38585,53794,8374,17411,10901,12227,26272,30467,27777,32814,32918,42033,42125,48842,30902,39754,33258,46203,7518,15447,572877,347240,84417,47545,150376,69732,14941
2021-06-14T23:59:59+02:00,28076,30268,60101,62266,57295,60655,64320,72635,73662,78769,47957,60437,38534,53729,8361,17389,10570,11865,25533,29630,27054,32033,32150,41239,40893,47524,30575,39313,33141,46002,7493,15405,567102,341187,82750,46571,150179,68239,14423
2021-06-13T23:59:59+02:00,27602,29724,59194,61387,56552,59904,63179,71616,73299,78437,47872,60336,38495,53672,8351,17362,10252,11506,24808,28785,26351,31227,31394,40381,39397,45961,30155,38781,32962,45716,7470,15325,562188,334233,80894,45811,149959,66486,13941
2021-06-12T23:59:59+02:00,27326,29398,58655,60905,56216,59627,62516,70972,73140,78349,47851,60308,38484,53654,8348,17360,10113,11345,24312,28182,25835,30678,30886,39816,38350,45015,30008,38623,32874,45559,7466,15318,559318,330054,79941,45810,149943,64609,13907
2021-06-11T23:59:59+02:00,26897,28874,57925,60125,55558,59035,61570,69986,72858,78116,47786,60230,38460,53627,8345,17355,9945,11106,23794,27522,25334,30034,30300,39171,37298,44041,29774,38305,32745,45352,7456,15296,554325,325306,78657,45554,149919,62767,13846
2021-06-10T23:59:59+02:00,26242,28234,56841,59182,54647,58249,60261,68780,72453,77805,47727,60139,38434,53576,8335,17329,9634,10783,22883,26569,24390,29125,29187,38239,35992,42918,29452,37878,32478,44933,7398,15233,548828,318478,76467,44857,149667,60485,13272
2021-06-09T23:59:59+02:00,25560,27593,55711,58115,53660,57367,59320,67871,72093,77508,47652,60040,38384,53518,8324,17303,9290,10481,21948,25674,23455,28239,28147,37289,34329,41163,29116,37435,32314,44677,7360,15152,543177,311066,75301,44166,149306,58602,12235
2021-06-08T23:59:59+02:00,24766,26790,54424,57025,52588,56418,58323,66972,71671,77184,47575,59928,38333,53431,8304,17274,8976,10190,20980,24782,22430,27364,27088,36326,33040,39882,28792,36988,32019,44234,7316,15086,536609,304794,74390,43412,148864,56144,11143
2021-06-07T23:59:59+02:00,23981,26064,53011,55802,51362,55457,57153,65985,71244,76868,47494,59836,38291,53368,8294,17249,8679,9918,20085,23939,21430,26557,26034,35435,32216,39167,28532,36628,31789,43827,7272,15005,529448,300243,73500,42604,148442,53597,10069
2021-06-06T23:59:59+02:00,23367,25446,51884,54726,50288,54498,56190,65024,70843,76570,47416,59769,38256,53309,8286,17234,8426,9651,19264,23047,20524,25690,24966,34479,31410,38436,28270,36319,31539,43447,7228,14937,523215,295748,72494,41870,148079,50697,9318
2021-06-05T23:59:59+02:00,23025,25028,51067,53917,49639,53933,55709,64482,70719,76432,47401,59741,38249,53303,8284,17234,8159,9223,18627,22019,19834,24652,24086,33293,30448,37223,27995,35923,31438,43291,7222,14924,518913,289460,72490,41833,147502,47806,9258
2021-06-04T23:59:59+02:00,22498,24381,50056,52961,48885,53084,55040,63712,70450,76188,47375,59710,38235,53289,8282,17228,7885,8848,18008,21169,19169,23652,23135,32018,29327,35980,27739,35590,31337,43146,7210,14907,512641,283189,72172,41763,147475,45082,9086
2021-06-03T23:59:59+02:00,21735,23600,48630,51693,47757,52003,54076,62686,70067,75844,47315,59616,38198,53245,8271,17207,7543,8358,17270,20134,18381,22511,22098,30569,28229,34583,27244,34851,31150,42857,7179,14840,505034,276512,71333,41021,147189,41877,8387
2021-06-02T23:59:59+02:00,21287,23015,47647,50765,46980,51304,53325,61964,69885,75684,47281,59584,38178,53216,8265,17195,7343,8066,16557,19464,17536,21765,21261,29533,27197,33297,26819,34292,31004,42628,7158,14780,498971,270387,71321,41005,147163,39188,8120
2021-06-01T23:59:59+02:00,20477,22152,45765,49021,45380,49900,51757,60451,69353,75240,47197,59479,38124,53147,8253,17153,7004,7695,15316,18566,16093,20794,20057,28289,26074,31969,26309,33662,30790,42309,7118,14687,489823,264062,69995,40445,146615,35809,6416
2021-05-31T23:59:59+02:00,19901,21562,44436,47875,44186,48825,50503,59302,68811,74860,47131,59381,38079,53077,8243,17126,6667,7315,14185,17744,14763,19890,18881,27126,24937,30712,25841,33022,30624,42033,7088,14599,483585,257884,68844,39906,146156,32924,4713
2021-05-30T23:59:59+02:00,19522,21109,43437,46917,43298,47937,49487,58294,68356,74403,47026,59232,38018,52970,8228,17089,6443,7019,13624,17044,14143,19200,17961,26116,23859,29569,25154,32144,30357,41653,7051,14522,477644,251999,67818,39111,145742,30630,4119
2021-05-29T23:59:59+02:00,19380,20968,43060,46584,42974,47697,49257,58100,68307,74358,47020,59223,38012,52968,8228,17089,6250,6701,13096,16250,13504,18330,17064,24910,22857,28386,25006,31934,30308,41577,7048,14515,475673,246463,67719,39111,145718,28047,4115
2021-05-28T23:59:59+02:00,19022,20612,42375,45963,42477,47158,48744,57543,68065,74108,46963,59139,37985,52924,8225,17084,5971,6232,12533,15363,12841,17450,16157,23656,21866,27070,24780,31601,30229,41464,7038,14499,471428,240524,67225,39006,145653,25139,4081
2021-05-27T23:59:59+02:00,18410,20010,41225,44995,41500,46295,47762,56666,67556,73732,46856,58998,37937,52856,8214,17045,5702,5836,11872,14521,12049,16522,15090,22431,20665,25626,24330,30938,30077,41229,7005,14425,465675,233271,65724,38206,144937,23120,3721
2021-05-26T23:59:59+02:00,17918,19523,40116,44069,40500,45431,46713,55773,67034,73279,46713,58830,37866,52705,8197,16999,5471,5607,11301,13729,11313,15658,14059,21259,19334,24104,23796,30207,29887,40925,6957,14331,460575,226060,63709,37357,143953,21092,3429
2021-05-25T23:59:59+02:00,17450,19044,39103,43188,39564,44601,45725,54831,66524,72818,46554,58614,37789,52578,8174,16953,5234,5360,10734,13070,10560,14853,12949,20006,17987,22660,23263,29478,29675,40641,6908,14256,455306,218775,62141,36430,142858,19224,3205
2021-05-24T23:59:59+02:00,17047,18676,38273,42461,38707,43913,44853,54042,66074,72403,46440,58443,37729,52459,8157,16917,5057,5199,10273,12591,9927,14281,12024,19129,16733,21445,22676,28691,29480,40352,6860,14179,450722,211974,60929,35499,142143,18624,2800
2021-05-23T23:59:59+02:00,16850,18473,37789,42085,38264,43526,44409,53643,65827,72199,46375,58354,37694,52418,8151,16895,4839,5030,9811,12107,9285,13674,11025,18287,15645,20440,22214,28148,29262,40099,6823,14103,447558,205080,60567,35421,142111,17575,2716
2021-05-22T23:59:59+02:00,16613,18209,37092,41548,37619,43077,43847,53241,64850,71224,46188,58112,37637,52319,8142,16876,4698,4682,9619,11725,9123,13355,10772,17819,15409,20072,22124,28044,29233,40066,6818,14097,441254,203882,60564,35420,142092,15670,2684
2021-05-21T23:59:59+02:00,16159,17735,36008,40632,36594,42185,42781,52329,63573,70004,45987,57804,37562,52188,8129,16845,4572,4563,9420,11461,8919,13109,10412,17472,15031,19716,21930,27782,29176,39983,6808,14091,431782,201969,60222,35116,141840,14689,2671
2021-05-20T23:59:59+02:00,15258,16922,34558,39138,35221,40880,41376,51104,62414,68935,45718,57497,37432,52020,8111,16801,4385,4334,8881,10868,8289,12391,9682,16606,14265,18724,21204,26778,29003,39714,6775,14018,421719,197652,58561,34284,140809,11685,2296
2021-05-19T23:59:59+02:00,14623,16264,33386,37634,34135,39622,40247,50133,60465,67205,45313,56996,37262,51780,8072,16706,4265,4174,8606,10504,8003,12002,9218,16095,13593,18013,20411,25737,28793,39437,6724,13916,410968,193450,57060,33481,139718,10463,2097
2021-05-18T23:59:59+02:00,14103,15739,32340,36619,33085,38716,39208,49182,58469,65418,45000,56583,37120,51557,8046,16654,4024,3956,8126,9912,7532,11454,8659,15403,12887,17207,19533,24608,28587,39133,6692,13815,402388,189398,55132,32643,138527,7695,1792
2021-05-17T23:59:59+02:00,13783,15414,31842,36077,32616,38166,38588,48533,56551,63693,44363,55818,36877,51203,8020,16595,3915,3809,7870,9640,7235,11156,8237,14978,12292,16553,18681,23546,28386,38847,6662,13746,394849,185061,54050,31898,137732,7086,1508
2021-05-16T23:59:59+02:00,13525,15117,31326,35580,32162,37675,38045,47957,54665,61831,43876,55186,36703,50919,7996,16552,3786,3685,7594,9344,6901,10821,7741,14490,11716,15926,17803,22482,28198,38591,6635,13686,387938,180826,53091,31063,137088,6512,998
2021-05-15T23:59:59+02:00,13342,14879,31069,35258,31913,37352,37818,47709,53080,60322,43662,54916,36633,50795,7993,16525,3764,3667,7573,9320,6885,10802,7725,14477,11702,15906,17656,22233,28024,38325,6629,13679,382154,179849,53089,31063,137041,6473,982
2021-05-14T23:59:59+02:00,13051,14547,30608,34770,31555,36896,37297,47226,51228,58486,43332,54462,36512,50611,7979,16492,3729,3643,7507,9253,6834,10738,7664,14410,11467,15642,16960,21180,27774,37908,6616,13648,374440,176983,52768,30726,136913,6333,931
2021-05-13T23:59:59+02:00,12716,14167,29971,34135,30971,36291,36593,46561,49786,56947,42951,53908,36354,50387,7960,16463,3647,3587,7391,9159,6750,10645,7560,14301,11070,15183,15938,20001,27445,37340,6579,13581,367391,173219,51770,30169,136171,5960,829
2021-05-12T23:59:59+02:00,12564,13995,29687,33830,30709,36005,36294,46243,49529,56662,42851,53804,36303,50308,7954,16426,3626,3558,7364,9124,6724,10608,7534,14268,10875,15007,15561,19530,27179,36936,6562,13537,364751,171213,51693,30159,136014,5915,706
2021-05-11T23:59:59+02:00,12137,13581,28858,33033,29877,35266,35424,45445,47828,54913,42461,53269,36142,50032,7924,16340,3517,3429,7120,8855,6522,10310,7314,13891,10325,14394,14620,18395,26825,36419,6538,13455,357904,167581,49994,29279,134150,4587,482
2021-05-10T23:59:59+02:00,11769,13260,28122,32317,29094,34569,34643,44678,46577,53660,42101,52802,35970,49744,7879,16242,3471,3372,6990,8725,6428,10198,7178,13695,10011,14036,13927,17549,26462,35883,6516,13390,351672,164796,48884,28906,132497,3755,374
2021-05-09T23:59:59+02:00,11485,12957,27437,31634,28444,33889,33892,43976,45086,52180,41660,52256,35788,49462,7849,16166,3414,3315,6865,8581,6329,10055,7071,13489,9600,13648,13196,16666,26146,35423,6500,13344,344666,161977,47812,28356,131395,3021,288
2021-05-08T23:59:59+02:00,11375,12872,27031,31325,28005,33576,33440,43674,44071,51354,41532,52115,35749,49404,7847,16161,3409,3312,6858,8578,6321,10048,7065,13477,9590,13633,13062,16482,25566,34599,6470,13281,340165,160128,47772,28330,131309,3008,285
2021-05-07T23:59:59+02:00,11200,12691,26556,30951,27563,33215,32939,43320,43048,50535,41295,51805,35650,49252,7837,16140,3354,3280,6809,8539,6273,9999,7009,13421,9365,13330,12370,15568,24757,33419,6431,13216,335111,156089,47464,27966,131155,2818,267
2021-05-06T23:59:59+02:00,10735,12339,25597,30180,26521,32428,31706,42485,41514,49364,40948,51293,35476,49029,7802,16077,3286,3220,6679,8397,6164,9868,6850,13237,9059,12964,11630,14577,23951,32271,6405,13160,327301,152350,46398,27023,129538,2088,257
2021-05-05T23:59:59+02:00,10305,12098,24716,29585,25651,31750,30591,41692,39611,47568,40549,50777,35277,48765,7754,15976,3238,3178,6565,8269,6067,9757,6748,13092,8776,12637,10813,13616,23109,31167,6380,13105,319468,148507,45547,26142,127476,1694,174
2021-05-04T23:59:59+02:00,10010,11820,23899,28936,24682,31015,29502,40830,38145,46122,40114,50225,35030,48443,7714,15875,3198,3151,6495,8193,5987,9690,6675,13020,8475,12340,10000,12665,22321,30109,6356,13054,312838,144829,44588,25341,124867,1490,69
2021-05-03T23:59:59+02:00,9764,11555,23155,28347,23863,30420,28565,40099,37267,45408,39779,49795,34836,48164,7673,15782,3148,3116,6423,8116,5913,9629,6582,12933,8193,12059,9162,11626,21569,29116,6335,13016,307993,141128,43814,24530,122635,1248,30
2021-05-02T23:59:59+02:00,9564,11333,22490,27785,23123,29834,27727,39462,36531,44817,39537,49475,34733,47991,7642,15731,3108,3093,6384,8074,5882,9597,6545,12894,7953,11810,8477,10836,21014,28393,6316,13001,303180,137980,43050,24256,121521,1117,24
2021-05-01T23:59:59+02:00,9376,11122,22102,27313,22639,29256,27061,38728,35741,43945,39306,49142,34649,47851,7638,15719,3101,3087,6357,8064,5869,9590,6526,12879,7938,11797,8436,10759,20982,28350,6312,12998,297105,137694,43049,24249,121410,1078,24
2021-04-30T23:59:59+02:00,9191,10904,21716,26880,22179,28698,26278,37940,34812,43026,39090,48840,34563,47720,7626,15700,3082,3071,6335,8049,5848,9574,6498,12856,7908,11764,8394,10678,20937,28280,6310,12993,290870,137391,43043,24180,121232,988,18
2021-04-29T23:59:59+02:00,8868,10621,21127,26297,21499,27999,25303,36957,33554,41655,38113,47527,34283,47287,7578,15588,3044,3030,6242,7940,5770,9470,6395,12707,7669,11447,7772,9971,20587,27813,6293,12931,282169,135346,42259,22970,119811,748,17
2021-04-28T23:59:59+02:00,8560,10372,20602,25812,20850,27404,24380,36045,32164,40155,37027,46051,33975,46834,7525,15468,2970,2976,6129,7818,5668,9347,6295,12547,7397,11125,7096,9127,20226,27308,6255,12867,273523,132930,41491,21678,118193,526,17
2021-04-27T23:59:59+02:00,8346,10161,20159,25390,20228,26863,23520,35250,30967,38779,36011,44716,33635,46312,7468,15359,2943,2945,6025,7717,5614,9255,6222,12418,7151,10879,6491,8400,19875,26872,6240,12850,265843,130852,40627,20746,116677,282,17
2021-04-26T23:59:59+02:00,8126,9961,19740,24972,19680,26326,22683,34469,29761,37506,35023,43400,33369,45870,7427,15245,2926,2933,5989,7677,5572,9217,6184,12377,6915,10640,5891,7689,19546,26484,6220,12827,258248,128914,39807,19906,115487,251,16
2021-04-25T23:59:59+02:00,7994,9804,19395,24707,19301,25980,22037,33826,28742,36476,33983,42082,33083,45482,7393,15174,2913,2923,5971,7655,5552,9199,6163,12352,6877,10605,5731,7473,19251,26066,6204,12785,251124,128295,39092,19168,115227,241,16
2021-04-24T23:59:59+02:00,7790,9587,18948,24274,18741,25443,21199,32973,27748,35503,33757,41786,33004,45345,7383,15163,2909,2917,5957,7647,5545,9190,6158,12348,6863,10586,5651,7352,19170,25950,6201,12777,245204,127852,39090,19131,114334,222,16
2021-04-23T23:59:59+02:00,7532,9357,18486,23795,18177,24824,20328,32115,26621,34301,33057,40707,32878,45143,7371,15142,2901,2898,5927,7624,5509,9146,6115,12310,6814,10528,5453,7047,18651,25331,6126,12644,237683,126020,38761,18787,113374,201,16
2021-04-22T23:59:59+02:00,7269,9115,17857,23173,17376,24035,19245,31059,25314,32842,32108,39467,32655,44824,7336,15073,2884,2879,5883,7570,5462,9064,6048,12232,6730,10445,5112,6583,17986,24494,6038,12489,228686,123887,37843,17827,112203,169,16
2021-04-21T23:59:59+02:00,7027,8910,17319,22668,16705,23433,18227,30111,23783,31251,31174,38290,32393,44442,7293,14996,2864,2858,5842,7517,5405,8990,5983,12132,6631,10366,4899,6239,17334,23696,5951,12339,219862,121821,37074,17065,111070,144,16
2021-04-20T23:59:59+02:00,6809,8679,16743,22184,15955,22744,17186,29073,22326,29745,30122,36900,32111,44075,7249,14915,2847,2843,5798,7479,5364,8943,5933,12067,6555,10299,4748,6024,16739,22965,5860,12194,210942,120159,36198,16348,109660,135,16
2021-04-19T23:59:59+02:00,6592,8493,16194,21747,15274,22172,16156,28134,20895,28323,28878,35372,31828,43655,7202,14817,2834,2826,5776,7446,5328,8913,5889,12018,6474,10220,4586,5811,16114,22275,5781,12075,202304,118533,35423,15686,107989,131,16
2021-04-18T23:59:59+02:00,6378,8326,15741,21402,14638,21604,15104,27302,19533,27112,27631,33852,31533,43281,7158,14736,2773,2773,5643,7321,5221,8802,5788,11870,6372,10108,4427,5588,15545,21620,5694,11937,193794,116916,34595,14422,106926,128,16
2021-04-17T23:59:59+02:00,6333,8290,15580,21325,14470,21518,14840,27109,19255,26842,27166,33351,31426,43159,7152,14724,2740,2721,5543,7167,5110,8641,5689,11674,6283,9997,4364,5501,15325,21352,5687,11928,192581,115173,34590,14418,105353,115,16
2021-04-16T23:59:59+02:00,6254,8226,15398,21156,14261,21370,14532,26835,18750,26307,26244,32254,31313,42966,7131,14706,2685,2657,5422,6986,4987,8461,5522,11431,6097,9784,4123,5234,14715,20586,5612,11825,189230,111983,34305,14023,104152,105,16
2021-04-15T23:59:59+02:00,6170,8131,15180,20938,13989,21085,14070,26454,17978,25527,25041,30811,31089,42671,7105,14637,2604,2553,5223,6732,4783,8159,5313,11113,5885,9508,3907,4948,13907,19524,5521,11700,184686,108190,33496,13082,102678,92,16
2021-04-14T23:59:59+02:00,6075,8048,14970,20731,13728,20848,13659,26101,17149,24742,23636,29189,30809,42314,7060,14552,2389,2414,5015,6472,4599,7909,5086,10858,5664,9239,3757,4705,13185,18632,5427,11529,180077,105147,32621,11632,100897,85,16
2021-04-13T23:59:59+02:00,6008,7982,14770,20591,13503,20665,13279,25782,16413,24040,22115,27539,30540,41931,7032,14453,2288,2345,4848,6277,4421,7704,4877,10603,5478,9021,3619,4526,12653,18026,5336,11397,175859,102808,31746,10520,99022,75,16
2021-04-12T23:59:59+02:00,5927,7892,14538,20389,13203,20410,12873,25343,15693,23312,20680,25777,30286,41619,6998,14385,2142,2232,4673,6123,4273,7520,4719,10418,5340,8867,3491,4364,12222,17507,5249,11270,171515,101134,30690,9186,97104,74,16
2021-04-11T23:59:59+02:00,5834,7802,14318,20192,12908,20191,12435,24971,15005,22647,19323,24170,30063,41320,6963,14311,2096,2191,4555,6006,4159,7392,4593,10288,5215,8750,3364,4220,11734,16897,5141,11098,167253,99398,29735,8214,95450,72,15
2021-04-10T23:59:59+02:00,5829,7794,14300,20179,12899,20180,12418,24957,14922,22555,18654,23257,29820,40964,6947,14288,2090,2179,4544,5996,4147,7381,4580,10272,5153,8672,3259,4107,11177,16061,5027,10918,166188,97266,29708,8214,94052,68,15
2021-04-09T23:59:59+02:00,5815,7777,14270,20131,12857,20131,12370,24906,14543,22113,17211,21462,29471,40425,6919,14254,2065,2168,4525,5978,4120,7356,4537,10239,5116,8621,3145,3969,10314,15068,4918,10758,163598,94847,29369,7969,91674,67,14
2021-04-08T23:59:59+02:00,5766,7746,14173,20054,12780,20054,12263,24796,14087,21550,15494,19351,28939,39527,6870,14147,2040,2152,4498,5923,4068,7274,4471,10160,5046,8550,3036,3848,9811,14454,4750,10551,159780,93012,28348,7543,89458,66,11
2021-04-07T23:59:59+02:00,5732,7712,14065,19974,12689,19974,12166,24685,13604,21071,14046,17536,28374,38693,6823,14060,2018,2139,4444,5853,3984,7199,4381,10070,4960,8463,2938,3743,9041,13308,4559,10228,155420,90495,27473,6768,88301,55,10
2021-04-06T23:59:59+02:00,5696,7681,13968,19902,12611,19917,12084,24617,13114,20581,12447,15531,27797,37879,6806,13994,1946,2074,4314,5733,3884,7073,4260,9925,4856,8339,2823,3615,8297,12326,4343,9938,151417,88124,26593,5560,86606,53,9
2021-04-05T23:59:59+02:00,5653,7647,13896,19836,12541,19851,12027,24536,12717,20198,10850,13579,27188,36974,6777,13942,1869,1994,4149,5578,3722,6917,4104,9783,4713,8215,2671,3480,7455,11305,4141,9639,148233,85779,25580,3897,84390,50,9
2021-04-04T23:59:59+02:00,5638,7628,13884,19816,12536,19833,12019,24517,12579,20080,9813,12279,26797,36412,6756,13897,1867,1989,4142,5576,3720,6912,4099,9776,4712,8209,2665,3467,7201,10812,4076,9550,146504,84827,25576,3897,82398,43,6
2021-04-03T23:59:59+02:00,5634,7617,13867,19799,12527,19824,12009,24506,12558,20030,8786,11067,26045,35339,6715,13802,1864,1986,4140,5571,3718,6908,4091,9764,4696,8198,2659,3456,7045,10534,4057,9492,144040,84234,25569,3897,80511,43,5
2021-04-02T23:59:59+02:00,5627,7599,13828,19774,12491,19781,11966,24458,12466,19946,8105,10089,24621,33432,6603,13594,1853,1970,4114,5549,3695,6865,4051,9685,4569,7917,2526,3317,6664,10109,3940,9337,139598,82437,25234,3676,79543,43,5
2021-04-01T23:59:59+02:00,5562,7514,13736,19639,12377,19636,11820,24298,11842,19468,7377,9171,23292,31683,6508,13404,1780,1899,4010,5448,3632,6797,3981,9615,4497,7813,2423,3166,6137,9376,3811,9131,135402,80202,24109,3273,77812,37,4
2021-03-31T23:59:59+02:00,5504,7450,13609,19484,12246,19488,11639,24097,11562,19214,6867,8533,22007,29972,6387,13219,1766,1887,3989,5425,3599,6769,3945,9565,4459,7761,2350,3079,5626,8685,3682,8964,131477,78453,23022,3057,76775,37,4
2021-03-30T23:59:59+02:00,5436,7375,13474,19327,12133,19319,11506,23935,11395,19077,6476,8107,20792,28428,6280,13054,1747,1849,3948,5391,3530,6700,3856,9444,4332,7590,2209,2862,5186,8123,3577,8751,128126,76251,22094,2819,75893,24,1
2021-03-29T23:59:59+02:00,5383,7326,13367,19238,12071,19234,11410,23832,11253,18933,6136,7661,19546,26967,6185,12903,1681,1804,3898,5350,3447,6626,3743,9295,4177,7395,2098,2728,4588,7414,3468,8532,124562,73612,21231,2609,75651,22,1
2021-03-28T23:59:59+02:00,5322,7250,13250,19095,11991,19153,11315,23730,11151,18831,5797,7276,18542,25625,6091,12747,1642,1750,3789,5244,3245,6386,3680,9202,4126,7344,2035,2662,3786,6325,3349,8352,121586,70590,20444,2313,75135,13,1
2021-03-27T23:59:59+01:00,5285,7187,13142,18932,11872,18986,11205,23519,11046,18702,5723,7171,18281,25305,6083,12738,1636,1747,3785,5239,3242,6380,3360,8800,3964,7102,2030,2658,3767,6289,3319,8295,119757,69292,20407,2313,75012,7,1
2021-03-26T23:59:59+01:00,5236,7120,13031,18749,11754,18793,11040,23285,10893,18506,5528,6911,17698,24535,6008,12630,1635,1745,3779,5233,3221,6363,3338,8779,3733,6603,1880,2319,3471,5961,3202,8109,116688,67057,20070,2307,74958,6,1
2021-03-25T23:59:59+01:00,5156,7017,12829,18493,11550,18471,10822,22951,10654,18188,5274,6583,16706,23256,5907,12484,1624,1734,3756,5203,3189,6338,3289,8743,3681,6561,1799,2177,3018,5255,3086,7868,112719,65109,18998,2206,74623,5,1
2021-03-24T23:59:59+01:00,5056,6873,12613,18047,11347,18078,10592,22552,10444,17855,4954,6173,15704,22096,5803,12303,1598,1720,3732,5155,3154,6273,3231,8673,3632,6490,1742,2120,2686,4874,2965,7644,109645,63720,17909,1963,72935,5,1
2021-03-23T23:59:59+01:00,4985,6774,12443,17713,11160,17731,10398,22190,10244,17591,4816,5938,15039,21311,5700,12160,1581,1713,3719,5137,3133,6256,3211,8624,3598,6446,1707,2065,2439,4581,2781,7359,107325,62422,17181,1922,71686,5,1
2021-03-22T23:59:59+01:00,4925,6671,12242,17375,10980,17410,10184,21856,10031,17322,4656,5706,14417,20598,5599,12011,1566,1703,3694,5101,3102,6218,3178,8575,3564,6399,1664,2011,2225,4300,2606,7067,105499,61184,16465,1783,70018,5,1
2021-03-21T23:59:59+01:00,4832,6513,11950,16962,10702,17011,9928,21408,9782,16998,4524,5519,13733,19807,5480,11834,1557,1702,3677,5084,3081,6185,3157,8544,3544,6375,1646,1991,2048,4114,2455,6829,103624,60205,15169,1778,68189,5,1
2021-03-20T23:59:59+01:00,4793,6421,11808,16612,10571,16715,9787,21089,9605,16731,4398,5362,13103,18855,5362,11640,1556,1701,3677,5082,3078,6184,3154,8539,3539,6371,1640,1985,2016,4050,2436,6792,101437,60016,15165,1778,66249,5,1
2021-03-19T23:59:59+01:00,4737,6314,11632,16252,10400,16357,9606,20700,9399,16397,4210,5143,12091,17649,5242,11470,1548,1693,3660,5049,3047,6109,3115,8444,3434,6195,1523,1891,1946,3991,2326,6589,98754,58780,14756,1774,64088,5,1
2021-03-18T23:59:59+01:00,4639,6175,11366,15816,10138,15925,9339,20230,9187,16077,4066,4975,11441,16772,5055,11238,1542,1677,3644,5016,3024,6065,3095,8387,3408,6155,1504,1859,1907,3916,2203,6386,96955,58098,13750,1684,61733,5,1
2021-03-17T23:59:59+01:00,4440,6038,11070,15385,9880,15578,9096,19852,8947,15757,3938,4791,10600,15479,4840,10898,1539,1674,3631,4996,3020,6047,3084,8350,3391,6133,1502,1839,1883,3884,2094,6202,94308,57593,12207,1670,60073,5,1
2021-03-16T23:59:59+01:00,4279,5883,10713,14916,9629,15210,8801,19412,8668,15411,3797,4631,9758,14310,4609,10609,1523,1671,3627,4990,3011,6040,3078,8342,3381,6118,1480,1816,1845,3834,1975,6026,91980,57161,11019,1590,57636,5,1
2021-03-15T23:59:59+01:00,4111,5732,10395,14442,9340,14745,8498,18937,8401,15023,3646,4454,9021,13211,4440,10358,1512,1663,3609,4976,2999,6017,3059,8304,3361,6075,1464,1804,1829,3801,1861,5841,90025,56581,9657,1589,55072,5,0
2021-03-14T23:59:59+01:00,4030,5616,10114,13987,9084,14348,8181,18449,8139,14654,3470,4249,8182,11929,4194,9988,1498,1656,3585,4957,2977,5968,3038,8226,3336,6012,1430,1752,1771,3667,1698,5466,87715,56057,8648,975,52251,5,0
2021-03-13T23:59:59+01:00,3939,5368,9837,13405,8886,13860,7967,17954,7963,14317,3381,4174,7983,11622,4164,9923,1498,1656,3585,4957,2976,5968,3038,8226,3335,6010,1426,1751,1768,3662,1697,5465,87066,56040,8648,975,49029,3,0
2021-03-12T23:59:59+01:00,3853,5190,9587,12874,8659,13311,7720,17285,7605,13622,3225,4022,7600,11197,4058,9778,1496,1652,3582,4944,2972,5964,3031,8219,3331,6004,1400,1718,1747,3644,1599,5291,85309,55617,8401,974,45876,3,0
2021-03-11T23:59:59+01:00,3676,4822,9221,12152,8360,12637,7369,16491,7290,13036,3069,3820,7017,10425,3914,9542,1472,1636,3554,4902,2927,5875,2995,8101,3281,5915,1359,1663,1667,3433,1405,4794,82877,54879,7954,98,42010,2,0
2021-03-10T23:59:59+01:00,3593,4667,8651,11646,7735,12159,7059,15947,6993,12509,2910,3677,6436,9677,3790,9340,1457,1619,3526,4841,2895,5793,2958,7951,3224,5814,1322,1620,1614,3333,1288,4522,81074,53701,7402,75,38313,1,0
2021-03-09T23:59:59+01:00,3457,4448,7899,11194,6889,11666,6659,15326,6643,11931,2692,3387,5908,9026,3672,9113,1451,1614,3502,4790,2869,5729,2942,7901,3207,5770,1306,1597,1582,3291,1181,4327,78792,53017,6047,41,35071,1,0
2021-03-08T23:59:59+01:00,3252,4160,7172,10662,6150,11184,6258,14770,6261,11407,2492,3189,5281,8251,3569,8903,1443,1602,3479,4722,2840,5660,2904,7809,3179,5700,1303,1588,1578,3283,1177,4325,75974,52552,4904,40,32083,0,0
2021-03-07T23:59:59+01:00,3119,3990,6824,10161,5730,10628,5979,14328,6040,11058,2401,3112,4451,7113,3426,8708,1440,1599,3476,4717,2835,5648,2900,7790,3170,5690,1299,1571,1558,3244,1162,4287,72738,52347,4072,39,30258,0,0
2021-03-06T23:59:59+01:00,3068,3803,6630,9722,5535,10194,5467,13403,5716,10429,2388,3096,4446,7102,3424,8707,1439,1597,3474,4714,2833,5647,2899,7789,3169,5687,1297,1568,1558,3242,1161,4287,71517,52322,4072,39,27541,0,0
2021-03-05T23:59:59+01:00,2961,3486,6409,9176,5333,9784,5291,12827,5316,9444,2188,2702,4050,6686,3315,8537,1426,1590,3457,4700,2828,5634,2891,7771,3158,5668,1283,1564,1558,3238,1156,4283,69197,52166,3841,39,24467,0,0
2021-03-04T23:59:59+01:00,2866,3232,6193,8759,5178,9440,5113,12395,5142,9105,2077,2501,3486,5836,3195,8271,1413,1568,3415,4604,2794,5569,2860,7669,3128,5605,1265,1557,1543,3225,1149,4272,67158,51597,3401,39,22230,0,0
2021-03-03T23:59:59+01:00,2803,3154,6013,8346,4997,9059,4905,11943,4961,8691,1994,2398,3064,5359,3068,8031,1390,1557,3379,4553,2757,5506,2817,7564,3086,5539,1251,1536,1525,3194,1143,4255,65738,51014,3160,38,19888,0,0
2021-03-02T23:59:59+01:00,2741,3043,5843,8011,4840,8791,4742,11538,4823,8396,1915,2310,2757,4989,2875,7745,1384,1545,3360,4536,2741,5478,2804,7516,3078,5510,1247,1528,1506,3175,1141,4251,64408,50762,2905,38,18046,0,0
2021-03-01T23:59:59+01:00,2706,2992,5736,7788,4750,8667,4656,11382,4725,8232,1864,2229,2449,4646,2708,7469,1375,1542,3347,4517,2732,5445,2785,7465,3067,5492,1241,1524,1499,3167,1139,4247,63162,50546,2684,38,17153,0,0
2021-02-28T23:59:59+01:00,2640,2932,5557,7531,4580,8444,4523,11199,4625,8115,1812,2171,2154,4324,2530,7195,1363,1535,3335,4507,2724,5438,2778,7448,3060,5482,1237,1521,1493,3151,1138,4216,62072,50388,2383,38,15877,0,0
2021-02-27T23:59:59+01:00,2524,2553,5399,7146,4479,8136,4447,10847,4556,7884,1785,2118,2128,4281,2511,7143,1360,1532,3333,4507,2719,5436,2774,7444,3056,5480,1236,1520,1492,3151,1138,4216,61840,50359,2383,35,13714,0,0
2021-02-26T23:59:59+01:00,2458,2446,5255,6912,4333,7882,4293,10580,4351,7608,1664,2030,2070,4245,2406,6967,1339,1518,3315,4471,2709,5396,2762,7391,3033,5431,1231,1510,1488,3144,1137,4214,60526,50054,2377,35,12597,0,0
2021-02-25T23:59:59+01:00,2327,2316,4892,6498,3921,7412,4014,10077,4136,7262,1615,1986,2038,4185,2295,6777,1320,1497,3283,4431,2670,5336,2725,7281,2996,5349,1221,1494,1474,3104,1125,4159,60050,49432,2270,33,9431,0,0
2021-02-24T23:59:59+01:00,2287,2244,4771,6273,3828,7194,3885,9839,4021,7120,1595,1961,2008,4140,2183,6582,1306,1486,3253,4366,2636,5269,2700,7203,2966,5282,1205,1476,1451,3055,1114,4094,59507,48839,2025,23,8399,0,0
2021-02-23T23:59:59+01:00,2026,2051,4409,5805,3555,6791,3665,9463,3875,6872,1578,1932,1963,4095,2071,6400,1286,1474,3209,4331,2611,5209,2676,7128,2929,5233,1188,1455,1427,3018,1104,4047,59056,48316,1979,9,5516,0,0
2021-02-22T23:59:59+01:00,2015,2028,4355,5745,3520,6726,3599,9366,3820,6785,1545,1909,1940,4042,1955,6206,1281,1456,3189,4290,2591,5169,2650,7066,2899,5186,1180,1444,1416,3008,1098,4038,58519,47957,1836,4,5201,0,0
2021-02-21T23:59:59+01:00,2003,2021,4322,5710,3477,6692,3559,9302,3780,6743,1535,1903,1935,4033,1838,6043,1273,1440,3167,4252,2563,5118,2636,6999,2869,5103,1167,1428,1393,2947,1077,3967,58174,47395,1832,4,4890,0,0
2021-02-20T23:59:59+01:00,2002,2019,4317,5708,3475,6692,3559,9301,3779,6742,1530,1902,1933,4029,1837,6043,1273,1440,3166,4250,2563,5118,2635,6998,2869,5103,1167,1427,1392,2947,1077,3967,58160,47388,1832,4,4876,0,0
2021-02-19T23:59:59+01:00,1982,2010,4307,5692,3466,6677,3548,9291,3768,6728,1505,1870,1911,4009,1738,5865,1271,1439,3166,4249,2562,5117,2635,6996,2867,5101,1167,1427,1392,2946,1077,3967,57740,47375,1827,4,4800,0,0
2021-02-18T23:59:59+01:00,1933,1966,4205,5584,3404,6573,3452,9113,3691,6606,1489,1836,1876,3935,1608,5672,1219,1377,3018,4021,2443,4829,2522,6663,2767,4884,1137,1379,1361,2861,1053,3828,57091,45358,1737,4,4115,0,0
2021-02-17T23:59:59+01:00,1906,1922,4103,5428,3320,6420,3335,8860,3568,6441,1434,1764,1807,3833,1493,5372,1149,1304,2862,3799,2330,4514,2391,6225,2651,4633,1088,1316,1309,2751,1015,3672,55865,43005,1726,4,3415,0,0
2021-02-16T23:59:59+01:00,1807,1831,3949,5235,3191,6231,3221,8643,3452,6283,1412,1741,1779,3799,1379,5170,1053,1261,2735,3635,2232,4292,2252,5910,2530,4402,1041,1215,1151,2442,775,3082,55156,40006,1709,2,2258,0,0
2021-02-15T23:59:59+01:00,1791,1805,3899,5148,3134,6143,3158,8529,3394,6185,1402,1728,1765,3777,1371,5150,1013,1225,2653,3500,2158,4112,2167,5629,2444,4208,998,1148,1066,2254,713,2889,54692,38176,1707,1,1980,0,0
2021-02-14T23:59:59+01:00,1717,1770,3818,5072,3093,6027,3102,8369,3351,6090,1382,1697,1712,3639,1315,4915,1000,1215,2608,3432,2118,4043,2108,5504,2384,4109,963,1111,987,2069,647,2668,54446,36965,1092,1,1531,0,0
2021-02-13T23:59:59+01:00,1714,1768,3810,5069,3087,6025,3099,8368,3348,6088,1381,1694,1712,3637,1313,4915,1000,1215,2608,3432,2118,4043,2107,5504,2382,4109,963,1111,987,2069,647,2668,54428,36963,1091,0,1509,0,0
2021-02-12T23:59:59+01:00,1677,1743,3773,5039,3067,6006,3075,8330,3331,6049,1365,1687,1703,3620,1305,4897,991,1203,2574,3380,2085,3994,2079,5455,2365,4079,962,1111,986,2069,646,2666,54203,36645,1089,0,1375,0,0
2021-02-11T23:59:59+01:00,1622,1679,3665,4874,2967,5825,2974,8023,3239,5857,1310,1626,1636,3435,1225,4585,942,1103,2301,2936,1877,3484,1836,4720,2113,3608,886,1040,897,1865,598,2412,53580,32618,122,0,840,0,0
2021-02-10T23:59:59+01:00,1599,1652,3603,4755,2900,5726,2927,7858,3192,5748,1296,1610,1611,3392,1212,4550,849,1016,2012,2521,1664,3026,1592,4100,1867,3197,789,884,730,1488,476,1945,52929,28156,120,0,582,0,0
2021-02-09T23:59:59+01:00,1580,1626,3551,4690,2871,5654,2904,7759,3155,5685,1293,1601,1582,3371,1204,4536,787,907,1742,2172,1471,2622,1421,3593,1702,2882,761,851,708,1409,457,1845,52618,25330,115,0,329,0,0
2021-02-08T23:59:59+01:00,1559,1622,3527,4660,2852,5612,2879,7707,3140,5659,1283,1593,1574,3343,1202,4522,767,857,1588,1927,1325,2371,1290,3277,1545,2653,732,827,658,1295,429,1686,52317,23227,90,0,327,0,0
2021-02-07T23:59:59+01:00,1409,1573,3436,4603,2801,5571,2851,7666,3117,5626,1275,1577,1565,3321,1199,4491,594,668,1324,1583,1097,1906,1078,2671,1325,2192,628,707,583,1131,388,1482,52018,19357,63,0,0,0,0
2021-02-06T23:59:59+01:00,1405,1570,3434,4602,2795,5568,2846,7662,3113,5623,1273,1574,1563,3319,1199,4491,445,476,1132,1358,965,1576,927,2246,1161,1805,550,624,564,1117,385,1479,51974,16810,63,0,0,0,0
2021-02-05T23:59:59+01:00,1394,1558,3419,4580,2786,5541,2836,7616,3092,5578,1269,1566,1560,3312,1198,4491,327,274,948,1049,812,1198,762,1792,973,1420,450,533,541,1101,383,1475,51733,14038,63,0,0,0,0
2021-02-04T23:59:59+01:00,1375,1535,3372,4529,2746,5458,2796,7487,3045,5501,1257,1553,1546,3278,1191,4467,167,118,643,682,523,757,515,1150,639,884,287,363,445,955,348,1336,51095,9812,41,0,0,0,0
2021-02-03T23:59:59+01:00,1352,1526,3332,4479,2713,5407,2774,7421,3012,5441,1248,1530,1514,3212,1175,4365,146,96,509,526,400,616,424,909,490,679,236,290,354,774,278,1087,50461,7814,40,0,0,0,0
2021-02-02T23:59:59+01:00,1330,1512,3288,4442,2681,5347,2748,7343,2980,5381,1226,1500,1480,3150,1150,4274,130,80,425,429,335,532,380,827,434,613,219,267,306,703,258,976,49793,6914,39,0,0,0,0
2021-02-01T23:59:59+01:00,1313,1496,3263,4390,2651,5274,2714,7210,2950,5293,1210,1478,1454,3112,1136,4214,102,57,317,322,246,404,283,616,310,460,181,217,240,559,200,757,49119,5271,39,0,0,0,0
2021-01-31T23:59:59+01:00,1306,1482,3247,4359,2628,5230,2700,7156,2936,5254,1198,1460,1431,3046,1117,4139,91,54,287,297,225,357,260,572,281,427,160,197,198,454,164,613,48650,4637,39,0,0,0,0
2021-01-30T23:59:59+01:00,1306,1482,3244,4355,2627,5230,2699,7154,2936,5254,1198,1459,1430,3046,1117,4139,91,51,277,283,215,341,255,563,277,419,159,196,197,454,164,613,48640,4555,36,0,0,0,0
2021-01-29T23:59:59+01:00,1304,1481,3244,4351,2627,5229,2698,7152,2934,5252,1198,1459,1430,3045,1117,4139,85,47,256,268,192,317,243,550,265,412,156,194,193,448,163,611,48624,4400,36,0,0,0,0
2021-01-28T23:59:59+01:00,1281,1451,3172,4241,2577,5110,2634,6997,2875,5140,1183,1433,1416,2978,1097,4026,71,25,157,163,129,193,166,364,197,259,126,145,147,278,95,355,47577,2870,34,0,0,0,0
2021-01-27T23:59:59+01:00,1225,1393,3083,4102,2500,4924,2541,6710,2796,4971,1149,1387,1379,2885,1069,3892,36,10,92,77,61,93,80,210,114,141,97,114,107,205,71,253,45982,1761,24,0,0,0,0
2021-01-26T23:59:59+01:00,1139,1354,2963,3956,2428,4745,2456,6522,2724,4841,1129,1330,1284,2733,861,3498,35,10,89,76,60,92,78,210,112,140,95,113,107,205,71,253,43950,1746,13,0,0,0,0
2021-01-25T23:59:59+01:00,1120,1324,2883,3823,2382,4593,2393,6326,2664,4708,1117,1311,1269,2701,851,3471,35,10,88,76,58,92,78,209,112,139,95,113,107,205,71,253,42928,1741,8,0,0,0,0
2021-01-24T23:59:59+01:00,1108,1319,2866,3806,2372,4563,2363,6275,2633,4662,1108,1303,1258,2679,840,3438,35,10,88,76,58,92,78,209,112,139,95,113,107,205,71,253,42587,1741,6,0,0,0,0
2021-01-23T23:59:59+01:00,1108,1319,2866,3806,2372,4563,2363,6275,2631,4662,1108,1303,1258,2679,840,3438,35,10,88,76,58,92,78,209,112,139,95,113,107,205,71,252,42585,1740,6,0,0,0,0
2021-01-22T23:59:59+01:00,1100,1309,2831,3760,2341,4492,2332,6206,2612,4619,1107,1302,1257,2678,839,3435,35,10,88,76,58,92,78,209,112,139,95,113,107,205,71,252,42214,1740,6,0,0,0,0
2021-01-21T23:59:59+01:00,1068,1205,2565,3349,2151,4058,2145,5597,2401,4175,1061,1259,1212,2547,811,3293,30,9,78,68,54,74,65,172,90,128,87,96,89,152,60,196,38891,1448,6,0,0,0,0
2021-01-20T23:59:59+01:00,972,1117,2258,2931,1939,3583,1908,4977,2155,3749,963,1108,1048,2196,706,2852,30,9,78,68,54,73,65,172,90,128,87,96,89,152,60,196,34456,1447,6,0,0,0,0
2021-01-19T23:59:59+01:00,893,998,1964,2498,1695,3091,1678,4311,1927,3337,895,1008,920,1914,616,2525,13,5,50,47,33,41,33,101,40,77,37,35,46,81,36,127,30265,802,5,0,0,0,0
2021-01-18T23:59:59+01:00,815,910,1721,2088,1459,2603,1419,3615,1694,2885,818,926,818,1688,570,2281,7,3,17,12,14,19,17,53,15,34,22,23,23,54,27,73,26307,413,3,0,0,0,0
2021-01-17T23:59:59+01:00,604,702,1407,1696,1184,2044,1162,2859,1422,2325,674,780,683,1398,468,1932,1,1,2,2,0,0,0,0,0,0,0,0,0,0,0,0,21337,6,3,0,0,0,0
2021-01-16T23:59:59+01:00,457,510,1232,1476,1068,1732,1014,2447,1268,1949,597,700,663,1385,466,1931,0,0,0,0,0,0,0,0,0,0,0,0,0,0,0,0,18893,0,2,0,0,0,0
2021-01-15T23:59:59+01:00,334,306,1051,1182,915,1383,852,1989,1079,1573,496,606,629,1354,456,1893,0,0,0,0,0,0,0,0,0,0,0,0,0,0,0,0,16096,0,2,0,0,0,0
2021-01-14T23:59:59+01:00,188,139,732,804,624,885,612,1308,722,1011,327,428,523,1166,409,1685,0,0,0,0,0,0,0,0,0,0,0,0,0,0,0,0,11563,0,0,0,0,0,0
2021-01-13T23:59:59+01:00,162,112,611,630,498,703,499,1036,568,785,273,350,439,996,354,1428,0,0,0,0,0,0,0,0,0,0,0,0,0,0,0,0,9444,0,0,0,0,0,0
2021-01-12T23:59:59+01:00,146,94,532,538,426,608,442,922,498,699,244,309,361,819,303,1161,0,0,0,0,0,0,0,0,0,0,0,0,0,0,0,0,8102,0,0,0,0,0,0
2021-01-11T23:59:59+01:00,116,74,428,439,348,497,353,735,395,541,212,256,300,687,249,972,0,0,0,0,0,0,0,0,0,0,0,0,0,0,0,0,6602,0,0,0,0,0,0
2021-01-10T23:59:59+01:00,100,61,354,364,287,412,299,641,328,480,184,225,238,545,198,756,0,0,0,0,0,0,0,0,0,0,0,0,0,0,0,0,5472,0,0,0,0,0,0
2021-01-09T23:59:59+01:00,100,59,336,345,264,388,292,627,320,473,183,224,237,543,198,756,0,0,0,0,0,0,0,0,0,0,0,0,0,0,0,0,5345,0,0,0,0,0,0
2021-01-08T23:59:59+01:00,94,52,297,308,223,346,265,595,292,444,167,204,216,477,179,671,0,0,0,0,0,0,0,0,0,0,0,0,0,0,0,0,4830,0,0,0,0,0,0
2021-01-07T23:59:59+01:00,76,33,204,207,160,248,202,429,227,313,138,160,161,309,112,419,0,0,0,0,0,0,0,0,0,0,0,0,0,0,0,0,3398,0,0,0,0,0,0
2021-01-06T23:59:59+01:00,64,21,151,124,114,162,149,305,169,219,106,129,122,237,76,293,0,0,0,0,0,0,0,0,0,0,0,0,0,0,0,0,2441,0,0,0,0,0,0
2021-01-05T23:59:59+01:00,40,11,90,77,61,96,84,213,113,142,101,119,114,219,75,271,0,0,0,0,0,0,0,0,0,0,0,0,0,0,0,0,1826,0,0,0,0,0,0
2021-01-04T23:59:59+01:00,38,11,90,77,58,94,84,212,113,141,101,118,114,219,75,271,0,0,0,0,0,0,0,0,0,0,0,0,0,0,0,0,1816,0,0,0,0,0,0
2021-01-03T23:59:59+01:00,38,11,90,77,58,94,84,212,113,141,101,118,114,219,75,271,0,0,0,0,0,0,0,0,0,0,0,0,0,0,0,0,1816,0,0,0,0,0,0
2021-01-02T23:59:59+01:00,38,11,90,77,58,94,84,212,112,141,101,118,114,219,75,270,0,0,0,0,0,0,0,0,0,0,0,0,0,0,0,0,1814,0,0,0,0,0,0
2021-01-01T23:59:59+01:00,38,11,90,77,58,94,84,212,112,140,101,118,114,219,75,270,0,0,0,0,0,0,0,0,0,0,0,0,0,0,0,0,1813,0,0,0,0,0,0
2020-12-31T23:59:59+01:00,38,11,90,77,58,94,84,212,111,140,101,118,114,219,75,270,0,0,0,0,0,0,0,0,0,0,0,0,0,0,0,0,1812,0,0,0,0,0,0
2020-12-30T23:59:59+01:00,38,11,90,77,57,94,84,212,111,140,101,118,114,219,75,270,0,0,0,0,0,0,0,0,0,0,0,0,0,0,0,0,1811,0,0,0,0,0,0
2020-12-29T23:59:59+01:00,19,5,63,57,35,60,49,137,62,89,46,50,67,131,47,182,0,0,0,0,0,0,0,0,0,0,0,0,0,0,0,0,1099,0,0,0,0,0,0
2020-12-28T23:59:59+01:00,7,4,36,26,20,29,20,68,22,41,23,22,24,49,27,72,0,0,0,0,0,0,0,0,0,0,0,0,0,0,0,0,490,0,0,0,0,0,0
2020-12-27T23:59:59+01:00,1,0,7,5,6,2,1,5,0,2,0,1,2,3,4,5,0,0,0,0,0,0,0,0,0,0,0,0,0,0,0,0,44,0,0,0,0,0,0
