Datum,<15_1_m,<15_1_w,15-24_1_m,15-24_1_w,25-34_1_m,25-34_1_w,35-44_1_m,35-44_1_w,45-54_1_m,45-54_1_w,55-64_1_m,55-64_1_w,65-74_1_m,65-74_1_w,75-84_1_m,75-84_1_w,>84_1_m,>84_1_w,<15_2_m,<15_2_w,15-24_2_m,15-24_2_w,25-34_2_m,25-34_2_w,35-44_2_m,35-44_2_w,45-54_2_m,45-54_2_w,55-64_2_m,55-64_2_w,65-74_2_m,65-74_2_w,75-84_2_m,75-84_2_w,>84_2_m,>84_2_w,bp_1,bp_2,mo_1,mo_2,az_1,az_2,ja,unb_1,unb_2
2021-10-24T23:59:59+02:00,11978,11393,70514,70342,111843,108706,101289,100626,97148,102501,95620,97389,57077,70754,44635,61957,11078,22509,64070,64231,105345,101794,95931,94625,92716,97547,92050,93696,55361,68639,43469,60098,10599,21335,852823,804241,137349,132015,158741,145713,98301,222,222
2021-10-23T23:59:59+02:00,11952,11366,70418,70261,111724,108612,101194,100552,97088,102452,95578,97366,57065,70741,44633,61956,11078,22509,63994,64148,105253,101736,95869,94573,92662,97495,92019,93668,55345,68628,43468,60095,10598,21335,852169,803714,137303,131963,158740,145711,98188,222,222
2021-10-22T23:59:59+02:00,11878,11324,70260,70130,111506,108458,101037,100435,96976,102355,95520,97312,57054,70724,44630,61947,11078,22507,63827,63973,105077,101595,95742,94458,92566,97411,91965,93615,55333,68617,43465,60082,10597,21333,851043,802618,137241,131891,158740,145704,97960,222,222
2021-10-21T23:59:59+02:00,11751,11200,70076,69979,111335,108281,100872,100274,96829,102243,95435,97249,57031,70690,44620,61928,11074,22500,63618,63763,104894,101387,95593,94265,92447,97301,91894,93544,55309,68583,43457,60058,10595,21326,849521,801078,137179,131787,158736,145695,97784,222,222
2021-10-20T23:59:59+02:00,11710,11155,69961,69859,111191,108148,100763,100191,96742,102163,95377,97194,57001,70654,44605,61908,11069,22484,63431,63587,104776,101237,95482,94128,92353,97196,91824,93493,55282,68529,43433,60026,10580,21300,848487,799654,137129,131731,158735,145691,97677,222,222
2021-10-19T23:59:59+02:00,11609,11063,69823,69730,111071,108027,100680,100114,96678,102107,95324,97142,56977,70618,44595,61891,11065,22469,63219,63390,104618,101081,95369,94006,92276,97100,91773,93437,55251,68487,43418,59988,10570,21287,847452,798278,137080,131646,158733,145684,97571,222,222
2021-10-18T23:59:59+02:00,11560,11026,69706,69644,110947,107931,100592,100038,96625,102055,95277,97096,56950,70576,44570,61855,11056,22452,63080,63248,104501,100921,95274,93893,92211,97020,91715,93383,55227,68457,43406,59962,10566,21284,846648,797230,136951,131578,158730,145681,97480,222,222
2021-10-17T23:59:59+02:00,11517,10985,69561,69520,110834,107827,100494,99965,96579,102001,95240,97045,56927,70554,44564,61840,11054,22447,62851,62998,104347,100776,95150,93760,92115,96937,91660,93322,55204,68426,43397,59944,10562,21278,845795,795907,136904,131482,158729,145674,97379,222,222
2021-10-16T23:59:59+02:00,11498,10964,69506,69472,110780,107782,100470,99938,96547,101974,95223,97036,56926,70551,44563,61838,11052,22447,62759,62912,104281,100721,95102,93700,92084,96906,91638,93304,55199,68420,43395,59941,10562,21277,845469,795421,136894,131433,158729,145673,97328,222,222
2021-10-15T23:59:59+02:00,11445,10925,69396,69392,110669,107692,100403,99865,96491,101922,95196,97004,56919,70549,44562,61831,11051,22447,62623,62730,104170,100611,95012,93601,92006,96827,91590,93266,55191,68398,43389,59930,10562,21275,844787,794450,136870,131362,158728,145671,97227,222,222
2021-10-14T23:59:59+02:00,11342,10830,69222,69213,110539,107552,100290,99773,96401,101843,95145,96949,56898,70513,44550,61806,11047,22442,62332,62452,104026,100407,94871,93404,91890,96696,91517,93190,55154,68348,43372,59903,10558,21267,843555,792619,136797,131242,158726,145665,97129,222,222
2021-10-13T23:59:59+02:00,11246,10765,69087,69105,110435,107454,100206,99684,96325,101764,95096,96894,56864,70473,44535,61776,11042,22426,62174,62308,103899,100273,94767,93262,91805,96610,91459,93121,55116,68305,43352,59873,10549,21257,842578,791510,136736,131168,158724,145656,96991,222,222
2021-10-12T23:59:59+02:00,11106,10658,68909,68973,110342,107342,100113,99593,96267,101706,95056,96848,56849,70441,44526,61760,11038,22419,62017,62150,103771,100145,94654,93141,91717,96541,91400,93065,55064,68271,43340,59851,10545,21246,841525,790370,136674,131107,158721,145651,96878,221,220
2021-10-11T23:59:59+02:00,11035,10596,68771,68861,110232,107240,100028,99515,96208,101631,95001,96808,56821,70415,44507,61740,11033,22406,61850,61986,103644,100021,94559,93045,91645,96455,91351,93018,55028,68228,43325,59825,10536,21238,840591,789324,136608,131023,158718,145641,96783,221,220
2021-10-10T23:59:59+02:00,10963,10545,68615,68755,110100,107103,99938,99426,96143,101555,94958,96771,56803,70395,44501,61726,11025,22401,61667,61839,103487,99863,94455,92914,91557,96350,91274,92977,55003,68204,43316,59812,10533,21228,839668,788198,136559,130964,158714,145631,96634,221,220
2021-10-09T23:59:59+02:00,10938,10527,68530,68698,110038,107058,99899,99388,96107,101523,94943,96757,56797,70389,44500,61725,11025,22401,61581,61765,103406,99786,94399,92859,91516,96305,91253,92956,54997,68193,43311,59804,10532,21227,839292,787668,136530,130906,158712,145627,96561,221,220
2021-10-08T23:59:59+02:00,10865,10473,68390,68605,109907,106956,99828,99296,96042,101477,94896,96710,56785,70373,44497,61722,11025,22400,61414,61584,103276,99638,94285,92744,91433,96212,91205,92916,54981,68180,43305,59795,10530,21226,838473,786578,136483,130819,158711,145620,96431,221,220
2021-10-07T23:59:59+02:00,10787,10397,68193,68433,109743,106790,99696,99156,95956,101361,94824,96644,56763,70336,44483,61701,11021,22389,61137,61337,103083,99421,94138,92528,91325,96078,91131,92844,54950,68131,43290,59763,10523,21217,837131,784787,136413,130698,158709,145612,96271,221,220
2021-10-06T23:59:59+02:00,10720,10341,68027,68297,109620,106658,99607,99051,95876,101302,94779,96593,56722,70294,44470,61680,11018,22375,60959,61168,102949,99276,94028,92412,91251,95981,91055,92771,54919,68091,43277,59736,10518,21200,836103,783619,136351,130634,158708,145601,96117,221,220
2021-10-05T23:59:59+02:00,10615,10252,67858,68162,109480,106519,99498,98925,95814,101226,94734,96539,56704,70267,44461,61644,11013,22362,60765,60998,102802,99093,93914,92262,91154,95896,90994,92699,54892,68048,43262,59719,10516,21187,834964,782369,136280,130569,158707,145596,95971,221,220
2021-10-04T23:59:59+02:00,10578,10222,67697,67999,109328,106376,99411,98821,95726,101143,94683,96482,56670,70221,44447,61615,11011,22340,60617,60817,102667,98960,93785,92143,91065,95804,90935,92650,54857,68006,43238,59685,10510,21167,833939,781279,136208,130512,158705,145586,95768,220,220
2021-10-03T23:59:59+02:00,10513,10167,67497,67832,109164,106225,99298,98718,95640,101046,94619,96428,56639,70188,44439,61590,11010,22337,60424,60664,102481,98785,93647,91983,90969,95694,90861,92593,54821,67962,43221,59660,10507,21159,832819,780029,136140,130427,158701,145577,95540,220,220
2021-10-02T23:59:59+02:00,10488,10141,67396,67740,109079,106160,99235,98657,95590,100997,94598,96407,56628,70170,44439,61589,11009,22335,60306,60550,102409,98709,93580,91917,90923,95647,90835,92571,54814,67945,43220,59656,10506,21159,832292,779441,136078,130378,158699,145557,95439,220,220
2021-10-01T23:59:59+02:00,10403,10040,67245,67580,108901,106020,99118,98549,95512,100931,94545,96368,56611,70152,44437,61577,11007,22333,60112,60327,102242,98556,93451,91776,90818,95540,90774,92514,54797,67916,43217,59647,10505,21156,831252,778174,136018,130293,158697,145518,95212,220,220
2021-09-30T23:59:59+02:00,10326,9970,67026,67363,108695,105783,98943,98357,95378,100790,94453,96268,56576,70106,44420,61546,11003,22319,59862,60068,102043,98349,93266,91566,90680,95393,90686,92422,54770,67867,43202,59614,10495,21142,829659,776507,135928,130176,158691,145470,94891,220,220
2021-09-29T23:59:59+02:00,10248,9914,66834,67177,108504,105589,98795,98198,95256,100683,94371,96197,56536,70051,44403,61511,10998,22300,59690,59901,101861,98172,93132,91403,90570,95287,90615,92341,54737,67819,43183,59568,10492,21127,828282,775286,135863,130100,158687,145436,94580,220,220
2021-09-28T23:59:59+02:00,10164,9839,66651,66975,108306,105430,98651,98043,95147,100573,94287,96119,56495,70012,44391,61473,10991,22273,59504,59723,101674,98017,93000,91269,90448,95160,90536,92272,54706,67782,43166,59540,10483,21112,826921,774125,135801,130014,158685,145402,94260,220,220
2021-09-27T23:59:59+02:00,10035,9707,66414,66729,108099,105260,98519,97897,95061,100465,94211,96048,56468,69965,44378,61442,10986,22262,59304,59540,101494,97882,92863,91134,90346,95048,90466,92197,54669,67727,43144,59513,10475,21101,825536,773077,135725,129934,158684,145361,93848,220,220
2021-09-26T23:59:59+02:00,9914,9615,66178,66502,107872,105071,98353,97753,94945,100343,94127,95968,56431,69933,44364,61419,10981,22249,59068,59346,101292,97702,92718,90971,90240,94930,90393,92121,54640,67699,43130,59485,10470,21086,824121,771948,135647,129840,158678,145302,93419,220,220
2021-09-25T23:59:59+02:00,9876,9574,66063,66378,107769,104981,98279,97694,94888,100292,94096,95940,56427,69925,44362,61416,10980,22249,58958,59228,101191,97608,92637,90900,90200,94864,90356,92100,54628,67688,43126,59481,10470,21086,823572,771399,135587,129788,158678,145274,93199,220,220
2021-09-24T23:59:59+02:00,9815,9513,65906,66199,107602,104814,98133,97548,94769,100189,94027,95886,56412,69908,44354,61402,10980,22247,58744,59002,101011,97417,92511,90753,90091,94757,90272,92034,54607,67666,43123,59476,10469,21083,822560,770218,135517,129722,158678,145212,92795,220,220
2021-09-23T23:59:59+02:00,9723,9391,65591,65872,107344,104566,97941,97321,94610,100025,93925,95776,56368,69849,44330,61373,10974,22218,58453,58724,100770,97189,92324,90544,89959,94607,90177,91930,54559,67617,43101,59448,10468,21060,820789,768688,135398,129612,158672,145142,92184,220,220
2021-09-22T23:59:59+02:00,9652,9311,65257,65555,107141,104356,97745,97119,94455,99890,93798,95679,56321,69780,44296,61329,10963,22196,58275,58547,100591,97025,92147,90408,89843,94489,90070,91854,54525,67573,43073,59417,10462,21045,819052,767668,135288,129535,158667,145059,91681,220,220
2021-09-21T23:59:59+02:00,9565,9226,65034,65311,106934,104176,97573,96961,94340,99782,93718,95608,56271,69729,44278,61286,10956,22184,58086,58368,100400,96871,92008,90277,89755,94400,89981,91780,54486,67516,43052,59378,10453,21027,817607,766629,135207,129439,158664,144996,91299,220,220
2021-09-20T23:59:59+02:00,9505,9169,64751,65009,106741,103995,97413,96794,94235,99685,93653,95532,56231,69686,44258,61243,10951,22173,57896,58219,100221,96728,91856,90125,89614,94301,89902,91709,54440,67479,43026,59342,10447,21011,816198,765642,135130,129358,158659,144849,90881,220,220
2021-09-19T23:59:59+02:00,9455,9125,64474,64839,106514,103803,97264,96626,94097,99584,93550,95457,56202,69631,44248,61218,10948,22161,57655,58026,99980,96555,91671,89960,89432,94129,89785,91627,54403,67418,43007,59308,10446,20998,814879,764449,135049,129242,158656,144587,90456,220,220
2021-09-18T23:59:59+02:00,9423,9080,64380,64739,106395,103707,97154,96540,94029,99514,93516,95429,56194,69622,44244,61213,10946,22160,57535,57906,99876,96457,91549,89880,89361,94066,89749,91597,54393,67413,43000,59305,10444,20994,814309,763822,134960,129177,158654,144575,90206,220,220
2021-09-17T23:59:59+02:00,9345,8993,64187,64580,106220,103551,96986,96387,93899,99417,93444,95353,56178,69595,44233,61207,10940,22154,57332,57672,99691,96296,91397,89762,89244,93960,89672,91536,54378,67386,42992,59298,10444,20991,813216,762703,134871,129080,158650,144558,89776,220,220
2021-09-16T23:59:59+02:00,9255,8886,63915,64287,105947,103296,96755,96151,93711,99239,93342,95263,56127,69541,44220,61180,10933,22140,57083,57403,99428,96068,91204,89553,89068,93800,89571,91449,54332,67336,42970,59277,10439,20979,811433,761213,134784,128944,158639,144494,89175,220,218
2021-09-15T23:59:59+02:00,9185,8830,63568,63996,105749,103083,96548,95958,93575,99080,93240,95179,56090,69484,44185,61149,10928,22113,56910,57247,99234,95904,91035,89397,88963,93687,89468,91387,54300,67288,42945,59244,10435,20963,809695,760170,134731,128827,158635,144458,88721,220,218
2021-09-14T23:59:59+02:00,9143,8779,63279,63791,105515,102869,96351,95779,93442,98940,93124,95093,56044,69427,44160,61111,10923,22097,56709,57067,99058,95718,90868,89234,88830,93577,89386,91315,54263,67248,42923,59217,10430,20948,808168,759136,134661,128735,158627,144359,88253,220,217
2021-09-13T23:59:59+02:00,9107,8745,62988,63528,105289,102641,96181,95611,93298,98805,93037,94995,55993,69373,44143,61078,10916,22085,56502,56885,98864,95528,90714,89077,88699,93471,89300,91240,54226,67203,42903,59188,10427,20931,806672,758050,134573,128621,158617,144317,87793,220,217
2021-09-12T23:59:59+02:00,9054,8697,62684,63286,105045,102395,95972,95382,93136,98676,92941,94915,55943,69323,44127,61047,10912,22074,56303,56725,98622,95320,90547,88909,88564,93355,89203,91165,54183,67146,42881,59160,10423,20914,805154,757027,134475,128494,158613,144245,87209,220,217
2021-09-11T23:59:59+02:00,9007,8664,62563,63154,104903,102275,95869,95272,93051,98598,92902,94883,55928,69309,44122,61035,10912,22073,56156,56636,98474,95214,90449,88810,88465,93289,89166,91139,54173,67127,42877,59150,10423,20913,804469,756431,134417,128417,158613,144226,86863,220,217
2021-09-10T23:59:59+02:00,8912,8553,62327,62893,104706,102063,95697,95082,92910,98473,92808,94811,55894,69280,44108,61017,10912,22071,55915,56430,98276,95028,90266,88627,88333,93160,89082,91068,54151,67106,42864,59131,10423,20909,803092,755273,134354,128300,158610,144211,86303,220,217
2021-09-09T23:59:59+02:00,8814,8455,62018,62620,104431,101748,95464,94793,92734,98248,92673,94695,55855,69215,44087,60988,10902,22050,55666,56207,98024,94778,90043,88395,88172,93005,88940,90983,54108,67057,42843,59102,10417,20903,801137,753864,134250,128114,158606,144138,85639,220,217
2021-09-08T23:59:59+02:00,8754,8405,61802,62392,104217,101515,95274,94575,92570,98081,92559,94565,55820,69148,44053,60948,10889,22026,55508,56053,97840,94574,89884,88200,88015,92861,88821,90878,54070,66995,42807,59060,10406,20869,799675,752857,134145,127966,158597,144051,85018,220,217
2021-09-07T23:59:59+02:00,8703,8352,61565,62181,103992,101282,95090,94385,92429,97941,92457,94488,55786,69099,44024,60892,10879,22004,55313,55890,97623,94378,89699,88035,87887,92753,88723,90788,54028,66949,42782,59028,10401,20852,798198,751777,134041,127839,158593,143923,84559,220,217
2021-09-06T23:59:59+02:00,8662,8310,61361,62007,103792,101110,94951,94227,92312,97813,92369,94414,55729,69042,44002,60865,10872,21971,55144,55722,97425,94215,89532,87878,87759,92627,88624,90708,53976,66900,42761,58983,10391,20828,796971,750673,133951,127704,158582,143839,84147,220,217
2021-09-05T23:59:59+02:00,8601,8260,61151,61806,103629,100923,94796,94057,92189,97701,92292,94346,55702,69001,43992,60844,10867,21964,54940,55520,97231,94015,89344,87717,87619,92500,88540,90622,53927,66850,42744,58960,10386,20812,795790,749506,133870,127534,158579,143744,83724,220,217
2021-09-04T23:59:59+02:00,8550,8230,61033,61696,103543,100824,94695,93972,92132,97633,92257,94321,55693,68990,43986,60834,10867,21963,54814,55406,97113,93889,89228,87618,87550,92419,88491,90588,53912,66839,42738,58949,10386,20811,795196,748855,133822,127411,158575,143726,83468,220,217
2021-09-03T23:59:59+02:00,8472,8157,60844,61514,103374,100671,94548,93828,92028,97519,92185,94269,55665,68963,43978,60819,10865,21956,54608,55224,96912,93672,89036,87424,87404,92246,88398,90509,53880,66805,42727,58930,10382,20808,794099,747606,133769,127184,158567,143690,83062,220,217
2021-09-02T23:59:59+02:00,8354,8066,60593,61270,103123,100431,94352,93608,91843,97359,92068,94171,55619,68906,43955,60784,10861,21935,54342,54966,96619,93395,88791,87151,87183,92040,88255,90394,53835,66723,42696,58879,10372,20772,792460,745950,133660,126827,158556,143571,82463,220,217
2021-09-01T23:59:59+02:00,8290,7984,60384,61059,102927,100261,94204,93457,91727,97235,91963,94097,55575,68856,43937,60760,10853,21917,54087,54747,96392,93174,88596,86937,87005,91873,88115,90284,53770,66634,42658,58835,10362,20751,791217,744501,133587,126567,158540,143452,81983,220,213
2021-08-31T23:59:59+02:00,8210,7909,60180,60815,102728,100078,94027,93300,91604,97120,91840,94016,55530,68805,43911,60720,10844,21901,53834,54489,96123,92925,88379,86703,86848,91713,87954,90180,53726,66561,42632,58780,10355,20732,789865,743007,133507,126258,158528,143342,81479,220,213
2021-08-30T23:59:59+02:00,8114,7833,59977,60631,102556,99935,93910,93170,91487,97017,91773,93937,55497,68777,43895,60686,10839,21885,53583,54296,95883,92692,88169,86475,86670,91570,87828,90056,53669,66483,42591,58716,10338,20703,788761,741572,133450,125945,158521,143195,81027,220,211
2021-08-29T23:59:59+02:00,8037,7755,59700,60391,102316,99737,93725,92996,91348,96900,91684,93847,55452,68727,43871,60656,10837,21876,53231,53986,95563,92403,87878,86216,86435,91374,87674,89929,53600,66408,42561,58676,10332,20686,787400,739662,133360,125609,158506,143050,80429,220,211
2021-08-28T23:59:59+02:00,7981,7688,59563,60280,102210,99629,93622,92913,91263,96825,91639,93817,55438,68714,43863,60652,10836,21874,53053,53838,95401,92271,87744,86105,86324,91286,87605,89886,53583,66387,42552,58669,10330,20685,786781,738840,133321,125504,158502,143024,80043,220,211
2021-08-27T23:59:59+02:00,7915,7603,59376,60088,102040,99462,93481,92786,91152,96719,91553,93760,55416,68685,43854,60635,10835,21871,52806,53592,95105,91997,87523,85899,86151,91131,87498,89787,53540,66351,42537,58643,10325,20682,785795,737266,133259,125303,158465,142988,79552,220,211
2021-08-26T23:59:59+02:00,7830,7504,59139,59841,101814,99244,93263,92562,90973,96538,91446,93662,55367,68623,43821,60608,10829,21859,52470,53309,94739,91647,87188,85589,85910,90873,87340,89655,53476,66262,42491,58600,10318,20670,784325,735355,133161,124895,158442,142856,78835,220,209
2021-08-25T23:59:59+02:00,7758,7414,58911,59644,101644,99101,93112,92380,90853,96415,91337,93583,55329,68571,43787,60564,10824,21836,52169,53057,94436,91392,86963,85345,85713,90685,87207,89529,53409,66177,42443,58532,10312,20639,783112,733629,133079,124583,158432,142788,78281,219,208
2021-08-24T23:59:59+02:00,7708,7362,58691,59424,101458,98928,92946,92218,90742,96288,91252,93512,55291,68517,43760,60521,10818,21811,51848,52794,94086,91105,86663,85095,85503,90495,87056,89369,53324,66083,42395,58466,10304,20617,781974,731812,132987,124281,158425,142569,77702,219,208
2021-08-23T23:59:59+02:00,7652,7310,58488,59218,101294,98772,92816,92058,90650,96203,91176,93427,55253,68474,43731,60495,10814,21793,51526,52527,93747,90825,86415,84818,85308,90325,86921,89243,53246,65990,42360,58415,10297,20599,780834,729912,132916,123992,158415,142395,77300,219,207
2021-08-22T23:59:59+02:00,7582,7254,58293,59036,101091,98614,92658,91922,90555,96087,91097,93360,55217,68428,43717,60471,10808,21779,51154,52173,93345,90422,86107,84511,85071,90096,86752,89119,53167,65884,42328,58354,10289,20578,779811,727587,132814,123679,158403,142179,76782,219,203
2021-08-21T23:59:59+02:00,7528,7216,58159,58913,100957,98508,92553,91818,90456,96026,91040,93325,55197,68406,43709,60454,10806,21776,50821,51872,93178,90274,85938,84353,84924,89972,86666,89056,53136,65860,42318,58338,10288,20572,779134,726061,132739,123451,158402,142138,76413,219,203
2021-08-20T23:59:59+02:00,7476,7164,58004,58741,100785,98356,92402,91684,90341,95902,90964,93263,55175,68381,43699,60437,10804,21771,50489,51533,92914,90007,85675,84119,84709,89768,86533,88945,53105,65819,42295,58314,10281,20565,778179,724096,132689,123245,158396,142073,75926,219,203
2021-08-19T23:59:59+02:00,7409,7104,57756,58505,100510,98128,92194,91492,90181,95736,90836,93160,55132,68322,43674,60406,10797,21757,50045,51095,92484,89606,85266,83717,84398,89453,86319,88762,53034,65711,42257,58253,10271,20547,776813,721398,132556,122798,158388,141867,75183,219,202
2021-08-18T23:59:59+02:00,7345,7049,57575,58344,100326,97948,92049,91329,90042,95615,90735,93065,55065,68258,43645,60361,10787,21737,49694,50728,92107,89280,84945,83386,84120,89203,86129,88589,52920,65596,42186,58161,10256,20517,775660,719006,132467,122409,158381,141627,74609,218,202
2021-08-17T23:59:59+02:00,7283,6998,57386,58187,100134,97774,91883,91180,89920,95484,90639,92973,55026,68210,43620,60333,10785,21722,49201,50306,91657,88858,84542,83031,83791,88909,85922,88386,52817,65471,42128,58084,10250,20493,774546,715990,132363,121999,158368,141337,74103,217,202
2021-08-16T23:59:59+02:00,7224,6932,57204,58010,99931,97600,91735,91019,89778,95366,90524,92876,54974,68148,43591,60282,10778,21708,48634,49731,91179,88410,84073,82634,83456,88615,85691,88180,52713,65356,42070,58006,10241,20456,773377,712456,132271,121555,158361,141109,73514,217,202
2021-08-15T23:59:59+02:00,7158,6884,56983,57821,99746,97416,91577,90879,89653,95260,90435,92816,54936,68107,43571,60253,10774,21701,47510,48593,90535,87719,83516,82090,83061,88227,85404,87973,52605,65234,42026,57947,10232,20437,772293,706641,132160,120926,158353,140929,73007,217,201
2021-08-14T23:59:59+02:00,7126,6851,56861,57733,99605,97316,91473,90803,89566,95191,90384,92771,54921,68091,43566,60246,10773,21700,47357,48449,90302,87545,83302,81882,82937,88126,85334,87929,52577,65203,42017,57936,10231,20435,771768,705824,132104,120602,158348,140878,72600,217,201
2021-08-13T23:59:59+02:00,7079,6806,56705,57603,99447,97188,91345,90665,89460,95076,90303,92707,54891,68040,43552,60222,10771,21693,47052,48131,89825,87140,82902,81505,82673,87893,85163,87788,52534,65135,41995,57911,10228,20423,770932,703596,132045,120045,158341,140798,72080,215,201
2021-08-12T23:59:59+02:00,7044,6756,56501,57441,99233,97011,91171,90499,89315,94934,90208,92627,54853,67987,43526,60188,10763,21676,46637,47740,89177,86563,82322,80954,82293,87566,84935,87609,52460,65033,41942,57852,10218,20405,769868,700621,131941,119203,158328,140548,71441,215,200
2021-08-11T23:59:59+02:00,7008,6701,56314,57269,99026,96828,91011,90357,89182,94818,90097,92524,54801,67927,43495,60149,10754,21661,46221,47280,88550,85910,81740,80443,81955,87259,84664,87366,52371,64891,41870,57727,10199,20356,768734,697439,131843,118247,158305,140213,70888,212,199
2021-08-10T23:59:59+02:00,6947,6653,56129,57103,98804,96679,90854,90207,89053,94705,90013,92447,54756,67880,43479,60109,10750,21648,45784,46810,87903,85282,81131,79900,81544,86879,84419,87149,52250,64782,41810,57644,10185,20325,767670,694094,131748,117303,158286,139896,70360,212,199
2021-08-09T23:59:59+02:00,6895,6594,55956,56940,98609,96525,90699,90069,88912,94608,89902,92383,54717,67831,43454,60074,10743,21633,45217,46255,87066,84605,80441,79311,81129,86529,84126,86925,52137,64650,41754,57543,10171,20283,766643,690270,131675,116238,158276,139548,69798,212,196
2021-08-08T23:59:59+02:00,6824,6525,55729,56749,98397,96336,90520,89904,88775,94485,89807,92307,54661,67784,43428,60040,10736,21612,44611,45640,85993,83664,79533,78498,80583,86051,83795,86624,52002,64496,41690,57453,10158,20256,765419,685129,131563,115054,158256,139232,69228,212,195
2021-08-07T23:59:59+02:00,6780,6474,55584,56625,98257,96220,90391,89801,88680,94427,89744,92267,54642,67757,43425,60030,10733,21607,43770,44758,85655,83326,79056,78058,80222,85697,83613,86479,51939,64412,41669,57417,10153,20247,764746,681408,131501,113904,158252,139127,68792,212,194
2021-08-06T23:59:59+02:00,6724,6425,55392,56474,98025,96035,90238,89671,88555,94310,89646,92196,54602,67729,43416,60003,10730,21603,42848,43868,85184,82855,78467,77502,79831,85311,83422,86332,51887,64347,41643,57385,10145,20234,763781,677434,131401,112623,158245,138991,68194,212,193
2021-08-05T23:59:59+02:00,6656,6353,55070,56228,97725,95764,89976,89449,88342,94118,89476,92060,54537,67639,43387,59951,10721,21585,41606,42698,84450,82171,77687,76700,79234,84746,83065,86029,51757,64187,41583,57282,10130,20202,762120,671856,131273,110984,158233,138446,67258,212,192
2021-08-04T23:59:59+02:00,6575,6303,54830,56041,97473,95551,89791,89282,88200,93978,89358,91962,54484,67588,43349,59904,10717,21575,41130,42204,83223,81120,76343,75555,78744,84290,82744,85781,51615,64049,41526,57195,10114,20176,760828,666649,131164,109472,158219,137976,66597,212,192
2021-08-03T23:59:59+02:00,6509,6237,54572,55846,97237,95359,89613,89117,88057,93832,89212,91841,54406,67507,43312,59846,10709,21567,40691,41777,81973,79980,74918,74365,78135,83720,82199,85288,51401,63844,41425,57040,10101,20140,759447,660816,131059,107771,158194,137272,65926,212,192
2021-08-02T23:59:59+02:00,6447,6174,54334,55643,96975,95136,89390,88941,87885,93692,89068,91728,54323,67434,43279,59793,10706,21547,40211,41290,80650,78868,73367,73157,77507,83154,81655,84803,51231,63640,41350,56919,10084,20106,758011,654739,130909,106010,158172,136667,65251,211,190
2021-08-01T23:59:59+02:00,6381,6089,54066,55378,96707,94865,89152,88765,87682,93547,88904,91618,54254,67348,43242,59741,10699,21540,39691,40797,79357,77787,71953,72052,76613,82401,81069,84336,51041,63401,41262,56814,10073,20082,756399,648554,130714,104106,158147,136052,64567,208,187
2021-07-31T23:59:59+02:00,6345,6051,53944,55284,96586,94770,89051,88698,87591,93476,88859,91582,54242,67338,43236,59737,10699,21539,38731,39776,78911,77342,71416,71499,76228,82074,80953,84240,51022,63368,41246,56802,10073,20079,755917,643875,130544,103231,158144,135957,64272,208,187
2021-07-30T23:59:59+02:00,6290,6016,53766,55142,96427,94593,88893,88549,87459,93361,88776,91512,54205,67307,43223,59719,10697,21537,37724,38720,78205,76689,70662,70761,75713,81546,80552,83915,50945,63279,41212,56742,10067,20067,755017,637681,130228,102092,158140,135747,63937,207,186
2021-07-29T23:59:59+02:00,6239,5957,53530,54957,96165,94365,88681,88340,87288,93186,88636,91385,54145,67243,43200,59681,10689,21516,36475,37484,77147,75818,69611,69809,74905,80782,80014,83485,50813,63114,41145,56646,10050,20040,753770,629902,129746,100534,158124,135191,63414,206,186
2021-07-28T23:59:59+02:00,6202,5904,53330,54787,95958,94158,88530,88159,87172,93046,88524,91287,54087,67168,43166,59633,10679,21486,35861,36880,75976,74837,68334,68710,74143,80068,79523,83027,50672,62913,41075,56543,10034,19999,752592,623558,129298,99120,158107,134401,63130,206,184
2021-07-27T23:59:59+02:00,6153,5863,53096,54565,95697,93948,88348,87975,87014,92893,88400,91189,54034,67092,43124,59570,10665,21438,35207,36124,74517,73587,66881,67492,73279,79223,78979,82508,50497,62700,40995,56422,10009,19957,751180,616253,128867,97669,158084,133169,62784,206,183
2021-07-26T23:59:59+02:00,6096,5810,52876,54357,95451,93760,88149,87808,86851,92756,88270,91088,53973,67012,43095,59514,10658,21416,34439,35293,73001,72251,65508,66254,72230,78232,78388,81977,50324,62485,40917,56274,9987,19912,749833,608178,128443,96135,158067,132095,62449,205,183
2021-07-25T23:59:59+02:00,6058,5766,52668,54154,95199,93530,87972,87614,86693,92625,88162,90991,53922,66949,43067,59470,10648,21381,33733,34531,71657,71043,64390,65239,71227,77318,77909,81522,50206,62299,40852,56187,9981,19877,748427,601195,128168,94568,158046,131293,62080,205,183
2021-07-24T23:59:59+02:00,5971,5708,52393,53856,94890,93214,87725,87406,86517,92468,88062,90910,53893,66915,43055,59447,10648,21375,33228,34039,70793,70346,63719,64682,70350,76616,77704,81371,50151,62256,40830,56162,9981,19875,746545,596771,128115,93633,158045,131165,61599,205,183
2021-07-23T23:59:59+02:00,5918,5652,52119,53581,94489,92926,87426,87191,86336,92291,87922,90816,53859,66867,43047,59429,10645,21369,32708,33390,69727,69488,62938,64015,69447,75766,77301,81043,50076,62158,40798,56123,9974,19861,744489,591148,128041,92475,158039,130992,61165,205,183
2021-07-22T23:59:59+02:00,5848,5588,51701,53179,94011,92480,87040,86857,86026,91992,87712,90630,53774,66773,43018,59369,10637,21343,31999,32667,68410,68494,61887,63134,67829,74407,76647,80532,49925,61951,40706,56007,9953,19821,741442,584691,127806,89718,158014,130223,60568,204,182
2021-07-21T23:59:59+02:00,5796,5535,51330,52794,93574,92063,86733,86556,85769,91747,87538,90442,53689,66688,42959,59302,10626,21315,31385,32016,67078,67451,60799,62240,65785,72715,75742,79787,49634,61642,40545,55819,9929,19764,738629,578396,127566,85399,157984,129131,60128,204,182
2021-07-20T23:59:59+02:00,5738,5471,50939,52399,93109,91597,86367,86230,85501,91492,87315,90245,53597,66553,42910,59243,10619,21289,30726,31367,65613,66260,59665,61277,64607,71655,75130,79231,49428,61410,40439,55661,9905,19703,735658,571347,127345,83723,157928,128105,59534,204,182
2021-07-19T23:59:59+02:00,5661,5397,50467,51940,92639,91118,85994,85895,85253,91279,87108,90066,53504,66433,42874,59163,10601,21254,30182,30783,64447,65201,58747,60416,63453,70619,74531,78716,49254,61214,40347,55515,9877,19659,732382,565556,127114,81916,157893,126916,59108,204,182
2021-07-18T23:59:59+02:00,5592,5327,49640,51125,91559,90062,85262,85280,84770,90846,86814,89774,53398,66284,42811,59066,10591,21223,29627,30196,63258,64125,57822,59496,62274,69592,73980,78216,49106,61051,40289,55432,9865,19630,725906,559706,126781,79890,157876,126106,58713,203,181
2021-07-17T23:59:59+02:00,5418,5140,49287,50791,91416,89926,85067,85120,84613,90708,86707,89691,53378,66257,42800,59054,10590,21220,29239,29815,62610,63529,57266,59074,61522,68857,73674,77975,48996,60933,40250,55374,9855,19619,724724,556689,126605,78922,157871,125492,57834,203,181
2021-07-16T23:59:59+02:00,5317,5049,48964,50500,91150,89702,84821,84923,84413,90524,86568,89584,53336,66225,42782,59040,10587,21215,28742,29313,61670,62619,56419,58386,60468,67819,73172,77554,48835,60745,40204,55305,9850,19610,723346,551729,126435,77600,157862,124752,56909,202,181
2021-07-15T23:59:59+02:00,5181,4916,48490,50088,90750,89320,84460,84543,84108,90245,86346,89415,53255,66134,42727,58970,10578,21188,28013,28683,60351,61550,55292,57400,59056,66505,72438,76967,48604,60483,40115,55175,9835,19555,720869,545899,126014,75405,157827,123079,55842,201,181
2021-07-14T23:59:59+02:00,5075,4801,48135,49712,90443,89028,84173,84229,83859,90006,86146,89257,53165,66027,42669,58881,10561,21157,27481,28118,59253,60556,54321,56554,58177,65654,71829,76379,48336,60205,40009,55001,9812,19511,718700,540469,125655,74485,157781,121376,55027,200,181
2021-07-13T23:59:59+02:00,4963,4684,47731,49327,90045,88675,83868,83922,83591,89745,85940,89088,53055,65922,42614,58816,10555,21136,26818,27441,57883,59369,53130,55562,57187,64740,71103,75739,48058,59881,39879,54823,9780,19459,716334,534120,125283,73371,157725,119323,54174,199,180
2021-07-12T23:59:59+02:00,4792,4514,47179,48810,89649,88331,83472,83600,83343,89484,85750,88927,52975,65827,42566,58753,10543,21121,26188,26783,56380,58017,51844,54503,55963,63594,70358,75120,47684,59452,39703,54600,9739,19394,713610,526830,124915,72349,157662,116974,53288,199,180
2021-07-11T23:59:59+02:00,4397,4141,46228,47883,89217,87896,83058,83212,83033,89196,85552,88779,52888,65736,42541,58697,10532,21104,25584,26214,55002,56755,50548,53457,54921,62561,69762,74568,47337,59072,39578,54425,9714,19352,709639,520202,124446,71340,157622,115183,52225,196,179
2021-07-10T23:59:59+02:00,4384,4128,45898,47539,88761,87415,82725,82902,82928,89096,85486,88722,52867,65713,42532,58683,10531,21100,25096,25676,53910,55810,49685,52873,54321,61992,69546,74382,46967,58653,39478,54320,9709,19341,708969,515872,123977,71255,157445,113860,50861,195,179
2021-07-09T23:59:59+02:00,4365,4116,45480,47096,88141,86850,82348,82558,82676,88909,85372,88630,52831,65684,42525,58670,10527,21091,24392,24898,52588,54578,48743,51993,53541,61141,69124,73977,46608,58243,39390,54230,9702,19329,707549,509694,123391,70849,157282,112512,49490,194,179
2021-07-08T23:59:59+02:00,4335,4089,44928,46595,87280,86139,81816,82043,82422,88667,85177,88476,52764,65617,42493,58624,10516,21075,23403,23957,50646,53000,47358,50840,52400,60012,68432,73341,46086,57683,39253,54066,9674,19260,705422,501937,122499,69576,156992,109968,47974,193,178
2021-07-07T23:59:59+02:00,4312,4062,44343,46001,86440,85378,81263,81560,82136,88369,84968,88312,52685,65516,42450,58560,10508,21055,22512,23040,48698,51317,45839,49701,51159,58827,67731,72806,45349,56940,39058,53828,9641,19202,702902,493750,121499,68465,156734,106858,46595,190,176
2021-07-06T23:59:59+02:00,4279,4041,43798,45477,85574,84640,80649,80968,81766,88038,84792,88136,52596,65434,42412,58498,10499,21030,21673,22171,46693,49533,44453,48449,49878,57489,66983,72087,44518,56165,38872,53589,9623,19147,700249,484773,120477,67382,156434,103887,45281,188,176
2021-07-05T23:59:59+02:00,4257,4005,42636,44490,84055,83538,79920,80347,81307,87615,84517,87871,52481,65298,42361,58419,10485,21002,20480,21104,44731,47929,43431,47485,48850,56526,66286,71468,43754,55303,38697,53364,9598,19108,696923,478778,119417,66509,156069,100794,42010,187,176
2021-07-04T23:59:59+02:00,4230,3983,41273,43272,82403,82219,79193,79741,80833,87193,84244,87668,52389,65173,42318,58368,10472,20973,19126,19898,42929,46402,42731,46739,48038,55672,65701,70899,43011,54453,38534,53173,9578,19061,693798,474108,118263,65572,155646,98180,38053,187,175
2021-07-03T23:59:59+02:00,3763,3566,39699,41724,81537,81562,78708,79251,80387,86715,84025,87496,52321,65072,42300,58316,10469,20967,18315,19208,42009,45707,42313,46364,47632,55272,65535,70733,42420,53724,38471,53074,9571,19051,690046,472168,116950,65473,155562,96586,35135,187,175
2021-07-02T23:59:59+02:00,3205,2995,38143,40223,80804,80831,78036,78544,79868,86212,83784,87292,52269,64986,42272,58269,10457,20954,17545,18477,40850,44739,41578,45665,46799,54489,65013,70282,41469,52518,38341,52886,9555,19032,684998,467085,115545,65005,155410,94089,33007,186,173
2021-07-01T23:59:59+02:00,2558,2448,36422,38553,79820,79962,77196,77711,79161,85573,83469,87015,52145,64829,42209,58167,10439,20925,16661,17548,39301,43498,40362,44604,45495,53356,64270,69703,40578,51380,38192,52677,9538,19000,678654,460652,113815,63351,155186,91322,30763,186,173
2021-06-30T23:59:59+02:00,2516,2418,35410,37535,77977,78459,75495,76218,78515,85025,83183,86722,52012,64669,42149,58070,10427,20898,15627,16568,37621,42277,39162,43498,44338,52294,63514,69073,40032,50693,38074,52478,9516,18964,672785,454509,112078,62013,154972,89435,27679,186,172
2021-06-29T23:59:59+02:00,2481,2386,34570,36635,76377,76963,73883,74806,77720,84309,82637,86231,51829,64450,42073,57939,10409,20862,14791,15663,36306,41127,38250,42674,43118,51241,62796,68488,39320,49756,37938,52258,9493,18920,666425,449315,110200,60180,154703,87482,25048,186,171
2021-06-28T23:59:59+02:00,2440,2352,33743,35822,74765,75545,72202,73412,76698,83522,82033,85734,51654,64222,41996,57833,10396,20829,14039,14900,35245,40104,37429,41944,41988,50241,62145,67940,38447,48671,37771,52036,9474,18874,659950,444462,108243,58664,154107,85281,22714,186,170
2021-06-27T23:59:59+02:00,2425,2337,33005,35074,73202,74174,70795,72203,75300,82399,81356,85177,51457,64005,41931,57715,10386,20800,13402,14265,34285,39342,36773,41343,41052,49390,61602,67497,37581,47638,37619,51857,9459,18843,653739,440548,106305,57896,153154,83015,20359,185,168
2021-06-26T23:59:59+02:00,1788,1727,31962,33967,72842,73855,70329,71738,75008,82088,81263,85099,51437,63979,41917,57705,10385,20797,13208,14056,33621,38798,36126,40922,40529,49055,60610,66487,36585,46500,37451,51644,9445,18810,648941,434558,105365,57842,153150,81069,20248,183,167
2021-06-25T23:59:59+02:00,1170,1129,30838,32789,72346,73320,69718,71043,74582,81641,80887,84776,51375,63891,41883,57662,10380,20783,12874,13665,32770,38004,35257,40102,39582,48214,59395,65252,36069,45800,37260,51344,9422,18769,642603,426133,104171,57393,153143,80006,20114,183,166
2021-06-24T23:59:59+02:00,567,569,29494,31462,71566,72559,68844,70157,73909,81006,80440,84412,51269,63762,41831,57592,10369,20749,12206,12955,31594,36700,34037,38837,38451,47102,57758,63877,35590,45282,37103,51154,9403,18709,634767,416767,102683,55837,153031,78121,19895,182,165
2021-06-23T23:59:59+02:00,540,536,28990,30906,70452,71576,67572,69017,73159,80319,79989,84007,51157,63588,41771,57496,10353,20717,11711,12421,30595,35459,33102,37615,37426,46216,55811,62155,35035,44716,36936,50928,9382,18644,628523,406973,101110,54772,152925,76861,19406,182,164
2021-06-22T23:59:59+02:00,517,519,28469,30306,69279,70541,66366,67991,72481,79615,79577,83637,51049,63462,41723,57412,10344,20691,11363,12004,29682,34529,32148,36723,36468,45314,53834,60311,34650,44240,36799,50686,9353,18586,622176,398420,99647,53202,152791,75743,19184,182,162
2021-06-21T23:59:59+02:00,485,485,27800,29624,67959,69358,65177,66861,71722,78835,79183,83245,50942,63352,41664,57323,10330,20650,11069,11687,29057,33945,31596,36154,35860,44723,51985,58654,33938,43438,36501,50261,9323,18510,615344,390830,98144,52005,152668,75066,18659,181,161
2021-06-20T23:59:59+02:00,400,404,27164,28954,66730,68217,64157,65926,70917,78094,78829,82907,50865,63225,41615,57256,10325,20617,10781,11419,28509,33441,31140,35664,35347,44199,50137,56856,33396,42756,36304,49926,9293,18450,608944,383399,96681,51254,152568,74594,18229,181,157
2021-06-19T23:59:59+02:00,367,370,26777,28575,65997,67643,63629,65420,70117,77439,78678,82783,50844,63200,41599,57240,10324,20617,10646,11220,28255,33120,30885,35340,35123,43937,48692,55460,33137,42408,36220,49787,9285,18422,604971,377987,95736,51242,152568,74401,18164,181,157
2021-06-18T23:59:59+02:00,339,336,26317,28101,64981,66905,62892,64809,69196,76601,78288,82451,50781,63125,41572,57204,10320,20609,10430,10976,27855,32697,30553,34927,34731,43539,46952,53782,32783,41893,36083,49576,9266,18388,599544,371113,94495,50953,152562,74177,18046,181,156
2021-06-17T23:59:59+02:00,310,305,25672,27489,63709,65906,61889,64002,67607,75190,77761,82047,50680,62971,41509,57123,10307,20582,10013,10613,27066,31999,29812,34247,33894,42839,45440,52285,32336,41260,35919,49320,9235,18338,593436,363663,91834,49810,152400,73792,17210,180,155
2021-06-16T23:59:59+02:00,275,267,25138,26893,62406,64771,60784,63030,65339,73265,76918,81391,50466,62763,41418,57011,10288,20549,9689,10349,26416,31324,29108,33625,33165,42202,44844,51718,32065,40896,35773,49120,9214,18297,587166,359956,87323,49103,151981,72278,16325,178,155
2021-06-15T23:59:59+02:00,236,236,24485,26186,60997,63547,59703,62048,64184,72180,76411,80971,50344,62614,41367,56915,10281,20519,9419,10066,25814,30586,28472,32871,32484,41478,43282,50084,31613,40339,35601,48887,9184,18232,580001,353214,85697,48209,151527,71024,15822,178,155
2021-06-14T23:59:59+02:00,213,204,24010,25586,59886,62494,58827,61202,63107,71175,75938,80582,50256,62492,41317,56843,10266,20494,9125,9764,25063,29693,27709,32035,31695,40662,41992,48739,31243,39841,35464,48664,9154,18181,574124,347056,83980,47189,151322,69347,15289,178,154
2021-06-13T23:59:59+02:00,208,189,23591,25116,58945,61587,58053,60415,61999,70206,75474,80161,50166,62376,41266,56784,10254,20464,8840,9459,24354,28850,26998,31197,30934,39806,40431,47150,30777,39230,35261,48358,9124,18091,569101,339986,82125,46405,151096,67572,14755,178,153
2021-06-12T23:59:59+02:00,195,171,23333,24835,58386,61078,57692,60136,61357,69567,75273,80049,50141,62345,41254,56770,10251,20460,8720,9339,23878,28269,26476,30623,30405,39244,39330,46175,30608,39051,35166,48193,9120,18080,566146,335731,81171,46402,151088,65691,14711,178,153
2021-06-11T23:59:59+02:00,176,156,22964,24396,57634,60264,57015,59505,60450,68634,74927,79744,50066,62270,41228,56734,10249,20454,8580,9145,23361,27595,25943,29966,29821,38608,38250,45163,30340,38694,35023,47971,9107,18053,561101,330870,79879,46141,151074,63831,14636,177,152
2021-06-10T23:59:59+02:00,161,139,22421,23815,56492,59327,56087,58685,59187,67460,74388,79345,49994,62162,41204,56684,10234,20425,8315,8890,22488,26652,24979,29027,28698,37671,36859,43995,29983,38213,34743,47537,9040,17977,555510,323952,77670,45433,150836,61524,14018,177,150
2021-06-09T23:59:59+02:00,141,124,21787,23230,55228,58224,55011,57773,58237,66551,73926,78952,49906,62062,41152,56622,10220,20394,8019,8628,21557,25789,24050,28144,27661,36721,35139,42203,29593,37712,34556,47267,8998,17886,549709,316506,76217,44701,150483,59621,12956,176,148
2021-06-08T23:59:59+02:00,119,106,21109,22518,53914,57094,53893,56791,57284,65695,73380,78517,49817,61938,41097,56530,10202,20364,7752,8383,20657,24898,22995,27281,26626,35759,33776,40897,29236,37206,34235,46809,8947,17802,543020,310195,75287,43930,150043,57153,11842,176,146
2021-06-07T23:59:59+02:00,102,89,20456,21884,52474,55834,52633,55811,56127,64708,72828,78113,49732,61832,41051,56467,10189,20336,7496,8157,19817,24076,21973,26472,25593,34888,32841,40115,28954,36813,33984,46382,8896,17709,535725,305568,74386,43112,149635,54601,10744,176,146
2021-06-06T23:59:59+02:00,95,84,19944,21350,51329,54725,51525,54831,55160,63756,72317,77709,49645,61754,41015,56404,10181,20320,7284,7961,19036,23180,21072,25597,24522,33904,31924,39296,28664,36471,33729,45992,8845,17635,529388,301008,73364,42370,149300,51679,9917,175,143
2021-06-05T23:59:59+02:00,89,76,19674,21041,50546,53968,50872,54328,54686,63280,72186,77597,49633,61741,41011,56401,10178,20320,7053,7548,18393,22111,20346,24485,23646,32650,30886,37976,28330,36005,33605,45816,8838,17615,525037,294701,73358,42331,149220,48296,9837,175,143
2021-06-04T23:59:59+02:00,79,70,19221,20455,49482,52953,50052,53460,54031,62492,71843,77270,49606,61703,40991,56386,10176,20315,6830,7231,17767,21263,19657,23489,22706,31370,29662,36632,28041,35639,33491,45640,8826,17594,518547,288226,73030,42262,149203,45581,9631,174,142
2021-06-03T23:59:59+02:00,69,59,18540,19760,47962,51648,48834,52330,53058,61467,71339,76810,49539,61599,40953,56338,10163,20290,6538,6832,17030,20217,18856,22338,21698,29940,28493,35146,27499,34857,33285,45313,8789,17519,510772,281479,72016,41507,148929,42360,8869,172,139
2021-06-02T23:59:59+02:00,64,55,18159,19247,46938,50657,47949,51564,52307,60704,71089,76597,49500,61565,40934,56310,10155,20276,6347,6596,16389,19525,17929,21579,20850,28988,27398,33739,27033,34251,33124,45062,8760,17449,504478,275197,71998,41493,148909,39684,8515,170,133
2021-06-01T23:59:59+02:00,53,49,17480,18507,45068,48922,46291,50102,50789,59239,70411,75999,49408,61454,40875,56238,10143,20228,6067,6279,15227,18626,16415,20613,19633,27732,26166,32341,26476,33553,32873,44710,8714,17347,495368,268684,70632,40921,148360,36310,6730,166,129
2021-05-31T23:59:59+02:00,51,45,16997,18014,43757,47777,45071,48991,49548,58115,69727,75487,49325,61351,40829,56171,10131,20190,5788,5950,14180,17794,15001,19689,18451,26616,24938,30998,25957,32832,32678,44412,8680,17247,489117,262379,69468,40378,147890,33391,4937,165,128
2021-05-30T23:59:59+02:00,45,44,16667,17617,42785,46835,44163,48088,48542,57117,69169,74941,49220,61196,40757,56056,10115,20147,5597,5704,13633,17090,14371,18989,17549,25642,23836,29825,25186,31881,32379,43994,8635,17158,483162,256406,68437,39575,147481,31107,4260,164,123
2021-05-29T23:59:59+02:00,45,43,16534,17492,42420,46518,43818,47824,48302,56924,69111,74888,49214,61190,40750,56052,10115,20146,5433,5459,13122,16285,13727,18141,16703,24474,22720,28524,25027,31648,32315,43899,8632,17151,481184,250795,68314,39575,147474,28519,4251,163,122
2021-05-28T23:59:59+02:00,44,41,16230,17186,41716,45890,43306,47258,47791,56391,68834,74593,49149,61107,40723,56002,10112,20141,5190,5075,12587,15372,13047,17277,15840,23238,21617,27084,24776,31279,32220,43766,8622,17135,476884,244741,67807,39471,147448,25586,4212,163,117
2021-05-27T23:59:59+02:00,41,38,15704,16642,40562,44899,42288,46361,46801,55499,68255,74156,49027,60947,40669,55931,10101,20101,4952,4730,11940,14554,12264,16343,14768,22042,20359,25571,24274,30540,32048,43505,8588,17051,470998,237385,66289,38665,146730,23524,3844,161,113
2021-05-26T23:59:59+02:00,39,37,15292,16204,39467,43979,41248,45484,45771,54621,67649,73643,48875,60766,40585,55765,10079,20053,4759,4530,11387,13795,11544,15496,13756,20910,18959,23976,23689,29752,31831,43159,8534,16949,465847,230113,64266,37793,145740,21466,3543,161,113
2021-05-25T23:59:59+02:00,39,36,14885,15793,38462,43090,40280,44631,44819,53700,67030,73113,48692,60526,40506,55631,10053,20000,4543,4322,10846,13154,10779,14725,12684,19668,17524,22468,23100,28970,31594,42832,8477,16854,460512,222728,62686,36849,144629,19557,3298,161,110
2021-05-24T23:59:59+02:00,39,35,14539,15468,37626,42356,39412,43957,43958,52912,66500,72627,48569,60349,40443,55507,10033,19955,4399,4194,10400,12688,10144,14146,11793,18833,16237,21203,22424,28137,31377,42499,8418,16764,455899,215808,61452,35907,143882,18941,2892,160,110
2021-05-23T23:59:59+02:00,35,35,14371,15292,37159,41981,38961,43553,43508,52505,66230,72400,48486,60257,40404,55460,10026,19931,4209,4054,9934,12213,9524,13541,10848,18017,15039,20139,21951,27565,31124,42210,8367,16678,452699,208802,61071,35825,143860,17875,2804,160,109
2021-05-22T23:59:59+02:00,33,33,14174,15076,36468,41416,38273,43101,42933,52093,65211,71382,48280,59998,40332,55346,10016,19910,4098,3757,9720,11796,9371,13215,10606,17572,14769,19737,21857,27448,31090,42168,8360,16669,446229,207573,61067,35822,143846,15958,2773,160,109
2021-05-21T23:59:59+02:00,32,32,13789,14667,35401,40506,37210,42179,41866,51191,63853,70092,48051,59662,40252,55198,9999,19877,3988,3658,9514,11531,9156,12948,10271,17243,14352,19365,21636,27162,31028,42078,8351,16661,436625,205612,60707,35516,143611,14955,2756,158,105
2021-05-20T23:59:59+02:00,29,32,12982,13927,33961,39050,35791,40780,40459,49992,62558,68942,47758,59322,40107,55016,9978,19827,3837,3483,8989,10925,8506,12237,9571,16392,13596,18399,20817,26040,30833,41780,8312,16574,426383,201239,59007,34671,142591,11906,2373,157,104
2021-05-19T23:59:59+02:00,29,31,12437,13353,32785,37635,34692,39403,39330,49031,60550,67166,47275,58764,39921,54752,9935,19721,3731,3346,8711,10549,8210,11863,9132,15883,12957,17736,19951,24909,30606,41476,8255,16459,415519,196987,57488,33857,141479,10663,2169,155,100
2021-05-18T23:59:59+02:00,27,31,12014,12895,31750,36625,33612,38491,38288,48097,58482,65293,46919,58317,39766,54511,9903,19661,3530,3179,8214,9953,7739,11319,8583,15212,12276,16965,19007,23673,30369,41134,8217,16353,406837,192873,55537,33016,140286,7866,1870,152,100
2021-05-17T23:59:59+02:00,25,30,11760,12610,31231,36068,33117,37931,37695,47460,56580,63583,46215,57493,39488,54112,9866,19587,3443,3068,7947,9677,7441,11021,8179,14797,11703,16358,18084,22540,30134,40813,8182,16277,399241,188486,54407,32270,139475,7236,1578,150,96
2021-05-16T23:59:59+02:00,25,30,11542,12354,30706,35564,32654,37439,37173,46887,54679,61752,45666,56794,39294,53793,9838,19531,3345,2966,7657,9382,7117,10679,7705,14331,11121,15770,17154,21387,29924,40523,8143,16208,392262,184194,53439,31418,138811,6647,1061,148,94
2021-05-15T23:59:59+02:00,25,30,11382,12148,30428,35230,32417,37119,36945,46623,53110,60269,45416,56489,39217,53654,9832,19503,3323,2946,7632,9353,7102,10658,7686,14315,11102,15747,17043,21171,29714,40213,8135,16198,386445,183192,53435,31417,138765,6594,1044,148,93
2021-05-14T23:59:59+02:00,25,30,11134,11859,29955,34725,32037,36656,36426,46146,51229,58431,45053,55987,39077,53448,9816,19463,3295,2924,7561,9282,7044,10584,7622,14252,10919,15546,16305,20100,29428,39724,8118,16158,378621,180244,53104,31078,138631,6455,994,147,93
2021-05-13T23:59:59+02:00,22,29,10844,11523,29303,34073,31432,36051,35748,45474,49754,56914,44621,55358,38905,53201,9789,19416,3215,2874,7429,9177,6954,10489,7519,14141,10587,15197,15241,18855,29039,39082,8075,16083,371474,176414,52088,30515,137876,6066,874,145,90
2021-05-12T23:59:59+02:00,21,27,10710,11377,29015,33753,31160,35759,35434,45159,49470,56602,44526,55251,38853,53123,9782,19377,3201,2847,7396,9141,6922,10453,7488,14100,10415,15039,14860,18418,28733,38596,8053,16036,368784,174332,52001,30504,137718,6021,752,144,90
2021-05-11T23:59:59+02:00,20,24,10353,11046,28156,32932,30337,35002,34571,44372,47730,54825,44069,54651,38679,52835,9744,19274,3112,2749,7153,8861,6695,10149,7271,13731,9937,14494,13869,17269,28316,37978,8015,15942,361838,170640,50292,29606,135821,4680,526,143,90
2021-05-10T23:59:59+02:00,19,24,10042,10758,27408,32227,29562,34307,33802,43601,46421,53551,43685,54142,38491,52532,9694,19160,3069,2702,7024,8736,6598,10028,7126,13552,9668,14190,13165,16401,27886,37364,7990,15862,355572,167803,49174,29223,134126,3837,413,141,86
2021-05-09T23:59:59+02:00,18,24,9802,10504,26720,31540,28903,33614,33077,42904,44881,52067,43185,53520,38291,52228,9657,19074,3019,2654,6896,8594,6493,9888,7011,13338,9356,13878,12366,15501,27519,36823,7970,15806,348459,164935,48101,28672,132987,3095,325,137,86
2021-05-08T23:59:59+02:00,18,24,9709,10431,26337,31238,28448,33295,32609,42595,43826,51237,43032,53357,38252,52167,9654,19068,3015,2650,6886,8589,6488,9880,7003,13326,9346,13865,12329,15439,26838,35872,7933,15730,343881,163061,48061,28645,132899,3079,319,137,86
2021-05-07T23:59:59+02:00,17,24,9566,10281,25863,30854,27989,32915,32103,42242,42777,50408,42760,53014,38142,52010,9642,19041,2951,2623,6825,8545,6430,9825,6951,13273,9170,13643,11696,14628,25889,34482,7885,15648,338721,158938,47753,28275,132741,2866,300,133,86
2021-05-06T23:59:59+02:00,15,23,9160,9986,24944,30085,26925,32112,30874,41413,41161,49190,42376,52461,37947,51767,9604,18967,2879,2576,6694,8398,6312,9695,6802,13085,8897,13338,11042,13759,24919,33096,7850,15586,330851,155126,46674,27316,131073,2117,284,128,86
2021-05-05T23:59:59+02:00,15,22,8786,9783,24061,29485,26070,31459,29788,40625,39181,47370,41928,51912,37739,51483,9547,18854,2835,2543,6574,8268,6211,9580,6701,12939,8650,13078,10326,12924,23901,31770,7820,15514,322999,151212,45822,26427,128957,1710,202,128,84
2021-05-04T23:59:59+02:00,15,21,8543,9543,23278,28838,25094,30719,28716,39786,37655,45903,41454,51325,37462,51137,9496,18731,2792,2520,6502,8195,6126,9510,6624,12852,8413,12856,9591,12059,22951,30520,7786,15451,316319,147447,44851,25622,126320,1498,99,127,83
2021-05-03T23:59:59+02:00,15,20,8332,9329,22580,28256,24259,30117,27806,39087,36695,45151,41106,50854,37245,50845,9444,18629,2743,2486,6431,8118,6045,9442,6534,12769,8185,12640,8832,11158,22030,29299,7755,15400,311445,143675,44075,24797,124067,1255,60,123,81
2021-05-02T23:59:59+02:00,15,20,8166,9165,21945,27678,23525,29526,26988,38468,35879,44513,40848,50525,37131,50658,9409,18572,2706,2462,6389,8078,6007,9407,6493,12727,8003,12466,8229,10416,21318,28426,7734,15381,306624,140470,43309,24520,122928,1123,52,118,78
2021-05-01T23:59:59+02:00,14,20,8010,8978,21570,27225,23046,28958,26341,37750,35050,43618,40581,50148,37032,50504,9403,18555,2700,2454,6364,8068,5991,9398,6475,12714,7987,12449,8192,10352,21279,28369,7730,15377,300504,140178,43307,24512,122823,1081,51,118,78
2021-04-30T23:59:59+02:00,14,19,7859,8798,21182,26800,22596,28387,25585,36962,34031,42647,40349,49827,36934,50350,9391,18532,2678,2440,6340,8050,5969,9380,6446,12693,7955,12416,8152,10283,21229,28287,7727,15367,294163,139868,43299,24437,122640,987,44,117,77
2021-04-29T23:59:59+02:00,13,19,7581,8555,20587,26220,21927,27705,24654,35997,32753,41306,39303,48423,36617,49877,9333,18403,2643,2405,6249,7940,5880,9279,6352,12553,7750,12141,7525,9554,20819,27770,7703,15292,285396,137791,42513,23205,121208,741,44,112,75
2021-04-28T23:59:59+02:00,12,18,7299,8339,20066,25754,21288,27111,23770,35148,31348,39854,38136,46830,36275,49383,9271,18262,2571,2357,6134,7819,5769,9148,6249,12397,7529,11865,6832,8705,20403,27188,7663,15221,276710,135319,41734,21902,119568,513,44,108,73
2021-04-27T23:59:59+02:00,11,18,7109,8159,19638,25325,20665,26574,22910,34364,30127,38526,37043,45382,35893,48814,9201,18135,2545,2332,6033,7722,5716,9050,6183,12272,7314,11670,6226,7967,20000,26688,7643,15198,268865,133222,40866,20956,118011,266,44,108,72
2021-04-26T23:59:59+02:00,10,18,6927,7992,19216,24905,20117,26050,22099,33607,28911,37285,35983,43959,35586,48327,9150,18007,2532,2321,5987,7679,5671,9011,6145,12227,7126,11508,5613,7231,19625,26243,7620,15170,261154,131254,40041,20110,116807,234,40,107,72
2021-04-25T23:59:59+02:00,10,17,6821,7855,18881,24633,19736,25709,21486,32982,27920,36324,34847,42526,35268,47897,9108,17925,2518,2313,5969,7653,5651,8992,6125,12201,7088,11481,5485,7047,19288,25778,7604,15125,253930,130620,39325,19366,116546,223,39,105,71
2021-04-24T23:59:59+02:00,10,17,6656,7676,18439,24206,19184,25172,20699,32179,26833,35270,34596,42213,35175,47732,9098,17913,2514,2306,5957,7643,5640,8982,6120,12197,7078,11474,5410,6935,19191,25636,7601,15117,247957,130161,39320,19326,115647,206,39,105,70
2021-04-23T23:59:59+02:00,10,17,6427,7474,17990,23728,18617,24557,19870,31362,25667,34069,33814,41041,35031,47499,9084,17890,2508,2287,5930,7621,5603,8943,6075,12151,7032,11422,5246,6655,18651,25004,7501,14946,240354,128307,38990,18977,114660,184,39,104,69
2021-04-22T23:59:59+02:00,9,16,6211,7265,17383,23144,17825,23779,18817,30335,24340,32629,32774,39686,34786,47140,9044,17811,2492,2271,5884,7569,5553,8859,5996,12072,6956,11351,4959,6233,17933,24127,7380,14749,231300,126123,38067,18007,113487,149,39,101,67
2021-04-21T23:59:59+02:00,9,15,6008,7082,16853,22674,17165,23174,17825,29434,22786,31035,31766,38446,34488,46697,8995,17722,2468,2254,5840,7511,5493,8784,5930,11970,6860,11271,4797,5959,17232,23274,7264,14568,222391,124019,37291,17236,112353,117,39,100,65
2021-04-20T23:59:59+02:00,8,14,5822,6885,16289,22200,16414,22519,16825,28429,21310,29562,30612,36950,34170,46251,8941,17623,2454,2240,5791,7472,5452,8738,5882,11901,6782,11207,4680,5801,16630,22498,7138,14388,213344,122328,36402,16520,110941,109,38,99,60
2021-04-19T23:59:59+02:00,8,14,5635,6725,15755,21772,15738,21966,15827,27552,19916,28160,29223,35303,33851,45766,8881,17504,2443,2223,5767,7439,5416,8704,5843,11855,6701,11130,4551,5640,15982,21780,7030,14226,204609,120674,35622,15853,109233,106,38,94,60
2021-04-18T23:59:59+02:00,7,14,5445,6584,15322,21448,15119,21402,14853,26757,18578,27020,27830,33651,33517,45341,8819,17414,2393,2176,5636,7312,5301,8592,5737,11704,6595,11012,4431,5454,15392,21114,6914,14044,196042,119026,34788,14583,108161,102,38,92,59
2021-04-17T23:59:59+02:00,7,13,5407,6548,15169,21372,14946,21316,14616,26578,18323,26799,27323,33105,33392,45193,8810,17399,2366,2137,5535,7158,5196,8435,5637,11517,6507,10881,4378,5390,15146,20820,6904,14030,194819,117268,34783,14579,106584,94,38,92,59
2021-04-16T23:59:59+02:00,7,13,5342,6493,14990,21222,14732,21155,14329,26332,17903,26388,26277,31874,33256,44985,8789,17376,2321,2086,5421,6971,5058,8254,5486,11274,6308,10660,4176,5155,14495,20024,6807,13883,191457,114017,34496,14179,105380,87,38,92,59
2021-04-15T23:59:59+02:00,6,12,5270,6414,14776,21011,14465,20868,13899,25982,17263,25759,24906,30255,32996,44659,8753,17294,2249,2001,5224,6736,4861,7936,5280,10954,6093,10374,3974,4902,13662,18939,6693,13716,186876,110187,33685,13234,103898,78,38,91,58
2021-04-14T23:59:59+02:00,6,12,5188,6345,14572,20811,14209,20644,13513,25646,16594,25136,23322,28467,32683,44258,8698,17200,2057,1881,5005,6475,4675,7686,5053,10705,5856,10086,3839,4696,12927,18020,6565,13502,182260,107084,32812,11778,102105,72,38,89,57
2021-04-13T23:59:59+02:00,6,12,5134,6295,14366,20681,13969,20462,13169,25347,16023,24631,21607,26610,32363,43842,8668,17092,1970,1828,4838,6284,4490,7462,4853,10449,5650,9847,3697,4527,12407,17404,6440,13339,178008,104669,31936,10660,100207,62,38,88,57
2021-04-12T23:59:59+02:00,6,11,5071,6227,14147,20487,13664,20199,12779,24930,15441,24079,19997,24665,32071,43480,8626,17017,1842,1734,4655,6125,4338,7286,4691,10256,5514,9688,3578,4373,11972,16893,6328,13177,173619,102981,30882,9318,98272,60,38,86,54
2021-04-11T23:59:59+02:00,6,11,5000,6152,13925,20289,13367,19986,12361,24576,14872,23566,18486,22885,31810,43137,8581,16935,1804,1697,4535,6012,4227,7162,4568,10125,5378,9557,3462,4253,11480,16281,6195,12969,169316,101222,29922,8339,96588,58,36,83,51
2021-04-10T23:59:59+02:00,6,11,4995,6143,13907,20274,13358,19975,12343,24558,14846,23544,17794,21960,31518,42718,8563,16908,1800,1683,4520,6002,4212,7147,4555,10111,5325,9490,3357,4138,10925,15449,6065,12771,168237,99072,29895,8339,95173,56,33,83,51
2021-04-09T23:59:59+02:00,6,11,4981,6123,13867,20226,13311,19923,12294,24499,14582,23290,16271,20068,31111,42071,8529,16865,1775,1668,4497,5986,4184,7120,4511,10073,5287,9441,3270,4017,10056,14461,5916,12573,165596,96613,29557,8090,92763,54,31,81,48
2021-04-08T23:59:59+02:00,6,11,4936,6096,13766,20152,13230,19841,12193,24395,14241,22928,14496,17847,30488,41063,8466,16741,1752,1653,4467,5933,4132,7035,4446,9993,5215,9364,3160,3913,9578,13853,5709,12326,161735,94753,28524,7655,90535,53,24,78,45
2021-04-07T23:59:59+02:00,6,11,4905,6065,13655,20068,13135,19753,12084,24287,13858,22563,12971,15988,29845,40081,8412,16640,1733,1639,4413,5864,4045,6962,4357,9909,5126,9264,3069,3818,8817,12755,5469,11918,157268,92171,27645,6877,89315,46,22,77,43
2021-04-06T23:59:59+02:00,6,11,4874,6042,13556,20001,13052,19695,12009,24224,13481,22213,11331,13979,29185,39109,8380,16569,1670,1584,4282,5735,3936,6839,4237,9759,5022,9133,2953,3698,8109,11821,5195,11552,153253,89777,26767,5641,87602,45,20,75,43
2021-04-05T23:59:59+02:00,6,10,4836,6012,13480,19934,12983,19627,11953,24144,13207,21960,9715,12027,28456,38055,8344,16506,1599,1517,4127,5583,3768,6684,4083,9608,4867,9003,2822,3581,7294,10852,4923,11160,150037,87394,25749,3974,85377,42,19,73,43
2021-04-04T23:59:59+02:00,6,10,4819,5995,13469,19911,12973,19609,11946,24125,13108,21888,8687,10764,28004,37415,8319,16450,1597,1514,4119,5577,3767,6679,4078,9604,4865,8994,2817,3571,7057,10384,4839,11035,148298,86431,25745,3974,83366,36,17,72,40
2021-04-03T23:59:59+02:00,6,10,4816,5984,13452,19892,12961,19599,11936,24114,13094,21871,7779,9696,27122,36171,8269,16338,1593,1510,4117,5572,3765,6676,4070,9592,4851,8980,2810,3558,6918,10118,4800,10953,145822,85819,25736,3974,81465,35,16,71,40
2021-04-02T23:59:59+02:00,6,10,4811,5964,13416,19865,12923,19556,11890,24065,13021,21805,7265,8946,25532,34067,8123,16067,1583,1494,4091,5548,3739,6636,4034,9531,4730,8695,2682,3401,6542,9719,4650,10747,141356,83989,25395,3745,80496,35,14,71,40
2021-04-01T23:59:59+02:00,5,9,4761,5904,13322,19721,12805,19406,11741,23911,12422,21361,6700,8235,24023,32093,7995,15825,1519,1446,3979,5428,3673,6564,3966,9464,4651,8590,2585,3259,6027,9036,4472,10470,137151,81711,24254,3337,78752,31,13,69,38
2021-03-31T23:59:59+02:00,5,9,4710,5847,13198,19566,12671,19251,11552,23730,12160,21099,6377,7860,22538,30137,7842,15595,1506,1435,3954,5405,3640,6536,3927,9417,4611,8535,2521,3183,5537,8388,4293,10230,133203,79921,23160,3120,77705,31,10,69,37
2021-03-30T23:59:59+02:00,5,9,4645,5779,13060,19417,12560,19070,11422,23565,11992,20961,6186,7642,21145,28404,7697,15390,1489,1399,3913,5372,3575,6464,3837,9304,4479,8365,2384,2979,5113,7829,4147,9973,129831,77685,22231,2877,76814,19,6,67,36
2021-03-29T23:59:59+02:00,5,9,4605,5737,12941,19323,12494,18985,11341,23458,11840,20827,6027,7443,19717,26714,7570,15187,1429,1358,3858,5325,3501,6395,3718,9160,4325,8173,2261,2839,4546,7156,3990,9696,126226,75011,21364,2663,76561,18,5,67,34
2021-03-28T23:59:59+02:00,5,9,4557,5668,12819,19182,12408,18893,11239,23358,11733,20723,5875,7237,18532,25205,7450,14989,1396,1315,3759,5217,3307,6168,3630,9043,4274,8117,2208,2775,3788,6140,3805,9426,123215,71954,20567,2367,76031,11,5,64,32
2021-03-27T23:59:59+01:00,5,9,4524,5618,12710,19018,12292,18731,11123,23154,11624,20573,5808,7152,18242,24857,7439,14971,1390,1312,3754,5213,3304,6161,3343,8694,4074,7818,2202,2772,3775,6105,3768,9361,121370,70638,20527,2367,75885,7,5,63,30
2021-03-26T23:59:59+01:00,5,8,4488,5561,12598,18828,12158,18531,10971,22924,11465,20362,5643,6937,17632,24064,7340,14819,1388,1311,3749,5206,3281,6145,3324,8674,3862,7368,2023,2365,3511,5819,3615,9122,118272,68363,20186,2360,75809,7,4,63,30
2021-03-25T23:59:59+01:00,5,8,4412,5469,12400,18588,11957,18207,10761,22596,11225,20035,5428,6650,16599,22757,7213,14628,1379,1300,3729,5180,3247,6118,3272,8636,3815,7325,1952,2252,3075,5136,3452,8813,114295,66383,19113,2260,75464,5,4,62,30
2021-03-24T23:59:59+01:00,5,8,4331,5357,12179,18137,11738,17795,10538,22204,10992,19662,5158,6304,15554,21539,7071,14400,1356,1286,3705,5136,3211,6053,3218,8565,3763,7252,1898,2195,2765,4800,3301,8539,111176,64988,18022,2019,73708,4,4,62,29
2021-03-23T23:59:59+01:00,5,8,4274,5288,12011,17793,11538,17442,10347,21837,10767,19371,5019,6105,14912,20722,6931,14225,1340,1278,3689,5116,3190,6035,3192,8514,3724,7209,1860,2136,2533,4526,3089,8211,108799,63629,17290,1977,72440,4,4,62,29
2021-03-22T23:59:59+01:00,5,8,4222,5210,11812,17460,11349,17118,10123,21512,10551,19067,4868,5896,14289,20006,6798,14042,1327,1268,3658,5083,3158,5998,3165,8457,3687,7164,1815,2082,2336,4272,2891,7873,106933,62364,16570,1836,70770,3,4,59,28
2021-03-21T23:59:59+01:00,5,8,4150,5086,11534,17043,11066,16714,9851,21055,10294,18713,4755,5725,13592,19215,6654,13835,1319,1267,3641,5067,3136,5965,3142,8430,3668,7140,1795,2052,2167,4108,2719,7601,105046,61355,15268,1831,68918,3,4,59,25
2021-03-20T23:59:59+01:00,4,8,4122,5016,11392,16712,10943,16400,9711,20758,10118,18430,4627,5565,12964,18270,6514,13617,1318,1266,3641,5065,3133,5964,3139,8425,3662,7135,1791,2047,2135,4046,2694,7558,102851,61157,15263,1831,66994,3,4,59,25
2021-03-19T23:59:59+01:00,4,7,4077,4934,11224,16349,10759,16048,9536,20377,9898,18070,4468,5366,11934,17063,6351,13406,1309,1259,3624,5036,3103,5886,3093,8331,3558,6959,1665,1935,2059,3981,2581,7350,100142,59871,14851,1827,64818,3,4,56,25
2021-03-18T23:59:59+01:00,4,7,3991,4830,10975,15926,10494,15603,9254,19910,9673,17726,4321,5200,11307,16192,6120,13140,1305,1248,3607,5001,3083,5842,3072,8275,3531,6910,1645,1902,2023,3914,2455,7138,98332,59186,13842,1735,62440,3,4,55,24
2021-03-17T23:59:59+01:00,4,7,3815,4715,10678,15514,10234,15246,9010,19547,9418,17376,4200,5033,10489,14951,5857,12714,1304,1245,3594,4983,3076,5822,3062,8241,3514,6886,1642,1878,1999,3884,2343,6953,95675,58675,12294,1721,60780,3,4,55,24
2021-03-16T23:59:59+01:00,4,7,3672,4591,10341,15051,9965,14877,8735,19101,9120,17010,4060,4866,9666,13822,5576,12355,1291,1242,3590,4976,3066,5817,3056,8229,3506,6872,1616,1853,1960,3833,2222,6771,93341,58228,11100,1643,58320,3,3,55,24
2021-03-15T23:59:59+01:00,4,7,3525,4472,10031,14588,9673,14422,8437,18626,8832,16599,3914,4697,8950,12754,5347,12029,1281,1234,3569,4964,3054,5793,3034,8190,3486,6830,1601,1840,1941,3801,2105,6582,91365,57636,9737,1641,55753,3,2,50,24
2021-03-14T23:59:59+01:00,4,7,3452,4385,9772,14157,9421,14024,8119,18132,8550,16205,3752,4510,8141,11512,5036,11564,1267,1228,3548,4946,3033,5751,3012,8110,3458,6762,1574,1786,1880,3673,1936,6183,89034,57102,8715,1019,52947,3,0,47,24
2021-03-13T23:59:59+01:00,4,7,3370,4128,9457,13491,9171,13445,7891,17548,8341,15766,3641,4405,7948,11215,4984,11472,1267,1228,3548,4946,3032,5750,3011,8109,3455,6760,1570,1785,1878,3669,1935,6182,88363,57081,8715,1019,49159,3,0,47,23
2021-03-12T23:59:59+01:00,4,7,3307,3986,9209,12953,8932,12920,7657,16911,7983,15015,3478,4234,7560,10806,4843,11283,1263,1225,3543,4932,3029,5746,3004,8101,3451,6754,1543,1756,1857,3653,1837,6001,86579,56652,8463,1018,45999,3,0,47,23
2021-03-11T23:59:59+01:00,4,7,3153,3712,8826,12201,8628,12249,7323,16123,7636,14365,3317,4028,6997,10083,4648,10974,1245,1214,3511,4889,2984,5669,2969,7977,3399,6656,1498,1702,1773,3448,1633,5466,84115,55895,8005,116,42113,2,0,41,21
2021-03-10T23:59:59+01:00,4,7,3086,3605,8336,11697,7949,11771,7003,15628,7336,13772,3158,3868,6427,9385,4470,10696,1234,1200,3481,4832,2952,5592,2933,7838,3345,6533,1456,1659,1711,3349,1511,5177,82264,54692,7449,93,38445,0,0,40,19
2021-03-09T23:59:59+01:00,4,6,2979,3425,7660,11255,7069,11294,6586,15016,6971,13166,2922,3569,5914,8746,4312,10412,1229,1197,3458,4785,2925,5527,2917,7786,3327,6487,1442,1635,1675,3306,1399,4972,79943,53993,6084,58,35239,0,0,40,17
2021-03-08T23:59:59+01:00,4,6,2805,3188,7025,10714,6259,10815,6184,14495,6574,12596,2713,3360,5306,8009,4162,10141,1223,1190,3436,4721,2900,5450,2878,7691,3295,6412,1435,1626,1672,3298,1394,4969,77115,53518,4944,56,32259,0,0,38,17
2021-03-07T23:59:59+01:00,4,6,2693,3055,6696,10219,5850,10273,5888,14048,6330,12204,2613,3268,4542,6947,3945,9856,1219,1187,3433,4716,2895,5438,2874,7674,3287,6398,1429,1612,1649,3257,1377,4925,73856,53301,4111,53,30436,0,0,34,17
2021-03-06T23:59:59+01:00,4,6,2649,2912,6511,9771,5652,9859,5412,13190,5953,11466,2591,3240,4536,6936,3942,9853,1219,1186,3430,4710,2893,5437,2873,7673,3286,6395,1428,1609,1649,3255,1376,4925,72625,53276,4111,53,27715,0,0,32,16
2021-03-05T23:59:59+01:00,4,6,2553,2655,6298,9195,5438,9467,5235,12624,5574,10483,2362,2772,4156,6553,3803,9632,1206,1183,3414,4694,2888,5424,2864,7655,3274,6376,1414,1601,1648,3251,1371,4921,70285,53118,3876,53,24617,0,0,32,14
2021-03-04T23:59:59+01:00,4,6,2475,2448,6085,8760,5279,9127,5053,12201,5397,10105,2267,2602,3598,5728,3632,9284,1194,1167,3371,4595,2855,5356,2832,7558,3243,6301,1395,1593,1634,3237,1361,4910,68213,52540,3431,52,22375,0,0,32,11
2021-03-03T23:59:59+01:00,3,6,2418,2393,5914,8349,5110,8763,4838,11750,5208,9660,2184,2496,3189,5286,3472,8988,1173,1158,3336,4549,2818,5290,2791,7459,3194,6225,1375,1567,1614,3206,1355,4892,66776,51945,3186,48,20034,0,0,31,10
2021-03-02T23:59:59+01:00,3,6,2362,2299,5757,8017,4952,8508,4672,11350,5045,9340,2114,2405,2883,4927,3254,8661,1168,1148,3318,4528,2803,5263,2774,7410,3186,6197,1370,1557,1596,3186,1352,4887,65402,51687,2925,47,18197,0,0,31,10
2021-03-01T23:59:59+01:00,3,6,2335,2268,5650,7800,4853,8363,4587,11197,4943,9165,2057,2328,2584,4603,3063,8341,1162,1145,3304,4510,2791,5234,2757,7364,3172,6169,1364,1554,1589,3176,1349,4881,64124,51465,2702,47,17291,0,0,29,10
2021-02-28T23:59:59+01:00,2,6,2282,2224,5469,7540,4678,8143,4450,11011,4832,9035,2017,2263,2286,4301,2859,8025,1153,1139,3290,4500,2784,5227,2752,7350,3165,6155,1359,1551,1581,3156,1348,4848,62995,51303,2398,47,16001,0,0,29,9
2021-02-27T23:59:59+01:00,2,6,2194,1913,5297,7116,4579,7834,4368,10663,4759,8785,1989,2202,2256,4255,2837,7974,1149,1135,3288,4498,2779,5225,2748,7347,3160,6151,1358,1551,1580,3154,1347,4847,62758,51265,2398,44,13844,0,0,29,9
2021-02-26T23:59:59+01:00,2,6,2129,1836,5154,6880,4432,7575,4215,10396,4549,8501,1860,2094,2195,4215,2728,7791,1127,1122,3272,4463,2767,5185,2737,7295,3139,6097,1352,1540,1576,3146,1346,4845,61423,50958,2392,43,12714,0,0,29,9
2021-02-25T23:59:59+01:00,2,6,2000,1735,4831,6472,4004,7121,3931,9879,4316,8119,1801,2035,2164,4157,2612,7595,1109,1105,3232,4418,2736,5135,2691,7188,3100,6004,1341,1524,1559,3105,1332,4786,60942,50317,2286,41,9524,0,0,28,8
2021-02-24T23:59:59+01:00,2,6,1966,1669,4715,6258,3900,6908,3810,9637,4193,7959,1778,2002,2133,4114,2497,7394,1096,1100,3202,4356,2701,5071,2665,7103,3071,5933,1325,1507,1534,3055,1320,4717,60389,49721,2042,29,8482,0,0,28,7
2021-02-23T23:59:59+01:00,2,6,1739,1524,4343,5771,3618,6521,3591,9257,4037,7676,1748,1970,2088,4066,2383,7209,1077,1087,3166,4329,2673,5013,2640,7027,3035,5874,1305,1487,1507,3020,1310,4662,59926,49191,1995,15,5600,0,0,28,7
2021-02-22T23:59:59+01:00,2,6,1730,1506,4293,5712,3582,6457,3524,9162,3976,7580,1713,1943,2062,4015,2263,7011,1072,1073,3145,4283,2653,4974,2615,6967,3006,5821,1293,1473,1496,3009,1302,4653,59378,48820,1853,9,5278,0,0,28,7
2021-02-21T23:59:59+01:00,2,6,1718,1501,4263,5678,3538,6420,3484,9108,3932,7530,1703,1935,2057,4005,2139,6844,1065,1062,3124,4243,2624,4924,2600,6899,2978,5733,1280,1457,1473,2948,1274,4571,59024,48241,1847,8,4965,0,0,27,7
2021-02-20T23:59:59+01:00,2,6,1715,1500,4256,5675,3535,6418,3484,9106,3929,7529,1698,1933,2055,4001,2138,6844,1065,1062,3122,4241,2624,4924,2599,6898,2978,5733,1280,1456,1472,2948,1274,4571,59005,48233,1847,8,4946,0,0,26,7
2021-02-19T23:59:59+01:00,2,6,1689,1493,4242,5656,3524,6405,3473,9096,3920,7514,1671,1904,2034,3983,2037,6661,1064,1061,3121,4240,2623,4923,2599,6895,2975,5731,1280,1455,1472,2946,1274,4571,58581,48217,1841,8,4863,0,0,25,6
2021-02-18T23:59:59+01:00,2,6,1639,1461,4147,5545,3452,6301,3386,8931,3834,7373,1651,1884,2006,3922,1905,6464,1018,1019,2980,4021,2496,4654,2489,6556,2866,5466,1247,1412,1440,2859,1245,4418,57923,46174,1793,8,4168,0,0,25,5
2021-02-17T23:59:59+01:00,2,5,1617,1431,4050,5396,3369,6148,3267,8696,3708,7171,1597,1813,1928,3816,1779,6146,960,970,2831,3799,2380,4343,2365,6145,2737,5154,1195,1349,1392,2746,1195,4242,56678,43791,1783,7,3455,0,0,23,5
2021-02-16T23:59:59+01:00,2,5,1541,1363,3890,5204,3235,5966,3159,8463,3586,7005,1574,1789,1893,3787,1657,5934,873,939,2699,3644,2283,4132,2239,5823,2607,4903,1139,1256,1245,2441,929,3611,55980,40754,1767,4,2285,0,0,21,5
2021-02-15T23:59:59+01:00,2,5,1524,1344,3841,5118,3175,5880,3102,8349,3520,6900,1562,1775,1878,3764,1648,5911,837,916,2618,3515,2208,3953,2158,5545,2519,4693,1094,1191,1152,2262,858,3381,55511,38894,1764,2,2003,0,0,20,4
2021-02-14T23:59:59+01:00,2,5,1458,1316,3760,5044,3132,5774,3047,8195,3477,6791,1542,1743,1824,3633,1589,5653,828,910,2568,3447,2169,3885,2104,5426,2453,4587,1066,1152,1062,2085,783,3132,55269,37652,1136,2,1560,0,0,20,3
2021-02-13T23:59:59+01:00,2,5,1455,1315,3752,5038,3125,5773,3044,8193,3474,6789,1541,1739,1824,3631,1587,5653,828,910,2568,3447,2169,3884,2102,5425,2452,4587,1064,1151,1061,2085,783,3132,55248,37647,1135,0,1537,0,0,20,1
2021-02-12T23:59:59+01:00,2,4,1417,1297,3715,5005,3102,5753,3022,8161,3455,6744,1525,1729,1815,3614,1578,5632,820,903,2535,3393,2134,3839,2072,5372,2434,4556,1063,1150,1060,2084,782,3130,55023,37326,1133,0,1395,0,0,19,1
2021-02-11T23:59:59+01:00,2,4,1367,1251,3602,4832,3010,5579,2924,7851,3356,6532,1466,1669,1743,3430,1486,5285,781,839,2282,2947,1906,3366,1839,4624,2163,4025,973,1078,964,1885,723,2847,54382,33242,138,0,852,0,0,17,0
2021-02-10T23:59:59+01:00,2,4,1342,1227,3540,4729,2946,5474,2882,7701,3302,6399,1447,1652,1715,3392,1472,5245,700,781,1991,2537,1693,2921,1602,4015,1905,3565,861,931,793,1505,579,2323,53729,28702,136,0,590,0,0,16,0
2021-02-09T23:59:59+01:00,2,3,1329,1209,3484,4660,2917,5405,2861,7608,3265,6330,1439,1636,1687,3369,1462,5232,650,701,1726,2186,1501,2534,1417,3515,1734,3203,829,898,768,1428,557,2207,53416,25854,131,0,335,0,0,16,0
2021-02-08T23:59:59+01:00,2,3,1316,1205,3455,4630,2898,5366,2839,7557,3246,6301,1427,1629,1677,3343,1460,5213,635,666,1575,1950,1360,2277,1285,3207,1576,2940,789,878,720,1321,524,2032,53116,23735,105,0,332,0,0,14,0
2021-02-07T23:59:59+01:00,2,3,1182,1162,3351,4575,2844,5323,2812,7519,3221,6263,1417,1612,1668,3320,1453,5180,488,520,1309,1592,1118,1829,1074,2617,1348,2418,685,750,638,1159,477,1802,52820,19824,77,0,0,0,0,10,0
2021-02-06T23:59:59+01:00,2,3,1178,1160,3349,4573,2840,5321,2805,7516,3217,6260,1416,1610,1667,3317,1452,5179,365,371,1109,1344,982,1525,934,2211,1182,2002,598,654,611,1141,475,1799,52778,17303,77,0,0,0,0,10,0
2021-02-05T23:59:59+01:00,2,2,1166,1149,3334,4551,2833,5294,2795,7474,3199,6214,1410,1602,1664,3311,1451,5179,264,210,926,1027,836,1155,759,1762,1008,1591,483,549,585,1121,472,1795,52543,14543,77,0,0,0,0,10,0
2021-02-04T23:59:59+01:00,2,2,1150,1131,3288,4500,2793,5219,2753,7344,3151,6130,1396,1587,1650,3277,1441,5151,137,84,624,657,546,738,520,1156,668,994,303,368,480,974,427,1631,51901,10307,54,0,0,0,0,10,0
2021-02-03T23:59:59+01:00,2,2,1128,1125,3261,4455,2764,5179,2730,7293,3121,6074,1386,1576,1624,3236,1433,5099,117,68,494,509,415,596,417,913,512,747,250,288,375,759,330,1269,51430,8059,49,0,0,0,0,9,0
2021-02-02T23:59:59+01:00,2,2,1106,1111,3225,4424,2733,5126,2705,7219,3086,6011,1362,1548,1588,3180,1407,5002,108,59,412,412,343,518,367,823,459,665,230,265,329,686,302,1134,50780,7112,48,0,0,0,0,9,0
2021-02-01T23:59:59+01:00,2,2,1090,1100,3207,4371,2704,5065,2674,7092,3056,5916,1342,1519,1561,3142,1390,4937,80,44,311,308,252,392,275,617,328,500,192,216,258,546,234,887,50114,5440,48,0,0,0,0,8,0
2021-01-31T23:59:59+01:00,2,2,1084,1089,3192,4341,2680,5021,2658,7037,3043,5871,1330,1502,1538,3076,1363,4851,70,42,285,284,227,345,253,573,298,460,171,197,213,446,192,718,49624,4774,48,0,0,0,0,8,0
2021-01-30T23:59:59+01:00,2,2,1083,1089,3189,4337,2679,5021,2657,7036,3043,5870,1330,1501,1537,3076,1363,4851,70,38,278,270,214,330,248,562,294,454,170,194,212,446,192,718,49613,4690,45,0,0,0,0,8,0
2021-01-29T23:59:59+01:00,2,2,1082,1088,3188,4333,2679,5019,2656,7034,3040,5868,1330,1501,1537,3075,1363,4851,64,34,260,256,191,310,232,545,283,446,164,190,208,440,191,716,49595,4530,45,0,0,0,0,8,0
2021-01-28T23:59:59+01:00,2,2,1061,1069,3119,4231,2625,4910,2598,6878,2973,5737,1314,1479,1521,3007,1340,4727,54,18,164,153,127,187,163,360,208,282,131,147,162,277,114,427,48545,2974,42,0,0,0,0,6,0
2021-01-27T23:59:59+01:00,2,2,1015,1030,3037,4089,2544,4731,2504,6596,2889,5536,1281,1434,1480,2913,1303,4575,25,6,100,70,59,92,84,211,118,148,100,115,118,207,87,308,46923,1848,32,0,0,0,0,6,0
2021-01-26T23:59:59+01:00,1,2,938,1002,2920,3956,2465,4546,2422,6415,2819,5381,1255,1386,1390,2760,1079,4169,25,6,95,69,58,91,82,211,116,147,98,114,118,207,87,308,44880,1832,20,0,0,0,0,6,0
2021-01-25T23:59:59+01:00,1,2,920,985,2840,3828,2421,4399,2362,6220,2760,5231,1236,1364,1376,2733,1066,4133,25,6,94,69,56,89,82,211,116,145,98,113,118,207,87,308,43858,1824,14,0,0,0,0,5,0
2021-01-24T23:59:59+01:00,1,2,910,981,2820,3812,2411,4367,2336,6181,2727,5170,1223,1357,1367,2709,1052,4098,25,6,94,69,56,89,82,210,115,145,97,113,118,207,87,308,43509,1821,10,0,0,0,0,5,0
2021-01-23T23:59:59+01:00,1,2,910,981,2820,3811,2411,4367,2335,6180,2726,5170,1221,1356,1366,2709,1052,4098,25,6,94,69,56,89,82,210,115,145,97,113,118,207,87,306,43504,1819,9,0,0,0,0,3,0
2021-01-22T23:59:59+01:00,1,2,903,974,2789,3765,2376,4302,2303,6105,2705,5123,1219,1354,1365,2707,1051,4095,25,6,94,69,56,89,82,210,115,145,97,113,118,207,87,306,43129,1819,9,0,0,0,0,1,0
2021-01-21T23:59:59+01:00,1,2,888,907,2533,3353,2175,3887,2121,5494,2482,4638,1162,1307,1316,2582,1013,3932,21,6,83,63,52,73,69,170,95,134,87,98,99,154,73,235,39783,1512,9,0,0,0,0,1,0
2021-01-20T23:59:59+01:00,1,2,809,844,2221,2945,1967,3425,1889,4886,2226,4165,1048,1166,1146,2228,878,3406,21,6,83,63,52,72,68,170,94,134,87,98,99,154,71,235,35243,1507,9,0,0,0,0,0,0
2021-01-19T23:59:59+01:00,1,2,747,765,1927,2500,1727,2967,1655,4226,1983,3691,974,1069,1018,1939,772,3025,10,3,50,44,33,44,35,100,44,77,39,36,49,83,44,152,30981,843,7,0,0,0,0,0,0
2021-01-18T23:59:59+01:00,1,2,674,706,1698,2102,1488,2495,1409,3541,1730,3186,888,984,912,1724,716,2743,5,2,19,10,13,21,17,54,17,33,19,21,26,56,31,82,26995,426,4,0,0,0,0,0,0
2021-01-17T23:59:59+01:00,0,2,495,545,1382,1698,1210,1963,1154,2807,1449,2564,747,828,757,1431,593,2348,0,1,4,2,0,0,0,0,0,0,1,0,0,0,0,0,21970,8,3,0,0,0,0,0,0
2021-01-16T23:59:59+01:00,0,1,375,396,1200,1454,1090,1678,1014,2409,1292,2157,661,732,730,1414,591,2347,0,0,0,0,0,0,0,0,0,0,0,0,0,0,0,0,19539,0,2,0,0,0,0,0,0
2021-01-15T23:59:59+01:00,0,1,271,235,1017,1154,941,1332,846,1963,1114,1754,542,621,692,1379,578,2306,0,0,0,0,0,0,0,0,0,0,0,0,0,0,0,0,16745,0,1,0,0,0,0,0,0
2021-01-14T23:59:59+01:00,0,0,155,105,703,771,649,864,611,1307,751,1134,352,432,567,1191,518,2055,0,0,0,0,0,0,0,0,0,0,0,0,0,0,0,0,12165,0,0,0,0,0,0,0,0
2021-01-13T23:59:59+01:00,0,0,130,84,593,604,525,697,494,1050,594,869,296,356,478,1006,446,1750,0,0,0,0,0,0,0,0,0,0,0,0,0,0,0,0,9972,0,0,0,0,0,0,0,0
2021-01-12T23:59:59+01:00,0,0,120,68,510,517,448,596,429,920,523,764,261,307,390,809,372,1365,0,0,0,0,0,0,0,0,0,0,0,0,0,0,0,0,8399,0,0,0,0,0,0,0,0
2021-01-11T23:59:59+01:00,0,0,91,55,414,421,363,485,344,746,418,591,227,256,323,676,302,1152,0,0,0,0,0,0,0,0,0,0,0,0,0,0,0,0,6864,0,0,0,0,0,0,0,0
2021-01-10T23:59:59+01:00,0,0,76,47,350,348,296,403,291,649,348,523,199,225,259,537,241,896,0,0,0,0,0,0,0,0,0,0,0,0,0,0,0,0,5688,0,0,0,0,0,0,0,0
2021-01-09T23:59:59+01:00,0,0,76,45,335,327,272,381,283,633,340,516,198,224,258,535,241,896,0,0,0,0,0,0,0,0,0,0,0,0,0,0,0,0,5560,0,0,0,0,0,0,0,0
2021-01-08T23:59:59+01:00,0,0,71,37,301,294,227,340,255,590,313,477,180,204,233,475,220,793,0,0,0,0,0,0,0,0,0,0,0,0,0,0,0,0,5010,0,0,0,0,0,0,0,0
2021-01-07T23:59:59+01:00,0,0,57,25,210,196,159,241,196,424,243,340,150,165,178,310,146,507,0,0,0,0,0,0,0,0,0,0,0,0,0,0,0,0,3547,0,0,0,0,0,0,0,0
2021-01-06T23:59:59+01:00,0,0,45,15,162,117,112,160,145,297,178,241,118,133,136,243,103,362,0,0,0,0,0,0,0,0,0,0,0,0,0,0,0,0,2567,0,0,0,0,0,0,0,0
2021-01-05T23:59:59+01:00,0,0,28,7,97,70,59,93,87,214,117,149,108,124,127,224,102,336,0,0,0,0,0,0,0,0,0,0,0,0,0,0,0,0,1942,0,0,0,0,0,0,0,0
2021-01-04T23:59:59+01:00,0,0,26,7,97,69,56,90,87,214,117,147,108,122,127,224,102,336,0,0,0,0,0,0,0,0,0,0,0,0,0,0,0,0,1929,0,0,0,0,0,0,0,0
2021-01-03T23:59:59+01:00,0,0,26,7,97,69,56,90,87,213,116,147,107,122,127,224,102,336,0,0,0,0,0,0,0,0,0,0,0,0,0,0,0,0,1926,0,0,0,0,0,0,0,0
2021-01-02T23:59:59+01:00,0,0,26,7,97,69,56,90,87,213,115,147,107,122,127,224,102,335,0,0,0,0,0,0,0,0,0,0,0,0,0,0,0,0,1924,0,0,0,0,0,0,0,0
2021-01-01T23:59:59+01:00,0,0,26,7,97,69,56,90,87,213,114,146,107,122,127,224,102,335,0,0,0,0,0,0,0,0,0,0,0,0,0,0,0,0,1922,0,0,0,0,0,0,0,0
2020-12-31T23:59:59+01:00,0,0,26,7,97,69,56,90,87,213,113,146,107,122,127,224,102,335,0,0,0,0,0,0,0,0,0,0,0,0,0,0,0,0,1921,0,0,0,0,0,0,0,0
2020-12-30T23:59:59+01:00,0,0,26,7,97,69,55,90,86,213,113,146,107,122,127,224,101,335,0,0,0,0,0,0,0,0,0,0,0,0,0,0,0,0,1918,0,0,0,0,0,0,0,0
2020-12-29T23:59:59+01:00,0,0,14,2,65,52,33,60,50,138,64,88,53,53,72,135,63,227,0,0,0,0,0,0,0,0,0,0,0,0,0,0,0,0,1169,0,0,0,0,0,0,0,0
2020-12-28T23:59:59+01:00,0,0,5,2,36,24,20,30,21,67,25,41,23,22,27,51,34,82,0,0,0,0,0,0,0,0,0,0,0,0,0,0,0,0,510,0,0,0,0,0,0,0,0
2020-12-27T23:59:59+01:00,0,0,1,0,8,5,8,2,1,5,0,2,1,1,2,2,4,6,0,0,0,0,0,0,0,0,0,0,0,0,0,0,0,0,48,0,0,0,0,0,0,0,0
