Datum,<24_1_m,<24_1_w,25-34_1_m,25-34_1_w,35-44_1_m,35-44_1_w,45-54_1_m,45-54_1_w,55-64_1_m,55-64_1_w,65-74_1_m,65-74_1_w,75-84_1_m,75-84_1_w,>84_1_m,>84_1_w,<24_2_m,<24_2_w,25-34_2_m,25-34_2_w,35-44_2_m,35-44_2_w,45-54_2_m,45-54_2_w,55-64_2_m,55-64_2_w,65-74_2_m,65-74_2_w,75-84_2_m,75-84_2_w,>84_2_m,>84_2_w,bp_1,bp_2,mo_1,mo_2,az_1,az_2,ja
2021-05-25T23:59:59+02:00,17193,18739,38730,42786,39209,44188,45246,54360,65957,72306,46420,58387,37830,52566,8250,17087,5131,5218,10531,12834,10361,14614,12670,19662,17698,22319,23064,29238,29586,40450,6914,14296,452614,216774,61904,36169,141729,18636,3007
2021-05-24T23:59:59+02:00,16808,18387,37919,42083,38381,43522,44403,53603,65523,71905,46318,58228,37774,52462,8239,17062,4965,5074,10088,12384,9747,14064,11774,18823,16478,21150,22498,28481,29417,40199,6888,14252,448176,210275,60737,35248,141029,18084,2675
2021-05-23T23:59:59+02:00,16621,18190,37452,41721,37955,43150,43969,53217,65288,71707,46258,58145,37739,52421,8233,17041,4750,4913,9633,11910,9122,13468,10798,17999,15411,20170,22052,27950,29204,39951,6851,14177,445126,203557,60377,35171,141013,17040,2591
2021-05-22T23:59:59+02:00,16383,17930,36757,41190,37314,42706,43408,52819,64312,70741,46072,57904,37684,52325,8224,17022,4610,4570,9445,11527,8963,13149,10548,17539,15187,19815,21968,27850,29178,39921,6847,14171,438853,202418,60374,35171,141005,15140,2559
2021-05-21T23:59:59+02:00,15942,17462,35686,40293,36297,41828,42355,51916,63047,69528,45874,57596,37610,52195,8211,16990,4487,4456,9244,11268,8768,12910,10210,17208,14826,19471,21779,27591,29125,39839,6838,14165,429465,200603,60044,34876,140774,14159,2547
2021-05-20T23:59:59+02:00,15067,16674,34258,38822,34941,40543,40966,50708,61921,68502,45622,57310,37491,52035,8195,16949,4317,4251,8751,10727,8188,12252,9528,16416,14112,18534,21068,26607,28960,39578,6807,14094,419629,196490,58406,34061,139788,11458,2181
2021-05-19T23:59:59+02:00,14457,16050,33121,37368,33880,39316,39867,49755,60056,66839,45236,56836,37326,51804,8156,16855,4203,4095,8491,10385,7915,11879,9092,15935,13464,17842,20285,25578,28754,39302,6756,13993,409256,192391,56946,33269,138723,10312,1997
2021-05-18T23:59:59+02:00,13951,15536,32111,36375,32847,38424,38868,48822,58105,65103,44933,56430,37189,51580,8130,16804,3979,3885,8035,9814,7460,11355,8553,15263,12781,17057,19421,24462,28554,39002,6724,13893,400837,188415,55054,32430,137571,7647,1746
2021-05-17T23:59:59+02:00,13636,15222,31619,35849,32392,37881,38275,48183,56213,63401,44302,55673,36950,51231,8103,16745,3871,3743,7788,9547,7166,11065,8147,14856,12203,16421,18585,23429,28356,38726,6695,13826,393426,184219,53980,31685,136806,7057,1463
2021-05-16T23:59:59+02:00,13383,14932,31108,35356,31940,37396,37735,47612,54345,61548,43816,55047,36779,50950,8079,16702,3742,3621,7517,9258,6839,10742,7658,14378,11631,15809,17720,22378,28172,38477,6668,13768,386585,180069,53020,30855,136160,6491,963
2021-05-15T23:59:59+02:00,13201,14695,30853,35039,31692,37071,37510,47368,52770,60043,43604,54780,36709,50826,8076,16676,3722,3604,7497,9235,6827,10726,7644,14366,11617,15789,17572,22128,27998,38211,6662,13761,380833,179103,53020,30855,136112,6453,948
2021-05-14T23:59:59+02:00,12911,14363,30396,34558,31336,36618,36995,46890,50934,58222,43279,54336,36588,50647,8062,16645,3691,3580,7434,9177,6777,10665,7589,14302,11385,15527,16879,21081,27751,37799,6649,13730,373190,176277,52707,30521,135983,6318,900
2021-05-13T23:59:59+02:00,12577,13988,29763,33930,30757,36015,36296,46229,49504,56691,42901,53789,36430,50421,8043,16617,3611,3527,7322,9084,6698,10575,7487,14197,10991,15073,15862,19909,27420,37234,6612,13663,366167,172548,51717,29969,135268,5949,799
2021-05-12T23:59:59+02:00,12429,13817,29491,33626,30496,35734,35999,45915,49250,56409,42808,53690,36382,50343,8037,16580,3590,3503,7297,9050,6674,10543,7465,14165,10797,14900,15488,19442,27156,36834,6595,13619,363574,170577,51639,29958,135115,5905,678
2021-05-11T23:59:59+02:00,12010,13413,28664,32839,29675,35002,35137,45130,47561,54679,42415,53164,36222,50068,8008,16495,3484,3377,7056,8782,6472,10245,7248,13791,10250,14291,14549,18311,26805,36323,6571,13540,356805,166970,49952,29089,133269,4580,456
2021-05-10T23:59:59+02:00,11645,13092,27934,32125,28893,34308,34357,44367,46312,53433,42054,52699,36048,49779,7963,16399,3441,3322,6927,8656,6380,10137,7113,13596,9940,13937,13859,17464,26441,35787,6550,13475,350597,164203,48838,28723,131624,3750,349
2021-05-09T23:59:59+02:00,11364,12798,27252,31446,28252,33637,33615,43674,44835,51965,41617,52157,35866,49498,7934,16323,3384,3264,6801,8513,6281,9994,7009,13391,9530,13549,13130,16584,26124,35328,6534,13430,343666,161392,47766,28174,130538,3017,263
2021-05-08T23:59:59+02:00,11254,12714,26847,31141,27817,33328,33169,43375,43821,51140,41489,52018,35827,49442,7932,16317,3380,3261,6797,8511,6274,9987,7004,13379,9520,13534,12996,16401,25544,34505,6504,13367,339193,159549,47726,28149,130452,3006,260
2021-05-07T23:59:59+02:00,11084,12536,26387,30778,27388,32974,32672,43027,42811,50337,41255,51710,35728,49290,7922,16296,3324,3230,6750,8473,6228,9940,6950,13325,9294,13234,12304,15494,24739,33339,6465,13302,334231,155545,47423,27788,130299,2816,242
2021-05-06T23:59:59+02:00,10637,12187,25438,30016,26358,32194,31451,42200,41293,49174,40911,51197,35556,49069,7888,16234,3255,3172,6622,8332,6119,9811,6794,13143,8990,12869,11565,14506,23938,32199,6440,13246,326492,151826,46358,26851,128721,2092,232
2021-05-05T23:59:59+02:00,10214,11949,24563,29423,25491,31521,30340,41408,39395,47377,40513,50678,35358,48805,7841,16134,3210,3132,6512,8206,6026,9700,6692,13000,8712,12547,10750,13551,23098,31097,6415,13190,318682,148014,45509,25975,126670,1700,149
2021-05-04T23:59:59+02:00,9924,11676,23759,28784,24525,30793,29264,40555,37936,45935,40082,50134,35110,48484,7799,16031,3174,3108,6446,8138,5948,9633,6621,12930,8416,12251,9942,12606,22316,30044,6391,13139,312109,144372,44550,25177,124081,1503,51
2021-05-03T23:59:59+02:00,9680,11414,23022,28199,23713,30211,28340,39829,37060,45228,39746,49701,34916,48203,7758,15938,3124,3075,6375,8062,5876,9572,6529,12846,8140,11973,9109,11571,21567,29049,6370,13101,307283,140696,43778,24367,121883,1262,14
2021-05-02T23:59:59+02:00,9481,11193,22360,27640,22978,29626,27505,39194,36325,44642,39505,49380,34811,48031,7728,15886,3085,3053,6337,8021,5847,9540,6493,12811,7900,11725,8423,10785,21017,28331,6352,13086,302494,137570,43016,24095,120766,1132,9
2021-05-01T23:59:59+02:00,9295,10983,21974,27167,22494,29049,26841,38463,35535,43772,39275,49047,34727,47890,7724,15874,3078,3047,6315,8014,5835,9534,6475,12796,7886,11713,8383,10709,20985,28290,6348,13083,296435,137298,43015,24090,120651,1094,9
2021-04-30T23:59:59+02:00,9109,10766,21587,26737,22037,28494,26060,37681,34614,42859,39059,48744,34643,47760,7712,15854,3059,3032,6294,8000,5817,9519,6450,12776,7856,11681,8343,10631,20940,28222,6346,13077,290231,137008,43009,24021,120469,1007,7
2021-04-29T23:59:59+02:00,8794,10487,21002,26160,21362,27798,25091,36707,33362,41493,38082,47433,34364,47329,7663,15742,3021,2991,6199,7892,5742,9415,6348,12629,7619,11363,7721,9925,20590,27757,6327,13014,281560,134972,42225,22812,119078,763,6
2021-04-28T23:59:59+02:00,8485,10239,20478,25679,20713,27203,24169,35799,31978,39991,36998,45959,34055,46877,7610,15622,2949,2939,6090,7773,5643,9297,6252,12469,7351,11044,7049,9087,20229,27250,6289,12950,272931,132583,41456,21528,117462,544,6
2021-04-27T23:59:59+02:00,8273,10033,20047,25258,20104,26676,23332,35024,30805,38626,35984,44636,33726,46364,7554,15514,2922,2908,5988,7672,5592,9207,6180,12344,7105,10800,6450,8362,19879,26816,6274,12934,265400,130519,40592,20605,115958,303,6
2021-04-26T23:59:59+02:00,8060,9835,19631,24846,19562,26151,22508,34254,29614,37362,35001,43327,33459,45921,7513,15398,2905,2896,5953,7631,5550,9170,6142,12303,6870,10562,5857,7653,19550,26432,6256,12911,257894,128598,39773,19766,114770,272,5
2021-04-25T23:59:59+02:00,7928,9681,19291,24583,19186,25813,21870,33618,28603,36337,33962,42007,33173,45533,7479,15327,2892,2886,5937,7610,5530,9152,6121,12278,6832,10526,5699,7436,19256,26015,6240,12869,250819,127982,39061,19030,114506,262,5
2021-04-24T23:59:59+02:00,7725,9466,18850,24149,18636,25282,21043,32770,27614,35364,33734,41713,33094,45396,7469,15316,2888,2881,5923,7602,5523,9144,6115,12275,6817,10507,5619,7318,19176,25901,6237,12861,244949,127545,39060,18995,113607,242,5
2021-04-23T23:59:59+02:00,7470,9241,18393,23680,18074,24667,20180,31915,26496,34168,33035,40638,32967,45194,7457,15295,2880,2862,5894,7580,5489,9102,6073,12238,6771,10452,5421,7016,18656,25287,6162,12732,237484,125714,38734,18675,112647,221,5
2021-04-22T23:59:59+02:00,7207,9000,17767,23059,17277,23885,19101,30864,25195,32714,32088,39399,32746,44872,7421,15225,2863,2844,5851,7526,5443,9020,6006,12160,6687,10372,5081,6553,17990,24454,6074,12578,228520,123589,37819,17719,111476,189,5
2021-04-21T23:59:59+02:00,6966,8799,17228,22555,16606,23293,18090,29924,23673,31132,31155,38229,32482,44488,7377,15147,2844,2824,5811,7475,5391,8947,5943,12062,6588,10294,4872,6213,17336,23656,5987,12429,219749,121542,37051,16964,110339,161,5
2021-04-20T23:59:59+02:00,6753,8574,16657,22074,15860,22607,17055,28893,22221,29632,30104,36843,32196,44123,7333,15065,2827,2809,5768,7437,5351,8901,5893,11997,6512,10228,4724,5999,16743,22929,5896,12283,210897,119893,36178,16246,108910,153,5
2021-04-19T23:59:59+02:00,6541,8391,16107,21639,15185,22042,16029,27964,20796,28216,28860,35314,31913,43701,7285,14965,2814,2794,5747,7405,5317,8871,5850,11949,6432,10149,4562,5789,16121,22242,5817,12163,202293,118273,35405,15595,107245,149,5
2021-04-18T23:59:59+02:00,6327,8226,15655,21298,14549,21476,14976,27135,19436,27006,27611,33793,31618,43325,7240,14884,2753,2741,5614,7280,5211,8759,5749,11800,6332,10037,4404,5567,15552,21592,5730,12025,193791,116663,34577,14332,106182,146,5
2021-04-17T23:59:59+02:00,6282,8189,15499,21221,14381,21392,14715,26943,19160,26735,27147,33291,31510,43200,7234,14872,2720,2690,5514,7127,5098,8601,5651,11606,6243,9925,4341,5480,15331,21325,5723,12016,192583,114927,34573,14328,104610,131,5
2021-04-16T23:59:59+02:00,6202,8128,15318,21053,14170,21246,14410,26669,18653,26199,26223,32197,31391,43006,7213,14854,2666,2627,5394,6949,4977,8423,5487,11366,6057,9714,4103,5215,14726,20563,5648,11913,189231,111766,34290,13937,103406,120,5
2021-04-15T23:59:59+02:00,6118,8035,15099,20835,13899,20959,13949,26289,17883,25416,25020,30753,31165,42709,7187,14785,2586,2524,5194,6697,4774,8120,5281,11048,5845,9439,3887,4932,13919,19505,5557,11789,184683,107992,33482,12995,101931,105,5
2021-04-14T23:59:59+02:00,6022,7952,14891,20628,13643,20720,13539,25942,17054,24629,23614,29133,30884,42345,7142,14701,2371,2387,4986,6440,4590,7874,5055,10796,5625,9174,3742,4689,13197,18623,5464,11620,180078,104971,32601,11559,100155,98,5
2021-04-13T23:59:59+02:00,5955,7888,14696,20489,13421,20538,13163,25625,16319,23929,22094,27488,30616,41959,7115,14602,2270,2319,4820,6246,4414,7669,4849,10544,5441,8957,3604,4510,12664,18017,5373,11489,175881,102647,31729,10446,98282,88,5
2021-04-12T23:59:59+02:00,5876,7799,14470,20291,13124,20284,12760,25189,15603,23204,20658,25727,30361,41647,7081,14534,2124,2206,4645,6091,4266,7485,4691,10360,5304,8803,3477,4350,12233,17497,5286,11362,171552,100976,30677,9112,96374,87,5
2021-04-11T23:59:59+02:00,5784,7711,14252,20095,12836,20068,12323,24823,14918,22546,19302,24127,30137,41349,7045,14462,2080,2168,4530,5978,4153,7362,4568,10238,5179,8688,3350,4206,11747,16890,5178,11193,167325,99249,29726,8169,94722,85,5
2021-04-10T23:59:59+02:00,5780,7703,14237,20085,12828,20058,12306,24809,14835,22454,18632,23213,29892,40992,7027,14439,2074,2156,4521,5968,4141,7351,4555,10222,5118,8610,3245,4093,11189,16058,5066,11014,166262,97126,29700,8169,93323,81,5
2021-04-09T23:59:59+02:00,5766,7689,14210,20036,12792,20010,12261,24761,14457,22013,17187,21420,29540,40451,6999,14404,2049,2147,4503,5950,4115,7327,4512,10189,5082,8559,3130,3956,10325,15066,4956,10855,163687,94713,29362,7925,90943,79,4
2021-04-08T23:59:59+02:00,5718,7660,14115,19961,12717,19933,12155,24652,14003,21448,15470,19310,29003,39555,6948,14296,2025,2131,4477,5895,4063,7247,4447,10112,5014,8488,3022,3836,9821,14453,4789,10648,159871,92886,28341,7501,88729,78,3
2021-04-07T23:59:59+02:00,5683,7625,14012,19885,12633,19854,12066,24542,13528,20974,14028,17503,28439,38723,6901,14205,2003,2118,4426,5826,3980,7171,4358,10023,4929,8401,2922,3731,9053,13308,4596,10326,155545,90378,27465,6723,87588,67,3
2021-04-06T23:59:59+02:00,5647,7594,13916,19813,12553,19798,11985,24477,13041,20482,12429,15499,27859,37905,6884,14139,1931,2054,4297,5706,3881,7046,4238,9881,4826,8280,2809,3607,8311,12329,4379,10037,151547,88018,26585,5525,85886,66,3
2021-04-05T23:59:59+02:00,5607,7561,13845,19746,12482,19730,11930,24392,12641,20101,10828,13541,27246,36987,6847,14078,1854,1974,4132,5552,3718,6893,4084,9744,4687,8156,2663,3474,7472,11323,4183,9746,148361,85677,25525,3911,83673,64,3
2021-04-04T23:59:59+02:00,5593,7542,13834,19725,12477,19714,11922,24378,12502,19982,9791,12242,26850,36425,6826,14033,1852,1969,4126,5550,3716,6889,4080,9738,4686,8152,2657,3461,7219,10830,4118,9657,146628,84729,25523,3911,81682,57,3
2021-04-03T23:59:59+02:00,5589,7532,13819,19708,12469,19706,11913,24368,12482,19933,8765,11031,26096,35352,6785,13939,1849,1966,4124,5545,3714,6885,4072,9726,4671,8142,2651,3450,7064,10552,4100,9599,144171,84141,25518,3911,79796,56,2
2021-04-02T23:59:59+02:00,5583,7512,13780,19683,12434,19664,11870,24321,12389,19850,8084,10053,24666,33443,6673,13730,1838,1951,4098,5524,3693,6843,4032,9647,4544,7863,2518,3312,6681,10130,3982,9439,139724,82347,25181,3690,78828,56,2
2021-04-01T23:59:59+02:00,5520,7430,13688,19547,12321,19520,11722,24160,11767,19374,7358,9139,23334,31693,6577,13540,1765,1880,3995,5425,3631,6777,3962,9579,4473,7760,2417,3161,6153,9400,3852,9233,135530,80125,24055,3287,77103,49,2
2021-03-31T23:59:59+02:00,5464,7368,13564,19396,12191,19374,11544,23960,11486,19123,6846,8504,22045,29980,6455,13355,1751,1868,3974,5402,3598,6749,3927,9529,4437,7710,2345,3075,5640,8711,3723,9066,131615,78382,22971,3072,76067,49,2
2021-03-30T23:59:59+02:00,5397,7292,13431,19239,12081,19207,11412,23797,11321,18986,6455,8079,20833,28435,6347,13187,1732,1831,3933,5367,3530,6680,3839,9410,4310,7540,2202,2859,5198,8148,3617,8853,128263,76182,22048,2832,75188,35,0
2021-03-29T23:59:59+02:00,5345,7243,13324,19151,12020,19123,11318,23695,11179,18841,6115,7636,19587,26975,6252,13035,1669,1786,3884,5326,3447,6606,3728,9261,4155,7347,2092,2726,4601,7433,3507,8636,124703,73551,21186,2620,74950,33,0
2021-03-28T23:59:59+02:00,5284,7169,13209,19010,11940,19042,11226,23591,11077,18739,5777,7251,18584,25638,6158,12877,1632,1733,3775,5220,3245,6366,3665,9169,4104,7295,2028,2660,3800,6345,3387,8458,121731,70536,20403,2324,74438,22,0
2021-03-27T23:59:59+01:00,5247,7106,13101,18845,11819,18876,11117,23381,10972,18609,5704,7146,18322,25320,6150,12867,1626,1730,3771,5215,3242,6360,3345,8767,3943,7052,2023,2656,3781,6308,3358,8402,119899,69244,20368,2324,74315,11,0
2021-03-26T23:59:59+01:00,5199,7041,12990,18664,11703,18685,10953,23151,10819,18414,5510,6886,17742,24552,6075,12759,1625,1728,3765,5209,3221,6343,3323,8746,3713,6562,1874,2317,3485,5982,3241,8217,116844,67023,20030,2318,74269,10,0
2021-03-25T23:59:59+01:00,5120,6940,12786,18410,11505,18364,10736,22819,10581,18097,5256,6560,16753,23274,5974,12614,1614,1717,3743,5179,3190,6318,3274,8709,3661,6521,1794,2175,3029,5281,3123,7977,112884,65079,18962,2218,73943,8,0
2021-03-24T23:59:59+01:00,5021,6802,12576,17972,11301,17977,10511,22429,10369,17771,4937,6152,15749,22119,5870,12432,1588,1704,3719,5131,3155,6253,3217,8640,3612,6451,1737,2118,2697,4901,3000,7751,109817,63690,17876,1976,72295,8,0
2021-03-23T23:59:59+01:00,4950,6704,12410,17642,11117,17632,10320,22070,10172,17510,4801,5919,15083,21334,5766,12289,1572,1698,3705,5113,3134,6236,3197,8591,3578,6407,1703,2064,2448,4606,2817,7464,107517,62390,17148,1935,71054,8,0
2021-03-22T23:59:59+01:00,4889,6602,12212,17303,10939,17311,10114,21737,9962,17241,4643,5692,14460,20622,5664,12140,1556,1689,3680,5077,3104,6198,3164,8541,3544,6360,1660,2010,2235,4326,2641,7168,105696,61149,16437,1796,69398,8,0
2021-03-21T23:59:59+01:00,4797,6447,11926,16889,10666,16914,9861,21295,9715,16918,4512,5505,13774,19832,5545,11963,1547,1688,3663,5060,3083,6165,3143,8510,3525,6336,1642,1990,2059,4140,2491,6931,103827,60175,15141,1790,67591,8,0
2021-03-20T23:59:59+01:00,4758,6356,11784,16539,10536,16619,9721,20977,9539,16651,4387,5348,13143,18883,5428,11768,1546,1687,3663,5059,3080,6164,3140,8506,3520,6332,1636,1985,2027,4076,2472,6893,101647,59988,15137,1790,65653,8,0
2021-03-19T23:59:59+01:00,4702,6251,11610,16180,10366,16260,9541,20588,9332,16319,4200,5130,12129,17677,5305,11599,1538,1681,3646,5026,3049,6091,3101,8413,3417,6161,1523,1892,1956,4017,2362,6689,98963,58770,14729,1786,63497,6,0
2021-03-18T23:59:59+01:00,4605,6114,11340,15742,10103,15834,9274,20119,9120,15998,4057,4963,11477,16799,5118,11365,1532,1665,3631,4993,3027,6047,3082,8356,3391,6121,1504,1859,1917,3943,2236,6486,97165,58088,13722,1696,61141,6,0
2021-03-17T23:59:59+01:00,4407,5978,11047,15309,9849,15486,9032,19741,8881,15678,3929,4778,10636,15503,4901,11026,1529,1662,3618,4973,3023,6029,3071,8319,3374,6099,1502,1839,1893,3912,2125,6302,94521,57582,12182,1682,59478,6,0
2021-03-16T23:59:59+01:00,4247,5826,10690,14840,9599,15118,8739,19302,8603,15333,3787,4620,9796,14336,4670,10736,1514,1659,3614,4967,3014,6022,3065,8311,3364,6084,1481,1816,1856,3863,2007,6126,92204,57153,10989,1604,57049,6,0
2021-03-15T23:59:59+01:00,4080,5673,10374,14365,9310,14651,8436,18826,8340,14946,3637,4443,9059,13237,4498,10483,1503,1651,3596,4953,3003,5999,3046,8273,3344,6041,1465,1804,1840,3830,1894,5941,90253,56575,9624,1603,54481,5,0
2021-03-14T23:59:59+01:00,4000,5557,10092,13913,9053,14257,8121,18340,8079,14577,3459,4237,8219,11955,4250,10111,1489,1644,3571,4934,2981,5950,3026,8195,3319,5978,1431,1753,1782,3694,1731,5560,87936,56050,8611,983,51673,5,0
2021-03-13T23:59:59+01:00,3920,5345,9844,13388,8881,13839,7940,17926,7937,14286,3381,4169,8023,11648,4218,10044,1489,1644,3571,4934,2980,5950,3026,8195,3318,5976,1427,1752,1780,3690,1730,5559,87285,56033,8611,983,48893,5,0
2021-03-12T23:59:59+01:00,3835,5167,9596,12855,8654,13294,7693,17256,7583,13593,3224,4017,7638,11225,4111,9896,1487,1640,3568,4921,2976,5945,3019,8189,3314,5970,1401,1719,1759,3672,1632,5383,85529,55607,8363,983,45745,5,0
2021-03-11T23:59:59+01:00,3661,4801,9232,12133,8355,12622,7340,16466,7271,13008,3068,3816,7049,10455,3968,9661,1463,1623,3540,4879,2930,5856,2983,8071,3264,5881,1359,1664,1679,3458,1436,4876,83100,54861,7916,97,41890,4,0
2021-03-10T23:59:59+01:00,3579,4647,8662,11629,7735,12146,7030,15921,6978,12483,2911,3673,6462,9707,3842,9459,1448,1606,3511,4818,2898,5774,2945,7922,3208,5780,1322,1621,1624,3357,1318,4600,81296,53675,7361,74,38207,3,0
2021-03-09T23:59:59+01:00,3443,4431,7907,11179,6892,11654,6631,15302,6627,11912,2690,3384,5934,9055,3721,9230,1442,1601,3486,4768,2872,5710,2929,7872,3191,5736,1306,1598,1592,3316,1208,4401,79013,52986,6009,40,34970,2,0
2021-03-08T23:59:59+01:00,3241,4145,7181,10654,6157,11174,6235,14753,6251,11391,2497,3190,5310,8289,3621,9030,1434,1589,3464,4700,2844,5641,2892,7781,3163,5666,1303,1589,1588,3308,1204,4399,76204,52524,4915,40,32000,1,0
2021-03-07T23:59:59+01:00,3107,3976,6832,10151,5736,10619,5957,14310,6029,11043,2407,3112,4481,7152,3478,8835,1431,1586,3460,4695,2839,5629,2888,7762,3154,5655,1299,1571,1568,3270,1187,4359,72967,52314,4085,39,30173,0,0
2021-03-06T23:59:59+01:00,3056,3790,6638,9712,5541,10187,5446,13391,5707,10416,2393,3096,4476,7140,3475,8834,1430,1584,3458,4692,2837,5628,2887,7761,3153,5652,1297,1568,1568,3268,1186,4359,71745,52289,4085,39,27468,0,0
2021-03-05T23:59:59+01:00,2949,3474,6415,9166,5340,9779,5271,12814,5308,9434,2193,2702,4079,6724,3366,8664,1417,1577,3441,4678,2832,5615,2879,7743,3142,5634,1284,1565,1568,3263,1181,4355,69426,52135,3854,39,24398,0,0
2021-03-04T23:59:59+01:00,2854,3220,6196,8748,5187,9434,5094,12383,5133,9098,2080,2502,3511,5873,3242,8398,1405,1555,3401,4583,2800,5551,2848,7643,3115,5573,1270,1558,1558,3252,1176,4344,67378,51593,3413,39,22162,0,0
2021-03-03T23:59:59+01:00,2791,3141,6016,8338,5008,9054,4883,11929,4952,8681,1996,2399,3089,5395,3113,8151,1382,1545,3365,4532,2762,5488,2807,7539,3073,5510,1257,1537,1539,3221,1170,4327,65944,51016,3172,38,19820,0,0
2021-03-02T23:59:59+01:00,2729,3033,5846,8003,4851,8785,4723,11525,4814,8389,1918,2312,2779,5023,2921,7864,1376,1534,3346,4515,2746,5460,2794,7492,3065,5481,1253,1529,1520,3202,1168,4323,64613,50766,2916,38,17986,0,0
2021-03-01T23:59:59+01:00,2693,2985,5740,7779,4762,8661,4637,11368,4716,8225,1867,2231,2471,4681,2753,7584,1368,1531,3333,4496,2737,5427,2775,7441,3054,5464,1247,1525,1513,3194,1166,4319,63365,50552,2695,38,17093,0,0
2021-02-28T23:59:59+01:00,2626,2926,5559,7521,4591,8438,4506,11186,4618,8109,1816,2173,2176,4359,2575,7311,1356,1524,3321,4486,2729,5420,2768,7424,3047,5454,1243,1522,1507,3178,1165,4288,62282,50394,2394,38,15814,0,0
2021-02-27T23:59:59+01:00,2511,2547,5401,7138,4490,8131,4429,10835,4551,7877,1789,2120,2149,4316,2557,7259,1353,1521,3319,4486,2724,5418,2764,7420,3043,5452,1242,1521,1506,3178,1165,4288,62052,50365,2394,35,13654,0,0
2021-02-26T23:59:59+01:00,2445,2440,5258,6905,4345,7878,4279,10567,4346,7602,1667,2032,2091,4280,2452,7082,1332,1507,3301,4452,2714,5378,2752,7369,3020,5403,1236,1511,1502,3171,1164,4286,60740,50064,2388,34,12541,0,0
2021-02-25T23:59:59+01:00,2314,2309,4897,6493,3935,7410,4006,10067,4130,7258,1618,1987,2059,4221,2337,6891,1313,1487,3269,4412,2676,5318,2715,7259,2983,5321,1225,1495,1488,3131,1152,4231,60260,49443,2282,32,9390,0,0
2021-02-24T23:59:59+01:00,2274,2237,4775,6269,3841,7192,3878,9829,4015,7116,1598,1962,2029,4177,2223,6695,1299,1476,3239,4347,2642,5251,2690,7181,2953,5254,1209,1477,1465,3082,1141,4166,59715,48850,2038,22,8357,0,0
2021-02-23T23:59:59+01:00,2016,2042,4412,5800,3570,6790,3657,9454,3868,6867,1582,1933,1984,4133,2110,6513,1279,1464,3197,4312,2617,5191,2666,7107,2915,5205,1192,1456,1440,3045,1131,4117,59266,48326,1992,8,5473,0,0
2021-02-22T23:59:59+01:00,2005,2019,4356,5741,3534,6725,3591,9357,3813,6779,1550,1911,1961,4080,1994,6320,1274,1446,3177,4271,2596,5151,2640,7046,2886,5158,1184,1445,1428,3035,1125,4108,58729,47967,1849,3,5158,0,0
2021-02-21T23:59:59+01:00,1994,2012,4322,5707,3491,6691,3552,9292,3773,6737,1540,1905,1955,4071,1877,6155,1266,1430,3155,4234,2568,5100,2626,6979,2856,5076,1171,1429,1405,2973,1102,4036,58382,47403,1845,3,4847,0,0
2021-02-20T23:59:59+01:00,1993,2010,4317,5705,3489,6691,3552,9291,3772,6736,1535,1904,1953,4067,1876,6155,1266,1430,3154,4232,2568,5100,2625,6978,2856,5076,1171,1428,1404,2973,1102,4036,58368,47396,1845,3,4833,0,0
2021-02-19T23:59:59+01:00,1972,2001,4307,5689,3481,6676,3541,9281,3761,6722,1510,1872,1931,4047,1777,5975,1264,1429,3154,4231,2567,5099,2625,6976,2854,5074,1171,1428,1404,2972,1102,4036,57946,47383,1840,3,4757,0,0
2021-02-18T23:59:59+01:00,1927,1957,4204,5582,3418,6572,3445,9104,3684,6600,1494,1838,1896,3973,1647,5779,1213,1367,3006,4004,2447,4812,2513,6644,2754,4857,1141,1380,1372,2887,1078,3895,57293,45367,1750,3,4077,0,0
2021-02-17T23:59:59+01:00,1900,1914,4101,5426,3334,6419,3327,8851,3562,6435,1439,1766,1826,3870,1531,5475,1145,1295,2852,3782,2334,4497,2382,6206,2638,4604,1092,1316,1319,2775,1040,3738,56037,43012,1739,3,3400,0,0
2021-02-16T23:59:59+01:00,1801,1823,3947,5233,3205,6231,3213,8632,3445,6276,1417,1742,1798,3835,1414,5269,1049,1253,2724,3619,2235,4279,2243,5893,2517,4375,1045,1215,1160,2464,795,3143,55302,40008,1722,1,2257,0,0
2021-02-15T23:59:59+01:00,1785,1797,3897,5146,3148,6143,3150,8518,3387,6178,1407,1729,1784,3813,1406,5247,1009,1218,2642,3484,2161,4100,2158,5613,2431,4181,1002,1148,1075,2275,732,2948,54837,38176,1720,1,1978,0,0
2021-02-14T23:59:59+01:00,1710,1762,3816,5069,3107,6027,3095,8358,3344,6083,1387,1698,1731,3673,1349,5008,996,1208,2597,3417,2121,4031,2098,5488,2372,4084,967,1110,996,2091,665,2722,54591,36962,1098,1,1528,0,0
2021-02-13T23:59:59+01:00,1707,1760,3808,5066,3101,6025,3092,8357,3341,6081,1386,1695,1731,3671,1347,5008,996,1208,2597,3417,2121,4031,2097,5488,2370,4084,967,1110,996,2091,665,2722,54573,36960,1097,0,1506,0,0
2021-02-12T23:59:59+01:00,1669,1735,3770,5037,3081,6006,3068,8320,3324,6043,1370,1688,1722,3653,1339,4989,987,1196,2563,3366,2088,3982,2069,5439,2353,4054,966,1110,995,2091,664,2720,54347,36643,1096,0,1371,0,0
2021-02-11T23:59:59+01:00,1614,1671,3664,4873,2982,5826,2968,8015,3232,5854,1315,1628,1658,3467,1256,4672,938,1097,2291,2922,1878,3472,1827,4704,2103,3584,888,1039,902,1883,615,2458,53738,32601,121,0,836,0,0
2021-02-10T23:59:59+01:00,1594,1644,3602,4755,2914,5727,2921,7850,3186,5744,1301,1612,1634,3425,1242,4636,844,1010,2004,2508,1667,3015,1583,4082,1857,3176,791,883,735,1504,489,1982,53087,28130,119,0,581,0,0
2021-02-09T23:59:59+01:00,1576,1618,3551,4689,2885,5655,2898,7751,3149,5680,1299,1603,1604,3404,1234,4622,781,902,1737,2160,1474,2611,1414,3577,1693,2862,762,850,712,1424,470,1880,52774,25309,115,0,329,0,0
2021-02-08T23:59:59+01:00,1556,1615,3527,4658,2866,5613,2873,7699,3134,5654,1289,1595,1596,3376,1232,4608,762,852,1584,1918,1327,2360,1283,3262,1537,2633,733,826,662,1309,441,1722,52474,23211,90,0,327,0,0
2021-02-07T23:59:59+01:00,1406,1566,3436,4601,2814,5572,2846,7657,3110,5620,1282,1579,1587,3355,1228,4577,590,664,1322,1575,1098,1896,1073,2660,1318,2177,629,706,587,1144,399,1515,52173,19353,63,0,0,0,0
2021-02-06T23:59:59+01:00,1402,1563,3434,4599,2808,5569,2841,7652,3106,5617,1280,1576,1585,3353,1228,4577,443,473,1131,1350,966,1566,922,2236,1154,1789,551,623,568,1130,396,1512,52127,16810,63,0,0,0,0
2021-02-05T23:59:59+01:00,1391,1551,3419,4578,2799,5542,2831,7608,3085,5573,1276,1568,1582,3346,1227,4577,325,272,946,1041,815,1190,758,1782,966,1406,451,532,545,1114,394,1508,51890,14045,63,0,0,0,0
2021-02-04T23:59:59+01:00,1372,1529,3369,4526,2759,5458,2790,7479,3038,5495,1263,1555,1568,3312,1220,4552,167,116,640,674,523,750,511,1142,633,873,288,362,446,968,359,1364,51245,9816,40,0,0,0,0
2021-02-03T23:59:59+01:00,1349,1519,3328,4474,2726,5406,2767,7413,3003,5433,1253,1533,1533,3243,1204,4447,146,95,507,521,399,610,422,900,485,672,238,289,357,784,288,1108,50591,7821,40,0,0,0,0
2021-02-02T23:59:59+01:00,1327,1505,3284,4435,2694,5345,2740,7335,2969,5371,1231,1502,1497,3181,1177,4353,130,79,423,427,334,528,380,819,430,608,221,267,311,714,266,994,49907,6931,39,0,0,0,0
2021-02-01T23:59:59+01:00,1310,1488,3259,4383,2664,5271,2706,7202,2940,5283,1215,1480,1470,3143,1163,4292,102,56,316,321,246,400,283,610,307,455,183,217,243,569,205,769,49230,5282,39,0,0,0,0
2021-01-31T23:59:59+01:00,1303,1474,3243,4353,2641,5227,2692,7148,2926,5244,1204,1463,1447,3076,1142,4216,91,53,286,297,225,353,260,567,278,422,162,196,200,463,168,624,48760,4645,39,0,0,0,0
2021-01-30T23:59:59+01:00,1303,1474,3240,4349,2640,5227,2691,7146,2926,5244,1204,1462,1446,3076,1142,4216,91,50,276,283,215,337,255,558,274,414,161,195,199,463,168,624,48750,4563,36,0,0,0,0
2021-01-29T23:59:59+01:00,1301,1473,3240,4345,2640,5226,2690,7144,2924,5242,1203,1462,1446,3075,1142,4216,85,46,255,269,193,313,243,545,262,406,158,193,195,457,167,622,48734,4409,35,0,0,0,0
2021-01-28T23:59:59+01:00,1278,1443,3166,4234,2588,5107,2627,6988,2866,5131,1189,1436,1432,3008,1122,4102,71,24,157,163,129,191,166,362,194,254,128,144,149,285,98,362,47684,2877,33,0,0,0,0
2021-01-27T23:59:59+01:00,1224,1386,3078,4095,2511,4921,2534,6700,2787,4959,1155,1390,1394,2914,1094,3968,36,9,91,77,62,91,80,209,111,138,99,113,110,212,74,256,46087,1768,23,0,0,0,0
2021-01-26T23:59:59+01:00,1138,1348,2959,3949,2438,4742,2449,6512,2715,4828,1135,1333,1298,2761,882,3572,35,9,88,76,61,90,78,209,109,137,97,112,110,212,74,256,44047,1753,12,0,0,0,0
2021-01-25T23:59:59+01:00,1119,1318,2879,3817,2392,4590,2385,6316,2655,4695,1123,1314,1283,2727,872,3545,35,9,87,76,59,90,78,208,109,136,97,112,110,212,74,256,43023,1748,7,0,0,0,0
2021-01-24T23:59:59+01:00,1107,1313,2862,3800,2382,4560,2355,6265,2624,4649,1114,1306,1272,2704,861,3511,35,9,87,76,59,90,78,208,109,136,97,112,110,212,74,256,42680,1748,5,0,0,0,0
2021-01-23T23:59:59+01:00,1107,1313,2862,3800,2382,4560,2355,6265,2622,4649,1114,1306,1272,2704,861,3511,35,9,87,76,59,90,78,208,109,136,97,112,110,212,74,256,42678,1748,5,0,0,0,0
2021-01-22T23:59:59+01:00,1099,1303,2827,3754,2350,4489,2324,6196,2603,4606,1113,1305,1271,2703,860,3508,35,9,87,76,59,90,78,208,109,136,97,112,110,212,74,256,42306,1748,5,0,0,0,0
2021-01-21T23:59:59+01:00,1067,1199,2562,3343,2160,4055,2138,5588,2392,4162,1066,1263,1225,2570,832,3363,30,8,77,68,55,73,65,171,89,125,89,95,91,156,63,199,38980,1454,5,0,0,0,0
2021-01-20T23:59:59+01:00,970,1111,2256,2925,1948,3579,1900,4967,2148,3737,968,1112,1060,2217,723,2911,30,8,77,68,55,72,65,171,89,125,89,95,91,156,63,199,34527,1453,5,0,0,0,0
2021-01-19T23:59:59+01:00,891,992,1964,2493,1704,3086,1671,4303,1921,3327,899,1011,929,1933,631,2576,13,4,49,47,33,40,33,100,39,75,38,35,47,84,37,130,30327,804,4,0,0,0,0
2021-01-18T23:59:59+01:00,813,905,1721,2087,1468,2602,1412,3607,1687,2874,821,929,825,1705,585,2326,7,2,17,12,14,19,17,53,15,34,22,23,24,56,28,75,26364,418,3,0,0,0,0
2021-01-17T23:59:59+01:00,602,699,1406,1694,1192,2043,1156,2853,1416,2315,677,782,690,1416,481,1970,1,0,2,2,0,0,0,0,0,0,0,0,0,0,0,0,21389,5,3,0,0,0,0
2021-01-16T23:59:59+01:00,457,506,1231,1475,1076,1731,1008,2442,1262,1938,600,702,670,1403,479,1969,0,0,0,0,0,0,0,0,0,0,0,0,0,0,0,0,18947,0,2,0,0,0,0
2021-01-15T23:59:59+01:00,334,303,1049,1180,924,1383,846,1984,1073,1563,499,607,636,1371,469,1931,0,0,0,0,0,0,0,0,0,0,0,0,0,0,0,0,16150,0,2,0,0,0,0
2021-01-14T23:59:59+01:00,188,136,731,801,628,883,607,1302,717,1002,329,429,527,1183,422,1718,0,0,0,0,0,0,0,0,0,0,0,0,0,0,0,0,11603,0,0,0,0,0,0
2021-01-13T23:59:59+01:00,162,110,611,626,502,701,495,1029,563,778,275,350,442,1007,366,1454,0,0,0,0,0,0,0,0,0,0,0,0,0,0,0,0,9471,0,0,0,0,0,0
2021-01-12T23:59:59+01:00,146,91,533,537,430,606,439,916,493,694,247,309,367,832,311,1183,0,0,0,0,0,0,0,0,0,0,0,0,0,0,0,0,8134,0,0,0,0,0,0
2021-01-11T23:59:59+01:00,116,71,429,438,352,495,351,729,390,535,215,256,304,698,253,988,0,0,0,0,0,0,0,0,0,0,0,0,0,0,0,0,6620,0,0,0,0,0,0
2021-01-10T23:59:59+01:00,100,58,355,362,290,410,297,636,324,474,187,224,241,555,201,769,0,0,0,0,0,0,0,0,0,0,0,0,0,0,0,0,5483,0,0,0,0,0,0
2021-01-09T23:59:59+01:00,100,56,337,343,267,386,290,622,316,467,186,223,240,553,201,769,0,0,0,0,0,0,0,0,0,0,0,0,0,0,0,0,5356,0,0,0,0,0,0
2021-01-08T23:59:59+01:00,94,50,297,308,226,344,265,591,289,439,170,204,219,487,183,686,0,0,0,0,0,0,0,0,0,0,0,0,0,0,0,0,4852,0,0,0,0,0,0
2021-01-07T23:59:59+01:00,76,31,203,207,162,247,202,426,224,309,141,160,164,317,115,427,0,0,0,0,0,0,0,0,0,0,0,0,0,0,0,0,3411,0,0,0,0,0,0
2021-01-06T23:59:59+01:00,64,19,149,124,115,161,149,303,166,215,109,129,125,245,79,298,0,0,0,0,0,0,0,0,0,0,0,0,0,0,0,0,2450,0,0,0,0,0,0
2021-01-05T23:59:59+01:00,40,9,89,77,62,95,84,212,110,139,104,119,117,227,78,275,0,0,0,0,0,0,0,0,0,0,0,0,0,0,0,0,1837,0,0,0,0,0,0
2021-01-04T23:59:59+01:00,38,9,89,77,59,93,84,211,110,138,104,118,117,227,78,275,0,0,0,0,0,0,0,0,0,0,0,0,0,0,0,0,1827,0,0,0,0,0,0
2021-01-03T23:59:59+01:00,38,9,89,77,59,93,84,211,110,138,104,118,117,227,78,275,0,0,0,0,0,0,0,0,0,0,0,0,0,0,0,0,1827,0,0,0,0,0,0
2021-01-02T23:59:59+01:00,38,9,89,77,59,93,84,211,110,138,104,118,117,227,78,275,0,0,0,0,0,0,0,0,0,0,0,0,0,0,0,0,1827,0,0,0,0,0,0
2021-01-01T23:59:59+01:00,38,9,89,77,59,93,84,211,110,137,103,117,117,227,78,275,0,0,0,0,0,0,0,0,0,0,0,0,0,0,0,0,1824,0,0,0,0,0,0
2020-12-31T23:59:59+01:00,38,9,89,77,59,93,84,211,110,137,103,117,117,227,78,275,0,0,0,0,0,0,0,0,0,0,0,0,0,0,0,0,1824,0,0,0,0,0,0
2020-12-30T23:59:59+01:00,38,9,89,77,58,93,84,211,110,137,103,117,117,227,78,275,0,0,0,0,0,0,0,0,0,0,0,0,0,0,0,0,1823,0,0,0,0,0,0
2020-12-29T23:59:59+01:00,19,5,62,57,35,59,49,137,61,87,47,50,69,138,48,186,0,0,0,0,0,0,0,0,0,0,0,0,0,0,0,0,1109,0,0,0,0,0,0
2020-12-28T23:59:59+01:00,7,4,36,26,20,29,20,68,22,41,23,22,25,51,28,74,0,0,0,0,0,0,0,0,0,0,0,0,0,0,0,0,496,0,0,0,0,0,0
2020-12-27T23:59:59+01:00,1,0,7,5,6,2,1,5,0,2,0,1,2,3,4,5,0,0,0,0,0,0,0,0,0,0,0,0,0,0,0,0,44,0,0,0,0,0,0
