Datum,<15_1_m,<15_1_w,15-24_1_m,15-24_1_w,25-34_1_m,25-34_1_w,35-44_1_m,35-44_1_w,45-54_1_m,45-54_1_w,55-64_1_m,55-64_1_w,65-74_1_m,65-74_1_w,75-84_1_m,75-84_1_w,>84_1_m,>84_1_w,<15_2_m,<15_2_w,15-24_2_m,15-24_2_w,25-34_2_m,25-34_2_w,35-44_2_m,35-44_2_w,45-54_2_m,45-54_2_w,55-64_2_m,55-64_2_w,65-74_2_m,65-74_2_w,75-84_2_m,75-84_2_w,>84_2_m,>84_2_w,bp_1,bp_2,mo_1,mo_2,az_1,az_2,ja,unb_1,unb_2
2021-11-29T23:59:59+01:00,21232,19914,80708,79246,122556,118387,109822,108421,103509,108358,99628,101198,58775,72807,45197,62973,11219,22890,12021,11454,70306,69909,111869,107594,101089,99373,96618,101259,94843,96195,56513,70092,43955,60946,10722,21686,944750,853065,140510,134597,159137,146197,102179,355,406
2021-11-28T23:59:59+01:00,20686,19441,80595,79134,122427,118213,109727,108297,103410,108252,99557,101118,58726,72749,45177,62941,11215,22879,11979,11392,70095,69743,111596,107386,100905,99223,96492,101126,94744,96105,56482,70039,43941,60919,10717,21676,942542,851299,140439,134516,159137,146179,102162,355,404
2021-11-27T23:59:59+01:00,20025,18833,80532,79090,122346,118148,109676,108235,103368,108207,99525,101090,58713,72733,45173,62936,11213,22879,11940,11352,69960,69618,111414,107257,100763,99110,96373,101054,94686,96058,56470,70025,43932,60912,10715,21676,940758,850109,140415,134477,159137,146178,102147,355,404
2021-11-26T23:59:59+01:00,19278,18095,80416,78953,122214,117986,109568,108112,103267,108107,99470,101018,58688,72690,45166,62918,11213,22870,11833,11277,69794,69494,111195,107092,100576,98952,96195,100932,94592,95989,56455,69993,43920,60892,10712,21675,938120,848459,140384,134408,159134,146171,102126,355,404
2021-11-25T23:59:59+01:00,18405,17298,80212,78724,121965,117677,109349,107820,103052,107900,99321,100826,58560,72574,45125,62849,11201,22847,11727,11180,69612,69309,110967,106857,100355,98762,96022,100762,94462,95870,56416,69952,43906,60865,10708,21656,934007,846419,140232,134326,159131,146170,102069,355,404
2021-11-24T23:59:59+01:00,17819,16743,80069,78577,121823,117487,109209,107653,102914,107758,99216,100724,58508,72467,45107,62770,11195,22824,11663,11128,69471,69202,110806,106688,100222,98641,95932,100638,94371,95780,56388,69908,43891,60837,10705,21641,931271,845023,140153,134272,159128,146167,102046,354,404
2021-11-23T23:59:59+01:00,17090,16144,79897,78430,121661,117285,109033,107484,102789,107620,99109,100594,58437,72379,45081,62714,11185,22796,11614,11074,69321,69094,110613,106546,100081,98503,95790,100515,94281,95698,56363,69864,43871,60802,10700,21628,928246,843582,140077,134195,159128,146166,102012,354,403
2021-11-22T23:59:59+01:00,16508,15631,79720,78276,121491,117091,108874,107310,102664,107483,98994,100490,58371,72296,45061,62664,11176,22776,11567,11024,69182,68999,110434,106398,99935,98393,95699,100427,94196,95635,56338,69820,43851,60772,10699,21616,925487,842293,140019,134147,159126,146163,101980,353,402
2021-11-21T23:59:59+01:00,16015,15168,79518,78077,121257,116852,108677,107133,102526,107350,98898,100381,58321,72215,45046,62627,11169,22760,11526,10998,69004,68880,110221,106253,99761,98240,95592,100332,94099,95569,56299,69773,43840,60751,10697,21609,922730,840868,139947,134079,159116,146162,101933,353,402
2021-11-20T23:59:59+01:00,15792,14964,79367,77957,121110,116699,108522,107017,102426,107260,98841,100308,58304,72191,45037,62613,11167,22755,11499,10969,68881,68786,110044,106147,99607,98150,95465,100246,94044,95531,56289,69754,43834,60743,10697,21609,921152,839818,139910,134025,159113,146159,101891,353,402
2021-11-19T23:59:59+01:00,15483,14640,79102,77698,120834,116417,108265,106800,102266,107072,98726,100186,58279,72142,45022,62596,11163,22749,11433,10914,68720,68655,109840,105963,99407,97982,95320,100135,93959,95475,56276,69725,43825,60731,10695,21608,918366,838294,139851,133961,159112,146159,101847,353,402
2021-11-18T23:59:59+01:00,15090,14262,78730,77369,120502,116022,107972,106458,102049,106827,98590,100024,58198,72069,45006,62545,11155,22726,11312,10806,68491,68436,109604,105734,99175,97767,95151,99982,93846,95366,56241,69677,43808,60699,10691,21596,914700,836147,139726,133879,159106,146157,101797,353,402
2021-11-17T23:59:59+01:00,14862,14023,78420,77097,120186,115635,107716,106167,101854,106609,98479,99868,58136,71986,44984,62504,11149,22701,11261,10759,68316,68272,109420,105549,99038,97639,95037,99856,93764,95287,56203,69628,43795,60676,10688,21587,911679,834667,139588,133808,159101,146156,101742,353,402
2021-11-16T23:59:59+01:00,14625,13809,78016,76759,119743,115263,107388,105835,101624,106373,98329,99721,58069,71905,44962,62457,11139,22688,11190,10684,68142,68099,109213,105353,98879,97501,94938,99743,93669,95218,56177,69587,43772,60652,10684,21575,908160,833118,139517,133737,159096,146155,101665,353,401
2021-11-15T23:59:59+01:00,14374,13587,77554,76346,119270,114782,106989,105492,101368,106138,98172,99567,58000,71840,44934,62413,11132,22672,11132,10652,67991,67957,109025,105189,98735,97369,94835,99644,93588,95152,56146,69541,43745,60625,10679,21556,904288,831786,139406,133648,159092,146150,101577,353,400
2021-11-14T23:59:59+01:00,13995,13218,77047,75943,118756,114309,106638,105133,101093,105882,98010,99416,57935,71755,44910,62386,11130,22657,11055,10596,67830,67823,108838,105013,98596,97238,94727,99542,93515,95076,56104,69501,43731,60603,10675,21550,900087,830393,139275,133564,159073,146145,101511,353,400
2021-11-13T23:59:59+01:00,13860,13087,76716,75632,118421,114055,106392,104905,100921,105739,97933,99329,57916,71732,44907,62377,11130,22655,11013,10560,67706,67704,108709,104900,98502,97141,94651,99480,93475,95042,56093,69487,43728,60597,10675,21547,897769,829557,139203,133508,159065,146142,101403,353,400
2021-11-12T23:59:59+01:00,13679,12905,76325,75278,118091,113767,106095,104660,100695,105553,97800,99215,57886,71701,44897,62361,11129,22655,10956,10510,67563,67553,108576,104786,98387,97029,94555,99390,93414,94983,56079,69469,43723,60587,10674,21547,894879,828438,139138,133463,159063,146136,101344,353,400
2021-11-11T23:59:59+01:00,13454,12691,75825,74845,117626,113313,105699,104276,100443,105304,97641,99064,57816,71606,44879,62303,11121,22637,10795,10381,67349,67374,108411,104573,98225,96854,94437,99259,93337,94902,56044,69431,43697,60558,10670,21521,890947,826651,139020,133387,159053,146127,101254,353,399
2021-11-10T23:59:59+01:00,13326,12578,75432,74542,117271,112979,105419,104009,100258,105101,97500,98946,57764,71540,44858,62262,11115,22622,10719,10317,67190,67224,108265,104424,98121,96710,94345,99156,93263,94835,56000,69390,43677,60527,10663,21507,888159,825338,138910,133334,159039,146119,101143,353,399
2021-11-09T23:59:59+01:00,13214,12461,74942,74200,116802,112651,105138,103741,100025,104895,97351,98817,57710,71491,44834,62229,11111,22611,10608,10224,67020,67086,108103,104271,97982,96600,94270,99066,93203,94770,55971,69357,43664,60506,10656,21496,885074,824045,138804,133271,159035,146102,101037,353,398
2021-11-08T23:59:59+01:00,13091,12366,74432,73864,116378,112269,104821,103449,99794,104698,97218,98695,57651,71426,44809,62195,11104,22597,10565,10168,66882,66969,107951,104139,97884,96491,94200,98975,93152,94698,55932,69310,43655,60480,10653,21490,881955,822985,138683,133193,159025,146097,100921,353,398
2021-11-07T23:59:59+01:00,12991,12259,74000,73574,115952,111894,104485,103154,99569,104508,97081,98569,57597,71368,44779,62167,11100,22587,10513,10126,66749,66840,107798,103980,97768,96358,94123,98877,93087,94631,55897,69263,43631,60457,10649,21482,878985,821826,138548,133115,159020,146083,100807,353,398
2021-11-06T23:59:59+01:00,12901,12188,73753,73327,115642,111682,104269,102953,99401,104377,97005,98503,57584,71347,44772,62153,11099,22587,10488,10102,66663,66754,107684,103906,97697,96297,94081,98826,93059,94611,55893,69255,43628,60450,10647,21481,877066,821253,138484,133086,159017,146083,100702,353,398
2021-11-05T23:59:59+01:00,12786,12079,73491,73093,115362,111420,104027,102734,99206,104215,96898,98410,57567,71318,44764,62139,11098,22584,10408,10033,66552,66645,107574,103792,97616,96204,94008,98747,93010,94571,55884,69239,43624,60445,10646,21479,874891,820356,138413,133046,159014,146079,100598,353,398
2021-11-04T23:59:59+01:00,12678,11974,73299,72846,115087,111172,103806,102516,99015,104047,96790,98309,57527,71276,44754,62113,11095,22576,10310,9942,66409,66509,107445,103624,97519,96073,93920,98652,92937,94498,55851,69206,43611,60409,10642,21470,872749,819069,138340,132978,159010,146075,100507,352,398
2021-11-03T23:59:59+01:00,12612,11916,73142,72695,114848,110974,103651,102379,98907,103917,96700,98234,57498,71248,44740,62093,11092,22565,10265,9902,66260,66394,107319,103492,97414,95964,93838,98592,92881,94442,55833,69176,43594,60379,10636,21454,871219,818018,138290,132923,159006,146073,100423,351,398
2021-11-02T23:59:59+01:00,12574,11879,72939,72556,114586,110768,103445,102242,98751,103811,96610,98149,57473,71214,44729,62078,11088,22551,10143,9810,66081,66260,107161,103349,97313,95845,93755,98514,92821,94377,55806,69145,43581,60344,10632,21437,869643,816755,138218,132853,159004,146065,100304,351,397
2021-11-01T23:59:59+01:00,12486,11805,72719,72394,114345,110580,103217,102088,98584,103691,96529,98091,57452,71179,44718,62060,11086,22543,10083,9747,65920,66113,107014,103212,97195,95747,93674,98427,92758,94319,55781,69110,43567,60324,10629,21426,868005,815642,138115,132775,159000,146060,100172,351,397
2021-10-31T23:59:59+01:00,12450,11783,72589,72311,114185,110500,103057,101997,98495,103631,96486,98061,57441,71173,44716,62056,11086,22542,10050,9724,65830,66067,106928,103155,97124,95706,93633,98403,92734,94302,55774,69105,43565,60322,10626,21422,867157,815220,138073,132742,158999,146056,100055,351,397
2021-10-30T23:59:59+02:00,12419,11764,72473,72230,113989,110410,102921,101907,98385,103531,96424,98034,57429,71157,44711,62050,11085,22539,10021,9717,65750,66010,106844,103099,97053,95656,93588,98356,92709,94291,55768,69100,43564,60318,10623,21419,866211,814808,138036,132690,158998,146053,99938,351,397
2021-10-29T23:59:59+02:00,12380,11724,72288,72104,113734,110233,102695,101757,98226,103434,96338,97981,57416,71146,44706,62040,11085,22535,9984,9684,65619,65898,106692,102996,96938,95567,93499,98279,92651,94249,55754,69087,43561,60313,10623,21419,864858,814006,137969,132635,158996,146051,99724,351,397
2021-10-28T23:59:59+02:00,12288,11666,72075,71922,113431,109978,102457,101584,98050,103286,96230,97899,57394,71114,44695,62025,11083,22530,9913,9625,65418,65690,106494,102789,96776,95396,93378,98155,92567,94202,55728,69036,43553,60294,10622,21412,863110,812608,137887,132558,158992,146042,99443,351,397
2021-10-27T23:59:59+02:00,12234,11606,71906,71760,113233,109776,102288,101442,97925,103169,96141,97838,57368,71072,44677,62000,11081,22525,9828,9559,65261,65527,106358,102660,96661,95298,93289,98063,92509,94146,55696,68997,43542,60271,10616,21399,861688,811505,137808,132465,158990,146033,99280,351,397
2021-10-26T23:59:59+02:00,12161,11521,71682,71546,113006,109576,102102,101308,97788,103062,96068,97773,57335,71046,44664,61985,11080,22517,9758,9473,65069,65332,106186,102505,96528,95159,93191,97979,92436,94080,55673,68960,43528,60239,10613,21387,860161,810192,137714,132389,158984,146032,99086,351,397
2021-10-25T23:59:59+02:00,12118,11498,71556,71448,112883,109465,102005,101225,97705,102992,96032,97738,57329,71037,44663,61976,11078,22514,9743,9458,64988,65266,106121,102456,96490,95126,93152,97953,92413,94067,55667,68953,43527,60237,10613,21383,859333,809826,137676,132366,158983,146029,98995,351,397
2021-10-24T23:59:59+02:00,12045,11436,71372,71279,112619,109288,101827,101062,97551,102861,95952,97661,57301,70998,44651,61968,11077,22511,9682,9403,64788,65075,105923,102296,96341,95000,93045,97851,92356,94008,55635,68916,43519,60213,10611,21379,857852,808601,137610,132278,158983,146026,98739,351,397
2021-10-23T23:59:59+02:00,12019,11409,71269,71196,112496,109190,101733,100979,97491,102812,95907,97638,57289,70985,44650,61967,11077,22511,9647,9364,64709,64986,105829,102236,96279,94946,92990,97798,92325,93981,55617,68905,43518,60210,10610,21379,857167,808056,137564,132222,158982,146024,98630,351,397
2021-10-22T23:59:59+02:00,11945,11367,71108,71063,112276,109036,101572,100860,97377,102711,95847,97587,57278,70968,44648,61959,11077,22509,9559,9279,64538,64805,105648,102092,96145,94828,92893,97712,92270,93928,55604,68894,43515,60197,10609,21377,856022,806927,137502,132146,158982,146017,98406,351,397
2021-10-21T23:59:59+02:00,11811,11239,70903,70904,112075,108839,101392,100687,97222,102587,95757,97524,57255,70935,44633,61936,11072,22495,9462,9161,64318,64585,105455,101875,95991,94629,92768,97597,92196,93854,55579,68858,43502,60168,10607,21367,854355,805313,137437,132036,158979,146007,98219,351,397
2021-10-20T23:59:59+02:00,11764,11189,70780,70775,111931,108703,101282,100596,97132,102507,95695,97470,57226,70900,44619,61918,11067,22478,9339,9065,64121,64401,105331,101711,95877,94489,92669,97488,92122,93799,55551,68802,43476,60135,10590,21338,853290,803826,137385,131976,158977,146001,98104,351,397
2021-10-19T23:59:59+02:00,11662,11098,70634,70640,111796,108569,101189,100514,97058,102446,95637,97417,57204,70863,44611,61900,11063,22462,9245,8972,63902,64196,105164,101549,95761,94367,92590,97391,92072,93742,55517,68759,43458,60094,10580,21323,852190,802410,137333,131890,158972,145994,97992,351,396
2021-10-18T23:59:59+02:00,11612,11058,70501,70549,111652,108461,101082,100428,96992,102394,95581,97367,57176,70833,44594,61877,11056,22450,9194,8922,63757,64046,105044,101385,95665,94252,92522,97309,92013,93685,55491,68727,43446,60068,10576,21320,851270,801319,137251,131818,158967,145990,97899,351,396
2021-10-17T23:59:59+02:00,11566,11017,70343,70417,111521,108347,100973,100351,96937,102336,95540,97314,57154,70811,44588,61862,11054,22445,9139,8872,63524,63789,104880,101242,95536,94115,92422,97224,91954,93621,55468,68694,43436,60051,10572,21315,850335,799955,137201,131723,158965,145981,97799,351,396
2021-10-16T23:59:59+02:00,11547,10996,70283,70368,111462,108301,100947,100325,96903,102307,95521,97304,57153,70808,44587,61860,11052,22445,9109,8839,63429,63701,104815,101187,95489,94053,92391,97193,91933,93603,55463,68688,43434,60048,10572,21314,849993,799461,137183,131672,158965,145980,97752,351,396
2021-10-15T23:59:59+02:00,11492,10956,70171,70282,111350,108210,100876,100250,96846,102253,95491,97272,57146,70806,44587,61854,11051,22445,9059,8763,63292,63514,104704,101070,95397,93953,92312,97109,91885,93564,55454,68666,43429,60037,10572,21312,849291,798472,137160,131599,158964,145978,97647,351,396
2021-10-14T23:59:59+02:00,11389,10858,69988,70101,111209,108064,100761,100157,96748,102169,95436,97214,57125,70771,44575,61830,11048,22438,8932,8626,62993,63228,104548,100856,95251,93754,92191,96977,91811,93486,55416,68615,43410,60010,10568,21304,848025,796590,137082,131477,158955,145971,97542,351,396
2021-10-13T23:59:59+02:00,11290,10791,69841,69987,111091,107955,100668,100062,96666,102083,95386,97156,57090,70726,44560,61801,11043,22422,8894,8589,62831,63078,104412,100717,95146,93608,92102,96890,91750,93414,55378,68572,43389,59980,10559,21294,846979,795443,137011,131402,158951,145962,97400,351,396
2021-10-12T23:59:59+02:00,11149,10682,69662,69851,110993,107839,100570,99969,96606,102023,95345,97110,57075,70693,44550,61786,11039,22415,8832,8542,62669,62917,104281,100588,95029,93488,92014,96819,91691,93358,55326,68537,43377,59957,10555,21281,845903,794286,136945,131340,158947,145956,97285,350,394
2021-10-11T23:59:59+02:00,11078,10620,69515,69735,110872,107732,100483,99890,96544,101947,95291,97070,57047,70663,44530,61766,11034,22403,8794,8509,62494,62749,104154,100463,94934,93390,91941,96731,91640,93310,55289,68495,43362,59930,10546,21273,844930,793220,136879,131254,158944,145946,97190,350,394
2021-10-10T23:59:59+02:00,11006,10569,69359,69622,110731,107595,100387,99800,96476,101870,95244,97032,57029,70643,44524,61754,11026,22400,8757,8475,62305,62600,103993,100304,94829,93256,91851,96627,91563,93268,55263,68470,43353,59917,10543,21264,843984,792079,136831,131194,158940,145936,97035,350,394
2021-10-09T23:59:59+02:00,10981,10551,69271,69562,110663,107550,100347,99759,96438,101838,95227,97015,57022,70636,44523,61753,11026,22400,8722,8434,62215,62522,103909,100228,94772,93198,91809,96582,91541,93246,55257,68459,43348,59909,10542,21263,843589,791535,136799,131136,158938,145932,96959,350,394
2021-10-08T23:59:59+02:00,10907,10496,69128,69465,110525,107445,100274,99666,96372,101787,95178,96969,57010,70620,44520,61750,11026,22399,8661,8347,62045,62335,103776,100077,94658,93079,91722,96488,91493,93206,55240,68446,43342,59900,10540,21262,842754,790430,136748,131049,158937,145925,96820,350,393
2021-10-07T23:59:59+02:00,10828,10418,68923,69285,110343,107266,100137,99523,96284,101664,95103,96901,56988,70583,44507,61729,11022,22386,8531,8223,61763,62081,103581,99857,94509,92863,91615,96353,91419,93133,55207,68397,43327,59869,10533,21252,841343,788620,136677,130926,158935,145917,96657,350,393
2021-10-06T23:59:59+02:00,10758,10359,68748,69136,110208,107122,100039,99414,96198,101600,95057,96850,56952,70540,44496,61709,11019,22372,8488,8173,61577,61910,103446,99709,94397,92744,91540,96253,91343,93056,55176,68357,43312,59841,10528,21235,840255,787426,136609,130861,158933,145905,96500,350,393
2021-10-05T23:59:59+02:00,10653,10271,68574,68997,110060,106974,99923,99284,96135,101518,95012,96798,56934,70512,44487,61673,11014,22359,8454,8129,61379,61736,103295,99522,94282,92594,91444,96168,91282,92983,55147,68311,43299,59824,10525,21222,839074,786156,136539,130794,158932,145900,96353,350,393
2021-10-04T23:59:59+02:00,10615,10241,68398,68828,109895,106817,99820,99170,96040,101431,94958,96740,56897,70464,44472,61644,11013,22337,8420,8096,61221,61554,103150,99382,94149,92472,91353,96072,91218,92932,55111,68268,43275,59792,10519,21202,837977,785041,136467,130735,158930,145889,96128,348,393
2021-10-03T23:59:59+02:00,10551,10186,68188,68644,109723,106660,99692,99060,95951,101330,94894,96686,56866,70430,44464,61619,11013,22332,8359,8061,61016,61396,102961,99204,94012,92312,91255,95959,91143,92875,55075,68223,43258,59766,10517,21194,836796,783769,136392,130647,158926,145880,95897,348,393
2021-10-02T23:59:59+02:00,10525,10160,68085,68546,109634,106590,99626,98998,95900,101282,94870,96665,56855,70412,44464,61618,11012,22330,8319,8027,60899,61281,102888,99130,93945,92246,91209,95910,91117,92854,55068,68205,43257,59762,10516,21194,836246,783178,136329,130601,158924,145860,95795,348,393
2021-10-01T23:59:59+02:00,10440,10057,67929,68376,109446,106443,99496,98882,95817,101211,94811,96624,56837,70394,44461,61606,11010,22328,8207,7917,60700,61051,102719,98974,93812,92103,91104,95801,91055,92797,55050,68175,43253,59751,10515,21190,835130,781883,136272,130513,158922,145820,95566,348,392
2021-09-30T23:59:59+02:00,10362,9984,67697,68151,109233,106203,99316,98681,95679,101065,94718,96518,56800,70348,44443,61575,11006,22313,8098,7796,60446,60785,102514,98763,93625,91892,90963,95650,90963,92702,55023,68126,43238,59718,10505,21175,833477,780188,136182,130394,158916,145771,95237,347,392
2021-09-29T23:59:59+02:00,10281,9926,67496,67961,109036,106002,99160,98518,95553,100953,94634,96446,56759,70291,44427,61540,11001,22294,8040,7737,60264,60615,102323,98581,93489,91724,90848,95542,90891,92621,54989,68078,43219,59672,10502,21160,832045,778930,136118,130315,158912,145736,94923,347,391
2021-09-28T23:59:59+02:00,10196,9849,67305,67754,108829,105832,99011,98361,95443,100840,94549,96367,56720,70252,44415,61502,10994,22267,7990,7690,60075,60429,102130,98427,93356,91588,90724,95413,90812,92551,54957,68041,43202,59644,10493,21145,830642,777748,136057,130228,158910,145703,94597,347,391
2021-09-27T23:59:59+02:00,10067,9717,67059,67505,108618,105660,98875,98210,95353,100728,94471,96295,56692,70205,44401,61472,10989,22256,7952,7636,59867,60239,101939,98289,93216,91446,90621,95299,90740,92474,54920,67985,43181,59618,10485,21134,829231,776659,135971,130148,158909,145661,94182,347,391
2021-09-26T23:59:59+02:00,9946,9623,66815,67272,108390,105468,98708,98064,95230,100602,94386,96213,56654,70171,44386,61449,10984,22243,7899,7590,59622,60042,101734,98106,93070,91281,90512,95181,90667,92397,54890,67957,43167,59590,10480,21119,827779,775506,135890,130053,158903,145602,93752,347,391
2021-09-25T23:59:59+02:00,9907,9582,66695,67149,108287,105378,98634,98004,95173,100549,94355,96184,56650,70163,44384,61446,10983,22243,7858,7551,59507,59924,101632,98013,92989,91211,90470,95115,90631,92375,54878,67946,43163,59586,10480,21119,827224,774951,135828,130001,158903,145574,93531,347,391
2021-09-24T23:59:59+02:00,9846,9521,66531,66964,108114,105204,98484,97854,95051,100444,94285,96129,56635,70146,44376,61433,10983,22241,7760,7439,59282,59694,101447,97818,92859,91062,90359,95007,90546,92309,54857,67924,43161,59581,10479,21116,826192,773753,135756,129935,158903,145512,93109,347,391
2021-09-23T23:59:59+02:00,9754,9397,66207,66626,107848,104942,98289,97622,94890,100280,94182,96018,56589,70087,44352,61404,10977,22212,7644,7318,58984,59412,101202,97583,92669,90849,90222,94853,90448,92201,54808,67874,43139,59553,10478,21093,824377,772185,135634,129825,158897,145443,92486,347,391
2021-09-22T23:59:59+02:00,9684,9317,65872,66300,107634,104725,98090,97416,94734,100145,94053,95920,56541,70018,44319,61360,10966,22190,7588,7277,58804,59231,101021,97413,92489,90712,90106,94731,90340,92125,54774,67829,43111,59521,10472,21077,822610,771145,135520,129746,158892,145360,91979,347,391
2021-09-21T23:59:59+02:00,9597,9229,65642,66052,107425,104543,97915,97257,94619,100036,93973,95849,56491,69967,44301,61317,10959,22175,7550,7240,58610,59047,100827,97254,92347,90579,90017,94642,90249,92050,54735,67771,43091,59482,10463,21059,821147,770085,135438,129651,158889,145296,91590,347,391
2021-09-20T23:59:59+02:00,9535,9172,65357,65742,107223,104359,97756,97089,94512,99936,93906,95773,56451,69924,44281,61274,10954,22164,7493,7185,58418,58892,100642,97109,92193,90425,89876,94540,90168,91979,54688,67732,43064,59446,10457,21042,819717,769074,135358,129569,158883,145149,91166,347,391
2021-09-19T23:59:59+02:00,9484,9128,65076,65567,106993,104165,97606,96921,94372,99835,93802,95695,56422,69871,44271,61250,10952,22153,7454,7143,58176,58696,100397,96931,92007,90255,89691,94368,90048,91894,54651,67671,43046,59412,10456,21029,818385,767857,135275,129451,158879,144886,90740,347,391
2021-09-18T23:59:59+02:00,9451,9083,64983,65464,106872,104067,97495,96834,94306,99765,93768,95667,56414,69862,44267,61245,10950,22152,7414,7102,58054,58576,100290,96830,91884,90174,89620,94305,90011,91864,54641,67666,43039,59409,10454,21025,817809,767218,135185,129386,158877,144874,90490,347,390
2021-09-17T23:59:59+02:00,9372,8997,64786,65303,106694,103909,97326,96680,94177,99667,93695,95591,56397,69835,44256,61239,10944,22146,7323,7003,57847,58340,100099,96667,91728,90053,89501,94199,89933,91802,54626,67640,43030,59402,10454,21022,816703,766075,135096,129289,158873,144857,90058,347,390
2021-09-16T23:59:59+02:00,9282,8889,64507,64998,106412,103653,97090,96442,93988,99490,93593,95498,56346,69780,44243,61211,10937,22132,7232,6892,57597,58068,99826,96438,91532,89839,89325,94037,89831,91713,54580,67589,43008,59380,10449,21011,814886,764561,135005,129152,158863,144794,89452,347,388
2021-09-15T23:59:59+02:00,9212,8834,64154,64704,106212,103441,96883,96249,93853,99327,93492,95411,56309,69722,44208,61181,10932,22105,7183,6843,57419,57908,99633,96276,91362,89681,89220,93925,89726,91647,54548,67542,42983,59348,10445,20991,813139,763501,134950,129035,158858,144760,88996,347,388
2021-09-14T23:59:59+02:00,9170,8785,63866,64495,105972,103223,96686,96069,93723,99187,93376,95325,56261,69662,44182,61143,10927,22089,7141,6807,57215,57726,99454,96089,91194,89518,89089,93813,89646,91575,54512,67502,42961,59321,10440,20976,811594,762458,134880,128944,158851,144660,88530,347,387
2021-09-13T23:59:59+02:00,9133,8751,63567,64230,105742,102992,96517,95901,93579,99050,93289,95228,56210,69608,44165,61109,10920,22077,7109,6770,57008,57541,99256,95897,91041,89362,88956,93706,89560,91501,54474,67454,42940,59292,10437,20959,810078,761356,134790,128830,158841,144618,88073,347,386
2021-09-12T23:59:59+02:00,9080,8703,63250,63984,105494,102744,96306,95673,93416,98922,93191,95146,56159,69557,44148,61079,10916,22066,7071,6740,56807,57380,99011,95688,90872,89193,88823,93589,89463,91425,54430,67396,42919,59263,10433,20942,808531,760323,134691,128701,158837,144546,87489,347,386
2021-09-11T23:59:59+02:00,9033,8670,63130,63851,105350,102626,96203,95563,93330,98843,93152,95114,56144,69542,44143,61067,10916,22065,7018,6714,56658,57289,98860,95583,90773,89094,88724,93523,89426,91399,54420,67376,42915,59253,10433,20941,807846,759727,134636,128621,158835,144527,87139,347,385
2021-09-10T23:59:59+02:00,8939,8559,62889,63586,105150,102412,96030,95374,93185,98717,93057,95042,56108,69512,44129,61048,10916,22063,6938,6636,56411,57080,98662,95395,90590,88910,88591,93393,89340,91327,54398,67355,42902,59234,10433,20937,806454,758559,134572,128503,158832,144512,86573,346,385
2021-09-09T23:59:59+02:00,8841,8460,62568,63308,104872,102092,95792,95083,93006,98490,92920,94924,56067,69447,44108,61019,10906,22042,6834,6533,56156,56855,98408,95145,90357,88678,88429,93238,89197,91242,54355,67303,42881,59205,10427,20931,804460,757133,134467,128317,158828,144437,85905,346,382
2021-09-08T23:59:59+02:00,8780,8409,62342,63071,104645,101852,95597,94859,92834,98316,92803,94792,56032,69380,44074,60980,10893,22018,6803,6503,55995,56698,98216,94935,90195,88481,88269,93091,89077,91136,54316,67241,42846,59165,10415,20897,802944,756108,134359,128167,158817,144350,85272,346,382
2021-09-07T23:59:59+02:00,8729,8356,62103,62853,104419,101612,95412,94668,92691,98175,92702,94714,55998,69331,44045,60925,10884,21995,6757,6467,55798,56530,97996,94740,90009,88316,88138,92981,88980,91045,54274,67195,42822,59134,10410,20878,801450,755018,134253,128038,158811,144220,84813,346,381
2021-09-06T23:59:59+02:00,8687,8313,61894,62675,104210,101439,95269,94506,92572,98043,92615,94638,55940,69272,44023,60896,10877,21962,6714,6430,55626,56362,97792,94574,89838,88158,88010,92853,88882,90964,54220,67142,42802,59089,10400,20853,800193,753902,134162,127900,158800,144135,84391,346,381
2021-09-05T23:59:59+02:00,8626,8263,61677,62465,104037,101251,95112,94337,92446,97928,92538,94571,55911,69231,44013,60875,10872,21955,6661,6374,55420,56159,97594,94375,89650,87995,87867,92726,88799,90877,54171,67092,42785,59066,10395,20837,798983,752731,134081,127728,158796,144039,83964,345,381
2021-09-04T23:59:59+02:00,8575,8233,61557,62352,103947,101153,95009,94250,92388,97860,92503,94545,55901,69220,44006,60865,10872,21954,6633,6330,55294,56043,97473,94248,89532,87895,87799,92645,88750,90844,54156,67081,42779,59055,10395,20836,798378,752076,134033,127607,158792,144021,83703,345,381
2021-09-03T23:59:59+02:00,8497,8158,61362,62168,103771,100994,94856,94102,92282,97747,92431,94494,55873,69193,43998,60850,10870,21946,6566,6264,55085,55856,97273,94031,89340,87698,87653,92474,88657,90766,54124,67047,42768,59036,10391,20833,797247,750818,133979,127380,158784,143985,83298,345,381
2021-09-02T23:59:59+02:00,8375,8066,61098,61918,103511,100747,94654,93875,92090,97576,92311,94391,55825,69135,43975,60815,10865,21924,6466,6182,54814,55595,96974,93747,89089,87422,87429,92262,88512,90650,54079,66965,42737,58985,10381,20796,795550,749142,133867,127023,158772,143863,82677,345,380
2021-09-01T23:59:59+02:00,8310,7983,60884,61703,103309,100575,94505,93718,91969,97446,92203,94315,55779,69083,43957,60791,10857,21905,6409,6119,54556,55373,96745,93523,88893,87207,87251,92097,88370,90539,54014,66874,42699,58943,10373,20775,794268,747687,133791,126763,158757,143743,82191,345,376
2021-08-31T23:59:59+02:00,8228,7907,60672,61447,103101,100387,94325,93555,91845,97328,92076,94232,55732,69029,43931,60752,10846,21889,6347,6049,54302,55109,96471,93273,88674,86969,87092,91936,88206,90433,53968,66801,42673,58887,10365,20756,792866,746177,133711,126456,158746,143628,81674,345,376
2021-08-30T23:59:59+02:00,8132,7831,60466,61260,102920,100239,94200,93418,91727,97225,92005,94153,55698,68998,43915,60718,10841,21873,6275,5984,54049,54914,96226,93036,88457,86738,86911,91791,88079,90308,53910,66720,42631,58824,10348,20727,791736,744726,133653,126143,158739,143481,81205,345,373
2021-08-29T23:59:59+02:00,8056,7753,60188,61019,102679,100040,94014,93243,91587,97108,91914,94061,55653,68948,43891,60688,10839,21864,6167,5873,53696,54603,95906,92742,88165,86479,86676,91595,87925,90180,53842,66644,42601,58784,10342,20710,790364,742804,133562,125807,158722,143335,80611,345,373
2021-08-28T23:59:59+02:00,7999,7687,60047,60907,102571,99931,93910,93158,91502,97033,91868,94031,55639,68935,43883,60684,10838,21862,6128,5806,53518,54454,95744,92608,88029,86367,86565,91507,87857,90137,53825,66624,42592,58777,10341,20709,789739,741985,133523,125702,158718,143309,80219,345,373
2021-08-27T23:59:59+02:00,7933,7601,59863,60711,102400,99762,93767,93030,91389,96927,91780,93972,55616,68904,43874,60667,10837,21859,6049,5735,53275,54206,95446,92330,87805,86159,86386,91349,87749,90037,53783,66587,42577,58751,10336,20706,788738,740394,133461,125501,158681,143272,79726,345,373
2021-08-26T23:59:59+02:00,7847,7501,59620,60462,102167,99542,93547,92804,91210,96746,91674,93875,55565,68839,43841,60639,10831,21847,5977,5668,52932,53917,95076,91974,87466,85846,86145,91084,87591,89905,53718,66498,42530,58707,10329,20694,787240,738448,133363,125092,158658,143138,79010,345,369
2021-08-25T23:59:59+02:00,7774,7411,59389,60263,101994,99400,93395,92620,91089,96623,91562,93795,55526,68787,43809,60595,10826,21824,5905,5608,52624,53663,94767,91716,87239,85599,85943,90896,87459,89778,53651,66414,42482,58640,10323,20664,786015,736700,133281,124782,158647,143067,78454,344,368
2021-08-24T23:59:59+02:00,7724,7359,59168,60046,101807,99225,93228,92456,90976,96495,91477,93723,55488,68734,43783,60552,10820,21799,5860,5541,52300,53402,94412,91431,86935,85345,85733,90704,87306,89618,53566,66319,42436,58574,10315,20642,784874,734878,133190,124477,158640,142846,77871,344,367
2021-08-23T23:59:59+02:00,7668,7305,58959,59835,101636,99064,93097,92294,90881,96410,91400,93636,55450,68689,43754,60526,10816,21780,5797,5479,51976,53129,94069,91148,86691,85069,85537,90531,87169,89490,53486,66228,42401,58522,10308,20624,783704,732964,133117,124189,158630,142670,77465,343,366
2021-08-22T23:59:59+02:00,7596,7250,58764,59652,101430,98902,92938,92158,90786,96294,91319,93568,55414,68641,43740,60502,10810,21766,5716,5396,51603,52777,93664,90744,86378,84763,85299,90304,86997,89365,53406,66122,42369,58461,10300,20603,782671,730634,133013,123875,158618,142453,76944,343,361
2021-08-21T23:59:59+02:00,7543,7212,58626,59528,101293,98797,92832,92052,90687,96233,91261,93533,55394,68619,43732,60485,10808,21763,5524,5208,51267,52475,93495,90594,86207,84604,85152,90177,86911,89302,53375,66098,42359,58445,10299,20597,781989,729100,132937,123646,158617,142411,76571,343,361
2021-08-20T23:59:59+02:00,7491,7160,58471,59353,101121,98640,92681,91914,90568,96108,91182,93470,55372,68594,43721,60468,10806,21758,5398,5106,50931,52123,93233,90321,85943,84370,84937,89972,86778,89190,53344,66057,42336,58421,10292,20590,781020,727123,132887,123436,158611,142345,76077,342,361
2021-08-19T23:59:59+02:00,7424,7099,58220,59118,100843,98411,92473,91722,90408,95941,91053,93366,55328,68534,43696,60437,10799,21744,5280,4981,50486,51682,92798,89914,85535,83958,84624,89657,86563,89004,53270,65948,42297,58359,10282,20572,779644,724392,132753,122990,158604,142137,75333,341,358
2021-08-18T23:59:59+02:00,7360,7044,58032,58956,100655,98229,92326,91558,90265,95817,90952,93269,55261,68469,43667,60392,10789,21724,5185,4881,50131,51308,92418,89580,85209,83626,84345,89407,86371,88830,53155,65832,42226,58266,10267,20543,778472,721976,132663,122597,158597,141897,74752,340,358
2021-08-17T23:59:59+02:00,7298,6993,57843,58796,100460,98053,92159,91406,90141,95685,90855,93178,55221,68422,43643,60364,10787,21709,5064,4748,49634,50881,91965,89159,84803,83265,84014,89109,86164,88628,53051,65707,42168,58188,10261,20519,777346,718933,132559,122186,158584,141607,74244,339,358
2021-08-16T23:59:59+02:00,7238,6927,57658,58618,100257,97878,92010,91245,90000,95565,90740,93080,55167,68359,43613,60313,10780,21695,4853,4564,49063,50296,91490,88702,84334,82863,83681,88812,85934,88421,52943,65591,42109,58110,10252,20481,776162,715362,132468,121742,158577,141381,73656,339,358
2021-08-15T23:59:59+02:00,7172,6879,57435,58427,100071,97694,91850,91102,89875,95458,90652,93019,55130,68318,43593,60284,10776,21688,4454,4164,47936,49148,90844,88010,83776,82317,83285,88422,85646,88215,52835,65467,42064,58051,10243,20462,775070,709526,132356,121112,158569,141197,73148,339,356
2021-08-14T23:59:59+02:00,7140,6846,57312,58338,99928,97592,91743,91025,89785,95389,90601,92974,55114,68301,43588,60277,10775,21687,4425,4141,47779,49003,90610,87835,83558,82106,83159,88321,85576,88171,52807,65436,42055,58040,10242,20460,774535,708697,132298,120786,158564,141147,72738,339,356
2021-08-13T23:59:59+02:00,7093,6801,57156,58203,99769,97464,91613,90884,89678,95273,90520,92910,55084,68250,43574,60252,10773,21680,4365,4080,47470,48679,90124,87425,83152,81726,82895,88086,85403,88029,52763,65368,42033,58015,10239,20448,773690,706441,132238,120227,158557,141066,72213,337,353
2021-08-12T23:59:59+02:00,7058,6751,56949,58038,99553,97286,91434,90717,89532,95127,90426,92829,55047,68197,43547,60218,10765,21663,4313,4017,47048,48281,89472,86854,82568,81176,82517,87758,85173,87848,52688,65265,41979,57956,10229,20430,772607,703444,132134,119388,158545,140816,71572,337,352
2021-08-11T23:59:59+02:00,7022,6696,56759,57866,99341,97105,91275,90576,89399,95009,90315,92727,54995,68137,43515,60179,10755,21648,4239,3968,46628,47818,88840,86198,81981,80665,82177,87449,84902,87603,52599,65121,41906,57831,10210,20381,771467,700237,132035,118430,158522,140479,71019,334,351
2021-08-10T23:59:59+02:00,6961,6648,56571,57698,99118,96952,91117,90424,89270,94893,90230,92649,54952,68090,43499,60139,10751,21635,4174,3903,46187,47337,88192,85565,81372,80120,81764,87067,84654,87384,52478,65011,41846,57748,10196,20350,770394,696863,131939,117487,158503,140162,70485,334,351
2021-08-09T23:59:59+02:00,6909,6589,56398,57537,98923,96793,90961,90284,89126,94792,90119,92585,54911,68039,43474,60104,10744,21620,4105,3824,45616,46767,87357,84884,80682,79531,81347,86710,84359,87155,52365,64877,41790,57647,10182,20307,769345,692988,131866,116425,158493,139815,69929,333,348
2021-08-08T23:59:59+02:00,6838,6520,56172,57347,98709,96599,90778,90118,88989,94670,90023,92510,54856,67991,43448,60069,10737,21599,4049,3763,45010,46151,86282,83939,79775,78712,80796,86230,84025,86855,52229,64723,41726,57556,10169,20280,768111,687819,131751,115238,158471,139501,69365,332,347
2021-08-07T23:59:59+02:00,6794,6469,56028,57224,98568,96482,90646,90015,88894,94612,89961,92468,54836,67964,43445,60058,10734,21594,3587,3388,44168,45258,85942,83597,79298,78270,80433,85878,83844,86709,52166,64639,41705,57520,10164,20271,767434,684074,131689,114091,158466,139398,68928,332,346
2021-08-06T23:59:59+02:00,6738,6420,55836,57071,98335,96295,90492,89885,88767,94497,89863,92397,54796,67935,43436,60031,10731,21590,3203,2989,43246,44361,85468,83127,78711,77712,80043,85491,83653,86561,52114,64574,41679,57489,10156,20258,766458,680085,131590,112810,158459,139262,68333,332,345
2021-08-05T23:59:59+02:00,6670,6348,55513,56820,98030,96022,90224,89662,88552,94299,89691,92260,54731,67844,43406,59979,10722,21572,2686,2541,41993,43185,84729,82438,77924,76909,79443,84922,83291,86258,51983,64415,41619,57386,10141,20225,764768,674468,131461,111167,158446,138714,67395,332,344
2021-08-04T23:59:59+02:00,6590,6298,55267,56628,97762,95805,90035,89494,88407,94158,89571,92160,54679,67793,43368,59932,10718,21562,2614,2481,41505,42687,83485,81385,76567,75763,78952,84463,82971,86009,51844,64276,41560,57298,10125,20199,763455,669236,131354,109650,158432,138243,66711,332,344
2021-08-03T23:59:59+02:00,6524,6232,55009,56433,97526,95609,89856,89328,88264,94012,89425,92038,54601,67712,43331,59874,10710,21554,2559,2439,41064,42254,82238,80245,75142,74572,78343,83895,82422,85515,51629,64072,41460,57142,10112,20163,762066,663394,131249,107949,158408,137538,66041,331,344
2021-08-02T23:59:59+02:00,6462,6169,54769,56229,97263,95385,89631,89153,88093,93869,89282,91924,54518,67639,43298,59821,10707,21534,2508,2374,40579,41750,80907,79130,73586,73359,77710,83330,81878,85030,51458,63867,41385,57021,10095,20129,760624,657273,131099,106187,158385,136930,65365,330,341
2021-08-01T23:59:59+02:00,6395,6084,54498,55962,96993,95115,89393,88977,87887,93723,89117,91813,54449,67553,43261,59769,10700,21527,2429,2321,40058,41249,79611,78045,72167,72255,76809,82576,81290,84563,51267,63629,41297,56916,10084,20105,759006,651062,130903,104282,158359,136315,64677,326,335
2021-07-31T23:59:59+02:00,6359,6046,54375,55868,96871,95020,89290,88910,87796,93651,89072,91776,54437,67543,43255,59765,10700,21526,1904,1871,39096,40219,79159,77603,71630,71700,76425,82248,81175,84467,51248,63594,41281,56904,10084,20102,758519,646366,130733,103408,158356,136220,64381,326,335
2021-07-30T23:59:59+02:00,6304,6011,54197,55721,96710,94842,89132,88761,87664,93536,88989,91706,54400,67513,43242,59747,10698,21524,1436,1421,38080,39156,78449,76943,70870,70963,75909,81719,80773,84142,51171,63505,41247,56844,10078,20090,757613,640137,130417,102268,158351,136011,64046,325,334
2021-07-29T23:59:59+02:00,6253,5953,53959,55535,96450,94616,88917,88550,87491,93360,88848,91577,54339,67447,43219,59706,10689,21503,949,954,36828,37911,77389,76069,69816,70010,75099,80954,80234,83711,51037,63340,41180,56748,10061,20063,756353,632332,129935,100711,158333,135454,63522,324,334
2021-07-28T23:59:59+02:00,6216,5900,53754,55363,96241,94409,88765,88368,87378,93218,88736,91479,54279,67370,43185,59657,10679,21471,908,904,36211,37300,76216,75087,68533,68906,74335,80236,79740,83250,50891,63135,41112,56643,10045,20022,755160,625952,129486,99293,158317,134661,63236,324,332
2021-07-27T23:59:59+02:00,6166,5858,53518,55138,95977,94194,88581,88181,87220,93061,88612,91381,54223,67292,43144,59594,10665,21423,847,848,35548,36526,74749,73833,67078,67684,73467,79389,79193,82727,50716,62922,41033,56522,10020,19979,753723,618598,129054,97837,158294,133428,62888,324,330
2021-07-26T23:59:59+02:00,6109,5805,53297,54929,95733,94002,88380,88009,87055,92925,88482,91278,54161,67211,43115,59537,10658,21401,791,789,34776,35681,73224,72495,65704,66443,72419,78394,78597,82191,50540,62703,40954,56372,9998,19934,752363,610473,128630,96304,158273,132346,62554,322,328
2021-07-25T23:59:59+02:00,6071,5761,53087,54723,95477,93770,88204,87814,86895,92792,88373,91180,54108,67145,43087,59493,10648,21366,679,680,34071,34912,71873,71283,64592,65427,71417,77476,78120,81736,50417,62512,40889,56284,9992,19899,750940,603461,128355,94745,158250,131543,62182,322,328
2021-07-24T23:59:59+02:00,5983,5703,52811,54425,95167,93457,87957,87604,86719,92636,88273,91099,54079,67111,43075,59470,10648,21360,630,629,33558,34413,71003,70586,63926,64868,70538,76775,77916,81585,50362,62469,40867,56258,9992,19897,749058,599019,128300,93809,158249,131414,61702,322,328
2021-07-23T23:59:59+02:00,5930,5647,52537,54152,94763,93167,87652,87386,86537,92457,88131,91006,54043,67063,43067,59452,10645,21354,577,584,33024,33749,69936,69719,63138,64194,69631,75924,77514,81255,50286,62369,40835,56219,9985,19883,746986,593342,128226,92650,158243,131237,61266,322,327
2021-07-22T23:59:59+02:00,5859,5584,52118,53748,94280,92716,87264,87045,86225,92156,87919,90819,53957,66969,43038,59391,10637,21328,502,521,32306,33012,68619,68723,62088,63313,68013,74567,76858,80738,50133,62158,40743,56104,9964,19843,743910,586846,127993,89894,158216,130472,60667,321,326
2021-07-21T23:59:59+02:00,5805,5530,51745,53360,93841,92296,86954,86743,85969,91910,87746,90629,53873,66882,42979,59323,10626,21300,452,463,31685,32351,67283,67679,60995,62417,65972,72875,75949,79990,49844,61848,40582,55916,9940,19786,741081,580534,127754,85567,158185,129376,60224,321,326
2021-07-20T23:59:59+02:00,5746,5466,51356,52965,93374,91825,86584,86418,85700,91653,87522,90433,53780,66748,42930,59265,10619,21275,405,419,31019,31687,65813,66483,59862,61453,64792,71813,75333,79431,49637,61617,40476,55756,9916,19723,738096,573452,127533,83881,158130,128343,59633,321,326
2021-07-19T23:59:59+02:00,5669,5392,50882,52503,92900,91342,86213,86085,85449,91437,87316,90252,53686,66626,42894,59186,10601,21240,361,366,30469,31096,64645,65425,58944,60593,63636,70776,74730,78912,49463,61420,40386,55608,9888,19679,734808,567648,127304,82072,158094,127152,59200,321,325
2021-07-18T23:59:59+02:00,5600,5322,50055,51685,91822,90287,85481,85468,84967,91003,87023,89960,53579,66479,42831,59090,10591,21209,324,321,29921,30506,63453,64350,58018,59674,62458,69747,74179,78412,49313,61257,40327,55524,9876,19650,728324,561788,126974,80041,158077,126345,58812,319,324
2021-07-17T23:59:59+02:00,5426,5135,49702,51351,91679,90151,85286,85309,84808,90865,86915,89878,53559,66452,42820,59078,10590,21206,272,266,29531,30118,62807,63748,57458,59251,61704,69011,73871,78169,49201,61138,40288,55466,9866,19639,727144,558747,126796,79073,158073,125729,57931,319,324
2021-07-16T23:59:59+02:00,5325,5044,49377,51051,91412,89927,85037,85109,84611,90681,86777,89771,53517,66419,42802,59064,10587,21201,237,231,29024,29607,61864,62832,56610,58564,60649,67970,73370,77748,49039,60949,40241,55397,9861,19630,725753,553757,126624,77751,158066,124987,57004,318,324
2021-07-15T23:59:59+02:00,5189,4910,48895,50636,91010,89544,84678,84728,84306,90402,86553,89602,53434,66328,42748,58995,10577,21173,187,198,28292,28973,60543,61760,55473,57575,59230,66655,72632,77160,48806,60685,40150,55265,9845,19575,723258,547896,126206,75543,158031,123307,55936,317,322
2021-07-14T23:59:59+02:00,5083,4796,48537,50256,90706,89248,84385,84411,84057,90163,86351,89444,53345,66219,42690,58906,10560,21143,168,175,27755,28397,59442,60762,54503,56727,58350,65801,72023,76571,48537,60407,40044,55090,9822,19531,721074,542443,125846,74620,157987,121605,55117,316,320
2021-07-13T23:59:59+02:00,4971,4679,48127,49871,90309,88891,84077,84101,83788,89900,86143,89275,53234,66114,42635,58842,10554,21122,152,165,27084,27711,58067,59572,53306,55735,57357,64887,71295,75931,48259,60082,39915,54910,9790,19479,718687,536065,125473,73502,157932,119548,54264,316,318
2021-07-12T23:59:59+02:00,4800,4508,47569,49349,89913,88549,83680,83778,83538,89635,85953,89114,53153,66018,42588,58779,10542,21107,143,157,26447,27044,56563,58221,52018,54670,56135,63741,70547,75306,47882,59650,39740,54685,9748,19414,715942,528739,125104,72481,157871,117194,53380,315,317
2021-07-11T23:59:59+02:00,4406,4134,46617,48420,89482,88113,83266,83390,83227,89346,85757,88964,53063,65924,42562,58724,10531,21090,131,149,25840,26477,55183,56961,50719,53623,55093,62709,69951,74754,47533,59267,39616,54509,9723,19372,711958,522098,124631,71473,157834,115402,52321,311,316
2021-07-10T23:59:59+02:00,4393,4121,46284,48071,89027,87632,82935,83078,83120,89246,85692,88907,53042,65901,42553,58710,10530,21086,128,141,25350,25936,54092,56011,49858,53037,54491,62141,69735,74567,47165,58848,39516,54404,9718,19361,711283,517765,124163,71388,157658,114078,50952,310,316
2021-07-09T23:59:59+02:00,4373,4109,45860,47628,88405,87067,82556,82733,82870,89055,85576,88814,53006,65872,42546,58697,10526,21077,122,126,24643,25160,52764,54774,48913,52154,53708,61289,69311,74161,46806,58438,39428,54313,9711,19349,709850,511565,123574,70981,157495,112726,49582,307,316
2021-07-08T23:59:59+02:00,4343,4082,45307,47123,87541,86352,82016,82214,82614,88809,85382,88660,52937,65804,42514,58650,10515,21061,114,109,23645,24209,50819,53189,47530,51003,52568,60158,68617,73521,46283,57880,39292,54150,9683,19281,707700,503783,122678,69703,157206,110189,48061,304,315
2021-07-07T23:59:59+02:00,4320,4055,44725,46527,86694,85585,81455,81728,82328,88512,85173,88495,52856,65702,42472,58586,10507,21041,102,94,22746,23291,48864,51498,46013,49865,51323,58974,67912,72985,45546,57137,39095,53912,9649,19222,705151,495568,121677,68592,156951,107072,46683,302,313
2021-07-06T23:59:59+02:00,4287,4034,44175,46003,85823,84846,80837,81131,81956,88181,84996,88318,52765,65621,42436,58524,10498,21015,93,84,21903,22412,46856,49714,44621,48613,50039,57630,67166,72264,44712,56362,38908,53673,9631,19167,702467,486553,120657,67511,156654,104100,45371,300,313
2021-07-05T23:59:59+02:00,4265,3998,43011,45003,84302,83741,80109,80509,81497,87757,84717,88051,52649,65482,42385,58446,10484,20987,82,72,20709,21335,44892,48108,43600,47650,49011,56667,66466,71645,43950,55499,38734,53449,9606,19127,699112,480539,119600,66639,156289,101012,42099,296,313
2021-07-04T23:59:59+02:00,4237,3975,41645,43771,82660,82428,79382,79904,81024,87329,84444,87847,52556,65355,42342,58393,10471,20958,79,65,19354,20120,43097,46589,42898,46905,48197,55813,65886,71076,43204,54643,38571,53255,9586,19079,695962,475857,118445,65702,155866,98391,38155,296,312
2021-07-03T23:59:59+02:00,3769,3560,40060,42202,81787,81768,78894,79417,80580,86853,84227,87674,52488,65254,42323,58339,10468,20952,75,64,18544,19424,42176,45890,42480,46528,47791,55414,65721,70909,42614,53913,38508,53154,9579,19069,692169,473908,117137,65601,155782,96798,35234,296,312
2021-07-02T23:59:59+02:00,3212,2987,38500,40695,81049,81040,78221,78706,80060,86348,83985,87470,52437,65168,42295,58292,10456,20939,67,56,17769,18687,41016,44923,41740,45825,46956,54630,65198,70456,41661,52706,38378,52964,9563,19050,687093,468796,115733,65130,155631,94294,33114,292,311
2021-07-01T23:59:59+02:00,2563,2440,36775,39020,80066,80161,77378,77873,79355,85711,83670,87189,52312,65011,42232,58190,10438,20909,56,43,16876,17745,39469,43680,40523,44759,45648,53495,64450,69869,40767,51564,38228,52754,9546,19018,680718,462317,114003,63476,155411,91514,30873,291,310
2021-06-30T23:59:59+02:00,2521,2410,35755,37993,78221,78656,75675,76384,78710,85161,83384,86895,52183,64848,42172,58093,10426,20882,47,33,15833,16753,37787,42451,39322,43654,44491,52429,63693,69237,40219,50876,38109,52554,9524,18983,674829,456148,112262,62134,155202,89617,27788,291,308
2021-06-29T23:59:59+02:00,2484,2378,34916,37082,76615,77162,74061,74969,77909,84444,82837,86401,52000,64629,42096,57962,10409,20846,34,24,14995,15839,36470,41302,38407,42827,43265,51373,62973,68650,39508,49938,37973,52335,9502,18939,668436,450928,110387,60297,154933,87667,25156,291,306
2021-06-28T23:59:59+02:00,2443,2344,34087,36253,74996,75748,72376,73573,76887,83654,82233,85901,51825,64403,42019,57856,10396,20814,25,19,14243,15073,35412,40270,37581,42093,42136,50375,62318,68099,38630,48848,37805,52111,9482,18894,661932,446041,108425,58782,154337,85459,22826,291,306
2021-06-27T23:59:59+02:00,2428,2329,33345,35497,73428,74375,70966,72363,75490,82534,81554,85345,51627,64186,41954,57738,10386,20785,20,19,13600,14428,34448,39507,36923,41491,41196,49523,61776,67655,37759,47812,37653,51932,9467,18863,655702,442095,106491,58015,153383,83192,20466,290,304
2021-06-26T23:59:59+02:00,1790,1721,32299,34381,73064,74054,70501,71899,75198,82223,81462,85267,51607,64158,41939,57728,10385,20782,20,18,13405,14216,33775,38963,36275,41068,40673,49186,60783,66643,36762,46676,37484,51719,9453,18830,650885,436084,105553,57960,153379,81249,20354,289,302
2021-06-25T23:59:59+02:00,1170,1125,31170,33191,72560,73520,69887,71204,74771,81773,81082,84941,51545,64071,41906,57685,10380,20768,17,16,13063,13819,32919,38166,35402,40248,39714,48342,59570,65408,36247,45974,37292,51418,9430,18789,644511,427623,104359,57511,153374,80181,20218,289,301
2021-06-24T23:59:59+02:00,557,565,29821,31859,71771,72761,69012,70320,74094,81138,80632,84576,51436,63941,41853,57615,10369,20735,14,13,12390,13102,31736,36861,34176,38979,38578,47223,57931,64034,35766,45455,37135,51228,9411,18730,636635,418223,102873,55950,153262,78291,19999,288,299
2021-06-23T23:59:59+02:00,530,532,29310,31293,70654,71775,67739,69177,73343,80449,80181,84168,51323,63765,41795,57519,10353,20703,12,12,11890,12562,30737,35612,33237,37752,37553,46341,55980,62311,35213,44886,36964,50999,9389,18665,630367,408394,101292,54888,153159,77033,19505,288,295
2021-06-22T23:59:59+02:00,507,515,28785,30684,69479,70739,66531,68148,72664,79743,79768,83795,51216,63638,41748,57435,10344,20677,10,11,11536,12141,29819,34681,32281,36855,36591,45434,54000,60470,34825,44410,36826,50756,9360,18607,623999,399813,99824,53316,153026,75911,19281,288,292
2021-06-21T23:59:59+02:00,475,481,28112,29990,68160,69559,65343,67018,71908,78963,79370,83401,51107,63525,41690,57346,10330,20636,9,11,11240,11820,29192,34089,31728,36285,35981,44840,52156,58811,34114,43604,36530,50334,9331,18531,617147,392210,98323,52119,152904,75228,18757,285,292
2021-06-20T23:59:59+02:00,390,401,27476,29317,66929,68418,64324,66084,71100,78223,79019,83062,51030,63397,41641,57279,10325,20603,5,10,10949,11547,28639,33586,31270,35792,35468,44314,50309,57012,33568,42921,36333,50000,9301,18471,610741,384760,96863,51367,152805,74754,18326,285,288
2021-06-19T23:59:59+02:00,358,367,27086,28940,66196,67848,63796,65577,70301,77569,78867,82938,51010,63371,41625,57263,10324,20603,5,9,10812,11345,28385,33265,31013,35465,35243,44051,48859,55617,33307,42572,36248,49860,9293,18443,606772,379335,95921,51355,152805,74556,18258,285,288
2021-06-18T23:59:59+02:00,330,333,26620,28461,65177,67105,63055,64963,69376,76728,78476,82606,50947,63297,41598,57227,10321,20595,5,9,10592,11100,27985,32837,30679,35054,34851,43650,47114,53935,32951,42055,36111,49649,9273,18408,601319,372442,94677,51065,152799,74327,18137,285,287
2021-06-17T23:59:59+02:00,300,302,25971,27840,63902,66105,62052,64151,67786,75319,77951,82199,50845,63144,41535,57146,10308,20568,5,9,10167,10734,27187,32135,29933,34373,34010,42944,45595,52433,32498,41420,35948,49392,9242,18358,595191,364951,92018,49919,152637,73934,17295,285,284
2021-06-16T23:59:59+02:00,265,264,25431,27231,62597,64972,60940,63182,65520,73388,77105,81544,50632,62935,41443,57034,10289,20536,5,7,9840,10465,26533,31459,29227,33750,33278,42306,44998,51864,32222,41054,35802,49192,9221,18318,588882,361223,87502,49209,152226,72408,16417,283,284
2021-06-15T23:59:59+02:00,226,233,24776,26504,61185,63740,59859,62198,64364,72299,76595,81122,50507,62785,41393,56939,10282,20507,5,7,9567,10181,25928,30723,28589,32996,32598,41581,43440,50232,31771,40495,35630,48957,9191,18253,581678,354481,85872,48310,151772,71157,15912,282,284
2021-06-14T23:59:59+02:00,203,201,24292,25895,60078,62692,58980,61353,63286,71294,76118,80731,50419,62660,41343,56868,10267,20482,4,7,9270,9879,25178,29833,27826,32159,31809,40766,42151,48886,31399,39993,35493,48736,9161,18200,575778,348312,84157,47291,151567,69484,15380,282,283
2021-06-13T23:59:59+02:00,198,186,23878,25423,59134,61781,58207,60565,62177,70326,75651,80309,50328,62544,41292,56809,10256,20452,4,7,8982,9572,24465,28988,27116,31317,31050,39909,40589,47296,30931,39375,35292,48429,9131,18110,570748,341224,82302,46508,151343,67706,14844,281,281
2021-06-12T23:59:59+02:00,185,168,23614,25133,58571,61273,57847,60284,61534,69689,75450,80196,50303,62512,41280,56795,10253,20447,4,7,8861,9451,23989,28408,26591,30737,30519,39346,39489,46322,30763,39197,35198,48263,9127,18099,567774,336961,81348,46505,151336,65827,14797,281,281
2021-06-11T23:59:59+02:00,166,153,23237,24689,57816,60450,57169,59654,60623,68757,75103,79892,50227,62435,41254,56758,10251,20441,4,6,8713,9252,23463,27729,26056,30078,29929,38702,38410,45305,30496,38839,35055,48043,9114,18072,562706,332069,80057,46245,151323,63962,14711,280,279
2021-06-10T23:59:59+02:00,151,136,22691,24097,56669,59512,56241,58836,59360,67581,74562,79492,50155,62327,41230,56709,10236,20412,4,6,8445,8995,22586,26782,25092,29137,28806,37762,37019,44136,30137,38358,34775,47610,9047,17996,557101,325137,77846,45536,151083,61654,14089,280,277
2021-06-09T23:59:59+02:00,132,120,22054,23492,55407,58406,55158,57922,58406,66670,74101,79098,50068,62227,41178,56647,10222,20381,4,5,8143,8731,21653,25913,24160,28256,27771,36807,35297,42343,29744,37854,34589,47340,9005,17905,551274,317675,76383,44803,150733,59746,13022,279,274
2021-06-08T23:59:59+02:00,111,102,21371,22765,54096,57272,54040,56938,57445,65813,73555,78664,49978,62102,41123,56556,10204,20351,3,4,7875,8479,20762,25023,23104,27388,26729,35844,33932,41035,29385,37348,34268,46881,8954,17821,544560,311344,75445,44031,150292,57275,11912,278,273
2021-06-07T23:59:59+02:00,94,85,20712,22124,52652,56012,52779,55959,56286,64825,73001,78258,49892,61992,41077,56492,10191,20325,2,3,7615,8254,19922,24205,22083,26579,25691,34972,32998,40248,29101,36951,34019,46454,8903,17730,537239,306704,74541,43210,149883,54726,10817,277,273
2021-06-06T23:59:59+02:00,87,80,20198,21588,51503,54900,51667,54978,55320,63873,72488,77851,49801,61913,41041,56429,10183,20309,2,3,7400,8057,19138,23309,21184,25707,24618,33985,32080,39428,28811,36608,33766,46063,8852,17656,530887,302140,73514,42466,149546,51804,9987,276,270
2021-06-05T23:59:59+02:00,81,72,19922,21275,50717,54143,51012,54474,54847,63399,72357,77737,49790,61899,41036,56426,10180,20309,2,3,7168,7640,18494,22244,20460,24594,23742,32727,31043,38107,28476,36141,33641,45888,8845,17636,526506,295841,73508,42428,149481,48408,9906,276,268
2021-06-04T23:59:59+02:00,71,66,19463,20686,49648,53123,50189,53605,54188,62611,72015,77411,49762,61860,41016,56411,10178,20304,2,2,6941,7319,17863,21392,19765,23592,22800,31441,29818,36765,28186,35771,33527,45712,8833,17615,519995,289339,73178,42358,149466,45686,9694,275,267
2021-06-03T23:59:59+02:00,61,55,18778,19984,48122,51818,48965,52467,53208,61579,71512,76952,49693,61756,40978,56364,10165,20279,2,2,6648,6918,17124,20343,18959,22443,21786,30008,28650,35273,27642,34986,33321,45385,8796,17539,512179,282567,72163,41603,149192,42461,8930,273,264
2021-06-02T23:59:59+02:00,56,51,18393,19461,47096,50822,48080,51700,52452,60816,71260,76737,49654,61719,40960,56334,10157,20265,1,2,6458,6680,16482,19647,18030,21678,20933,29056,27554,33858,27176,34374,33159,45133,8767,17469,505859,276252,72143,41589,149172,39790,8571,269,255
2021-06-01T23:59:59+02:00,46,46,17705,18714,45228,49084,46424,50239,50933,59352,70579,76139,49560,61607,40901,56261,10145,20217,1,1,6177,6360,15325,18747,16516,20708,19713,27796,26327,32455,26614,33673,32908,44782,8721,17367,496730,269723,70772,41015,148627,36416,6788,264,249
2021-05-31T23:59:59+02:00,44,42,17220,18215,43919,47938,45206,49125,49692,58225,69893,75626,49476,61501,40855,56194,10133,20179,1,1,5899,6024,14281,17908,15107,19784,18533,26677,25091,31108,26091,32952,32713,44483,8687,17266,490463,263406,69607,40469,148161,33498,4990,263,243
2021-05-30T23:59:59+02:00,39,41,16885,17818,42951,46994,44297,48222,48682,57226,69341,75081,49369,61345,40783,56078,10117,20136,1,1,5704,5779,13729,17196,14475,19082,17625,25702,23985,29932,25317,31996,32413,44064,8642,17177,484508,257402,68575,39668,147753,31209,4308,262,233
2021-05-29T23:59:59+02:00,39,40,16748,17690,42586,46675,43953,47957,48440,57035,69283,75028,49363,61339,40776,56074,10117,20135,1,1,5537,5535,13219,16393,13830,18234,16781,24533,22866,28627,25156,31759,32347,43969,8639,17170,482522,251787,68451,39668,147748,28618,4297,261,227
2021-05-28T23:59:59+02:00,38,38,16445,17381,41875,46044,43440,47389,47929,56502,69005,74732,49296,61256,40750,56024,10114,20130,1,1,5290,5148,12682,15473,13147,17370,15914,23293,21757,27183,24901,31390,32252,43836,8629,17154,478203,245697,67944,39565,147724,25681,4257,261,221
2021-05-27T23:59:59+02:00,35,35,15912,16825,40722,45055,42421,46494,46940,55609,68423,74291,49173,61094,40696,55952,10103,20091,1,1,5045,4800,12038,14650,12357,16434,14840,22096,20494,25669,24393,30650,32080,43575,8595,17071,472289,238314,66430,38756,147005,23613,3891,257,215
2021-05-26T23:59:59+02:00,33,34,15497,16383,39620,44123,41382,45621,45910,54730,67816,73779,49018,60911,40612,55788,10080,20043,1,1,4851,4597,11482,13889,11637,15583,13826,20962,19090,24071,23802,29859,31862,43229,8540,16969,467109,231020,64409,37884,146018,21544,3589,256,214
2021-05-25T23:59:59+02:00,33,33,15093,15964,38610,43230,40412,44770,44956,53804,67194,73246,48833,60669,40533,55653,10055,19990,1,1,4628,4390,10937,13239,10866,14810,12752,19720,17655,22565,23212,29078,31624,42902,8483,16874,461750,223619,62828,36940,144907,19629,3339,255,210
2021-05-24T23:59:59+02:00,33,31,14742,15631,37771,42490,39544,44091,44094,53014,66660,72762,48708,60490,40469,55529,10035,19945,1,1,4478,4261,10492,12770,10226,14228,11862,18885,16358,21295,22533,28242,31406,42570,8424,16785,457108,216673,61588,35998,144163,19012,2926,255,208
2021-05-23T23:59:59+02:00,30,31,14574,15450,37305,42113,39090,43689,43643,52606,66388,72533,48621,60396,40430,55482,10028,19921,1,1,4290,4118,10023,12293,9604,13620,10914,18063,15156,20227,22057,27664,31153,42278,8373,16699,453893,209640,61206,35916,144140,17938,2836,255,204
2021-05-22T23:59:59+02:00,28,29,14377,15233,36611,41546,38403,43230,43066,52191,65367,71514,48414,60137,40358,55367,10018,19900,1,1,4178,3821,9807,11875,9451,13297,10672,17616,14884,19826,21964,27547,31119,42236,8366,16690,447402,208408,61202,35913,144125,16021,2805,255,204
2021-05-21T23:59:59+02:00,27,28,13987,14820,35534,40630,37339,42306,41993,51283,64010,70222,48182,59798,40277,55218,10001,19867,1,1,4064,3721,9596,11605,9233,13027,10334,17284,14466,19453,21742,27260,31056,42144,8357,16682,437757,206422,60841,35607,143886,15012,2786,252,199
2021-05-20T23:59:59+02:00,24,28,13175,14074,34093,39180,35916,40908,40586,50078,62712,69071,47888,59457,40130,55036,9980,19817,1,1,3906,3543,9068,10996,8580,12312,9632,16437,13711,18487,20920,26139,30861,41845,8318,16595,427500,202036,59137,34757,142867,11961,2400,249,198
2021-05-19T23:59:59+02:00,24,27,12631,13496,32916,37769,34816,39528,39453,49115,60702,67297,47406,58899,39942,54771,9937,19711,1,1,3799,3403,8788,10619,8281,11939,9190,15929,13070,17821,20050,25008,30633,41540,8261,16480,416620,197770,57622,33943,141754,10710,2197,247,193
2021-05-18T23:59:59+02:00,22,27,12201,13034,31876,36756,33733,38614,38411,48180,58635,65428,47051,58452,39786,54530,9905,19651,1,1,3593,3235,8289,10024,7811,11397,8639,15256,12383,17051,19107,23771,30395,41198,8223,16374,407921,193652,55665,33097,140564,7908,1898,244,193
2021-05-17T23:59:59+02:00,20,26,11944,12748,31355,36197,33238,38051,37816,47545,56738,63719,46345,57627,39507,54131,9867,19578,1,1,3505,3124,8021,9745,7510,11098,8237,14842,11805,16439,18182,22634,30160,40878,8187,16299,400318,189248,54533,32353,139752,7277,1606,243,184
2021-05-16T23:59:59+02:00,20,26,11724,12492,30824,35692,32775,37557,37291,46970,54837,61884,45793,56928,39313,53814,9839,19522,1,1,3406,3020,7731,9449,7186,10755,7765,14376,11218,15850,17252,21480,29950,40588,8149,16230,393326,184948,53562,31502,139082,6685,1090,241,182
2021-05-15T23:59:59+02:00,20,26,11563,12283,30543,35359,32535,37235,37060,46705,53267,60403,45542,56623,39236,53675,9833,19494,1,1,3382,3000,7702,9417,7170,10733,7745,14361,11197,15825,17139,21263,29738,40278,8141,16220,387496,183930,53558,31499,139035,6630,1073,240,181
2021-05-14T23:59:59+02:00,20,26,11310,11990,30063,34844,32149,36771,36536,46224,51380,58559,45179,56120,39096,53469,9816,19454,1,1,3352,2974,7629,9340,7106,10657,7677,14297,11011,15623,16399,20191,29452,39786,8124,16180,379623,180953,53226,31159,138899,6488,1019,239,181
2021-05-13T23:59:59+02:00,18,25,11016,11648,29411,34189,31539,36165,35852,45546,49900,57039,44745,55494,38925,53222,9789,19407,1,1,3272,2922,7497,9230,7011,10559,7570,14185,10674,15274,15339,18943,29067,39145,8081,16105,372441,177114,52209,30592,138147,6097,895,238,178
2021-05-12T23:59:59+02:00,17,23,10881,11498,29118,33863,31268,35869,35528,45227,49615,56724,44650,55381,38873,53145,9782,19368,1,0,3258,2895,7462,9192,6977,10520,7537,14141,10499,15115,14955,18503,28759,38657,8059,16058,369714,175011,52120,30579,137990,6050,771,235,177
2021-05-11T23:59:59+02:00,16,20,10515,11163,28257,33042,30442,35110,34661,44438,47872,54946,44189,54780,38698,52858,9744,19265,1,0,3165,2798,7216,8913,6744,10217,7317,13772,10017,14564,13961,17349,28340,38036,8020,15964,362743,171289,50410,29678,136088,4709,542,233,176
2021-05-10T23:59:59+02:00,15,20,10203,10871,27514,32338,29660,34414,33891,43667,46566,53670,43802,54271,38511,52557,9694,19151,1,0,3121,2749,7086,8788,6644,10096,7171,13592,9747,14260,13255,16479,27911,37420,7995,15883,356472,168440,49290,29292,134396,3865,428,229,173
2021-05-09T23:59:59+02:00,14,20,9956,10615,26823,31644,28999,33717,33166,42968,45025,52186,43302,53644,38313,52252,9657,19065,1,0,3073,2701,6958,8649,6539,9957,7055,13377,9434,13944,12454,15577,27543,36877,7975,15827,349336,165562,48218,28739,133247,3127,342,223,171
2021-05-08T23:59:59+02:00,14,20,9862,10542,26440,31341,28544,33397,32697,42658,43970,51356,43148,53479,38274,52192,9654,19059,1,0,3068,2696,6948,8642,6533,9948,7046,13364,9424,13931,12417,15514,26862,35924,7938,15751,344752,163681,48178,28711,133158,3108,336,223,171
2021-05-07T23:59:59+02:00,14,20,9714,10391,25961,30951,28085,33016,32188,42301,42922,50524,42876,53134,38164,52036,9642,19032,1,0,2999,2666,6881,8593,6473,9888,6993,13309,9249,13708,11782,14702,25911,34529,7891,15669,339568,159531,47869,28338,132998,2888,316,220,171
2021-05-06T23:59:59+02:00,12,19,9300,10094,25042,30177,27017,32212,30956,41469,41302,49308,42487,52582,37969,51794,9604,18958,1,0,2923,2617,6749,8448,6352,9758,6840,13118,8974,13398,11125,13833,24944,33140,7856,15607,331673,155703,46789,27374,131326,2138,299,215,169
2021-05-05T23:59:59+02:00,12,18,8917,9891,24158,29570,26158,31557,29867,40677,39318,47490,42038,52033,37759,51509,9547,18845,1,0,2878,2584,6626,8315,6250,9642,6735,12973,8725,13135,10407,12996,23926,31813,7827,15535,323794,151768,45936,26483,129202,1734,218,214,165
2021-05-04T23:59:59+02:00,12,17,8671,9646,23371,28921,25180,30816,28794,39835,37786,46019,41564,51445,37480,51163,9496,18722,1,0,2834,2559,6550,8243,6160,9565,6653,12884,8484,12908,9663,12126,22979,30564,7793,15472,317086,147961,44964,25677,126562,1524,114,212,162
2021-05-03T23:59:59+02:00,12,16,8456,9431,22671,28341,24346,30210,27885,39133,36819,45266,41214,50974,37264,50871,9444,18620,1,0,2785,2523,6476,8159,6079,9493,6563,12799,8255,12688,8900,11220,22059,29344,7762,15421,312192,144170,44188,24850,124312,1278,75,206,154
2021-05-02T23:59:59+02:00,12,16,8287,9266,22030,27762,23611,29615,27065,38509,35999,44625,40955,50643,37152,50684,9409,18563,1,0,2747,2498,6434,8118,6040,9456,6521,12757,8073,12513,8297,10476,21347,28474,7741,15402,307347,140961,43420,24575,123171,1144,66,199,149
2021-05-01T23:59:59+02:00,11,16,8130,9078,21654,27311,23131,29046,26422,37790,35171,43730,40688,50266,37053,50531,9403,18546,1,0,2741,2491,6408,8107,6022,9446,6503,12744,8057,12496,8259,10411,21309,28417,7737,15398,301229,140664,43418,24568,123066,1102,65,199,148
2021-04-30T23:59:59+02:00,11,15,7977,8894,21261,26886,22681,28476,25667,37002,34151,42757,40455,49942,36955,50377,9391,18522,1,0,2716,2477,6382,8088,6000,9426,6473,12723,8021,12462,8217,10342,21259,28334,7734,15388,294873,140344,43411,24490,122881,1006,58,197,145
2021-04-29T23:59:59+02:00,10,15,7692,8652,20662,26305,22009,27792,24732,36036,32873,41412,39409,48539,36638,49906,9333,18394,1,0,2679,2439,6290,7978,5912,9323,6377,12581,7815,12186,7589,9611,20849,27816,7710,15313,286088,138260,42627,23254,121445,754,58,191,143
2021-04-28T23:59:59+02:00,9,14,7406,8433,20140,25839,21369,27197,23849,35187,31468,39957,38243,46947,36294,49412,9271,18252,1,0,2604,2389,6172,7855,5801,9188,6271,12423,7586,11907,6886,8754,20430,27233,7670,15242,277390,135746,41850,21949,119803,524,57,187,136
2021-04-27T23:59:59+02:00,8,14,7214,8250,19713,25407,20745,26658,22990,34403,30246,38623,37148,45497,35912,48842,9201,18126,1,0,2577,2365,6071,7755,5748,9091,6203,12298,7369,11711,6280,8016,20029,26732,7650,15219,269526,133650,40982,21001,118249,276,57,183,131
2021-04-26T23:59:59+02:00,7,14,7030,8082,19292,24981,20195,26131,22176,33643,29028,37381,36087,44070,35604,48354,9150,17999,1,0,2562,2354,6025,7713,5703,9050,6164,12253,7181,11547,5666,7277,19654,26287,7627,15191,261796,131676,40158,20155,117043,244,52,175,128
2021-04-25T23:59:59+02:00,7,13,6921,7946,18954,24708,19815,25789,21561,33017,28032,36417,34946,42637,35284,47925,9108,17917,1,0,2547,2345,6006,7685,5683,9031,6143,12226,7141,11520,5537,7092,19317,25822,7611,15147,254553,131035,39441,19409,116779,232,51,173,127
2021-04-24T23:59:59+02:00,7,13,6752,7765,18511,24282,19260,25251,20774,32215,26942,35361,34695,42322,35191,47760,9098,17905,1,0,2543,2338,5994,7674,5671,9019,6138,12222,7130,11513,5462,6977,19222,25680,7608,15139,248568,130571,39436,19368,115876,215,51,173,126
2021-04-23T23:59:59+02:00,7,13,6520,7562,18063,23804,18687,24634,19937,31396,25773,34156,33913,41149,35047,47527,9084,17882,1,0,2537,2318,5966,7653,5631,8979,6091,12176,7082,11460,5298,6699,18682,25048,7508,14968,240939,128710,39106,19020,114887,193,49,173,125
2021-04-22T23:59:59+02:00,6,12,6302,7353,17454,23215,17892,23850,18883,30369,24443,32712,32869,39792,34802,47169,9044,17803,1,0,2521,2302,5918,7600,5580,8893,6012,12096,7004,11388,5011,6275,17965,24172,7387,14772,231864,126522,38177,18047,113710,158,49,170,121
2021-04-21T23:59:59+02:00,6,11,6100,7168,16925,22742,17229,23244,17892,29464,22887,31115,31858,38551,34504,46727,8995,17714,1,0,2497,2285,5873,7541,5518,8818,5944,11994,6908,11307,4849,6000,17264,23318,7271,14588,222938,124413,37403,17270,112574,126,49,168,118
2021-04-20T23:59:59+02:00,5,10,5912,6971,16358,22266,16475,22590,16889,28460,21410,29640,30703,37053,34186,46281,8941,17614,1,0,2483,2271,5822,7500,5473,8772,5897,11925,6829,11243,4731,5843,16660,22542,7144,14407,213873,122716,36512,16550,111164,117,48,167,112
2021-04-19T23:59:59+02:00,5,10,5725,6808,15828,21842,15795,22037,15889,27583,20011,28231,29314,35404,33867,45796,8881,17497,1,0,2472,2254,5798,7466,5436,8739,5858,11879,6748,11164,4602,5683,16013,21823,7036,14245,205121,121061,35729,15883,109461,114,48,164,111
2021-04-18T23:59:59+02:00,4,10,5536,6665,15395,21517,15172,21474,14913,26788,18673,27093,27922,33751,33531,45370,8819,17408,1,0,2422,2208,5666,7340,5319,8626,5751,11724,6641,11046,4482,5498,15423,21157,6920,14063,196548,119405,34896,14616,108388,110,48,161,108
2021-04-17T23:59:59+02:00,4,9,5498,6628,15239,21439,14997,21388,14677,26610,18418,26871,27416,33205,33406,45222,8810,17393,1,0,2395,2169,5566,7186,5214,8470,5651,11537,6553,10915,4429,5436,15177,20862,6910,14049,195320,117650,34890,14612,106811,102,48,161,108
2021-04-16T23:59:59+02:00,4,9,5433,6573,15056,21283,14784,21224,14387,26361,18001,26456,26369,31976,33270,45013,8790,17370,1,0,2351,2118,5450,6996,5070,8287,5501,11294,6351,10691,4226,5200,14527,20067,6813,13904,191944,114389,34603,14211,105603,94,48,161,105
2021-04-15T23:59:59+02:00,4,8,5360,6492,14840,21069,14515,20939,13949,26008,17357,25822,24996,30358,33011,44688,8756,17288,1,0,2278,2033,5253,6759,4872,7970,5294,10972,6137,10405,4024,4948,13693,18985,6698,13737,187344,110557,33789,13266,104120,85,48,159,103
2021-04-14T23:59:59+02:00,4,8,5280,6422,14632,20867,14259,20714,13564,25674,16687,25197,23406,28565,32697,44288,8701,17194,1,0,2084,1909,5033,6497,4685,7719,5065,10722,5903,10115,3889,4741,12959,18063,6569,13523,182715,107435,32917,11811,102323,80,48,156,103
2021-04-13T23:59:59+02:00,4,8,5223,6370,14423,20735,14010,20524,13215,25372,16110,24688,21683,26704,32377,43871,8671,17085,1,0,1996,1854,4864,6305,4498,7492,4865,10467,5692,9874,3741,4570,12439,17448,6443,13360,178420,104997,32036,10694,100416,69,47,154,102
2021-04-12T23:59:59+02:00,4,7,5161,6301,14204,20539,13704,20261,12825,24955,15524,24136,20071,24757,32086,43508,8629,17010,1,0,1868,1760,4681,6144,4347,7315,4701,10273,5555,9715,3620,4414,12005,16936,6331,13198,174027,103298,30978,9353,98479,67,47,151,99
2021-04-11T23:59:59+02:00,4,7,5089,6223,13982,20341,13405,20047,12406,24601,14956,23620,18560,22974,31825,43166,8584,16928,1,0,1829,1721,4559,6031,4235,7189,4578,10141,5418,9584,3504,4292,11511,16326,6198,12990,169714,101529,30018,8373,96794,65,45,147,95
2021-04-10T23:59:59+02:00,4,7,5084,6214,13961,20324,13394,20034,12388,24582,14930,23597,17867,22049,31534,42746,8566,16901,1,0,1824,1707,4543,6020,4219,7174,4564,10127,5365,9516,3399,4176,10955,15494,6067,12792,168624,99372,29990,8373,95380,63,41,147,94
2021-04-09T23:59:59+02:00,4,7,5070,6194,13919,20273,13342,19976,12336,24522,14662,23342,16344,20152,31128,42098,8532,16858,1,0,1797,1688,4519,6003,4192,7147,4520,10088,5327,9468,3312,4055,10085,14505,5918,12593,165966,96904,29648,8122,92962,61,39,144,92
2021-04-08T23:59:59+02:00,4,7,5024,6165,13818,20197,13259,19896,12230,24418,14319,22979,14567,17929,30507,41092,8469,16734,1,0,1772,1673,4489,5950,4141,7061,4455,10006,5251,9391,3204,3951,9606,13897,5712,12346,162100,95038,28616,7686,90726,60,32,140,90
2021-04-07T23:59:59+02:00,4,7,4989,6133,13704,20109,13160,19803,12120,24307,13926,22610,13027,16066,29857,40108,8415,16633,1,0,1752,1658,4435,5881,4053,6986,4365,9922,5162,9289,3113,3857,8842,12798,5472,11939,157577,92446,27734,6908,89501,52,30,136,89
2021-04-06T23:59:59+02:00,4,7,4958,6109,13604,20042,13077,19745,12041,24243,13548,22258,11389,14057,29196,39137,8383,16562,1,0,1688,1603,4304,5752,3942,6861,4246,9771,5056,9156,2997,3737,8133,11863,5197,11572,153557,90049,26852,5663,87790,50,28,133,89
2021-04-05T23:59:59+02:00,4,6,4919,6079,13530,19974,13007,19673,11984,24164,13270,22006,9772,12104,28469,38084,8348,16499,1,0,1618,1535,4151,5598,3774,6704,4094,9619,4900,9025,2864,3620,7316,10893,4927,11180,150336,87660,25836,4000,85568,47,24,128,88
2021-04-04T23:59:59+02:00,4,6,4901,6061,13520,19948,12997,19654,11977,24144,13168,21931,8745,10841,28018,37442,8323,16442,1,0,1615,1532,4143,5592,3773,6699,4088,9616,4898,9016,2858,3611,7077,10422,4844,11054,148586,86692,25831,3999,83558,41,22,125,85
2021-04-03T23:59:59+02:00,4,6,4898,6051,13502,19928,12983,19642,11967,24133,13153,21911,7836,9773,27137,36198,8273,16330,1,0,1611,1528,4141,5587,3772,6696,4080,9604,4884,9002,2851,3597,6934,10154,4805,10972,146102,86074,25823,3999,81655,40,21,124,85
2021-04-02T23:59:59+02:00,4,6,4892,6031,13466,19900,12943,19597,11920,24083,13078,21844,7324,9024,25547,34096,8129,16060,1,0,1600,1512,4115,5562,3747,6656,4044,9543,4763,8717,2722,3440,6559,9754,4657,10765,141639,84243,25480,3771,80683,40,19,123,84
2021-04-01T23:59:59+02:00,3,6,4842,5971,13368,19757,12824,19445,11773,23927,12476,21397,6760,8310,24038,32125,8002,15820,1,0,1536,1464,4003,5441,3681,6583,3976,9476,4682,8612,2625,3298,6042,9071,4479,10486,137432,81962,24341,3360,78932,36,18,121,80
2021-03-31T23:59:59+02:00,3,6,4789,5914,13243,19600,12689,19287,11582,23747,12213,21135,6435,7935,22553,30165,7848,15590,1,0,1523,1453,3978,5417,3648,6554,3938,9429,4641,8554,2558,3221,5552,8421,4300,10247,133474,80162,23244,3142,77880,36,15,121,80
2021-03-30T23:59:59+02:00,3,6,4723,5846,13106,19450,12575,19106,11453,23582,12044,20997,6244,7721,21162,28430,7702,15385,1,0,1506,1416,3937,5383,3583,6482,3847,9314,4508,8384,2418,3014,5127,7860,4157,9989,130099,77916,22317,2898,76991,24,10,118,78
2021-03-29T23:59:59+02:00,3,6,4682,5803,12985,19356,12506,19022,11372,23471,11891,20862,6084,7522,19733,26745,7575,15182,1,0,1447,1375,3882,5336,3508,6410,3726,9170,4353,8191,2294,2874,4560,7186,4000,9712,126489,75237,21449,2681,76737,23,9,116,75
2021-03-28T23:59:59+02:00,3,6,4635,5734,12863,19214,12419,18929,11269,23369,11779,20756,5932,7314,18549,25238,7455,14984,1,0,1414,1332,3784,5228,3314,6183,3637,9052,4300,8134,2240,2808,3803,6167,3814,9441,123470,72174,20653,2383,76203,16,9,113,70
2021-03-27T23:59:59+01:00,3,6,4602,5684,12754,19050,12303,18767,11152,23164,11670,20609,5863,7226,18259,24891,7444,14966,1,0,1407,1329,3779,5224,3311,6176,3352,8701,4101,7836,2234,2805,3790,6132,3777,9375,121629,70858,20613,2383,76050,12,9,112,68
2021-03-26T23:59:59+01:00,3,5,4563,5627,12639,18856,12166,18566,11000,22932,11507,20394,5696,7009,17648,24096,7345,14815,1,0,1405,1327,3774,5217,3287,6158,3332,8681,3885,7385,2054,2397,3525,5845,3625,9135,118513,68571,20271,2376,75966,10,8,109,68
2021-03-25T23:59:59+01:00,3,5,4487,5534,12441,18614,11964,18242,10789,22603,11264,20067,5480,6721,16616,22788,7217,14625,1,0,1396,1315,3755,5191,3252,6131,3280,8643,3836,7342,1980,2284,3088,5159,3463,8826,114536,66587,19194,2274,75615,7,8,107,66
2021-03-24T23:59:59+01:00,3,5,4404,5420,12220,18158,11745,17824,10563,22207,11031,19693,5208,6372,15572,21569,7075,14397,1,0,1373,1301,3730,5146,3216,6067,3226,8571,3784,7268,1925,2226,2779,4824,3310,8552,111410,65190,18100,2032,73841,7,8,107,62
2021-03-23T23:59:59+01:00,3,5,4347,5349,12051,17815,11541,17467,10370,21838,10802,19401,5065,6169,14928,20751,6936,14222,1,0,1355,1293,3713,5125,3194,6050,3200,8519,3742,7225,1885,2166,2547,4547,3097,8223,109010,63818,17365,1990,72570,5,8,107,61
2021-03-22T23:59:59+01:00,3,5,4295,5270,11851,17479,11354,17143,10147,21514,10587,19097,4912,5958,14309,20035,6804,14038,1,0,1342,1283,3682,5092,3162,6013,3173,8462,3705,7180,1840,2111,2350,4293,2899,7885,107137,62552,16644,1849,70906,4,8,106,60
2021-03-21T23:59:59+01:00,3,5,4222,5145,11568,17065,11070,16740,9876,21057,10329,18740,4798,5785,13612,19245,6660,13831,1,0,1333,1282,3665,5076,3140,5980,3150,8435,3686,7156,1819,2081,2181,4129,2727,7613,105243,61542,15344,1844,69052,4,7,105,57
2021-03-20T23:59:59+01:00,3,5,4193,5075,11425,16735,10947,16426,9734,20761,10153,18458,4669,5623,12983,18298,6519,13615,1,0,1332,1281,3664,5074,3137,5979,3147,8430,3680,7150,1814,2076,2149,4067,2701,7570,103043,61340,15339,1844,67129,4,7,104,57
2021-03-19T23:59:59+01:00,3,4,4147,4993,11256,16371,10761,16073,9557,20380,9932,18099,4510,5427,11955,17089,6357,13404,1,0,1324,1274,3647,5045,3107,5901,3102,8335,3574,6973,1687,1964,2073,4001,2591,7360,100332,60051,14928,1840,64950,4,7,101,57
2021-03-18T23:59:59+01:00,3,4,4059,4886,11008,15944,10498,15626,9275,19913,9708,17756,4364,5261,11328,16217,6126,13137,1,0,1320,1263,3630,5010,3087,5857,3080,8279,3547,6924,1666,1931,2037,3932,2464,7149,98522,59364,13920,1748,62566,4,7,98,54
2021-03-17T23:59:59+01:00,3,4,3881,4768,10710,15530,10240,15267,9032,19550,9453,17406,4243,5094,10511,14974,5862,12712,1,0,1319,1260,3616,4991,3079,5837,3070,8245,3528,6901,1662,1906,2013,3901,2352,6964,95856,58853,12374,1732,60907,4,5,98,51
2021-03-16T23:59:59+01:00,3,4,3737,4642,10374,15066,9971,14897,8755,19104,9155,17039,4102,4926,9690,13848,5581,12354,1,0,1305,1257,3612,4984,3069,5832,3064,8232,3519,6886,1635,1880,1974,3849,2231,6782,93523,58399,11180,1654,58445,4,4,96,51
2021-03-15T23:59:59+01:00,3,4,3590,4522,10059,14604,9679,14440,8455,18629,8865,16629,3954,4757,8972,12781,5354,12028,1,0,1295,1249,3591,4972,3057,5808,3042,8193,3499,6843,1618,1864,1955,3817,2114,6594,91545,57805,9816,1651,55870,4,3,91,49
2021-03-14T23:59:59+01:00,3,4,3518,4430,9802,14175,9428,14043,8134,18138,8583,16235,3791,4569,8163,11541,5043,11563,1,0,1281,1242,3570,4954,3036,5766,3020,8114,3471,6775,1591,1809,1894,3689,1946,6195,89213,57273,8793,1028,53068,4,1,88,48
2021-03-13T23:59:59+01:00,3,4,3435,4171,9487,13505,9178,13459,7905,17549,8371,15793,3679,4462,7968,11244,4991,11471,1,0,1281,1242,3570,4954,3035,5765,3019,8113,3468,6772,1588,1808,1892,3685,1945,6194,88535,57253,8792,1028,49259,4,1,88,46
2021-03-12T23:59:59+01:00,3,4,3369,4023,9238,12972,8940,12932,7670,16914,8010,15040,3514,4291,7577,10833,4851,11281,1,0,1277,1238,3565,4940,3032,5760,3012,8105,3464,6765,1561,1779,1870,3667,1846,6013,86736,56820,8541,1025,46098,4,1,86,45
2021-03-11T23:59:59+01:00,3,4,3210,3750,8856,12214,8634,12258,7336,16126,7661,14389,3352,4087,7014,10111,4655,10974,1,0,1258,1227,3532,4896,2987,5681,2977,7982,3412,6666,1514,1724,1786,3461,1642,5478,84265,56056,8085,124,42201,3,1,82,40
2021-03-10T23:59:59+01:00,3,4,3141,3642,8365,11709,7955,11779,7016,15632,7360,13793,3190,3924,6444,9414,4478,10697,1,0,1247,1213,3502,4839,2953,5603,2941,7844,3358,6544,1471,1680,1724,3362,1520,5191,82408,54853,7529,101,38529,0,1,79,38
2021-03-09T23:59:59+01:00,3,3,3033,3463,7690,11263,7076,11304,6598,15022,6994,13186,2953,3620,5931,8772,4320,10412,1,0,1242,1210,3479,4793,2926,5538,2924,7792,3339,6498,1457,1655,1688,3320,1408,4985,80082,54153,6159,66,35323,0,1,78,35
2021-03-08T23:59:59+01:00,3,3,2859,3224,7060,10721,6268,10822,6197,14501,6595,12616,2739,3409,5324,8034,4170,10140,1,0,1236,1203,3457,4729,2901,5461,2885,7697,3307,6423,1450,1646,1685,3310,1403,4982,77250,53676,5011,64,32348,0,1,75,35
2021-03-07T23:59:59+01:00,3,3,2746,3090,6730,10223,5861,10280,5901,14052,6349,12224,2639,3314,4561,6972,3953,9857,1,0,1232,1200,3453,4724,2896,5448,2881,7680,3299,6409,1444,1632,1662,3269,1386,4938,73988,53458,4177,61,30523,0,1,69,34
2021-03-06T23:59:59+01:00,3,3,2701,2948,6546,9776,5662,9864,5425,13190,5972,11486,2617,3285,4555,6961,3950,9854,1,0,1232,1199,3449,4718,2894,5447,2880,7679,3298,6406,1443,1629,1662,3267,1385,4938,72757,53432,4177,61,27795,0,1,68,33
2021-03-05T23:59:59+01:00,3,3,2602,2688,6333,9199,5447,9470,5247,12623,5592,10502,2388,2817,4174,6579,3812,9633,1,0,1218,1196,3433,4702,2889,5434,2870,7661,3286,6387,1429,1621,1661,3263,1380,4934,70416,53272,3941,61,24686,0,1,68,31
2021-03-04T23:59:59+01:00,3,3,2520,2478,6120,8768,5288,9129,5065,12198,5414,10124,2292,2647,3614,5752,3641,9286,1,0,1206,1180,3389,4604,2857,5366,2838,7564,3254,6311,1408,1611,1647,3249,1370,4923,68344,52693,3492,58,22438,0,1,67,26
2021-03-03T23:59:59+01:00,2,3,2461,2421,5948,8356,5118,8763,4849,11748,5225,9676,2209,2541,3205,5310,3480,8988,1,0,1185,1170,3354,4557,2819,5300,2796,7465,3206,6235,1388,1584,1627,3218,1364,4905,66904,52096,3247,54,20085,0,1,66,23
2021-03-02T23:59:59+01:00,2,3,2403,2327,5788,8023,4960,8509,4684,11347,5059,9356,2138,2450,2898,4948,3261,8662,1,0,1180,1159,3335,4535,2804,5273,2778,7416,3198,6207,1383,1574,1609,3198,1361,4900,65520,51835,2984,53,18249,0,0,65,23
2021-03-01T23:59:59+01:00,2,3,2376,2296,5681,7806,4860,8364,4598,11194,4957,9181,2081,2372,2599,4624,3070,8342,1,0,1174,1156,3320,4517,2792,5244,2761,7370,3182,6179,1377,1571,1602,3189,1358,4894,64243,51611,2760,53,17340,0,0,63,23
2021-02-28T23:59:59+01:00,2,3,2323,2250,5500,7544,4686,8143,4461,11008,4846,9050,2040,2306,2301,4320,2866,8026,1,0,1164,1150,3306,4507,2785,5237,2756,7356,3174,6165,1372,1568,1594,3169,1357,4860,63112,51447,2454,53,16046,0,0,63,21
2021-02-27T23:59:59+01:00,2,3,2233,1938,5327,7120,4587,7835,4378,10661,4772,8800,2011,2245,2270,4274,2844,7974,1,0,1160,1146,3304,4505,2780,5235,2752,7353,3169,6161,1371,1568,1592,3165,1356,4859,62870,51408,2454,50,13888,0,0,62,19
2021-02-26T23:59:59+01:00,2,3,2166,1858,5180,6886,4440,7576,4226,10395,4563,8514,1882,2136,2209,4233,2735,7791,1,0,1139,1133,3288,4471,2767,5195,2741,7301,3148,6107,1365,1557,1588,3157,1355,4857,61533,51103,2448,49,12754,0,0,60,18
2021-02-25T23:59:59+01:00,2,3,2033,1754,4855,6478,4012,7124,3941,9876,4329,8132,1823,2077,2178,4174,2618,7596,1,0,1120,1115,3248,4425,2736,5144,2695,7194,3108,6014,1353,1541,1571,3116,1341,4798,61051,50457,2340,47,9555,0,0,59,16
2021-02-24T23:59:59+01:00,2,3,1998,1688,4738,6264,3908,6912,3819,9633,4206,7973,1800,2043,2147,4131,2503,7396,1,0,1107,1109,3218,4361,2701,5079,2669,7109,3080,5943,1337,1523,1547,3066,1329,4729,60500,49858,2095,35,8510,0,0,59,15
2021-02-23T23:59:59+01:00,2,3,1767,1545,4367,5778,3626,6526,3597,9252,4048,7689,1768,2010,2102,4083,2389,7211,1,0,1088,1097,3182,4333,2673,5021,2644,7033,3044,5884,1317,1503,1520,3031,1319,4674,60031,49328,2048,21,5626,0,0,58,15
2021-02-22T23:59:59+01:00,2,3,1757,1526,4317,5718,3589,6464,3530,9156,3987,7594,1734,1983,2076,4032,2268,7013,1,0,1082,1083,3160,4289,2653,4982,2619,6974,3014,5830,1304,1487,1509,3020,1311,4665,59482,48956,1906,12,5304,0,0,57,15
2021-02-21T23:59:59+01:00,2,3,1744,1520,4285,5684,3545,6426,3490,9103,3943,7543,1722,1974,2071,4022,2144,6846,1,0,1074,1072,3138,4248,2623,4930,2604,6906,2985,5743,1291,1471,1485,2959,1282,4584,59125,48371,1900,10,4989,0,0,53,15
2021-02-20T23:59:59+01:00,2,3,1740,1519,4278,5681,3542,6423,3489,9101,3940,7542,1717,1971,2069,4018,2143,6846,1,0,1074,1072,3135,4246,2623,4930,2603,6905,2985,5743,1291,1470,1484,2959,1282,4584,59106,48362,1900,10,4967,0,0,51,15
2021-02-19T23:59:59+01:00,2,3,1711,1509,4264,5661,3531,6409,3478,9091,3931,7525,1690,1942,2048,4000,2043,6662,1,0,1073,1070,3133,4244,2622,4929,2603,6902,2982,5741,1291,1469,1484,2957,1282,4584,58681,48343,1894,10,4876,0,0,49,14
2021-02-18T23:59:59+01:00,2,3,1658,1476,4169,5549,3459,6305,3390,8926,3843,7382,1667,1906,2015,3928,1911,6461,1,0,1024,1028,2993,4026,2495,4661,2492,6564,2874,5476,1257,1425,1452,2870,1253,4429,58021,46299,1804,8,4178,0,0,47,13
2021-02-17T23:59:59+01:00,2,2,1635,1446,4072,5400,3374,6151,3272,8691,3715,7180,1611,1834,1937,3822,1785,6145,0,0,966,979,2844,3804,2379,4351,2367,6154,2745,5164,1206,1362,1404,2757,1203,4251,56775,43916,1792,7,3462,0,0,45,13
2021-02-16T23:59:59+01:00,2,2,1558,1379,3910,5210,3239,5970,3163,8458,3593,7017,1587,1808,1902,3793,1664,5934,0,0,879,948,2711,3649,2282,4141,2242,5833,2615,4912,1148,1267,1256,2452,936,3619,56078,40877,1776,4,2294,0,0,41,9
2021-02-15T23:59:59+01:00,2,2,1539,1360,3861,5125,3179,5884,3106,8344,3527,6911,1573,1792,1887,3770,1655,5911,0,0,843,925,2632,3520,2208,3962,2162,5555,2527,4701,1102,1201,1163,2273,865,3389,55606,39020,1772,2,2010,0,0,40,6
2021-02-14T23:59:59+01:00,2,2,1474,1330,3780,5051,3136,5779,3051,8191,3484,6802,1553,1760,1833,3639,1596,5652,0,0,834,919,2580,3452,2167,3894,2108,5435,2461,4595,1074,1162,1073,2096,789,3139,55364,37771,1142,2,1569,0,0,40,5
2021-02-13T23:59:59+01:00,2,2,1470,1329,3771,5045,3129,5778,3047,8189,3481,6800,1552,1756,1833,3637,1594,5652,0,0,834,919,2580,3452,2167,3893,2106,5434,2460,4595,1071,1161,1073,2096,789,3139,55341,37766,1141,0,1545,0,0,40,3
2021-02-12T23:59:59+01:00,2,1,1432,1310,3734,5012,3106,5758,3025,8156,3462,6756,1536,1746,1823,3620,1585,5631,0,0,826,912,2547,3399,2133,3848,2076,5381,2442,4564,1070,1159,1072,2094,788,3137,55115,37446,1138,0,1403,0,0,39,2
2021-02-11T23:59:59+01:00,2,1,1378,1262,3619,4842,3014,5584,2927,7847,3362,6543,1476,1685,1753,3436,1493,5285,0,0,786,847,2290,2953,1905,3373,1845,4635,2169,4033,980,1087,974,1895,729,2854,54474,33355,145,0,855,0,0,35,0
2021-02-10T23:59:59+01:00,2,1,1352,1239,3557,4737,2949,5479,2884,7697,3309,6410,1457,1667,1725,3398,1479,5246,0,0,703,787,1997,2544,1694,2929,1608,4026,1910,3573,868,940,803,1516,584,2330,53824,28812,143,0,589,0,0,32,0
2021-02-09T23:59:59+01:00,2,1,1340,1220,3502,4668,2920,5410,2863,7605,3272,6341,1449,1651,1697,3375,1469,5233,0,0,653,707,1734,2195,1502,2543,1423,3526,1738,3213,836,907,778,1438,562,2214,53514,25969,138,0,334,0,0,32,0
2021-02-08T23:59:59+01:00,2,1,1326,1216,3473,4638,2900,5372,2841,7554,3252,6312,1437,1644,1687,3349,1467,5214,0,0,638,670,1583,1959,1361,2286,1291,3218,1580,2950,796,886,729,1330,529,2039,53210,23845,113,0,331,0,0,31,0
2021-02-07T23:59:59+01:00,2,1,1193,1173,3369,4583,2846,5329,2814,7516,3226,6274,1427,1626,1678,3326,1460,5181,0,0,493,523,1314,1603,1120,1836,1079,2628,1351,2426,692,757,648,1169,483,1811,52912,19933,85,0,0,0,0,27,0
2021-02-06T23:59:59+01:00,2,1,1189,1171,3367,4581,2842,5327,2807,7513,3222,6271,1426,1624,1677,3322,1459,5180,0,0,370,372,1114,1355,984,1532,937,2220,1185,2009,604,658,620,1151,480,1808,52869,17399,85,0,0,0,0,27,0
2021-02-05T23:59:59+01:00,2,0,1177,1160,3352,4559,2834,5299,2797,7470,3204,6225,1420,1616,1674,3316,1458,5180,0,0,270,213,929,1039,838,1162,762,1772,1009,1599,487,552,593,1131,477,1804,52633,14637,85,0,0,0,0,25,0
2021-02-04T23:59:59+01:00,2,0,1161,1141,3306,4507,2794,5224,2755,7341,3156,6141,1405,1600,1660,3282,1448,5152,0,0,141,86,628,671,548,742,523,1164,668,1001,306,371,486,983,432,1640,51990,10390,60,0,0,0,0,25,0
2021-02-03T23:59:59+01:00,2,0,1139,1135,3279,4464,2765,5183,2732,7293,3126,6085,1395,1589,1634,3242,1441,5099,0,0,120,70,498,519,416,599,419,917,512,753,253,291,381,768,334,1276,51524,8126,55,0,0,0,0,24,0
2021-02-02T23:59:59+01:00,2,0,1117,1121,3243,4433,2733,5130,2707,7219,3091,6022,1370,1560,1598,3188,1415,5003,0,0,111,61,415,420,345,520,369,826,459,671,233,268,335,694,306,1140,50875,7173,54,0,0,0,0,23,0
2021-02-01T23:59:59+01:00,2,0,1101,1109,3223,4381,2705,5069,2676,7093,3060,5926,1350,1530,1572,3150,1398,4938,0,0,83,46,314,315,253,393,277,619,328,506,194,219,263,554,238,893,50207,5495,54,0,0,0,0,22,0
2021-01-31T23:59:59+01:00,2,0,1093,1099,3207,4350,2680,5025,2660,7038,3047,5882,1338,1513,1549,3084,1370,4853,0,0,73,44,288,291,228,346,255,575,298,465,173,200,217,453,195,725,49714,4826,54,0,0,0,0,22,0
2021-01-30T23:59:59+01:00,2,0,1092,1099,3203,4345,2679,5024,2659,7037,3047,5881,1338,1512,1548,3084,1370,4853,0,0,72,40,279,277,215,331,250,564,294,459,172,197,216,453,195,725,49700,4739,51,0,0,0,0,22,0
2021-01-29T23:59:59+01:00,2,0,1091,1097,3201,4342,2679,5022,2659,7035,3044,5879,1338,1512,1548,3083,1370,4853,0,0,65,36,261,262,192,311,234,547,283,448,166,193,212,447,194,723,49682,4574,51,0,0,0,0,22,0
2021-01-28T23:59:59+01:00,2,0,1070,1078,3134,4240,2625,4913,2601,6879,2978,5748,1322,1490,1532,3015,1346,4727,0,0,55,19,165,156,128,188,164,362,208,284,133,150,166,284,117,433,48632,3012,48,0,0,0,0,20,0
2021-01-27T23:59:59+01:00,2,0,1024,1039,3051,4098,2544,4735,2506,6599,2894,5547,1290,1445,1490,2920,1309,4575,0,0,26,7,101,73,59,93,85,211,119,150,102,118,122,214,90,313,47012,1883,38,0,0,0,0,18,0
2021-01-26T23:59:59+01:00,1,0,947,1011,2933,3964,2464,4551,2424,6420,2824,5391,1262,1394,1400,2767,1085,4169,0,0,25,7,96,72,58,92,83,211,117,149,100,117,121,214,90,313,44967,1865,26,0,0,0,0,14,0
2021-01-25T23:59:59+01:00,1,0,929,994,2852,3836,2420,4404,2364,6225,2765,5241,1241,1370,1386,2740,1072,4133,0,0,25,7,94,71,56,90,83,211,117,147,100,116,121,214,90,313,43945,1855,17,0,0,0,0,11,0
2021-01-24T23:59:59+01:00,1,0,919,990,2831,3820,2409,4372,2338,6186,2731,5180,1228,1363,1376,2715,1058,4099,0,0,25,7,94,71,56,89,83,210,116,147,99,116,121,214,90,313,43595,1851,13,0,0,0,0,8,0
2021-01-23T23:59:59+01:00,1,0,919,990,2831,3819,2409,4371,2336,6185,2730,5180,1225,1362,1375,2715,1058,4099,0,0,25,6,94,71,56,89,83,210,116,147,99,116,121,214,90,311,43589,1848,11,0,0,0,0,5,0
2021-01-22T23:59:59+01:00,1,0,912,983,2800,3773,2375,4306,2304,6110,2709,5133,1223,1359,1374,2712,1057,4096,0,0,25,6,94,70,56,89,83,210,116,147,99,116,121,214,90,311,43214,1847,11,0,0,0,0,2,0
2021-01-21T23:59:59+01:00,1,0,896,915,2542,3362,2173,3888,2122,5499,2484,4648,1166,1313,1324,2592,1021,3938,0,0,21,6,83,64,52,72,70,170,96,134,89,100,101,154,74,235,39872,1521,11,0,0,0,0,1,0
2021-01-20T23:59:59+01:00,1,0,815,850,2232,2955,1967,3427,1891,4891,2229,4173,1052,1172,1152,2237,886,3414,0,0,21,6,83,64,52,71,69,170,95,134,89,100,101,154,72,235,35333,1516,11,0,0,0,0,0,0
2021-01-19T23:59:59+01:00,1,0,752,771,1938,2508,1728,2970,1657,4231,1985,3699,978,1075,1024,1948,778,3032,0,0,10,3,50,46,33,44,35,100,44,77,41,37,50,83,44,152,31066,849,9,0,0,0,0,0,0
2021-01-18T23:59:59+01:00,1,0,677,711,1708,2111,1489,2498,1411,3547,1733,3195,891,988,918,1732,722,2749,0,0,5,2,19,11,13,21,17,54,17,33,21,22,26,56,31,82,27077,430,4,0,0,0,0,0,0
2021-01-17T23:59:59+01:00,0,0,499,550,1391,1709,1211,1966,1156,2815,1451,2572,750,831,764,1440,598,2354,0,0,0,1,4,2,0,0,0,0,0,0,1,0,0,0,0,0,22054,8,3,0,0,0,0,0,0
2021-01-16T23:59:59+01:00,0,0,379,400,1209,1466,1091,1679,1017,2418,1293,2165,663,734,736,1423,596,2353,0,0,0,0,0,0,0,0,0,0,0,0,0,0,0,0,0,0,19620,0,2,0,0,0,0,0,0
2021-01-15T23:59:59+01:00,0,0,276,239,1024,1167,942,1333,849,1972,1116,1763,544,623,697,1388,583,2312,0,0,0,0,0,0,0,0,0,0,0,0,0,0,0,0,0,0,16827,0,1,0,0,0,0,0,0
2021-01-14T23:59:59+01:00,0,0,159,106,710,785,650,865,614,1314,752,1143,354,434,572,1201,523,2061,0,0,0,0,0,0,0,0,0,0,0,0,0,0,0,0,0,0,12243,0,0,0,0,0,0,0,0
2021-01-13T23:59:59+01:00,0,0,133,86,600,618,526,699,497,1056,595,876,298,358,483,1015,450,1756,0,0,0,0,0,0,0,0,0,0,0,0,0,0,0,0,0,0,10046,0,0,0,0,0,0,0,0
2021-01-12T23:59:59+01:00,0,0,123,70,515,527,450,598,431,924,524,770,263,309,395,818,376,1371,0,0,0,0,0,0,0,0,0,0,0,0,0,0,0,0,0,0,8464,0,0,0,0,0,0,0,0
2021-01-11T23:59:59+01:00,0,0,94,57,418,433,365,486,345,748,419,597,229,258,327,685,307,1158,0,0,0,0,0,0,0,0,0,0,0,0,0,0,0,0,0,0,6926,0,0,0,0,0,0,0,0
2021-01-10T23:59:59+01:00,0,0,79,49,353,360,298,403,292,651,349,528,200,227,262,545,245,903,0,0,0,0,0,0,0,0,0,0,0,0,0,0,0,0,0,0,5744,0,0,0,0,0,0,0,0
2021-01-09T23:59:59+01:00,0,0,78,47,337,339,274,382,284,635,341,521,199,226,261,543,245,903,0,0,0,0,0,0,0,0,0,0,0,0,0,0,0,0,0,0,5615,0,0,0,0,0,0,0,0
2021-01-08T23:59:59+01:00,0,0,72,39,302,304,229,341,255,591,314,480,181,206,236,482,224,799,0,0,0,0,0,0,0,0,0,0,0,0,0,0,0,0,0,0,5055,0,0,0,0,0,0,0,0
2021-01-07T23:59:59+01:00,0,0,58,25,212,200,160,242,196,426,244,343,151,167,181,317,150,513,0,0,0,0,0,0,0,0,0,0,0,0,0,0,0,0,0,0,3585,0,0,0,0,0,0,0,0
2021-01-06T23:59:59+01:00,0,0,46,15,164,121,113,161,145,298,179,244,119,135,139,250,107,367,0,0,0,0,0,0,0,0,0,0,0,0,0,0,0,0,0,0,2603,0,0,0,0,0,0,0,0
2021-01-05T23:59:59+01:00,0,0,28,8,98,74,59,94,88,214,118,152,109,125,130,231,106,341,0,0,0,0,0,0,0,0,0,0,0,0,0,0,0,0,0,0,1975,0,0,0,0,0,0,0,0
2021-01-04T23:59:59+01:00,0,0,26,8,97,72,56,91,88,214,118,150,109,123,129,231,106,341,0,0,0,0,0,0,0,0,0,0,0,0,0,0,0,0,0,0,1959,0,0,0,0,0,0,0,0
2021-01-03T23:59:59+01:00,0,0,26,8,97,71,56,90,88,213,117,150,108,123,129,231,106,341,0,0,0,0,0,0,0,0,0,0,0,0,0,0,0,0,0,0,1954,0,0,0,0,0,0,0,0
2021-01-02T23:59:59+01:00,0,0,26,7,97,71,56,90,87,213,116,150,108,123,129,231,106,340,0,0,0,0,0,0,0,0,0,0,0,0,0,0,0,0,0,0,1950,0,0,0,0,0,0,0,0
2021-01-01T23:59:59+01:00,0,0,26,7,97,71,56,90,87,213,115,149,108,123,129,231,106,340,0,0,0,0,0,0,0,0,0,0,0,0,0,0,0,0,0,0,1948,0,0,0,0,0,0,0,0
2020-12-31T23:59:59+01:00,0,0,26,7,97,71,56,90,87,213,114,149,108,123,129,231,106,340,0,0,0,0,0,0,0,0,0,0,0,0,0,0,0,0,0,0,1947,0,0,0,0,0,0,0,0
2020-12-30T23:59:59+01:00,0,0,26,7,97,71,55,90,86,213,114,149,108,123,129,231,105,340,0,0,0,0,0,0,0,0,0,0,0,0,0,0,0,0,0,0,1944,0,0,0,0,0,0,0,0
2020-12-29T23:59:59+01:00,0,0,14,2,65,54,33,61,50,138,64,91,53,54,74,142,65,232,0,0,0,0,0,0,0,0,0,0,0,0,0,0,0,0,0,0,1192,0,0,0,0,0,0,0,0
2020-12-28T23:59:59+01:00,0,0,5,2,36,26,20,31,21,67,25,41,23,22,27,51,34,82,0,0,0,0,0,0,0,0,0,0,0,0,0,0,0,0,0,0,513,0,0,0,0,0,0,0,0
2020-12-27T23:59:59+01:00,0,0,1,0,8,6,8,2,1,5,0,2,1,1,2,2,4,6,0,0,0,0,0,0,0,0,0,0,0,0,0,0,0,0,0,0,49,0,0,0,0,0,0,0,0
