Datum,<15_m,<15_w,15-24_1_m,15-24_1_w,25-34_1_m,25-34_1_w,35-44_1_m,35-44_1_w,45-54_1_m,45-54_1_w,55-64_1_m,55-64_1_w,65-74_1_m,65-74_1_w,75-84_1_m,75-84_1_w,>84_1_m,>84_1_w,<24_2_m,<24_2_w,25-34_2_m,25-34_2_w,35-44_2_m,35-44_2_w,45-54_2_m,45-54_2_w,55-64_2_m,55-64_2_w,65-74_2_m,65-74_2_w,75-84_2_m,75-84_2_w,>84_2_m,>84_2_w,bp_1,bp_2,mo_1,mo_2,az_1,az_2,ja,unb_1,unb_2
2021-09-29T23:59:59+02:00,10214,9889,66719,67050,108274,105391,98639,98041,95160,100565,94268,96087,56459,70016,44415,61519,11002,22302,59553,59746,101618,97920,92932,91207,90418,95111,90464,92161,54620,67711,43128,59498,10477,21101,827085,773638,135851,129940,158609,145235,94360,172,170
2021-09-28T23:59:59+02:00,10131,9816,66544,66854,108082,105235,98497,97890,95054,100457,94189,96014,56420,69979,44405,61487,10996,22280,59378,59576,101439,97772,92802,91082,90300,94988,90388,92096,54591,67676,43116,59476,10470,21089,825762,772528,135790,129856,158607,145203,94066,172,170
2021-09-27T23:59:59+02:00,10003,9684,66313,66611,107879,105069,98369,97748,94970,100350,94117,95945,56394,69932,44394,61463,10994,22271,59186,59398,101265,97640,92671,90950,90202,94882,90323,92024,54556,67624,43098,59457,10463,21079,824396,771517,135718,129783,158606,145163,93681,172,170
2021-09-26T23:59:59+02:00,9885,9591,66078,66386,107653,104883,98205,97604,94855,100223,94033,95864,56356,69900,44380,61437,10989,22254,58953,59207,101068,97463,92528,90793,90098,94767,90252,91951,54528,67598,43084,59429,10458,21064,822968,770410,135640,129691,158600,145104,93263,172,170
2021-09-25T23:59:59+02:00,9847,9551,65963,66262,107550,104793,98131,97544,94798,100172,94002,95836,56352,69892,44378,61434,10988,22254,58847,59092,100968,97371,92450,90724,90059,94704,90216,91930,54516,67587,43080,59425,10458,21064,822420,769883,135580,129639,158600,145076,93042,172,170
2021-09-24T23:59:59+02:00,9786,9489,65806,66083,107384,104626,97985,97401,94677,100069,93932,95781,56337,69875,44370,61420,10988,22252,58634,58868,100789,97185,92326,90580,89952,94598,90133,91865,54497,67565,43077,59420,10457,21061,821404,768721,135510,129574,158600,145014,92641,172,170
2021-09-23T23:59:59+02:00,9694,9368,65492,65754,107126,104381,97794,97174,94519,99906,93830,95671,56292,69816,44346,61391,10982,22223,58343,58594,100551,96961,92144,90372,89820,94452,90036,91765,54452,67518,43056,59392,10456,21038,819631,767214,135391,129465,158594,144943,92037,172,170
2021-09-22T23:59:59+02:00,9623,9288,65157,65440,106922,104172,97603,96971,94364,99772,93706,95574,56247,69746,44313,61347,10971,22201,58163,58415,100373,96796,91962,90236,89704,94332,89930,91690,54417,67474,43028,59360,10450,21023,817907,766184,135282,129388,158589,144860,91532,172,170
2021-09-21T23:59:59+02:00,9536,9203,64937,65200,106720,103997,97432,96817,94251,99665,93625,95503,56197,69695,44295,61304,10964,22189,57976,58239,100184,96643,91824,90108,89617,94243,89841,91618,54378,67418,43006,59322,10441,21005,816479,765158,135206,129294,158586,144796,91152,172,170
2021-09-20T23:59:59+02:00,9475,9146,64653,64899,106530,103817,97272,96652,94147,99569,93560,95426,56157,69652,44275,61260,10958,22173,57789,58092,100010,96505,91674,89959,89476,94144,89763,91549,54333,67382,42981,59285,10435,20989,815063,764180,135133,129213,158581,144665,90736,172,170
2021-09-19T23:59:59+02:00,9425,9103,64378,64732,106303,103625,97124,96487,94009,99470,93460,95352,56128,69598,44265,61235,10955,22162,57551,57905,99779,96333,91492,89796,89296,93975,89649,91467,54295,67321,42962,59251,10434,20976,813758,763014,135052,129098,158578,144404,90315,172,170
2021-09-18T23:59:59+02:00,9393,9059,64290,64631,106187,103531,97018,96403,93941,99400,93428,95324,56120,69589,44261,61230,10953,22161,57433,57785,99676,96235,91370,89716,89225,93913,89614,91437,54285,67316,42955,59248,10432,20971,813202,762389,134964,129033,158576,144392,90069,172,170
2021-09-17T23:59:59+02:00,9315,8972,64101,64471,106012,103375,96847,96248,93809,99302,93355,95248,56104,69561,44250,61224,10947,22155,57230,57553,99492,96075,91221,89601,89109,93809,89537,91376,54270,67289,42947,59241,10432,20968,812100,761286,134877,128937,158572,144375,89639,172,170
2021-09-16T23:59:59+02:00,9226,8867,63833,64180,105744,103123,96619,96014,93622,99127,93254,95159,56052,69506,44237,61197,10940,22141,56982,57288,99230,95850,91033,89394,88936,93653,89436,91289,54223,67237,42925,59220,10427,20956,810337,759810,134790,128801,158562,144311,89043,172,170
2021-09-15T23:59:59+02:00,9156,8812,63490,63892,105547,102910,96412,95821,93485,98970,93153,95074,56014,69451,44201,61166,10935,22115,56811,57134,99039,95689,90865,89238,88831,93539,89333,91225,54190,67189,42899,59185,10423,20940,808607,758766,134736,128685,158558,144275,88593,172,170
2021-09-14T23:59:59+02:00,9114,8761,63202,63688,105319,102698,96217,95642,93353,98829,93040,94990,55968,69395,44177,61127,10930,22099,56611,56953,98866,95505,90700,89075,88699,93428,89251,91156,54154,67149,42877,59159,10418,20925,807093,757737,134667,128593,158549,144179,88130,172,170
2021-09-13T23:59:59+02:00,9081,8728,62909,63426,105095,102472,96047,95473,93210,98695,92954,94893,55918,69341,44160,61095,10923,22087,56406,56773,98672,95315,90547,88919,88568,93322,89165,91081,54117,67104,42858,59130,10415,20909,805606,756658,134581,128479,158539,144137,87671,172,170
2021-09-12T23:59:59+02:00,9030,8680,62608,63185,104854,102227,95838,95245,93050,98563,92858,94812,55868,69293,44144,61064,10918,22076,56208,56614,98430,95108,90381,88753,88434,93207,89069,91007,54075,67048,42836,59101,10410,20892,804098,755643,134483,128354,158535,144066,87086,172,170
2021-09-11T23:59:59+02:00,8983,8646,62487,63056,104714,102107,95735,95135,92965,98485,92819,94781,55853,69279,44139,61052,10918,22075,56061,56524,98283,95002,90283,88654,88335,93141,89033,90981,54065,67029,42832,59091,10410,20891,803416,755047,134426,128277,158535,144047,86741,172,170
2021-09-10T23:59:59+02:00,8886,8536,62252,62794,104518,101896,95565,94946,92823,98360,92725,94709,55821,69251,44125,61034,10918,22073,55820,56319,98085,94817,90099,88471,88202,93012,88948,90912,54043,67008,42819,59072,10410,20887,802045,753890,134363,128162,158532,144031,86181,172,170
2021-09-09T23:59:59+02:00,8789,8438,61948,62529,104249,101586,95338,94660,92650,98139,92590,94594,55784,69187,44104,61004,10908,22052,55571,56096,97836,94567,89879,88240,88041,92859,88806,90826,54000,66959,42798,59042,10404,20881,800136,752488,134259,127978,158528,143959,85515,172,170
2021-09-08T23:59:59+02:00,8732,8390,61734,62304,104043,101355,95151,94442,92493,97977,92477,94466,55749,69122,44070,60964,10895,22028,55414,55943,97655,94364,89721,88049,87884,92716,88684,90718,53960,66897,42761,58999,10393,20845,798709,751474,134154,127831,158518,143873,84900,172,170
2021-09-07T23:59:59+02:00,8681,8340,61500,62095,103819,101125,94967,94254,92353,97838,92375,94390,55715,69072,44041,60909,10885,22006,55219,55781,97438,94172,89537,87883,87758,92609,88586,90629,53919,66851,42735,58967,10388,20828,797245,750400,134051,127705,158514,143745,84444,172,170
2021-09-06T23:59:59+02:00,8642,8298,61299,61930,103627,100955,94831,94101,92241,97714,92291,94318,55662,69015,44020,60882,10878,21973,55052,55612,97246,94011,89371,87728,87632,92485,88489,90549,53869,66804,42714,58923,10378,20804,796055,749302,133961,127571,158503,143662,84047,172,170
2021-09-05T23:59:59+02:00,8586,8249,61092,61730,103468,100774,94679,93937,92119,97600,92215,94249,55636,68974,44009,60861,10873,21965,54850,55411,97053,93813,89184,87568,87492,92360,88407,90464,53820,66754,42696,58900,10373,20788,794892,748145,133883,127401,158500,143567,83630,172,170
2021-09-04T23:59:59+02:00,8536,8220,60981,61623,103384,100676,94581,93853,92064,97535,92180,94223,55627,68963,44003,60851,10873,21964,54725,55297,96936,93687,89069,87469,87423,92280,88359,90431,53805,66743,42690,58889,10373,20787,794318,747495,133833,127279,158496,143549,83379,172,170
2021-09-03T23:59:59+02:00,8459,8149,60793,61442,103216,100525,94436,93715,91962,97422,92108,94172,55600,68937,43995,60837,10871,21958,54519,55115,96736,93471,88877,87278,87278,92107,88266,90352,53773,66710,42679,58870,10369,20784,793240,746249,133780,127051,158488,143513,82978,172,170
2021-09-02T23:59:59+02:00,8342,8061,60544,61199,102968,100289,94245,93497,91779,97263,91991,94076,55555,68879,43972,60802,10866,21936,54258,54857,96445,93197,88636,87007,87057,91903,88124,90237,53728,66629,42648,58819,10359,20749,791619,744608,133671,126694,158477,143395,82385,172,170
2021-09-01T23:59:59+02:00,8278,7980,60334,60984,102777,100119,94094,93346,91662,97137,91888,94003,55512,68829,43954,60778,10858,21918,54003,54641,96220,92979,88443,86791,86879,91739,87985,90128,53664,66541,42610,58775,10349,20729,790367,743166,133598,126436,158461,143276,81913,172,166
2021-08-31T23:59:59+02:00,8199,7905,60132,60745,102584,99941,93920,93191,91541,97024,91765,93921,55466,68779,43928,60738,10849,21902,53752,54385,95955,92731,88229,86558,86723,91580,87824,90024,53619,66470,42583,58721,10342,20710,789029,741674,133518,126127,158449,143167,81422,172,166
2021-08-30T23:59:59+02:00,8103,7828,59929,60561,102417,99799,93804,93064,91424,96923,91698,93844,55433,68751,43912,60704,10844,21886,53502,54193,95717,92499,88022,86330,86545,91439,87698,89903,53564,66392,42542,58657,10325,20681,787934,740250,133461,125813,158442,143020,80974,172,166
2021-08-29T23:59:59+02:00,8027,7752,59652,60321,102181,99603,93620,92891,91284,96805,91610,93755,55388,68701,43888,60674,10842,21877,53152,53885,95399,92213,87733,86071,86312,91244,87545,89778,53495,66317,42512,58617,10319,20664,786581,738355,133372,125478,158427,142876,80378,172,166
2021-08-28T23:59:59+02:00,7971,7687,59515,60210,102076,99495,93515,92808,91199,96730,91565,93725,55374,68688,43880,60670,10841,21875,52975,53738,95239,92082,87598,85961,86201,91156,87476,89734,53478,66296,42503,58610,10317,20663,785963,737537,133333,125373,158423,142850,79992,172,166
2021-08-27T23:59:59+02:00,7905,7603,59327,60018,101906,99328,93374,92683,91090,96624,91479,93669,55351,68659,43871,60652,10840,21870,52728,53492,94944,91810,87377,85758,86028,91002,87369,89634,53435,66260,42489,58584,10312,20660,784978,735968,133271,125172,158384,142814,79503,172,166
2021-08-26T23:59:59+02:00,7819,7504,59088,59771,101681,99111,93160,92462,90912,96444,91374,93569,55302,68597,43838,60624,10834,21858,52393,53211,94579,91461,87045,85448,85787,90746,87212,89503,53374,66171,42443,58541,10305,20648,783513,734067,133173,124766,158361,142682,78788,172,165
2021-08-25T23:59:59+02:00,7747,7414,58863,59577,101512,98969,93009,92279,90792,96322,91267,93493,55264,68547,43804,60580,10829,21835,52094,52959,94276,91208,86821,85202,85590,90558,87079,89378,53306,66086,42394,58473,10299,20617,782317,732347,133091,124454,158351,142614,78232,171,163
2021-08-24T23:59:59+02:00,7697,7362,58644,59359,101328,98796,92844,92117,90681,96198,91182,93422,55226,68493,43777,60537,10823,21810,51772,52697,93927,90923,86522,84950,85381,90367,86927,89218,53221,65993,42346,58406,10290,20595,781186,730528,132999,124152,158344,142395,77655,171,163
2021-08-23T23:59:59+02:00,7642,7310,58442,59153,101166,98641,92714,91959,90589,96113,91106,93337,55188,68450,43748,60511,10819,21792,51450,52432,93590,90647,86274,84676,85188,90200,86792,89093,53143,65900,42310,58356,10283,20577,780053,728641,132928,123867,158334,142222,77253,171,162
2021-08-22T23:59:59+02:00,7574,7254,58246,58972,100966,98482,92556,91823,90494,95998,91027,93270,55152,68403,43734,60487,10813,21778,51079,52079,93191,90246,85967,84372,84952,89971,86623,88969,53064,65796,42274,58293,10269,20545,779036,726305,132826,123556,158322,142006,76733,171,160
2021-08-21T23:59:59+02:00,7520,7216,58112,58849,100833,98376,92452,91719,90395,95939,90970,93235,55132,68381,43726,60470,10811,21775,50747,51779,93024,90098,85797,84214,84805,89848,86537,88906,53033,65772,42264,58277,10268,20539,778362,724780,132751,123328,158321,141965,76365,171,160
2021-08-20T23:59:59+02:00,7467,7164,57957,58678,100661,98225,92301,91585,90280,95816,90894,93175,55111,68357,43716,60453,10809,21770,50415,51441,92761,89833,85534,83981,84591,89644,86404,88796,53002,65731,42241,58253,10261,20532,777411,722821,132702,123122,158315,141901,75879,171,160
2021-08-19T23:59:59+02:00,7400,7104,57714,58446,100394,97999,92096,91394,90119,95653,90768,93071,55069,68299,43691,60422,10802,21756,49971,51004,92333,89433,85131,83580,84280,89330,86191,88613,52931,65624,42203,58192,10251,20514,776071,720134,132569,122676,158308,141696,75137,171,159
2021-08-18T23:59:59+02:00,7336,7049,57533,58286,100211,97821,91954,91232,89979,95532,90667,92978,55002,68235,43662,60376,10792,21736,49623,50638,91957,89107,84811,83249,84002,89079,86000,88440,52815,65507,42132,58100,10236,20484,774927,717740,132479,122288,158301,141458,74562,171,159
2021-08-17T23:59:59+02:00,7274,6998,57345,58130,100019,97648,91788,91085,89857,95401,90571,92886,54965,68187,43637,60349,10790,21721,49130,50219,91510,88686,84409,82894,83673,88786,85796,88238,52712,65381,42074,58023,10230,20460,773820,714733,132375,121879,158288,141169,74056,171,159
2021-08-16T23:59:59+02:00,7215,6932,57162,57955,99816,97473,91640,90927,89716,95284,90456,92789,54914,68126,43608,60299,10783,21707,48564,49646,91032,88240,83941,82499,83338,88494,85565,88035,52608,65266,42016,57945,10221,20424,772658,711212,132283,121435,158281,140941,73468,171,159
2021-08-15T23:59:59+02:00,7149,6884,56941,57767,99631,97291,91482,90786,89592,95177,90367,92730,54876,68085,43588,60270,10779,21700,47442,48510,90390,87551,83385,81956,82945,88109,85279,87828,52500,65144,41973,57886,10212,20405,771578,705411,132171,120807,158272,140762,72962,171,158
2021-08-14T23:59:59+02:00,7118,6852,56820,57678,99490,97192,91379,90710,89504,95108,90316,92685,54861,68069,43583,60263,10778,21699,47290,48367,90157,87377,83172,81748,82820,88008,85209,87784,52472,65113,41964,57875,10211,20403,771054,704595,132115,120483,158268,140711,72556,171,158
2021-08-13T23:59:59+02:00,7073,6807,56666,57549,99332,97064,91254,90573,89399,94995,90235,92622,54832,68019,43569,60240,10776,21693,46985,48049,89681,86972,82775,81371,82557,87776,85039,87644,52429,65045,41942,57851,10208,20392,770231,702371,132056,119927,158261,140632,72040,169,158
2021-08-12T23:59:59+02:00,7038,6756,56463,57387,99120,96887,91080,90410,89254,94854,90140,92542,54794,67967,43543,60206,10768,21676,46570,47661,89035,86397,82197,80822,82178,87450,84811,87467,52355,64944,41889,57792,10198,20374,769173,699410,131953,119087,158248,140382,71401,169,157
2021-08-11T23:59:59+02:00,7003,6701,56276,57216,98913,96707,90921,90271,89121,94742,90030,92440,54742,67907,43512,60167,10759,21661,46155,47203,88408,85745,81616,80311,81843,87146,84540,87224,52266,64803,41817,57667,10179,20325,768053,696237,131855,118134,158225,140047,70848,167,156
2021-08-10T23:59:59+02:00,6942,6653,56091,57052,98693,96560,90764,90121,88992,94630,89946,92363,54697,67860,43496,60128,10755,21648,45718,46736,87761,85119,81008,79772,81433,86766,84296,87008,52145,64694,41757,57584,10165,20294,766994,692901,131762,117190,158206,139733,70321,167,156
2021-08-09T23:59:59+02:00,6891,6594,55918,56889,98498,96407,90610,89984,88851,94535,89835,92301,54658,67811,43471,60094,10748,21633,45153,46181,86924,84443,80317,79184,81019,86417,84002,86785,52033,64563,41700,57483,10151,20252,765976,689084,131689,116125,158196,139384,69759,167,153
2021-08-08T23:59:59+02:00,6820,6525,55693,56699,98288,96219,90432,89821,88716,94416,89740,92225,54604,67764,43445,60059,10741,21612,44550,45566,85851,83506,79412,78372,80476,85939,83676,86486,51898,64411,41637,57392,10139,20226,764769,683956,131577,114947,158176,139074,69188,167,153
2021-08-07T23:59:59+02:00,6775,6474,55547,56575,98149,96104,90302,89719,88621,94358,89677,92186,54585,67738,43442,60049,10738,21607,43709,44684,85514,83167,78936,77932,80117,85588,83495,86341,51835,64328,41616,57356,10134,20217,764099,680241,131514,113800,158172,138969,68752,167,152
2021-08-06T23:59:59+02:00,6720,6425,55355,56425,97916,95920,90150,89589,88496,94241,89579,92115,54545,67710,43433,60022,10735,21603,42787,43794,85046,82699,78350,77376,79727,85203,83304,86194,51782,64263,41590,57324,10126,20203,763137,676278,131414,112518,158165,138833,68154,167,151
2021-08-05T23:59:59+02:00,6654,6353,55034,56180,97617,95648,89890,89368,88283,94050,89410,91981,54481,67620,43403,59970,10726,21585,41546,42624,84313,82020,77571,76576,79131,84638,82948,85892,51651,64103,41529,57221,10111,20171,761484,670707,131287,110882,158153,138288,67220,167,150
2021-08-04T23:59:59+02:00,6573,6303,54795,55992,97364,95436,89707,89201,88141,93908,89293,91883,54428,67568,43366,59923,10722,21575,41069,42131,83088,80970,76229,75431,78642,84183,82628,85645,51509,63964,41472,57134,10095,20145,760195,665508,131178,109370,158138,137819,66558,167,150
2021-08-03T23:59:59+02:00,6507,6237,54536,55797,97127,95244,89532,89037,87998,93762,89147,91762,54348,67487,43329,59865,10714,21567,40631,41706,81837,79836,74806,74244,78035,83613,82084,85152,51295,63759,41371,56979,10082,20109,758811,659685,131073,107671,158113,137117,65890,167,150
2021-08-02T23:59:59+02:00,6445,6174,54298,55593,96867,95022,89309,88863,87827,93622,89003,91649,54265,67416,43296,59813,10711,21547,40153,41221,80517,78726,73258,73037,77410,83049,81540,84668,51125,63557,41296,56858,10065,20075,757377,653621,130923,105911,158091,136513,65221,166,148
2021-08-01T23:59:59+02:00,6380,6088,54030,55327,96601,94753,89072,88688,87623,93478,88840,91539,54198,67331,43259,59761,10704,21540,39634,40731,79226,77646,71847,71932,76519,82296,80954,84203,50936,63319,41208,56753,10054,20051,755770,647447,130729,104010,158066,135902,64538,165,145
2021-07-31T23:59:59+02:00,6344,6050,53908,55236,96480,94658,88971,88623,87532,93407,88795,91503,54186,67321,43253,59757,10704,21539,38675,39710,78779,77201,71311,71380,76134,81969,80839,84108,50917,63286,41192,56741,10054,20048,755291,642771,130559,103135,158063,135807,64245,165,145
2021-07-30T23:59:59+02:00,6289,6015,53731,55093,96319,94481,88814,88474,87400,93293,88712,91433,54149,67290,43240,59739,10702,21537,37670,38655,78073,76550,70557,70642,75620,81441,80438,83783,50841,63197,41158,56681,10048,20036,754392,636586,130243,101996,158060,135597,63908,164,144
2021-07-29T23:59:59+02:00,6238,5956,53494,54908,96058,94255,88603,88267,87233,93119,88572,91307,54089,67226,43217,59702,10694,21516,36425,37422,77016,75682,69507,69691,74814,80681,79900,83354,50709,63035,41091,56587,10030,20009,753154,628824,129760,100440,158044,135043,63389,163,144
2021-07-28T23:59:59+02:00,6201,5904,53293,54739,95852,94048,88452,88083,87116,92979,88461,91209,54031,67151,43183,59654,10684,21485,35812,36820,75848,74704,68235,68593,74054,79967,79409,82897,50568,62835,41021,56485,10014,19969,751975,622497,129310,99027,158027,134255,63106,163,142
2021-07-27T23:59:59+02:00,6152,5863,53060,54516,95591,93838,88270,87897,86957,92825,88338,91111,53978,67075,43141,59591,10670,21437,35159,36067,74390,73456,66782,67380,73191,79123,78865,82378,50394,62623,40941,56364,9989,19927,750563,615204,128877,97579,158003,133024,62760,163,141
2021-07-26T23:59:59+02:00,6095,5810,52838,54309,95344,93650,88071,87731,86794,92687,88209,91009,53918,66996,43112,59535,10663,21415,34393,35239,72876,72121,65410,66145,72144,78136,78276,81848,50223,62408,40863,56216,9967,19882,749216,607144,128451,96048,157986,131954,62426,163,141
2021-07-25T23:59:59+02:00,6057,5766,52630,54107,95091,93421,87895,87540,86637,92557,88101,90911,53867,66933,43084,59492,10653,21380,33689,34478,71537,70914,64295,65133,71142,77224,77801,81398,50105,62223,40799,56129,9961,19847,747816,600187,128178,94481,157964,131155,62057,163,141
2021-07-24T23:59:59+02:00,5970,5708,52355,53807,94783,93105,87647,87331,86461,92400,88002,90830,53837,66899,43072,59469,10653,21374,33184,33989,70675,70217,63626,64579,70266,76522,77596,81247,50051,62180,40777,56104,9961,19845,745931,595773,128126,93547,157962,131028,61576,163,141
2021-07-23T23:59:59+02:00,5918,5652,52081,53532,94385,92819,87350,87116,86280,92223,87863,90736,53804,66851,43064,59451,10650,21368,32665,33341,69609,69359,62846,63912,69364,75673,77193,80922,49976,62083,40745,56065,9954,19831,743885,590158,128052,92390,157956,130855,61142,163,141
2021-07-22T23:59:59+02:00,5848,5588,51663,53132,93909,92375,86962,86783,85969,91924,87649,90552,53719,66757,43035,59391,10642,21342,31958,32618,68294,68366,61797,63031,67746,74316,76541,80411,49825,61877,40654,55949,9933,19791,740840,583714,127816,89633,157932,130086,60545,162,140
2021-07-21T23:59:59+02:00,5796,5536,51292,52748,93473,91960,86655,86480,85712,91680,87475,90364,53635,66673,42976,59324,10631,21314,31345,31968,66962,67323,60710,62138,65702,72625,75635,79667,49534,61567,40493,55761,9909,19734,738034,577419,127575,85318,157902,128994,60105,162,140
2021-07-20T23:59:59+02:00,5738,5472,50901,52355,93009,91496,86289,86155,85443,91424,87254,90167,53543,66538,42927,59265,10624,21289,30687,31320,65497,66134,59576,61176,64524,71567,75023,79112,49329,61335,40387,55603,9886,19673,735070,570377,127354,83643,157846,127970,59511,162,140
2021-07-19T23:59:59+02:00,5661,5398,50431,51896,92538,91016,85918,85822,85196,91210,87046,89989,53450,66418,42891,59185,10606,21254,30144,30736,64336,65077,58659,60315,63370,70532,74425,78598,49155,61138,40295,55457,9858,19629,731796,564597,127126,81836,157810,126781,59085,162,140
2021-07-18T23:59:59+02:00,5592,5328,49605,51081,91461,89963,85187,85205,84716,90778,86753,89697,53344,66269,42828,59088,10596,21223,29590,30150,63153,64006,57735,59401,62191,69505,73875,78099,49007,60976,40237,55374,9846,19601,725329,558765,126793,79813,157793,125973,58691,162,139
2021-07-17T23:59:59+02:00,5418,5141,49252,50747,91318,89827,84992,85044,84560,90640,86646,89614,53323,66242,42817,59076,10595,21220,29202,29769,62506,63411,57181,58979,61440,68771,73569,77858,48897,60858,40198,55316,9836,19590,724146,555753,126616,78845,157788,125359,57813,162,139
2021-07-16T23:59:59+02:00,5317,5050,48928,50455,91052,89603,84746,84845,84360,90456,86507,89507,53281,66210,42799,59062,10592,21215,28706,29268,61566,62502,56335,58293,60387,67733,73067,77437,48736,60670,40152,55248,9831,19581,722766,550798,126446,77524,157777,124621,56888,161,139
2021-07-15T23:59:59+02:00,5181,4917,48455,50043,90652,89223,84387,84466,84057,90179,86286,89339,53201,66119,42744,58992,10583,21188,27977,28639,60250,61436,55211,57310,58977,66420,72333,76851,48505,60408,40063,55117,9816,19526,720300,544980,126026,75330,157742,122950,55822,160,139
2021-07-14T23:59:59+02:00,5075,4802,48100,49667,90344,88930,84099,84152,83807,89939,86084,89181,53112,66012,42686,58903,10566,21156,27446,28076,59153,60443,54241,56465,58098,65573,71725,76264,48237,60130,39957,54943,9794,19482,718129,539556,125666,74411,157692,121254,55007,159,139
2021-07-13T23:59:59+02:00,4963,4685,47697,49284,89944,88576,83794,83845,83540,89680,85877,89013,53002,65907,42631,58838,10560,21135,26785,27400,57785,59261,53052,55474,57109,64660,70999,75626,47960,59807,39827,54765,9762,19430,715767,533218,125295,73298,157634,119208,54154,158,138
2021-07-12T23:59:59+02:00,4792,4515,47146,48768,89547,88234,83399,83524,83292,89420,85686,88853,52921,65812,42583,58775,10548,21120,26156,26743,56286,57915,51766,54417,55888,63514,70255,75008,47586,59378,39651,54542,9721,19365,713048,525940,124927,72280,157570,116862,53269,158,138
2021-07-11T23:59:59+02:00,4397,4142,46197,47843,89116,87801,82985,83136,82983,89133,85491,88706,52834,65721,42558,58719,10537,21103,25552,26175,54913,56656,50471,53375,54847,62481,69663,74458,47240,58998,39526,54367,9696,19323,709090,519326,124457,71273,157530,115076,52207,155,137
2021-07-10T23:59:59+02:00,4384,4129,45865,47500,88657,87322,82651,82826,82880,89034,85425,88649,52813,65698,42549,58705,10536,21099,25065,25638,53826,55713,49612,52792,54249,61914,69447,74272,46870,58579,39426,54262,9691,19312,708416,515009,123992,71188,157352,113756,50845,154,137
2021-07-09T23:59:59+02:00,4365,4117,45448,47056,88036,86757,82275,82482,82628,88848,85311,88557,52778,65669,42542,58691,10532,21090,24362,24861,52505,54482,48672,51913,53470,61065,69025,73868,46511,58169,39338,54172,9684,19300,706998,508842,123408,70782,157187,112409,49473,153,137
2021-07-08T23:59:59+02:00,4335,4090,44896,46555,87175,86045,81745,81968,82373,88608,85116,88404,52711,65602,42509,58646,10521,21074,23372,23920,50566,52906,47290,50761,52330,59937,68333,73232,45991,57609,39201,54008,9656,19231,704874,501092,122519,69508,156895,109870,47957,152,137
2021-07-07T23:59:59+02:00,4312,4063,44312,45963,86339,85286,81194,81487,82086,88310,84908,88240,52632,65501,42466,58583,10513,21054,22482,23005,48622,51228,45774,49621,51090,58752,67634,72697,45253,56867,39006,53770,9624,19173,702361,492914,121519,68399,156637,106762,46584,149,135
2021-07-06T23:59:59+02:00,4279,4042,43767,45438,85474,84549,80580,80898,81716,87979,84732,88064,52543,65420,42428,58520,10504,21029,21643,22138,46620,49448,44387,48369,49809,57415,66884,71981,44425,56093,38820,53532,9606,19118,699713,483950,120497,67317,156336,103793,45270,147,135
2021-07-05T23:59:59+02:00,4257,4006,42605,44451,83956,83444,79853,80279,81257,87557,84458,87800,52427,65284,42379,58442,10490,21001,20450,21072,44660,47846,43368,47405,48780,56453,66188,71362,43661,55231,38646,53308,9582,19080,696396,477963,119437,66444,155968,100704,42000,146,135
2021-07-04T23:59:59+02:00,4230,3984,41241,43231,82307,82127,79126,79672,80784,87134,84186,87602,52333,65158,42333,58389,10477,20972,19095,19865,42862,46322,42668,46658,47967,55599,65604,70793,42917,54382,38479,53114,9562,19033,693277,473299,118284,65506,155540,98084,38040,146,135
2021-07-03T23:59:59+02:00,3764,3567,39666,41684,81443,81471,78641,79183,80338,86655,83967,87430,52265,65057,42315,58337,10474,20966,18284,19176,41946,45628,42250,46283,47561,55198,65438,70627,42326,53654,38417,53015,9555,19023,689525,471364,116973,65407,155456,96490,35124,146,135
2021-07-02T23:59:59+02:00,3206,2995,38109,40184,80711,80740,77969,78475,79818,86150,83725,87227,52213,64971,42287,58290,10462,20953,17515,18447,40789,44660,41515,45587,46726,54417,64915,70177,41375,52449,38287,52827,9539,19004,684478,466290,115568,64941,155303,93995,32992,145,133
2021-07-01T23:59:59+02:00,2560,2448,36390,38516,79727,79874,77129,77642,79112,85513,83410,86949,52090,64814,42224,58186,10444,20924,16630,17518,39241,43421,40299,44526,45422,53285,64172,69601,40484,51312,38138,52620,9522,18972,678146,459863,113839,63290,155077,91230,30746,145,133
2021-06-30T23:59:59+02:00,2518,2418,35379,37498,77883,78373,75427,76149,78464,84964,83124,86658,51957,64655,42164,58089,10432,20897,15596,16537,37560,42200,39099,43422,44267,52226,63417,68973,39939,50627,38020,52423,9500,18936,672282,453731,112102,61953,154863,89347,27658,145,133
2021-06-29T23:59:59+02:00,2483,2385,34540,36598,76283,76879,73813,74738,77671,84246,82578,86167,51774,64436,42088,57958,10415,20861,14760,15632,36246,41052,38188,42600,43049,51176,62700,68389,39227,49690,37884,52204,9477,18892,665922,448546,110225,60124,154595,87395,25027,145,132
2021-06-28T23:59:59+02:00,2442,2351,33714,35784,74671,75465,72133,73341,76649,83458,81974,85670,51598,64209,42011,57851,10402,20827,14010,14869,35187,40031,37368,41872,41919,50178,62049,67844,38355,48605,37717,51983,9458,18846,659448,443701,108265,58611,153998,85197,22695,145,131
2021-06-27T23:59:59+02:00,2427,2336,32976,35036,73109,74091,70722,72133,75252,82335,81295,85115,51401,63992,41946,57733,10392,20798,13374,14234,34228,39269,36712,41275,40983,49326,61508,67402,37490,47573,37565,51804,9443,18815,653239,439799,106326,57843,153045,82931,20336,144,131
2021-06-26T23:59:59+02:00,1790,1727,31932,33930,72750,73772,70254,71668,74959,82023,81201,85034,51381,63964,41932,57723,10391,20795,13181,14026,33566,38728,36067,40854,40460,48992,60517,66397,36494,46437,37398,51591,9429,18782,648436,433825,105384,57791,153041,80985,20225,141,131
2021-06-25T23:59:59+02:00,1172,1129,30808,32754,72256,73236,69642,70975,74533,81576,80825,84710,51319,63877,41898,57680,10386,20781,12846,13636,32716,37935,35201,40034,39515,48151,59303,65162,35979,45738,37206,51291,9406,18741,642102,425407,104190,57342,153034,79923,20091,141,131
2021-06-24T23:59:59+02:00,569,568,29464,31425,71478,72479,68770,70089,73861,80943,80379,84346,51213,63747,41846,57610,10375,20747,12179,12927,31542,36633,33983,38771,38385,47039,57665,63786,35502,45222,37049,51102,9387,18681,634273,416051,102701,55787,152921,78038,19875,140,130
2021-06-23T23:59:59+02:00,542,536,28959,30871,70366,71496,67497,68949,73111,80256,79928,83941,51101,63572,41786,57514,10359,20715,11685,12395,30543,35393,33050,37551,37364,46155,55718,62065,34947,44656,36882,50876,9366,18616,628035,406270,101126,54724,152814,76779,19385,140,129
2021-06-22T23:59:59+02:00,519,519,28438,30271,69194,70464,66292,67925,72432,79551,79517,83573,50993,63445,41738,57430,10350,20689,11339,11981,29630,34465,32097,36661,36409,45258,53742,60222,34562,44181,36744,50634,9337,18558,621689,397735,99667,53155,152681,75661,19164,140,127
2021-06-21T23:59:59+02:00,487,485,27769,29589,67874,69283,65102,66796,71674,78772,79121,83182,50886,63335,41679,57341,10336,20648,11046,11663,29008,33884,31544,36093,35800,44669,51896,58566,33852,43380,36448,50209,9307,18482,614859,390156,98165,51959,152558,74987,18639,139,127
2021-06-20T23:59:59+02:00,402,404,27133,28919,66648,68145,64082,65861,70870,78030,78766,82846,50809,63210,41630,57274,10331,20615,10758,11396,28460,33380,31088,35603,35287,44146,50049,56768,33310,42698,36251,49875,9277,18422,608464,382728,96704,51208,152460,74516,18209,139,123
2021-06-19T23:59:59+02:00,369,370,26748,28542,65915,67571,63558,65360,70070,77375,78614,82722,50788,63185,41614,57258,10330,20615,10625,11198,28207,33058,30835,35280,35064,43884,48605,55373,33051,42351,36167,49736,9269,18394,604500,377319,95759,51196,152459,74326,18148,139,123
2021-06-18T23:59:59+02:00,341,337,26287,28068,64900,66835,62823,64750,69151,76537,78224,82389,50725,63110,41587,57222,10326,20607,10409,10955,27807,32636,30508,34867,34674,43488,46867,53697,32698,41838,36031,49526,9250,18360,599079,370458,94517,50907,152453,74107,18032,139,122
2021-06-17T23:59:59+02:00,312,306,25642,27457,63633,65838,61823,63944,67563,75126,77698,81985,50625,62956,41524,57140,10313,20580,9992,10592,27019,31939,29768,34189,33837,42788,45359,52201,32252,41206,35867,49270,9219,18310,592980,363017,91857,49764,152292,73722,17199,138,121
2021-06-16T23:59:59+02:00,277,268,25110,26866,62332,64706,60719,62971,65294,73204,76855,81329,50410,62746,41433,57028,10294,20548,9668,10330,26369,31266,29066,33569,33109,42151,44764,51635,31982,40843,35721,49070,9198,18269,586724,359317,87349,49057,151868,72214,16314,136,121
2021-06-15T23:59:59+02:00,238,237,24457,26155,60923,63480,59638,61989,64137,72123,76348,80910,50287,62597,41382,56932,10287,20518,9399,10048,25769,30529,28431,32814,32432,41429,43204,50003,31532,40288,35549,48837,9168,18205,579558,352589,85723,48168,151410,70960,15812,136,121
2021-06-14T23:59:59+02:00,215,205,23982,25555,59814,62426,58761,61143,63062,71119,75875,80520,50198,62474,41332,56860,10272,20493,9105,9745,25018,29638,27671,31983,31644,40613,41915,48660,31162,39789,35412,48614,9138,18154,573682,346442,84006,47149,151205,69284,15278,136,120
2021-06-13T23:59:59+02:00,210,190,23563,25085,58874,61520,57988,60357,61950,70151,75409,80098,50108,62358,41281,56801,10260,20463,8820,9440,24310,28796,26961,31145,30881,39759,40358,47073,30697,39178,35210,48308,9108,18064,568660,339381,82150,46366,150978,67512,14743,136,118
2021-06-12T23:59:59+02:00,197,172,23305,24804,58315,61013,57626,60078,61308,69510,75208,79986,50083,62327,41269,56787,10257,20459,8701,9320,23834,28215,26440,30572,30353,39199,39257,46098,30528,38999,35115,48143,9104,18053,565705,335132,81195,46363,150970,65631,14699,136,118
2021-06-11T23:59:59+02:00,178,157,22937,24365,57564,60199,56948,59447,60401,68578,74858,79680,50008,62253,41244,56751,10255,20453,8561,9127,23316,27542,25908,29918,29771,38563,38181,45089,30260,38643,34972,47921,9091,18026,560660,330286,79902,46102,150956,63771,14624,135,117
2021-06-10T23:59:59+02:00,163,140,22395,23784,56423,59262,56020,58628,59137,67403,74319,79280,49936,62145,41220,56700,10240,20424,8297,8872,22446,26599,24944,28979,28651,37627,36790,43922,29903,38162,34692,47488,9024,17950,555070,323375,77693,45394,150716,61467,14006,135,115
2021-06-09T23:59:59+02:00,143,126,21763,23201,55161,58157,54943,57717,58187,66496,73857,78885,49848,62044,41168,56638,10226,20393,8004,8610,21518,25738,24012,28096,27619,36677,35070,42132,29514,37663,34506,47219,8982,17859,549269,315938,76240,44662,150361,59566,12950,134,113
2021-06-08T23:59:59+02:00,121,108,21086,22491,53850,57026,53826,56736,57234,65640,73310,78450,49759,61920,41114,56546,10208,20364,7737,8366,20619,24846,22957,27233,26585,35716,33708,40826,29156,37156,34186,46762,8931,17776,542587,309629,75309,43891,149922,57100,11837,134,111
2021-06-07T23:59:59+02:00,104,91,20433,21857,52412,55767,52568,55757,56075,64653,72758,78046,49674,61815,41068,56482,10195,20336,7482,8140,19779,24025,21937,26423,25552,34844,32774,40041,28874,36761,33935,46333,8880,17683,535299,305004,74407,43073,149512,54542,10739,134,111
2021-06-06T23:59:59+02:00,97,85,19921,21322,51269,54661,51460,54776,55108,63700,72246,77644,49588,61739,41032,56419,10187,20320,7270,7944,18998,23130,21035,25549,24482,33862,31858,39224,28584,36421,33681,45943,8829,17609,528968,300454,73386,42332,149179,51622,9909,132,108
2021-06-05T23:59:59+02:00,91,77,19651,21012,50486,53902,50808,54272,54635,63223,72113,77532,49577,61725,41029,56416,10184,20320,7039,7532,18357,22063,20311,24438,23606,32609,30824,37908,28251,35956,33557,45768,8822,17589,524622,294155,73380,42293,149090,48251,9829,132,108
2021-06-04T23:59:59+02:00,81,71,19199,20426,49424,52889,49992,53405,53982,62434,71770,77204,49549,61688,41009,56402,10182,20315,6816,7216,17731,21215,19623,23445,22666,31330,29602,36566,27964,35590,33443,45593,8810,17568,518139,287691,73053,42224,149074,45537,9624,132,107
2021-06-03T23:59:59+02:00,70,60,18521,19733,47905,51585,48774,52279,53011,61408,71265,76745,49483,61583,40971,56354,10169,20290,6525,6819,16994,20171,18822,22296,21661,29900,28436,35080,27422,34809,33237,45268,8773,17493,510371,280955,72040,41471,148800,42316,8865,130,104
2021-06-02T23:59:59+02:00,65,56,18141,19220,46883,50597,47891,51515,52260,60647,71016,76533,49444,61548,40952,56326,10161,20276,6335,6584,16354,19484,17899,21537,20815,28950,27341,33675,26957,34205,33076,45017,8744,17423,504085,274686,72023,41457,148779,39641,8516,128,100
2021-06-01T23:59:59+02:00,54,50,17462,18481,45013,48866,46235,50052,50741,59183,70335,75933,49352,61437,40892,56253,10148,20227,6056,6267,15191,18586,16386,20572,19599,27697,26112,32279,26402,33508,32826,44667,8697,17320,494971,268185,70657,40885,148232,36269,6729,125,100
2021-05-31T23:59:59+02:00,52,46,16979,17989,43701,47723,45012,48941,49498,58059,69652,75421,49270,61334,40846,56184,10136,20190,5777,5938,14145,17756,14971,19649,18417,26582,24885,30936,25885,32790,32631,44370,8663,17221,488718,261892,69493,40343,147765,33352,4933,124,99
2021-05-30T23:59:59+02:00,46,45,16649,17593,42729,46781,44103,48038,48491,57060,69096,74875,49164,61178,40774,56070,10120,20147,5587,5692,13598,17058,14341,18950,17518,25610,23782,29763,25113,31841,32334,43952,8618,17132,482760,255931,68462,39540,147356,31069,4258,123,94
2021-05-29T23:59:59+02:00,46,44,16516,17469,42365,46464,43758,47774,48250,56868,69038,74821,49158,61172,40767,56066,10120,20146,5423,5448,13087,16253,13699,18103,16673,24442,22667,28462,24954,31608,32270,43857,8615,17125,480783,250326,68339,39540,147348,28481,4249,123,93
2021-05-28T23:59:59+02:00,45,42,16211,17163,41663,45835,43247,47209,47741,56333,68762,74527,49092,61090,40740,56016,10117,20141,5181,5065,12552,15343,13020,17241,15810,23208,21565,27023,24705,31239,32176,43724,8605,17109,476488,244282,67832,39436,147321,25551,4210,123,90
2021-05-27T23:59:59+02:00,42,39,15686,16618,40510,44845,42230,46313,46752,55443,68182,74092,48969,60930,40686,55944,10106,20101,4943,4720,11906,14527,12238,16308,14740,22013,20308,25512,24203,30502,32004,43462,8571,17025,470606,236937,66314,38630,146603,23489,3843,122,86
2021-05-26T23:59:59+02:00,40,38,15274,16183,39416,43925,41190,45436,45722,54565,67576,73582,48816,60748,40602,55777,10084,20053,4750,4520,11354,13768,11517,15460,13730,20882,18910,23921,23618,29715,31787,43117,8517,16923,465458,229670,64294,37759,145614,21438,3539,122,86
2021-05-25T23:59:59+02:00,40,37,14868,15774,38414,43036,40223,44584,44770,53647,66959,73051,48633,60508,40523,55644,10058,20000,4534,4312,10814,13128,10753,14690,12658,19642,17476,22419,23030,28935,31550,42790,8460,16828,460134,222297,62714,36816,144505,19531,3294,122,84
2021-05-24T23:59:59+02:00,40,36,14522,15448,37578,42303,39355,43911,43908,52861,66431,72566,48510,60331,40460,55519,10038,19955,4390,4185,10368,12664,10117,14111,11769,18807,16191,21156,22355,28102,31333,42458,8401,16738,455519,215386,61481,35874,143761,18915,2889,122,84
2021-05-23T23:59:59+02:00,36,36,14354,15272,37111,41928,38904,43508,43457,52454,66160,72338,48430,60240,40421,55472,10031,19931,4200,4045,9902,12191,9497,13506,10825,17991,14995,20094,21884,27531,31080,42169,8350,16652,452322,208389,61100,35793,143738,17849,2801,122,83
2021-05-22T23:59:59+02:00,34,34,14159,15056,36421,41367,38218,43055,42881,52045,65142,71325,48223,59981,40349,55358,10021,19910,4089,3749,9689,11774,9345,13181,10582,17546,14725,19692,21790,27414,31046,42127,8343,16643,445868,207161,61097,35790,143723,15935,2769,122,83
2021-05-21T23:59:59+02:00,33,33,13774,14648,35354,40459,37158,42134,41816,51144,63785,70038,47994,59645,40269,55210,10004,19877,3980,3650,9483,11510,9131,12916,10248,17219,14310,19319,21569,27128,30984,42037,8334,16635,436277,205204,60739,35484,143487,14935,2752,120,81
2021-05-20T23:59:59+02:00,30,33,12967,13909,33916,39004,35738,40735,40411,49944,62490,68889,47700,59306,40124,55028,9983,19827,3829,3475,8958,10904,8482,12205,9549,16369,13554,18355,20752,26008,30790,41738,8295,16548,426039,200837,59039,34640,142468,11886,2370,118,81
2021-05-19T23:59:59+02:00,30,32,12422,13334,32741,37590,34639,39356,39286,48986,60481,67113,47217,58748,39939,54765,9940,19721,3723,3338,8681,10529,8186,11833,9112,15860,12917,17691,19887,24878,30563,41435,8238,16433,415178,196588,57521,33826,141357,10647,2167,117,79
2021-05-18T23:59:59+02:00,28,32,11999,12878,31706,36582,33560,38443,38246,48056,58415,65240,46862,58301,39783,54524,9908,19662,3522,3171,8184,9933,7716,11289,8566,15189,12236,16921,18944,23642,30325,41093,8200,16327,406505,192476,55573,32985,140166,7854,1867,114,79
2021-05-17T23:59:59+02:00,26,31,11745,12593,31188,36026,33064,37884,37654,47418,56513,63532,46159,57476,39504,54124,9871,19588,3435,3060,7917,9657,7420,10992,8163,14775,11664,16315,18024,22510,30090,40773,8165,16251,398910,188095,54443,32240,139356,7227,1575,112,77
2021-05-16T23:59:59+02:00,26,31,11527,12337,30663,35522,32601,37392,37132,46846,54612,61700,45610,56777,39311,53806,9844,19532,3337,2958,7628,9363,7097,10651,7689,14308,11082,15728,17094,21358,29880,40484,8127,16182,391934,183805,53474,31390,138691,6639,1060,110,75
2021-05-15T23:59:59+02:00,26,31,11367,12131,30385,35188,32364,37072,36904,46582,53044,60217,45360,56471,39234,53667,9838,19504,3315,2939,7603,9335,7082,10630,7671,14293,11063,15706,16983,21142,29671,40174,8119,16172,386117,182808,53470,31389,138645,6587,1043,110,74
2021-05-14T23:59:59+02:00,26,31,11119,11843,29913,34684,31984,36610,36387,46107,51165,58379,44998,55971,39094,53461,9822,19464,3287,2917,7532,9264,7025,10558,7607,14231,10882,15505,16249,20074,29385,39685,8102,16132,378305,179873,53139,31051,138512,6447,993,109,74
2021-05-13T23:59:59+02:00,23,30,10829,11509,29260,34032,31379,36008,35711,45436,49692,56863,44565,55343,38921,53214,9795,19417,3208,2867,7403,9160,6936,10464,7504,14120,10550,15158,15185,18829,28998,39043,8059,16057,371166,176055,52123,30487,137758,6058,873,107,71
2021-05-12T23:59:59+02:00,22,28,10698,11364,28973,33713,31110,35717,35398,45121,49408,56551,44469,55236,38869,53135,9788,19378,3195,2840,7370,9124,6904,10429,7473,14080,10378,15001,14806,18392,28693,38558,8037,16010,368484,173981,52036,30476,137601,6013,751,106,71
2021-05-11T23:59:59+02:00,21,25,10341,11033,28118,32894,30286,34962,34536,44335,47670,54774,44012,54638,38694,52845,9750,19275,3106,2743,7127,8844,6678,10127,7257,13711,9900,14456,13816,17242,28277,37940,7999,15916,361545,170297,50329,29579,135706,4671,523,106,71
2021-05-10T23:59:59+02:00,20,25,10031,10745,27370,32188,29511,34267,33767,43567,46361,53501,43628,54129,38505,52542,9700,19161,3063,2696,6999,8720,6582,10007,7113,13532,9633,14153,13112,16375,27847,37327,7973,15836,355282,167469,49212,29195,134011,3829,410,103,67
2021-05-09T23:59:59+02:00,19,25,9791,10491,26682,31502,28854,33574,33043,42872,44824,52018,43128,53508,38306,52238,9663,19075,3014,2648,6873,8578,6477,9867,6999,13320,9321,13840,12314,15475,27480,36786,7953,15780,348179,164605,48138,28645,132875,3088,322,99,67
2021-05-08T23:59:59+02:00,19,25,9698,10418,26299,31200,28400,33255,32576,42564,43769,51188,42975,53345,38267,52176,9660,19069,3010,2644,6864,8573,6472,9859,6991,13308,9311,13827,12277,15413,26798,35836,7916,15704,343603,162731,48098,28618,132787,3073,316,99,67
2021-05-07T23:59:59+02:00,18,25,9555,10268,25825,30818,27945,32879,32070,42211,42723,50360,42703,53002,38156,52018,9648,19042,2946,2617,6804,8529,6416,9804,6940,13256,9136,13606,11645,14603,25852,34448,7868,15622,338454,158622,47790,28248,132629,2860,297,96,67
2021-05-06T23:59:59+02:00,16,24,9147,9973,24907,30050,26883,32077,30843,41384,41106,49142,42320,52453,37961,51775,9610,18968,2874,2570,6673,8382,6298,9675,6791,13068,8864,13304,10993,13735,24884,33066,7833,15560,330588,154821,46711,27290,130966,2113,281,93,67
2021-05-05T23:59:59+02:00,16,23,8774,9770,24024,29451,26029,31424,29760,40596,39126,47325,41873,51903,37754,51492,9553,18855,2830,2537,6555,8252,6197,9561,6690,12922,8617,13044,10276,12902,23866,31740,7804,15488,322745,150912,45859,26400,128852,1707,199,93,65
2021-05-04T23:59:59+02:00,16,22,8531,9530,23241,28805,25055,30687,28689,39757,37602,45859,41398,51316,37477,51145,9502,18732,2787,2514,6483,8180,6113,9491,6614,12835,8380,12823,9544,12041,22916,30491,7770,15425,316070,147159,44887,25595,126218,1495,96,93,64
2021-05-03T23:59:59+02:00,16,21,8320,9316,22543,28224,24220,30085,27781,39060,36644,45110,41052,50846,37259,50855,9451,18629,2739,2480,6413,8104,6033,9424,6524,12752,8153,12608,8789,11142,21996,29270,7739,15374,311202,143397,44112,24771,123969,1254,57,92,63
2021-05-02T23:59:59+02:00,16,21,8155,9153,21908,27646,23487,29497,26963,38441,35828,44474,40795,50517,37144,50667,9416,18572,2702,2457,6372,8064,5996,9389,6483,12711,7972,12434,8187,10400,21285,28398,7718,15355,306382,140199,43346,24494,122832,1122,49,91,61
2021-05-01T23:59:59+02:00,15,21,7999,8967,21534,27193,23008,28929,26316,37723,34999,43580,40529,50140,37045,50513,9410,18555,2696,2449,6347,8054,5980,9380,6465,12698,7956,12417,8150,10336,21246,28341,7714,15351,300266,139907,43344,24486,122727,1080,48,91,61
2021-04-30T23:59:59+02:00,15,20,7848,8787,21145,26768,22558,28358,25559,36936,33982,42612,40298,49819,36947,50359,9398,18532,2674,2435,6323,8036,5958,9363,6436,12677,7924,12384,8111,10267,21196,28259,7711,15341,293930,139598,43336,24411,122544,986,41,90,61
2021-04-29T23:59:59+02:00,14,20,7570,8544,20553,26189,21889,27676,24627,35971,32703,41273,39253,48417,36630,49886,9340,18403,2639,2400,6232,7926,5869,9262,6343,12537,7721,12109,7485,9539,20786,27742,7687,15266,285168,137525,42551,23179,121113,741,41,85,59
2021-04-28T23:59:59+02:00,13,18,7288,8328,20032,25725,21253,27082,23743,35123,31301,39821,38086,46823,36288,49393,9278,18262,2568,2352,6120,7805,5759,9131,6242,12383,7500,11835,6794,8689,20369,27160,7647,15195,276487,135065,41773,21875,119475,513,41,81,57
2021-04-27T23:59:59+02:00,12,18,7098,8148,19604,25298,20631,26546,22886,34339,30083,38495,36994,45376,35907,48825,9208,18135,2542,2327,6019,7708,5706,9032,6177,12258,7286,11640,6189,7951,19967,26660,7627,15172,268655,132969,40905,20930,117921,266,41,81,57
2021-04-26T23:59:59+02:00,11,18,6916,7981,19183,24879,20083,26022,22076,33582,28868,37254,35933,43955,35599,48338,9157,18008,2529,2316,5973,7665,5661,8993,6139,12213,7099,11479,5576,7216,19592,26215,7604,15144,260948,131003,40080,20084,116717,234,38,80,57
2021-04-25T23:59:59+02:00,11,17,6811,7844,18850,24609,19705,25681,21464,32959,27878,36294,34798,42523,35281,47908,9115,17926,2515,2308,5955,7640,5641,8975,6118,12187,7061,11452,5448,7032,19255,25751,7588,15099,253736,130371,39364,19340,116458,223,37,79,56
2021-04-24T23:59:59+02:00,11,17,6646,7666,18408,24182,19152,25145,20678,32157,26790,35241,34546,42209,35188,47743,9105,17914,2511,2302,5943,7630,5630,8965,6113,12183,7051,11445,5373,6920,19158,25609,7585,15091,247765,129913,39359,19300,115558,206,37,79,55
2021-04-23T23:59:59+02:00,11,17,6419,7464,17959,23707,18587,24533,19850,31342,25627,34040,33768,41037,35044,47510,9091,17891,2505,2283,5916,7608,5593,8926,6068,12137,7005,11393,5209,6641,18618,24977,7485,14920,240180,128060,39030,18951,114572,184,37,78,54
2021-04-22T23:59:59+02:00,10,16,6204,7255,17354,23123,17797,23756,18798,30315,24303,32603,32728,39682,34798,47153,9051,17812,2489,2267,5870,7557,5543,8842,5990,12058,6930,11322,4922,6219,17901,24100,7364,14723,231138,125879,38107,17982,113401,149,37,75,52
2021-04-21T23:59:59+02:00,10,15,6003,7072,16825,22654,17138,23153,17806,29414,22749,31011,31722,38443,34500,46710,9002,17723,2465,2250,5826,7499,5483,8767,5924,11957,6835,11242,4761,5945,17200,23249,7248,14542,222237,123778,37333,17212,112269,117,37,74,51
2021-04-20T23:59:59+02:00,9,14,5817,6876,16262,22179,16388,22500,16809,28410,21273,29541,30568,36949,34182,46264,8948,17624,2451,2236,5777,7460,5442,8722,5876,11890,6757,11178,4645,5788,16598,22474,7121,14362,213201,122090,36446,16496,110857,109,36,73,48
2021-04-19T23:59:59+02:00,9,14,5630,6716,15729,21751,15714,21947,15814,27532,19882,28141,29182,35303,33863,45779,8888,17505,2440,2219,5753,7427,5406,8688,5837,11845,6676,11101,4517,5627,15950,21757,7013,14200,204476,120439,35667,15829,109150,106,36,70,48
2021-04-18T23:59:59+02:00,8,14,5441,6575,15296,21427,15095,21383,14840,26738,18544,27003,27790,33651,33528,45354,8826,17415,2390,2172,5622,7302,5291,8576,5731,11695,6570,10983,4398,5441,15360,21091,6897,14018,195913,118792,34832,14562,108078,102,36,69,47
2021-04-17T23:59:59+02:00,8,13,5403,6540,15142,21350,14922,21297,14603,26559,18289,26782,27283,33105,33401,45206,8817,17400,2363,2133,5522,7149,5186,8419,5631,11508,6482,10852,4345,5377,15116,20797,6887,14004,194687,117038,34827,14558,106501,94,36,69,47
2021-04-16T23:59:59+02:00,8,13,5339,6485,14964,21201,14709,21136,14316,26313,17869,26372,26238,31873,33265,44997,8796,17377,2318,2082,5407,6962,5048,8238,5480,11266,6283,10631,4142,5142,14465,20001,6790,13857,191331,113786,34540,14158,105295,87,36,69,47
2021-04-15T23:59:59+02:00,7,12,5267,6406,14750,20990,14442,20848,13886,25964,17231,25742,24866,30254,33006,44672,8760,17295,2246,1998,5211,6727,4851,7922,5274,10946,6068,10345,3942,4889,13633,18917,6676,13689,186752,109962,33729,13214,103813,78,36,68,46
2021-04-14T23:59:59+02:00,7,12,5185,6337,14544,20790,14186,20624,13500,25628,16564,25119,23281,28467,32693,44270,8705,17201,2054,1878,4995,6466,4665,7672,5047,10697,5832,10058,3807,4683,12898,17999,6548,13474,182136,106860,32854,11762,102020,72,36,67,45
2021-04-13T23:59:59+02:00,7,12,5131,6287,14339,20659,13947,20442,13157,25330,15992,24616,21570,26613,32372,43855,8675,17093,1967,1825,4828,6277,4480,7448,4847,10441,5627,9819,3666,4517,12379,17383,6424,13311,177893,104452,31978,10646,100124,62,36,66,45
2021-04-12T23:59:59+02:00,7,11,5068,6219,14120,20465,13643,20180,12767,24913,15412,24063,19963,24667,32080,43493,8632,17018,1839,1733,4645,6119,4329,7272,4684,10248,5491,9660,3550,4363,11943,16872,6313,13149,173507,102766,30923,9307,98189,60,36,66,43
2021-04-11T23:59:59+02:00,7,11,4997,6145,13900,20266,13347,19969,12349,24560,14843,23551,18454,22887,31819,43151,8587,16936,1801,1696,4526,6006,4218,7149,4561,10117,5356,9529,3434,4244,11451,16261,6180,12941,169209,101011,29964,8329,96508,58,34,64,40
2021-04-10T23:59:59+02:00,7,11,4992,6136,13882,20252,13338,19958,12331,24542,14819,23530,17762,21963,31528,42732,8569,16909,1797,1682,4511,5996,4203,7134,4548,10103,5303,9463,3331,4130,10898,15427,6050,12743,168134,98864,29937,8329,95094,56,32,64,40
2021-04-09T23:59:59+02:00,7,11,4978,6116,13844,20203,13293,19908,12282,24483,14557,23276,16241,20073,31120,42085,8535,16866,1772,1667,4488,5980,4175,7107,4504,10065,5265,9414,3244,4009,10030,14439,5901,12545,165501,96406,29597,8080,92688,54,30,62,37
2021-04-08T23:59:59+02:00,7,11,4933,6089,13743,20129,13212,19827,12180,24380,14216,22914,14469,17853,30499,41076,8472,16742,1749,1652,4458,5926,4122,7022,4439,9985,5192,9337,3134,3904,9552,13833,5695,12299,161643,94548,28564,7642,90462,53,23,60,35
2021-04-07T23:59:59+02:00,7,11,4902,6059,13636,20046,13118,19740,12073,24274,13833,22552,12949,15994,29855,40097,8418,16641,1730,1637,4404,5857,4036,6949,4351,9901,5103,9237,3043,3810,8793,12736,5457,11892,157196,91974,27685,6865,89244,44,21,59,34
2021-04-06T23:59:59+02:00,7,11,4872,6035,13537,19979,13035,19682,11999,24211,13457,22202,11311,13985,29196,39126,8386,16570,1668,1582,4274,5728,3927,6826,4232,9751,4999,9107,2927,3689,8086,11804,5183,11527,153185,89584,26807,5633,87532,43,19,58,33
2021-04-05T23:59:59+02:00,7,10,4834,6005,13461,19912,12967,19614,11943,24131,13183,21949,9696,12033,28466,38071,8350,16507,1597,1515,4119,5576,3759,6671,4078,9601,4844,8978,2796,3572,7271,10836,4910,11134,149970,87200,25788,3968,85306,40,18,57,33
2021-04-04T23:59:59+02:00,7,10,4817,5988,13450,19890,12957,19597,11936,24112,13084,21877,8668,10770,28014,37429,8325,16450,1595,1512,4111,5570,3758,6666,4073,9597,4842,8970,2791,3563,7035,10369,4826,11009,148229,86239,25784,3968,83295,35,16,57,31
2021-04-03T23:59:59+02:00,7,10,4814,5977,13433,19871,12945,19587,11926,24101,13070,21859,7760,9701,27129,36186,8275,16338,1591,1508,4109,5565,3756,6663,4065,9585,4828,8957,2784,3550,6898,10102,4787,10927,145750,85628,25775,3968,81393,35,15,56,31
2021-04-02T23:59:59+02:00,7,10,4809,5957,13397,19845,12907,19544,11880,24052,12997,21793,7246,8949,25538,34082,8128,16067,1582,1492,4083,5541,3730,6623,4029,9524,4707,8672,2656,3394,6522,9705,4637,10721,141280,83803,25435,3738,80424,35,13,56,31
2021-04-01T23:59:59+02:00,6,9,4759,5897,13302,19701,12788,19395,11730,23897,12400,21348,6681,8238,24028,32107,8000,15825,1518,1444,3973,5422,3664,6551,3961,9457,4628,8568,2561,3254,6008,9020,4459,10444,137075,81531,24292,3330,78679,31,12,53,30
2021-03-31T23:59:59+02:00,6,9,4708,5841,13178,19546,12653,19240,11542,23718,12139,21086,6359,7863,22542,30149,7848,15594,1505,1433,3948,5399,3632,6523,3922,9410,4588,8513,2497,3178,5518,8371,4280,10205,133127,79743,23198,3112,77634,31,9,53,29
2021-03-30T23:59:59+02:00,6,9,4643,5774,13041,19397,12542,19062,11413,23554,11971,20948,6168,7646,21148,28413,7702,15389,1488,1397,3907,5366,3567,6452,3833,9297,4456,8343,2361,2974,5095,7814,4134,9948,129756,77509,22266,2871,76746,19,6,52,29
2021-03-29T23:59:59+02:00,6,9,4603,5732,12922,19303,12476,18977,11330,23449,11819,20814,6011,7446,19719,26723,7575,15186,1428,1356,3853,5320,3493,6383,3716,9154,4305,8153,2238,2833,4534,7143,3977,9672,126151,74849,21397,2660,76495,18,5,52,28
2021-03-28T23:59:59+02:00,6,9,4555,5663,12800,19163,12391,18886,11227,23349,11712,20711,5859,7240,18535,25215,7455,14988,1395,1313,3754,5212,3299,6156,3628,9037,4254,8097,2185,2769,3777,6124,3792,9402,123144,71790,20600,2363,75966,11,5,49,27
2021-03-27T23:59:59+01:00,6,9,4523,5613,12693,19000,12275,18724,11112,23145,11604,20562,5792,7155,18247,24867,7444,14970,1389,1310,3749,5208,3296,6149,3342,8689,4055,7799,2179,2766,3764,6089,3755,9337,121304,70476,20560,2363,75823,7,5,49,27
2021-03-26T23:59:59+01:00,6,8,4487,5556,12581,18810,12142,18524,10960,22915,11444,20350,5627,6940,17637,24072,7345,14818,1387,1309,3744,5201,3273,6133,3323,8669,3843,7349,2000,2359,3501,5804,3603,9098,118203,68205,20218,2356,75748,6,4,49,27
2021-03-25T23:59:59+01:00,6,8,4411,5465,12383,18571,11941,18202,10749,22587,11204,20023,5413,6653,16605,22764,7218,14627,1378,1298,3724,5175,3239,6106,3271,8631,3796,7306,1929,2246,3064,5121,3440,8789,114230,66224,19145,2256,75403,4,4,48,27
2021-03-24T23:59:59+01:00,6,8,4330,5353,12164,18121,11722,17791,10526,22194,10971,19649,5143,6308,15558,21547,7076,14399,1355,1284,3700,5130,3203,6042,3217,8561,3744,7234,1876,2187,2754,4785,3289,8517,111111,64831,18054,2015,73649,4,4,48,26
2021-03-23T23:59:59+01:00,6,8,4273,5284,11996,17779,11522,17438,10335,21827,10747,19358,5006,6113,14916,20729,6936,14223,1339,1276,3684,5110,3182,6024,3191,8510,3707,7191,1839,2128,2522,4511,3078,8190,108740,63477,17321,1973,72383,4,4,48,26
2021-03-22T23:59:59+01:00,6,8,4221,5206,11797,17447,11334,17115,10111,21502,10531,19054,4856,5904,14293,20012,6803,14038,1326,1266,3653,5077,3150,5987,3163,8453,3670,7147,1796,2074,2324,4258,2880,7853,106874,62213,16601,1832,70714,4,4,45,25
2021-03-21T23:59:59+01:00,6,8,4149,5082,11520,17033,11052,16711,9839,21046,10274,18700,4743,5733,13596,19221,6658,13830,1318,1265,3636,5061,3128,5954,3140,8426,3651,7123,1776,2045,2157,4094,2709,7582,104985,61208,15302,1827,68865,4,4,45,23
2021-03-20T23:59:59+01:00,5,8,4121,5012,11378,16701,10928,16397,9699,20748,10098,18417,4615,5572,12966,18273,6518,13612,1317,1264,3636,5059,3125,5953,3137,8420,3646,7118,1772,2040,2125,4032,2684,7539,102784,61010,15297,1827,66938,4,4,45,23
2021-03-19T23:59:59+01:00,5,7,4076,4930,11210,16338,10745,16045,9524,20366,9878,18056,4456,5372,11936,17061,6355,13401,1308,1257,3619,5030,3095,5875,3091,8326,3543,6943,1647,1927,2049,3968,2571,7331,100070,59727,14883,1823,64762,4,4,42,23
2021-03-18T23:59:59+01:00,5,7,3990,4826,10961,15915,10481,15601,9244,19899,9653,17712,4309,5206,11310,16192,6124,13135,1304,1246,3602,4995,3075,5831,3070,8270,3516,6895,1628,1894,2013,3901,2445,7119,98263,59043,13874,1732,62388,4,4,41,22
2021-03-17T23:59:59+01:00,5,7,3814,4711,10666,15503,10223,15244,9002,19536,9399,17363,4188,5041,10491,14949,5860,12708,1303,1243,3589,4978,3068,5811,3060,8236,3501,6871,1625,1869,1989,3871,2333,6933,95604,58534,12330,1718,60731,3,4,41,22
2021-03-16T23:59:59+01:00,5,7,3671,4587,10330,15040,9954,14875,8727,19090,9101,16997,4048,4873,9669,13821,5579,12348,1290,1240,3585,4972,3058,5806,3054,8224,3494,6857,1599,1844,1950,3820,2212,6752,93269,58090,11137,1640,58273,3,3,40,22
2021-03-15T23:59:59+01:00,5,7,3524,4468,10020,14578,9662,14420,8429,18615,8813,16587,3902,4705,8955,12753,5350,12023,1280,1232,3564,4960,3046,5782,3033,8185,3474,6815,1584,1831,1931,3789,2096,6563,91293,57501,9776,1638,55707,3,2,38,22
2021-03-14T23:59:59+01:00,5,7,3451,4382,9761,14147,9410,14022,8112,18121,8532,16193,3739,4518,8146,11513,5037,11558,1266,1226,3543,4942,3025,5740,3011,8105,3446,6747,1557,1777,1870,3661,1928,6164,88960,56968,8756,1016,52903,3,0,35,22
2021-03-13T23:59:59+01:00,5,7,3369,4124,9447,13484,9161,13443,7884,17538,8325,15755,3628,4415,7955,11215,4985,11466,1266,1226,3543,4942,3025,5740,3010,8104,3444,6745,1553,1776,1868,3657,1927,6163,88290,56949,8756,1016,49125,3,0,35,22
2021-03-12T23:59:59+01:00,5,7,3306,3982,9199,12947,8922,12918,7650,16901,7967,15003,3464,4245,7568,10805,4844,11276,1262,1223,3538,4928,3022,5736,3003,8096,3440,6739,1526,1747,1847,3641,1829,5982,86503,56520,8506,1015,45965,3,0,35,22
2021-03-11T23:59:59+01:00,5,7,3152,3708,8818,12198,8618,12247,7317,16113,7620,14354,3304,4039,7002,10084,4648,10966,1244,1212,3506,4885,2977,5659,2968,7972,3389,6641,1481,1694,1763,3436,1625,5448,84039,55765,8049,114,42080,2,0,32,20
2021-03-10T23:59:59+01:00,5,7,3085,3601,8329,11694,7940,11769,6996,15620,7319,13761,3145,3879,6433,9386,4470,10689,1233,1198,3476,4828,2945,5582,2932,7833,3335,6519,1441,1653,1700,3337,1503,5159,82191,54564,7493,91,38414,0,0,30,20
2021-03-09T23:59:59+01:00,5,6,2979,3421,7654,11252,7061,11292,6580,15007,6954,13155,2909,3579,5921,8750,4312,10405,1228,1195,3453,4782,2918,5517,2916,7781,3317,6473,1427,1629,1664,3294,1392,4954,79871,53866,6130,57,35211,0,0,30,18
2021-03-08T23:59:59+01:00,5,6,2804,3184,7019,10712,6252,10813,6180,14486,6560,12585,2696,3368,5313,8012,4162,10134,1222,1188,3431,4718,2893,5442,2877,7686,3285,6398,1420,1620,1661,3286,1387,4951,77046,53393,4983,55,32233,0,0,29,18
2021-03-07T23:59:59+01:00,5,6,2691,3051,6690,10217,5843,10271,5884,14039,6318,12194,2598,3277,4547,6947,3944,9849,1218,1185,3428,4713,2888,5429,2873,7669,3277,6384,1414,1606,1638,3245,1370,4907,73786,53176,4148,52,30410,0,0,27,17
2021-03-06T23:59:59+01:00,5,6,2647,2908,6505,9769,5646,9858,5407,13182,5942,11456,2576,3249,4541,6936,3941,9846,1218,1184,3425,4707,2886,5428,2872,7668,3276,6381,1413,1603,1638,3243,1369,4907,72554,53151,4148,52,27691,0,0,27,16
2021-03-05T23:59:59+01:00,5,6,2551,2652,6292,9193,5433,9466,5230,12616,5563,10473,2347,2781,4160,6553,3803,9625,1205,1181,3409,4691,2881,5415,2863,7650,3264,6362,1400,1595,1637,3239,1364,4903,70215,52994,3912,52,24595,0,0,27,14
2021-03-04T23:59:59+01:00,5,6,2473,2445,6079,8758,5274,9125,5048,12193,5386,10095,2252,2611,3601,5729,3633,9277,1193,1165,3366,4592,2848,5347,2831,7553,3233,6287,1381,1587,1623,3225,1354,4892,68144,52416,3467,51,22352,0,0,27,11
2021-03-03T23:59:59+01:00,4,6,2416,2390,5907,8347,5105,8761,4834,11745,5197,9650,2169,2505,3192,5287,3473,8981,1173,1156,3331,4546,2811,5281,2790,7454,3185,6212,1361,1561,1603,3194,1348,4874,66706,51824,3222,47,20015,0,0,26,10
2021-03-02T23:59:59+01:00,4,6,2360,2296,5751,8015,4947,8506,4669,11345,5037,9330,2100,2414,2885,4929,3254,8653,1168,1146,3313,4525,2796,5254,2773,7405,3177,6184,1356,1551,1585,3175,1345,4869,65331,51566,2963,47,18181,0,0,26,10
2021-03-01T23:59:59+01:00,4,6,2333,2265,5644,7798,4848,8361,4583,11192,4935,9157,2045,2337,2587,4605,3064,8334,1162,1143,3299,4507,2784,5225,2756,7359,3164,6156,1350,1548,1578,3165,1342,4863,64056,51345,2741,47,17276,0,0,25,10
2021-02-28T23:59:59+01:00,3,6,2281,2221,5463,7539,4673,8141,4446,11007,4826,9028,2005,2273,2289,4301,2860,8019,1153,1137,3285,4497,2777,5218,2751,7346,3157,6142,1345,1545,1570,3146,1341,4830,62928,51185,2439,47,15989,0,0,25,9
2021-02-27T23:59:59+01:00,3,6,2193,1911,5291,7115,4574,7833,4364,10658,4754,8778,1977,2212,2258,4254,2838,7968,1149,1133,3283,4495,2772,5216,2747,7343,3152,6138,1344,1545,1570,3145,1340,4829,62690,51149,2439,44,13833,0,0,25,9
2021-02-26T23:59:59+01:00,3,6,2128,1834,5148,6878,4427,7573,4211,10391,4544,8495,1848,2104,2197,4214,2729,7785,1127,1120,3267,4460,2760,5178,2736,7291,3131,6084,1338,1534,1566,3137,1339,4827,61354,50844,2433,43,12703,0,0,25,9
2021-02-25T23:59:59+01:00,3,6,1999,1733,4825,6471,3999,7119,3927,9874,4311,8114,1790,2045,2166,4156,2613,7589,1109,1103,3227,4415,2729,5128,2690,7185,3092,5993,1327,1518,1549,3096,1325,4768,60873,50206,2327,41,9515,0,0,25,8
2021-02-24T23:59:59+01:00,3,6,1965,1667,4709,6258,3894,6905,3806,9631,4188,7955,1767,2012,2135,4113,2498,7388,1096,1098,3197,4352,2694,5064,2664,7100,3063,5922,1311,1501,1524,3046,1313,4699,60319,49609,2083,29,8473,0,0,25,7
2021-02-23T23:59:59+01:00,3,6,1738,1522,4337,5772,3612,6518,3587,9251,4033,7672,1737,1980,2090,4065,2384,7202,1077,1086,3161,4325,2666,5006,2638,7024,3027,5863,1291,1481,1497,3011,1303,4644,59857,49080,2036,15,5591,0,0,25,6
2021-02-22T23:59:59+01:00,3,6,1729,1504,4287,5713,3576,6454,3522,9156,3972,7576,1705,1953,2064,4015,2264,7003,1072,1073,3140,4279,2646,4967,2613,6964,2998,5810,1279,1467,1486,3000,1295,4635,59310,48710,1893,9,5274,0,0,25,6
2021-02-21T23:59:59+01:00,3,6,1717,1499,4257,5679,3532,6416,3482,9102,3928,7526,1695,1945,2059,4005,2140,6837,1065,1062,3119,4239,2617,4917,2598,6896,2970,5721,1266,1451,1463,2939,1267,4553,58957,48130,1887,8,4960,0,0,24,6
2021-02-20T23:59:59+01:00,3,6,1714,1498,4251,5676,3530,6415,3482,9100,3926,7525,1690,1943,2057,4001,2139,6837,1065,1062,3117,4237,2617,4917,2597,6895,2970,5721,1266,1450,1462,2939,1267,4553,58940,48122,1887,8,4942,0,0,24,6
2021-02-19T23:59:59+01:00,3,6,1688,1491,4238,5657,3518,6402,3471,9090,3917,7510,1663,1914,2036,3983,2038,6654,1064,1061,3116,4236,2616,4916,2597,6892,2967,5719,1266,1449,1462,2937,1267,4553,58516,48106,1881,8,4860,0,0,22,5
2021-02-18T23:59:59+01:00,3,6,1638,1459,4143,5546,3445,6298,3383,8925,3830,7370,1641,1879,2002,3912,1904,6454,1018,1019,2975,4017,2490,4647,2487,6553,2859,5454,1234,1406,1430,2850,1239,4401,57861,46068,1790,8,4165,0,0,22,4
2021-02-17T23:59:59+01:00,3,5,1616,1429,4046,5396,3362,6145,3264,8690,3704,7169,1588,1808,1923,3806,1778,6136,960,970,2826,3796,2374,4336,2362,6142,2729,5142,1182,1343,1382,2738,1189,4225,56614,43685,1780,7,3452,0,0,22,4
2021-02-16T23:59:59+01:00,3,5,1540,1361,3886,5204,3228,5963,3156,8457,3582,7003,1565,1784,1888,3776,1657,5923,874,939,2694,3641,2276,4125,2236,5820,2599,4891,1126,1250,1236,2434,923,3595,55914,40651,1765,4,2282,0,0,20,4
2021-02-15T23:59:59+01:00,3,5,1523,1342,3838,5119,3168,5877,3099,8343,3516,6898,1554,1770,1873,3753,1648,5900,838,916,2613,3512,2201,3946,2155,5542,2511,4681,1081,1185,1143,2255,852,3365,55446,38791,1762,2,2002,0,0,19,3
2021-02-14T23:59:59+01:00,3,5,1457,1314,3756,5045,3125,5770,3044,8189,3473,6789,1534,1738,1819,3622,1589,5642,829,910,2564,3444,2162,3878,2101,5423,2445,4575,1054,1146,1054,2078,777,3116,55203,37551,1134,2,1559,0,0,18,3
2021-02-13T23:59:59+01:00,3,5,1454,1313,3748,5039,3118,5769,3041,8187,3470,6787,1533,1734,1819,3620,1587,5642,829,910,2564,3444,2162,3877,2099,5422,2444,4575,1052,1145,1054,2078,777,3116,55182,37546,1133,0,1536,0,0,18,2
2021-02-12T23:59:59+01:00,3,4,1416,1295,3711,5006,3095,5749,3019,8154,3451,6742,1517,1724,1810,3603,1578,5621,821,903,2531,3390,2127,3832,2069,5369,2426,4544,1051,1144,1053,2077,776,3114,54956,37225,1131,0,1394,0,0,17,2
2021-02-11T23:59:59+01:00,3,4,1366,1249,3598,4833,3003,5577,2921,7845,3352,6530,1458,1666,1738,3419,1486,5274,782,839,2277,2945,1901,3359,1836,4621,2155,4014,961,1072,957,1878,717,2832,54318,33144,137,0,852,0,0,15,2
2021-02-10T23:59:59+01:00,3,4,1342,1225,3536,4730,2939,5472,2879,7696,3298,6398,1439,1649,1710,3380,1472,5234,702,781,1986,2535,1689,2915,1599,4012,1898,3555,849,927,787,1499,573,2309,53667,28614,135,0,590,0,0,14,2
2021-02-09T23:59:59+01:00,3,3,1329,1207,3481,4660,2910,5403,2858,7603,3261,6329,1431,1633,1682,3357,1462,5221,652,701,1721,2184,1497,2528,1414,3511,1729,3193,817,894,762,1422,551,2193,53354,25767,130,0,335,0,0,14,2
2021-02-08T23:59:59+01:00,3,3,1316,1203,3452,4630,2891,5364,2836,7551,3242,6299,1419,1627,1672,3331,1460,5203,637,666,1570,1947,1357,2271,1282,3203,1571,2933,777,874,714,1315,518,2018,53054,23651,104,0,332,0,0,12,2
2021-02-07T23:59:59+01:00,3,3,1182,1160,3347,4575,2837,5321,2809,7513,3217,6261,1409,1610,1663,3308,1453,5170,490,521,1304,1589,1116,1824,1071,2612,1343,2413,674,747,632,1154,471,1788,52757,19747,76,0,0,0,0,8,2
2021-02-06T23:59:59+01:00,3,3,1178,1158,3345,4573,2833,5319,2802,7510,3213,6257,1408,1608,1663,3306,1452,5169,367,372,1105,1342,980,1520,932,2206,1178,1999,587,651,605,1136,469,1785,52716,17232,76,0,0,0,0,8,2
2021-02-05T23:59:59+01:00,3,2,1166,1147,3330,4551,2826,5292,2791,7468,3195,6211,1402,1600,1660,3300,1451,5169,266,211,922,1025,834,1152,757,1758,1005,1588,474,547,579,1116,466,1781,52480,14480,76,0,0,0,0,8,1
2021-02-04T23:59:59+01:00,3,2,1150,1129,3284,4500,2786,5218,2749,7338,3147,6127,1387,1585,1646,3266,1441,5141,137,85,621,655,544,736,517,1152,666,992,295,366,474,970,421,1618,51838,10248,53,0,0,0,0,8,1
2021-02-03T23:59:59+01:00,3,2,1128,1123,3256,4454,2757,5178,2726,7286,3117,6070,1377,1574,1620,3225,1433,5089,117,69,493,507,413,594,415,910,510,746,244,286,371,757,324,1257,51363,8012,48,0,0,0,0,7,1
2021-02-02T23:59:59+01:00,3,2,1106,1109,3220,4423,2726,5124,2700,7211,3082,6006,1353,1546,1584,3167,1407,4991,108,60,411,410,343,517,366,822,457,664,224,263,325,685,296,1123,50706,7073,47,0,0,0,0,7,1
2021-02-01T23:59:59+01:00,3,2,1090,1098,3202,4370,2696,5063,2669,7084,3052,5911,1333,1517,1557,3129,1390,4926,80,45,310,307,252,392,275,616,326,499,186,214,254,545,228,876,50038,5404,47,0,0,0,0,7,1
2021-01-31T23:59:59+01:00,3,2,1084,1088,3187,4340,2672,5019,2653,7029,3039,5866,1322,1500,1534,3064,1363,4840,70,43,284,283,227,345,253,573,296,460,165,195,209,445,186,707,49551,4740,47,0,0,0,0,7,1
2021-01-30T23:59:59+01:00,3,2,1083,1088,3184,4336,2671,5019,2652,7028,3039,5865,1322,1499,1533,3064,1363,4840,70,39,277,269,214,330,248,562,292,454,164,192,208,445,186,707,49540,4656,44,0,0,0,0,7,1
2021-01-29T23:59:59+01:00,3,2,1082,1087,3183,4332,2671,5017,2651,7026,3036,5863,1322,1499,1533,3063,1363,4840,64,35,259,255,191,310,232,545,281,446,158,188,204,439,185,705,49522,4496,44,0,0,0,0,7,1
2021-01-28T23:59:59+01:00,3,2,1061,1068,3114,4229,2617,4908,2593,6870,2968,5732,1307,1477,1517,2995,1340,4716,54,19,163,153,126,187,162,359,207,282,125,145,158,276,108,416,48471,2940,41,0,0,0,0,5,0
2021-01-27T23:59:59+01:00,3,2,1015,1030,3032,4087,2536,4729,2499,6588,2884,5531,1274,1432,1476,2901,1303,4564,25,7,99,70,58,92,83,210,117,148,94,113,114,206,81,297,46850,1814,31,0,0,0,0,5,0
2021-01-26T23:59:59+01:00,2,2,938,1002,2915,3955,2457,4544,2417,6408,2814,5376,1248,1382,1386,2749,1078,4160,25,7,94,69,57,91,81,210,115,147,93,112,114,206,81,297,44809,1799,19,0,0,0,0,5,0
2021-01-25T23:59:59+01:00,2,2,920,985,2835,3827,2413,4397,2357,6212,2754,5226,1229,1360,1372,2722,1065,4124,25,7,93,69,55,89,81,210,115,145,93,111,114,206,81,297,43785,1791,13,0,0,0,0,4,0
2021-01-24T23:59:59+01:00,2,2,910,981,2815,3811,2403,4365,2331,6173,2721,5165,1216,1353,1363,2698,1051,4089,25,7,93,69,55,89,81,210,114,145,92,111,114,206,81,297,43436,1789,9,0,0,0,0,4,0
2021-01-23T23:59:59+01:00,2,2,910,981,2815,3810,2403,4365,2330,6172,2720,5165,1214,1352,1363,2698,1051,4089,25,7,93,69,55,89,81,210,114,145,92,111,114,206,81,295,43431,1787,8,0,0,0,0,3,0
2021-01-22T23:59:59+01:00,2,2,903,974,2784,3764,2368,4300,2298,6097,2699,5118,1212,1350,1362,2696,1050,4086,25,7,93,69,55,89,81,210,114,145,92,111,114,206,81,295,43056,1787,8,0,0,0,0,1,0
2021-01-21T23:59:59+01:00,2,2,888,907,2528,3352,2167,3885,2116,5487,2476,4633,1155,1303,1312,2570,1013,3923,21,7,82,63,51,73,68,170,94,134,83,97,99,154,73,235,39710,1504,8,0,0,0,0,1,0
2021-01-20T23:59:59+01:00,2,2,810,844,2216,2944,1960,3424,1884,4880,2220,4160,1042,1163,1143,2217,878,3397,21,7,82,63,51,72,68,170,93,134,83,97,99,154,71,235,35177,1500,8,0,0,0,0,1,0
2021-01-19T23:59:59+01:00,2,2,748,765,1921,2499,1721,2966,1650,4220,1977,3687,968,1067,1015,1930,772,3016,10,3,49,44,32,44,35,100,44,77,37,36,49,83,44,152,30918,839,7,0,0,0,0,1,0
2021-01-18T23:59:59+01:00,2,2,675,706,1692,2101,1484,2494,1404,3535,1724,3184,884,981,910,1716,716,2734,5,2,18,10,13,21,17,54,17,33,17,21,26,56,31,82,26939,423,4,0,0,0,0,1,0
2021-01-17T23:59:59+01:00,1,2,496,545,1377,1697,1206,1961,1150,2801,1443,2562,743,825,756,1424,593,2339,0,1,3,2,0,0,0,0,0,0,0,0,0,0,0,0,21917,6,3,0,0,0,0,1,0
2021-01-16T23:59:59+01:00,1,1,375,396,1195,1453,1086,1675,1011,2404,1287,2157,657,728,729,1407,591,2338,0,0,0,0,0,0,0,0,0,0,0,0,0,0,0,0,19488,0,2,0,0,0,0,1,0
2021-01-15T23:59:59+01:00,1,1,271,235,1013,1153,937,1329,844,1957,1109,1754,538,618,691,1372,578,2297,0,0,0,0,0,0,0,0,0,0,0,0,0,0,0,0,16697,0,1,0,0,0,0,0,0
2021-01-14T23:59:59+01:00,0,0,155,105,699,771,645,862,609,1298,746,1135,349,429,566,1185,517,2046,0,0,0,0,0,0,0,0,0,0,0,0,0,0,0,0,12117,0,0,0,0,0,0,0,0
2021-01-13T23:59:59+01:00,0,0,130,84,590,604,521,695,492,1042,590,869,293,353,478,1001,445,1741,0,0,0,0,0,0,0,0,0,0,0,0,0,0,0,0,9928,0,0,0,0,0,0,0,0
2021-01-12T23:59:59+01:00,0,0,120,68,508,517,444,594,427,912,520,765,258,304,390,804,371,1356,0,0,0,0,0,0,0,0,0,0,0,0,0,0,0,0,8358,0,0,0,0,0,0,0,0
2021-01-11T23:59:59+01:00,0,0,91,55,412,421,360,483,342,738,415,592,224,253,323,671,301,1143,0,0,0,0,0,0,0,0,0,0,0,0,0,0,0,0,6824,0,0,0,0,0,0,0,0
2021-01-10T23:59:59+01:00,0,0,76,47,348,348,294,401,289,641,345,525,196,222,258,532,240,887,0,0,0,0,0,0,0,0,0,0,0,0,0,0,0,0,5649,0,0,0,0,0,0,0,0
2021-01-09T23:59:59+01:00,0,0,76,45,333,327,270,379,281,625,337,518,195,221,257,530,240,887,0,0,0,0,0,0,0,0,0,0,0,0,0,0,0,0,5521,0,0,0,0,0,0,0,0
2021-01-08T23:59:59+01:00,0,0,71,37,299,294,225,339,253,584,310,479,177,201,232,471,219,785,0,0,0,0,0,0,0,0,0,0,0,0,0,0,0,0,4976,0,0,0,0,0,0,0,0
2021-01-07T23:59:59+01:00,0,0,57,25,208,197,157,240,194,418,241,342,147,162,177,307,145,501,0,0,0,0,0,0,0,0,0,0,0,0,0,0,0,0,3518,0,0,0,0,0,0,0,0
2021-01-06T23:59:59+01:00,0,0,45,15,160,118,111,159,143,291,176,242,115,130,135,240,102,356,0,0,0,0,0,0,0,0,0,0,0,0,0,0,0,0,2538,0,0,0,0,0,0,0,0
2021-01-05T23:59:59+01:00,0,0,28,7,95,71,58,92,85,208,115,150,105,121,126,221,101,330,0,0,0,0,0,0,0,0,0,0,0,0,0,0,0,0,1913,0,0,0,0,0,0,0,0
2021-01-04T23:59:59+01:00,0,0,26,7,95,70,55,89,85,208,115,148,105,119,126,221,101,330,0,0,0,0,0,0,0,0,0,0,0,0,0,0,0,0,1900,0,0,0,0,0,0,0,0
2021-01-03T23:59:59+01:00,0,0,26,7,95,70,55,89,85,208,114,148,104,119,126,221,101,330,0,0,0,0,0,0,0,0,0,0,0,0,0,0,0,0,1898,0,0,0,0,0,0,0,0
2021-01-02T23:59:59+01:00,0,0,26,7,95,70,55,89,85,208,113,148,104,119,126,221,101,329,0,0,0,0,0,0,0,0,0,0,0,0,0,0,0,0,1896,0,0,0,0,0,0,0,0
2021-01-01T23:59:59+01:00,0,0,26,7,95,70,55,89,85,208,112,147,104,119,126,221,101,329,0,0,0,0,0,0,0,0,0,0,0,0,0,0,0,0,1894,0,0,0,0,0,0,0,0
2020-12-31T23:59:59+01:00,0,0,26,7,95,70,55,89,85,208,111,147,104,119,126,221,101,329,0,0,0,0,0,0,0,0,0,0,0,0,0,0,0,0,1893,0,0,0,0,0,0,0,0
2020-12-30T23:59:59+01:00,0,0,26,7,95,70,54,89,85,208,111,147,104,119,126,221,100,329,0,0,0,0,0,0,0,0,0,0,0,0,0,0,0,0,1891,0,0,0,0,0,0,0,0
2020-12-29T23:59:59+01:00,0,0,14,2,63,52,32,59,49,133,63,89,51,50,71,132,62,221,0,0,0,0,0,0,0,0,0,0,0,0,0,0,0,0,1143,0,0,0,0,0,0,0,0
2020-12-28T23:59:59+01:00,0,0,5,2,35,24,19,30,21,67,25,41,22,22,27,51,34,82,0,0,0,0,0,0,0,0,0,0,0,0,0,0,0,0,507,0,0,0,0,0,0,0,0
2020-12-27T23:59:59+01:00,0,0,1,0,7,5,7,2,1,5,0,2,0,1,2,2,4,6,0,0,0,0,0,0,0,0,0,0,0,0,0,0,0,0,45,0,0,0,0,0,0,0,0
