Datum,<15_m,<15_w,15-24_1_m,15-24_1_w,25-34_1_m,25-34_1_w,35-44_1_m,35-44_1_w,45-54_1_m,45-54_1_w,55-64_1_m,55-64_1_w,65-74_1_m,65-74_1_w,75-84_1_m,75-84_1_w,>84_1_m,>84_1_w,<24_2_m,<24_2_w,25-34_2_m,25-34_2_w,35-44_2_m,35-44_2_w,45-54_2_m,45-54_2_w,55-64_2_m,55-64_2_w,65-74_2_m,65-74_2_w,75-84_2_m,75-84_2_w,>84_2_m,>84_2_w,bp_1,bp_2,mo_1,mo_2,az_1,az_2,ja,unb_1,unb_2
2021-10-10T23:59:59+02:00,10940,10530,68557,68689,109975,106989,99856,99334,96093,101486,94901,96715,56763,70392,44527,61756,11032,22400,61588,61765,103348,99700,94330,92789,91461,96240,91177,92874,54932,68142,43292,59777,10521,21211,839045,787197,136576,130869,158679,145509,96512,196,194
2021-10-09T23:59:59+02:00,10915,10512,68475,68637,109919,106948,99818,99297,96058,101455,94887,96701,56758,70386,44526,61755,11032,22400,61507,61694,103271,99625,94276,92736,91420,96195,91156,92854,54926,68132,43287,59770,10520,21210,838686,786684,136547,130811,158677,145506,96446,196,194
2021-10-08T23:59:59+02:00,10847,10459,68339,68551,109792,106850,99750,99207,95993,101410,94842,96654,56746,70372,44523,61752,11032,22399,61344,61513,103143,99479,94163,92623,91337,96103,91108,92815,54911,68119,43281,59760,10518,21209,837902,785601,136497,130726,158676,145499,96319,196,194
2021-10-07T23:59:59+02:00,10770,10383,68144,68379,109633,106686,99619,99070,95907,101294,94773,96588,56724,70339,44510,61736,11028,22391,61073,61266,102957,99265,94020,92408,91230,95972,91034,92746,54881,68071,43267,59733,10513,21201,836579,783841,136431,130607,158674,145491,96166,196,194
2021-10-06T23:59:59+02:00,10704,10327,67976,68243,109511,106554,99533,98965,95829,101237,94730,96541,56685,70298,44496,61718,11026,22382,60897,61098,102822,99123,93913,92293,91158,95878,90965,92676,54853,68033,43254,59708,10508,21189,835559,782689,136368,130546,158672,145480,96030,196,194
2021-10-05T23:59:59+02:00,10599,10238,67808,68108,109374,106418,99424,98839,95767,101162,94686,96487,56667,70270,44487,61681,11021,22369,60704,60929,102677,98942,93800,92144,91061,95792,90905,92603,54826,67992,43238,59691,10504,21174,834423,781439,136297,130481,158671,145475,95888,196,194
2021-10-04T23:59:59+02:00,10562,10208,67647,67949,109222,106274,99337,98735,95679,101079,94635,96430,56633,70225,44473,61652,11018,22347,60556,60750,102543,98809,93671,92025,90972,95700,90847,92554,54791,67950,43214,59657,10498,21154,833399,780352,136225,130424,158669,145466,95686,196,194
2021-10-03T23:59:59+02:00,10498,10153,67448,67784,109058,106124,99225,98632,95593,100982,94571,96376,56601,70193,44465,61627,11017,22344,60363,60598,102358,98635,93535,91866,90877,95590,90773,92498,54755,67906,43197,59632,10495,21146,832283,779109,136157,130339,158665,145457,95460,196,194
2021-10-02T23:59:59+02:00,10473,10127,67347,67691,108973,106059,99162,98570,95543,100932,94550,96355,56590,70175,44465,61626,11016,22342,60245,60485,102286,98560,93468,91801,90831,95543,90747,92476,54748,67889,43196,59628,10494,21146,831754,778527,136095,130290,158663,145437,95358,196,194
2021-10-01T23:59:59+02:00,10388,10027,67196,67531,108794,105919,99045,98462,95465,100866,94498,96316,56573,70157,44463,61614,11014,22340,60052,60263,102119,98409,93341,91660,90726,95437,90686,92420,54732,67860,43193,59619,10493,21143,830713,777268,136037,130205,158661,145400,95131,196,194
2021-09-30T23:59:59+02:00,10310,9958,66978,67313,108590,105684,98870,98272,95331,100729,94406,96217,56538,70112,44446,61584,11010,22327,59803,60006,101922,98204,93158,91451,90590,95290,90598,92329,54705,67811,43178,59586,10483,21129,829134,775616,135947,130088,158655,145352,94810,196,194
2021-09-29T23:59:59+02:00,10232,9902,66789,67131,108401,105494,98722,98114,95210,100625,94325,96146,56498,70057,44429,61550,11005,22308,59632,59840,101741,98029,93024,91290,90483,95189,90527,92247,54672,67763,43159,59540,10480,21115,827777,774411,135882,130012,158651,145319,94499,196,194
2021-09-28T23:59:59+02:00,10148,9829,66607,66928,108202,105335,98578,97959,95101,100515,94242,96068,56457,70018,44417,61512,10998,22280,59447,59663,101555,97874,92892,91157,90361,95062,90448,92179,54641,67726,43143,59512,10471,21100,826416,773254,135820,129927,158649,145285,94180,196,194
2021-09-27T23:59:59+02:00,10020,9696,66373,66682,107996,105166,98447,97816,95015,100407,94166,95997,56430,69971,44404,61481,10993,22269,59252,59481,101378,97741,92756,91022,90260,94954,90378,92105,54604,67671,43122,59485,10463,21089,825029,772219,135748,129848,158648,145244,93775,196,194
2021-09-26T23:59:59+02:00,9902,9603,66138,66456,107770,104979,98283,97674,94899,100285,94083,95917,56393,69940,44390,61458,10988,22256,59018,59289,101180,97563,92612,90861,90155,94837,90306,92031,54575,67644,43108,59457,10458,21074,823618,771099,135670,129755,158642,145185,93355,196,194
2021-09-25T23:59:59+02:00,9864,9563,66023,66332,107667,104889,98209,97614,94842,100234,94052,95889,56389,69932,44388,61455,10987,22256,58909,59173,101078,97471,92532,90792,90116,94771,90269,92010,54563,67633,43104,59453,10458,21074,823070,770559,135610,129703,158642,145157,93134,196,194
2021-09-24T23:59:59+02:00,9803,9503,65866,66153,107501,104722,98063,97471,94722,100131,93982,95834,56374,69915,44380,61441,10987,22254,58695,58948,100898,97282,92408,90647,90009,94665,90186,91945,54542,67611,43101,59448,10457,21071,822057,769387,135540,129638,158642,145095,92733,196,194
2021-09-23T23:59:59+02:00,9711,9382,65552,65823,107244,104477,97872,97243,94564,99966,93880,95723,56329,69856,44356,61412,10981,22225,58404,58670,100657,97059,92224,90440,89877,94516,90091,91842,54494,67562,43079,59420,10456,21048,820284,767865,135421,129529,158636,145025,92125,196,194
2021-09-22T23:59:59+02:00,9640,9302,65218,65508,107036,104264,97671,97039,94407,99831,93753,95626,56284,69787,44322,61369,10970,22203,58224,58490,100478,96896,92045,90302,89760,94395,89985,91766,54459,67518,43051,59389,10450,21033,818533,766831,135312,129452,158631,144942,91623,196,194
2021-09-21T23:59:59+02:00,9553,9217,64996,65267,106834,104089,97499,96884,94292,99723,93673,95555,56234,69736,44304,61326,10963,22191,58036,58313,100288,96744,91906,90172,89673,94306,89896,91692,54420,67461,43030,59350,10441,21015,817100,765799,135236,129358,158628,144878,91241,196,194
2021-09-20T23:59:59+02:00,9493,9161,64712,64965,106644,103908,97340,96719,94188,99627,93608,95479,56194,69693,44284,61283,10958,22180,57847,58164,100111,96602,91754,90022,89531,94207,89817,91621,54375,67424,43004,59314,10435,20999,815695,764816,135161,129277,158623,144731,90825,196,194
2021-09-19T23:59:59+02:00,9443,9118,64437,64798,106417,103716,97192,96553,94050,99529,93507,95405,56165,69639,44274,61258,10955,22169,57606,57972,99872,96429,91570,89859,89351,94036,89700,91539,54337,67363,42985,59280,10434,20986,814391,763627,135080,129162,158620,144470,90402,196,194
2021-09-18T23:59:59+02:00,9411,9073,64345,64697,106300,103620,97083,96468,93982,99458,93474,95377,56157,69630,44270,61253,10953,22168,57487,57852,99769,96331,91448,89779,89280,93973,89664,91509,54327,67358,42978,59277,10432,20981,813824,762999,134991,129097,158618,144458,90154,196,194
2021-09-17T23:59:59+02:00,9333,8987,64157,64537,106125,103464,96914,96313,93852,99361,93401,95301,56141,69603,44259,61247,10947,22162,57284,57619,99584,96171,91297,89663,89164,93868,89587,91448,54312,67331,42970,59270,10432,20978,812729,761889,134905,129001,158614,144441,89724,196,194
2021-09-16T23:59:59+02:00,9243,8881,63888,64247,105857,103211,96684,96078,93665,99185,93300,95212,56089,69549,44246,61220,10940,22148,57036,57352,99322,95944,91106,89457,88990,93710,89486,91361,54265,67280,42948,59249,10427,20966,810964,760409,134818,128865,158604,144377,89124,196,194
2021-09-15T23:59:59+02:00,9173,8826,63540,63958,105660,102999,96477,95885,93530,99027,93199,95128,56051,69492,44210,61189,10935,22122,56863,57196,99131,95782,90937,89301,88885,93597,89383,91299,54233,67233,42923,59216,10423,20950,809230,759368,134764,128749,158600,144341,88673,196,194
2021-09-14T23:59:59+02:00,9131,8775,63251,63754,105429,102788,96280,95706,93397,98886,93083,95043,56005,69436,44186,61151,10930,22106,56663,57016,98956,95597,90770,89138,88753,93486,89301,91229,54196,67193,42901,59189,10418,20935,807709,758337,134695,128657,158592,144243,88207,196,193
2021-09-13T23:59:59+02:00,9096,8741,62959,63493,105205,102560,96110,95538,93253,98751,92996,94945,55955,69382,44169,61118,10923,22094,56456,56835,98762,95407,90616,88981,88622,93380,89215,91154,54159,67148,42881,59160,10415,20918,806217,757251,134607,128543,158582,144201,87748,196,193
2021-09-12T23:59:59+02:00,9045,8693,62657,63251,104962,102313,95900,95310,93092,98620,92900,94865,55905,69333,44153,61087,10918,22083,56257,56675,98520,95199,90450,88814,88487,93265,89118,91080,54116,67091,42859,59132,10411,20901,804702,756231,134509,128417,158578,144130,87163,196,193
2021-09-11T23:59:59+02:00,8998,8660,62536,63124,104822,102193,95797,95201,93007,98542,92861,94833,55890,69319,44148,61075,10918,22082,56110,56585,98373,95093,90352,88715,88388,93199,89081,91054,54106,67072,42855,59122,10411,20900,804022,755634,134453,128340,158578,144111,86818,196,193
2021-09-10T23:59:59+02:00,8903,8550,62301,62863,104625,101981,95625,95011,92866,98417,92767,94762,55857,69290,44134,61057,10918,22080,55869,56379,98175,94907,90168,88532,88255,93070,88997,90984,54084,67051,42842,59103,10411,20896,802650,754476,134390,128224,158575,144095,86257,196,193
2021-09-09T23:59:59+02:00,8806,8452,61995,62596,104358,101668,95396,94725,92693,98194,92633,94647,55819,69226,44113,61027,10908,22059,55620,56156,97925,94658,89947,88300,88094,92917,88855,90899,54042,67002,42821,59073,10405,20890,800731,753072,134286,128040,158571,144023,85592,196,193
2021-09-08T23:59:59+02:00,8746,8402,61781,62368,104144,101436,95209,94508,92532,98029,92520,94519,55784,69160,44079,60987,10895,22035,55462,56002,97741,94454,89790,88105,87936,92772,88735,90793,54004,66940,42785,59031,10394,20855,799284,752062,134181,127893,158562,143935,84972,196,193
2021-09-07T23:59:59+02:00,8695,8351,61544,62158,103919,101203,95026,94318,92392,97890,92418,94443,55750,69110,44050,60932,10885,22013,55267,55839,97524,94260,89606,87940,87810,92664,88637,90704,53962,66894,42759,58999,10389,20838,797813,750986,134077,127766,158558,143807,84514,196,193
2021-09-06T23:59:59+02:00,8655,8309,61341,61986,103723,101030,94888,94162,92277,97765,92333,94370,55694,69053,44029,60905,10878,21980,55099,55670,97330,94098,89440,87785,87683,92539,88540,90624,53912,66847,42738,58954,10379,20814,796598,749887,133987,127632,158547,143724,84111,196,193
2021-09-05T23:59:59+02:00,8595,8260,61133,61784,103561,100846,94733,93995,92156,97652,92257,94303,55667,69011,44018,60884,10873,21972,54895,55469,97137,93898,89252,87625,87543,92414,88457,90538,53863,66797,42721,58931,10374,20798,795423,748725,133907,127462,158544,143629,83691,196,193
2021-09-04T23:59:59+02:00,8544,8230,61016,61676,103475,100748,94632,93911,92101,97585,92221,94277,55658,69000,44012,60874,10873,21971,54768,55355,97019,93772,89136,87526,87474,92334,88409,90505,53848,66786,42715,58920,10374,20797,794836,748074,133857,127340,158540,143611,83436,196,193
2021-09-03T23:59:59+02:00,8467,8158,60827,61494,103306,100596,94486,93770,91998,97472,92149,94226,55630,68974,44004,60860,10871,21965,54562,55173,96818,93556,88943,87334,87328,92161,88316,90426,53815,66752,42704,58901,10370,20794,793750,746825,133804,127112,158532,143575,83032,196,193
2021-09-02T23:59:59+02:00,8351,8068,60576,61250,103055,100358,94294,93551,91813,97311,92032,94129,55584,68917,43981,60825,10867,21944,54298,54915,96525,93279,88702,87063,87108,91957,88173,90311,53770,66670,42673,58850,10360,20758,792119,745178,133695,126755,158521,143457,82435,196,193
2021-09-01T23:59:59+02:00,8287,7987,60366,61036,102860,100188,94144,93398,91696,97184,91929,94056,55540,68867,43963,60801,10859,21926,54043,54696,96298,93059,88508,86847,86930,91792,88034,90202,53705,66581,42635,58806,10350,20737,790866,743731,133622,126495,158505,143338,81958,196,189
2021-08-31T23:59:59+02:00,8207,7912,60162,60793,102664,100009,93970,93242,91574,97069,91806,93974,55494,68816,43937,60761,10850,21910,53790,54438,96031,92810,88294,86614,86773,91632,87873,90098,53660,66509,42609,58751,10343,20718,789523,742239,133542,126186,158492,143229,81457,196,189
2021-08-30T23:59:59+02:00,8111,7835,59959,60609,102495,99868,93853,93112,91457,96967,91739,93895,55461,68788,43921,60727,10845,21894,53540,54246,95792,92577,88087,86386,86595,91492,87747,89975,53605,66431,42568,58687,10326,20689,788422,740813,133485,125873,158485,143082,81007,196,189
2021-08-29T23:59:59+02:00,8034,7757,59682,60368,102258,99671,93669,92939,91317,96849,91650,93806,55416,68738,43897,60697,10843,21885,53190,53937,95473,92289,87798,86127,86361,91297,87593,89849,53536,66356,42538,58647,10320,20672,787065,738911,133395,125538,158469,142938,80410,196,189
2021-08-28T23:59:59+02:00,7978,7690,59545,60257,102153,99563,93565,92856,91232,96774,91605,93776,55402,68725,43889,60693,10842,21883,53012,53789,95312,92157,87663,86016,86250,91209,87523,89805,53519,66335,42529,58640,10318,20671,786446,738087,133356,125433,158465,142912,80024,196,189
2021-08-27T23:59:59+02:00,7912,7605,59358,60065,101983,99396,93424,92729,91122,96668,91519,93720,55380,68696,43879,60676,10841,21880,52765,53543,95017,91883,87442,85811,86077,91055,87416,89706,53476,66299,42514,58614,10313,20668,785462,736516,133294,125232,158427,142876,79533,196,189
2021-08-26T23:59:59+02:00,7826,7506,59120,59818,101758,99177,93207,92506,90944,96487,91413,93622,55331,68634,43846,60649,10835,21868,52430,53261,94651,91533,87107,85501,85836,90797,87258,89574,53414,66210,42468,58571,10306,20656,783994,734608,133196,124825,158404,142744,78816,196,187
2021-08-25T23:59:59+02:00,7754,7416,58892,59621,101588,99034,93056,92323,90824,96364,91305,93544,55293,68582,43812,60605,10830,21845,52131,53009,94348,91279,86883,85256,85639,90609,87125,89449,53346,66124,42419,58503,10300,20625,782784,732887,133114,124513,158394,142676,78260,195,185
2021-08-24T23:59:59+02:00,7704,7364,58673,59403,101402,98861,92890,92161,90713,96238,91220,93473,55255,68528,43785,60562,10824,21820,51809,52747,93998,90993,86583,85004,85429,90418,86973,89288,53261,66030,42371,58437,10292,20603,781650,731066,133022,124211,158387,142457,77681,195,185
2021-08-23T23:59:59+02:00,7648,7312,58471,59197,101239,98705,92760,92001,90621,96153,91144,93388,55217,68485,43756,60536,10820,21802,51487,52481,93660,90717,86335,84730,85235,90248,86838,89163,53183,65937,42336,58387,10285,20585,780512,729176,132951,123925,158377,142283,77279,195,184
2021-08-22T23:59:59+02:00,7580,7256,58275,59015,101036,98546,92602,91865,90526,96039,91065,93321,55181,68438,43742,60512,10814,21788,51115,52128,93260,90315,86028,84425,84999,90020,86669,89039,53104,65832,42300,58324,10271,20553,779492,726835,132848,123614,158365,142067,76760,195,182
2021-08-21T23:59:59+02:00,7526,7218,58141,58892,100903,98440,92497,91761,90427,95978,91008,93286,55161,68416,43734,60495,10812,21785,50783,51828,93093,90167,85859,84267,84852,89896,86583,88976,53073,65808,42290,58308,10270,20547,778816,725311,132773,123386,158364,142026,76391,195,182
2021-08-20T23:59:59+02:00,7473,7166,57986,58720,100731,98289,92346,91627,90312,95855,90932,93226,55140,68391,43724,60478,10810,21780,50451,51489,92830,89900,85595,84034,84638,89692,86450,88866,53042,65767,42267,58284,10263,20540,777863,723347,132724,123180,158358,141962,75905,195,182
2021-08-19T23:59:59+02:00,7406,7106,57739,58485,100456,98061,92138,91436,90150,95690,90804,93122,55098,68332,43699,60447,10803,21766,50007,51052,92400,89499,85190,83633,84327,89377,86236,88683,52971,65659,42229,58223,10253,20522,776500,720655,132591,122734,158350,141756,75161,195,181
2021-08-18T23:59:59+02:00,7342,7051,57558,58324,100272,97882,91996,91273,90010,95570,90703,93028,55031,68268,43670,60401,10793,21746,49657,50685,92023,89173,84870,83302,84049,89127,86046,88511,52856,65542,42158,58131,10238,20492,775352,718261,132501,122345,158343,141518,74587,194,181
2021-08-17T23:59:59+02:00,7280,7000,57369,58168,100080,97709,91830,91125,89888,95439,90607,92936,54992,68220,43645,60373,10791,21731,49164,50264,91574,88751,84468,82947,83720,88834,85842,88308,52753,65417,42100,58054,10232,20468,774241,715250,132397,121936,158330,141229,74081,193,181
2021-08-16T23:59:59+02:00,7221,6934,57186,57992,99877,97534,91682,90966,89746,95322,90492,92839,54941,68159,43616,60322,10784,21717,48598,49689,91096,88304,83999,82551,83385,88541,85611,88105,52649,65302,42042,57976,10223,20432,773076,711724,132305,121492,158323,141001,73492,193,181
2021-08-15T23:59:59+02:00,7155,6886,56965,57804,99692,97352,91524,90825,89622,95215,90403,92780,54903,68118,43596,60293,10780,21710,47476,48553,90452,87614,83443,82007,82990,88155,85324,87898,52541,65180,41998,57917,10214,20413,771996,705915,132193,120864,158314,140821,72986,193,180
2021-08-14T23:59:59+02:00,7123,6853,56844,57716,99551,97253,91421,90749,89534,95146,90352,92735,54888,68102,43591,60286,10779,21709,47324,48410,90219,87440,83230,81799,82865,88054,85254,87854,52513,65149,41989,57906,10213,20411,771471,705099,132137,120540,158310,140770,72580,193,180
2021-08-13T23:59:59+02:00,7078,6808,56690,57587,99393,97125,91294,90612,89428,95032,90271,92672,54858,68051,43577,60263,10777,21702,47019,48092,89743,87035,82830,81422,82601,87821,85084,87714,52470,65081,41967,57882,10210,20399,770643,702873,132078,119983,158303,140690,72062,191,180
2021-08-12T23:59:59+02:00,7043,6757,56486,57425,99180,96948,91120,90446,89283,94891,90176,92592,54820,67999,43551,60229,10769,21685,46604,47702,89096,86459,82250,80873,82221,87494,84856,87536,52396,64980,41914,57823,10200,20381,769580,699904,131975,119142,158290,140440,71423,191,179
2021-08-11T23:59:59+02:00,7008,6702,56299,57253,98973,96767,90960,90305,89150,94778,90065,92489,54768,67939,43520,60190,10760,21670,46188,47243,88469,85807,81668,80362,81883,87189,84585,87293,52307,64839,41842,57698,10181,20332,768453,696727,131877,118186,158267,140105,70870,188,178
2021-08-10T23:59:59+02:00,6947,6654,56114,57088,98753,96619,90803,90155,89021,94665,89981,92412,54723,67892,43504,60150,10756,21657,45751,46775,87821,85181,81060,79821,81473,86809,84341,87077,52186,64730,41782,57615,10167,20301,767391,693388,131783,117242,158248,139790,70343,188,178
2021-08-09T23:59:59+02:00,6895,6595,55941,56925,98558,96465,90648,90017,88880,94569,89870,92349,54684,67843,43479,60116,10749,21642,45184,46220,86983,84505,80369,79233,81059,86460,84047,86853,52074,64598,41726,57514,10153,20259,766367,689566,131710,116177,158238,139442,69781,188,175
2021-08-08T23:59:59+02:00,6824,6526,55715,56735,98347,96276,90470,89853,88744,94450,89775,92273,54630,67796,43453,60081,10742,21621,44579,45605,85910,83566,79462,78420,80515,85982,83717,86553,51939,64444,41662,57423,10140,20233,765155,684430,131598,114995,158218,139127,69210,188,175
2021-08-07T23:59:59+02:00,6779,6475,55569,56611,98207,96161,90341,89750,88649,94392,89712,92233,54611,67770,43450,60071,10739,21616,43738,44723,85573,83228,78985,77980,80155,85629,83535,86408,51876,64360,41641,57387,10135,20224,764483,680712,131535,113846,158214,139022,68774,188,174
2021-08-06T23:59:59+02:00,6723,6426,55377,56461,97974,95977,90189,89620,88524,94275,89614,92162,54571,67742,43441,60044,10736,21612,42816,43833,85105,82758,78398,77424,79765,85244,83344,86261,51823,64295,41615,57355,10127,20210,763520,676746,131435,112563,158207,138886,68176,188,173
2021-08-05T23:59:59+02:00,6657,6354,55056,56215,97675,95705,89929,89398,88311,94083,89445,92027,54507,67652,43411,59992,10727,21594,41574,42663,84372,82076,77619,76623,79168,84679,82988,85959,51693,64135,41554,57252,10112,20178,761863,671171,131308,110926,158195,138340,67242,188,172
2021-08-04T23:59:59+02:00,6576,6304,54817,56028,97422,95492,89745,89232,88169,93941,89327,91929,54454,67600,43373,59945,10723,21584,41097,42169,83147,81026,76276,75478,78679,84224,82668,85712,51551,63996,41497,57165,10096,20152,760572,665970,131199,109414,158180,137871,66580,188,172
2021-08-03T23:59:59+02:00,6510,6238,54558,55833,97186,95300,89570,89068,88026,93795,89181,91808,54374,67519,43336,59887,10715,21576,40659,41742,81896,79890,74853,74289,78072,83654,82124,85219,51337,63791,41396,57010,10083,20116,759189,660143,131094,107714,158155,137168,65912,188,172
2021-08-02T23:59:59+02:00,6448,6176,54319,55628,96925,95078,89348,88893,87854,93655,89037,91695,54291,67446,43303,59835,10712,21556,40180,41257,80575,78779,73303,73082,77447,83090,81580,84734,51167,63587,41321,56889,10066,20082,757754,654075,130943,105954,158133,136563,65240,187,170
2021-08-01T23:59:59+02:00,6382,6090,54051,55362,96658,94807,89110,88717,87651,93511,88872,91586,54223,67360,43266,59783,10705,21549,39661,40767,79282,77699,71891,71977,76555,82337,80994,84267,50977,63349,41233,56784,10055,20058,756143,647896,130747,104051,158106,135951,64557,186,167
2021-07-31T23:59:59+02:00,6346,6052,53929,55269,96537,94712,89009,88651,87560,93440,88827,91550,54211,67350,43260,59779,10705,21548,38702,39746,78835,77254,71354,71426,76170,82010,80879,84172,50958,63316,41217,56772,10055,20055,755662,643221,130577,103176,158103,135856,64263,186,167
2021-07-30T23:59:59+02:00,6291,6017,53752,55126,96376,94535,88852,88502,87428,93326,88744,91480,54174,67319,43247,59761,10703,21546,37695,38690,78129,76603,70600,70688,75655,81482,80478,83847,50881,63227,41183,56712,10049,20043,754763,637031,130261,102037,158100,135646,63926,185,166
2021-07-29T23:59:59+02:00,6240,5958,53516,54940,96114,94307,88640,88295,87260,93151,88604,91354,54114,67255,43224,59724,10695,21525,36448,37454,77071,75734,69549,69737,74849,80720,79940,83417,50749,63064,41116,56617,10032,20016,753519,629258,129778,100480,158084,135091,63407,184,166
2021-07-28T23:59:59+02:00,6203,5905,53316,54771,95907,94099,88489,88111,87144,93011,88493,91256,54056,67180,43190,59676,10685,21494,35835,36851,75902,74754,68274,68638,74088,80006,79449,82959,50608,62864,41046,56515,10016,19976,752339,622922,129328,99066,158067,134303,63124,184,164
2021-07-27T23:59:59+02:00,6154,5864,53082,54549,95646,93889,88307,87925,86985,92857,88369,91158,54003,67104,43148,59613,10671,21446,35181,36096,74443,73504,66821,67423,73225,79162,78905,82440,50433,62652,40966,56394,9991,19934,750926,615623,128895,97616,158043,133071,62778,184,163
2021-07-26T23:59:59+02:00,6097,5811,52861,54341,95399,93701,88109,87758,86822,92720,88240,91056,53942,67025,43119,59557,10664,21424,34415,35268,72927,72169,65449,66186,72178,78171,78315,81910,50260,62437,40888,56246,9969,19889,749577,607556,128471,96082,158026,132000,62444,184,163
2021-07-25T23:59:59+02:00,6059,5767,52653,54139,95145,93471,87931,87566,86664,92589,88132,90958,53891,66962,43091,59514,10654,21389,33710,34507,71587,70962,64334,65172,71176,77257,77839,81459,50142,62251,40823,56159,9963,19854,748170,600590,128198,94515,158004,131200,62075,184,163
2021-07-24T23:59:59+02:00,5972,5709,52378,53840,94837,93155,87684,87356,86488,92432,88032,90877,53862,66928,43079,59491,10654,21383,33205,34016,70724,70265,63664,64617,70300,76555,77634,81308,50087,62208,40801,56134,9963,19852,746285,596172,128146,93580,158003,131072,61594,184,163
2021-07-23T23:59:59+02:00,5919,5653,52104,53565,94439,92868,87386,87141,86307,92255,87893,90783,53829,66880,43071,59473,10651,21377,32686,33368,69658,69407,62884,63950,69397,75706,77231,80982,50012,62110,40769,56095,9956,19838,744236,590555,128072,92422,157997,130899,61160,184,163
2021-07-22T23:59:59+02:00,5849,5589,51686,53164,93962,92423,86998,86808,85997,91956,87680,90598,53744,66786,43042,59413,10643,21351,31979,32645,68343,68413,61835,63069,67779,74349,76579,80471,49861,61903,40678,55979,9935,19798,741188,584109,127837,89665,157973,130130,60563,183,162
2021-07-21T23:59:59+02:00,5797,5537,51315,52780,93526,92007,86691,86505,85740,91713,87506,90410,53660,66702,42983,59346,10632,21323,31365,31995,67010,67370,60748,62177,65734,72658,75674,79726,49570,61593,40517,55791,9911,19741,738381,577812,127597,85349,157943,129039,60123,183,162
2021-07-20T23:59:59+02:00,5739,5473,50924,52386,93061,91541,86324,86180,85471,91457,87285,90213,53568,66567,42934,59287,10625,21298,30706,31346,65545,66180,59614,61214,64556,71600,75062,79171,49365,61361,40411,55633,9888,19680,735413,570766,127375,83674,157887,128015,59529,183,162
2021-07-19T23:59:59+02:00,5662,5399,50452,51927,92590,91061,85953,85847,85224,91243,87078,90035,53475,66447,42898,59207,10607,21263,30163,30762,64382,65121,58697,60353,63402,70565,74463,78656,49191,61165,40319,55487,9860,19636,732137,564981,127147,81867,157852,126826,59103,183,162
2021-07-18T23:59:59+02:00,5593,5329,49625,51113,91510,90004,85222,85232,84743,90811,86785,89743,53369,66298,42835,59110,10597,21232,29608,30175,63196,64050,57773,59437,62223,69537,73912,78157,49043,61003,40261,55404,9848,19608,725663,559143,126815,79842,157835,126017,58709,183,161
2021-07-17T23:59:59+02:00,5419,5142,49272,50779,91367,89868,85027,85071,84587,90673,86678,89660,53348,66271,42824,59098,10596,21229,29220,29794,62549,63454,57218,59015,61472,68803,73606,77916,48933,60885,40222,55346,9838,19597,724480,556129,126638,78874,157830,125403,57831,183,161
2021-07-16T23:59:59+02:00,5318,5051,48948,50486,91101,89644,84781,84872,84387,90489,86539,89553,53306,66239,42806,59084,10593,21224,28724,29293,61609,62545,56372,58329,60418,67765,73104,77495,48772,60697,40176,55277,9833,19588,723099,551173,126468,77552,157819,124665,56906,182,161
2021-07-15T23:59:59+02:00,5182,4918,48475,50074,90700,89263,84422,84492,84083,90212,86317,89385,53226,66148,42751,59014,10584,21197,27995,28663,60290,61477,55247,57346,59006,66451,72370,76909,48542,60435,40087,55146,9818,19533,720627,545348,126048,75357,157784,122992,55841,181,161
2021-07-14T23:59:59+02:00,5076,4803,48120,49698,90392,88970,84134,84178,83833,89972,86115,89227,53136,66041,42693,58925,10567,21165,27463,28101,59193,60484,54276,56501,58127,65602,71762,76321,48274,60157,39980,54972,9796,19489,718455,539921,125688,74438,157734,121294,55026,180,161
2021-07-13T23:59:59+02:00,4964,4686,47716,49314,89993,88617,83829,83871,83566,89712,85909,89059,53026,65936,42638,58860,10561,21144,26800,27424,57824,59298,53085,55509,57137,64689,71036,75683,47997,59833,39850,54794,9764,19437,716093,533574,125317,73324,157676,119245,54173,179,160
2021-07-12T23:59:59+02:00,4793,4516,47165,48797,89596,88275,83434,83550,83318,89452,85718,88899,52945,65841,42590,58797,10549,21129,26171,26766,56325,57951,51799,54452,55914,63543,70291,75065,47623,59404,39674,54571,9723,19372,713374,526293,124949,72304,157612,116899,53287,179,160
2021-07-11T23:59:59+02:00,4398,4143,46216,47871,89163,87841,83020,83162,83009,89164,85522,88751,52858,65750,42565,58741,10538,21112,25567,26197,54950,56692,50504,53410,54872,62510,69697,74513,47277,59024,39549,54396,9698,19330,709409,519671,124479,71297,157572,115113,52225,176,159
2021-07-10T23:59:59+02:00,4385,4130,45886,47527,88705,87360,82686,82853,82905,89064,85456,88694,52837,65727,42556,58727,10537,21108,25079,25659,53861,55747,49645,52827,54273,61942,69481,74327,46908,58605,39449,54291,9693,19319,708738,515348,124011,71212,157394,113793,50862,175,159
2021-07-09T23:59:59+02:00,4366,4118,45467,47083,88084,86796,82309,82509,82653,88877,85342,88602,52801,65698,42549,58714,10533,21099,24376,24882,52540,54515,48704,51947,53495,61092,69059,73922,46549,58195,39361,54201,9686,19307,707315,509177,123426,70806,157231,112445,49491,174,159
2021-07-08T23:59:59+02:00,4336,4091,44915,46582,87222,86084,81778,81995,82398,88635,85147,88449,52734,65631,42517,58668,10522,21083,23386,23941,50600,52939,47320,50795,52355,59964,68367,73286,46029,57635,39224,54037,9658,19238,705188,501425,122536,69533,156939,109905,47975,173,158
2021-07-07T23:59:59+02:00,4313,4064,44330,45987,86383,85324,81226,81514,82111,88337,84938,88285,52655,65530,42474,58605,10514,21063,22495,23023,48654,51258,45802,49655,51115,58779,67666,72751,45291,56893,39029,53799,9626,19180,702673,493241,121535,68423,156681,106796,46596,170,156
2021-07-06T23:59:59+02:00,4280,4043,43784,45463,85517,84587,80612,80924,81741,88006,84762,88109,52566,65449,42436,58542,10505,21038,21656,22154,46651,49476,44415,48403,49834,57441,66917,72032,44462,56119,38843,53561,9608,19125,700024,484272,120513,67340,156380,103825,45281,168,156
2021-07-05T23:59:59+02:00,4258,4007,42622,44476,84000,83483,79885,80304,81282,87583,84487,87844,52450,65313,42385,58463,10491,21010,20463,21087,44692,47874,43395,47439,48805,56478,66221,71413,43698,55257,38668,53337,9584,19087,696701,478283,119453,66467,156012,100734,42012,167,156
2021-07-04T23:59:59+02:00,4231,3985,41259,43257,82350,82165,79158,79697,80809,87161,84215,87644,52357,65187,42340,58410,10478,20981,19109,19880,42893,46349,42695,46693,47992,55625,65638,70844,42954,54408,38504,53144,9564,19040,693580,473618,118300,65530,155586,98119,38053,167,156
2021-07-03T23:59:59+02:00,3765,3568,39684,41709,81485,81509,78673,79208,80363,86683,83996,87472,52289,65086,42322,58358,10475,20975,18298,19190,41976,45654,42277,46318,47586,55225,65472,70678,42363,53679,38442,53045,9557,19030,689828,471681,116989,65431,155502,96525,35136,167,156
2021-07-02T23:59:59+02:00,3207,2996,38128,40209,80753,80778,78001,78501,79843,86180,83754,87269,52237,65000,42294,58311,10463,20962,17528,18460,40817,44686,41542,45619,46752,54443,64949,70227,41412,52473,38312,52857,9541,19011,684783,466600,115584,64964,155350,94028,33005,166,154
2021-07-01T23:59:59+02:00,2560,2449,36409,38540,79769,79910,77160,77668,79136,85542,83439,86992,52114,64842,42231,58208,10445,20933,16644,17531,39269,43447,40325,44558,45448,53311,64206,69648,40521,51336,38163,52649,9524,18979,678444,460170,113854,63312,155125,91262,30760,166,154
2021-06-30T23:59:59+02:00,2518,2419,35397,37521,77925,78409,75459,76175,78489,84994,83153,86699,51981,64683,42171,58111,10433,20906,15609,16550,37588,42226,39126,43454,44292,52251,63450,69019,39975,50651,38045,52452,9502,18943,672577,454033,112117,61975,154911,89378,27674,166,153
2021-06-29T23:59:59+02:00,2483,2386,34557,36622,76324,76915,73846,74763,77694,84277,82607,86208,51798,64464,42095,57980,10416,20870,14773,15646,36274,41078,38215,42631,43073,51200,62732,68434,39263,49714,37909,52233,9479,18899,666218,448844,110238,60146,154642,87426,25043,166,152
2021-06-28T23:59:59+02:00,2442,2352,33731,35809,74712,75497,72164,73368,76672,83490,82003,85710,51622,64236,42018,57873,10403,20837,14023,14883,35214,40054,37395,41902,41943,50202,62081,67889,38391,48629,37742,52012,9460,18853,659741,443997,108280,58632,154045,85228,22709,166,151
2021-06-27T23:59:59+02:00,2427,2337,32993,35060,73149,74123,70755,72160,75274,82368,81325,85154,51425,64019,41953,57755,10393,20808,13386,14247,34255,39291,36737,41303,41007,49351,61539,67446,37526,47596,37590,51833,9445,18822,653532,440089,106341,57864,153092,82962,20349,165,149
2021-06-26T23:59:59+02:00,1790,1728,31950,33953,72790,73804,70288,71695,74981,82056,81231,85074,51405,63992,41939,57745,10392,20805,13192,14038,33592,38750,36091,40882,40484,49017,60548,66440,36530,46459,37422,51620,9431,18789,648733,434109,105398,57812,153088,81016,20238,162,148
2021-06-25T23:59:59+02:00,1172,1130,30826,32776,72295,73268,69676,71000,74555,81609,80855,84750,51343,63904,41905,57702,10387,20791,12857,13647,32742,37956,35223,40062,39538,48176,59334,65205,36015,45759,37231,51320,9408,18748,642394,425687,104204,57363,153081,79954,20104,162,147
2021-06-24T23:59:59+02:00,569,569,29482,31447,71516,72509,68804,70114,73883,80975,80408,84385,51237,63774,41853,57632,10376,20757,12190,12938,31567,36653,34005,38798,38408,47064,57697,63829,35538,45242,37074,51130,9389,18688,634558,416328,102715,55807,152969,78069,19888,161,146
2021-06-23T23:59:59+02:00,542,537,28977,30892,70403,71526,67532,68974,73133,80288,79957,83980,51125,63599,41793,57536,10360,20725,11695,12406,30568,35414,33072,37577,37385,46179,55750,62107,34983,44676,36907,50904,9368,18623,628319,406542,101139,54743,152862,76810,19399,161,145
2021-06-22T23:59:59+02:00,519,520,28456,30291,69230,70492,66327,67949,72454,79584,79545,83611,51017,63472,41745,57452,10351,20699,11348,11990,29655,34485,32119,36686,36427,45280,53774,60263,34598,44201,36770,50662,9339,18565,621969,397997,99679,53174,152728,75692,19178,161,143
2021-06-21T23:59:59+02:00,487,486,27788,29608,67909,69310,65137,66820,71696,78804,79149,83220,50910,63362,41686,57363,10337,20658,11055,11672,29030,33904,31566,36118,35819,44691,51928,58607,33888,43400,36473,50237,9309,18489,615138,390418,98176,51978,152605,75017,18652,160,142
2021-06-20T23:59:59+02:00,402,405,27152,28938,66682,68171,64117,65885,70892,78062,78794,82884,50833,63236,41637,57296,10332,20625,10767,11405,28482,33399,31109,35628,35306,44168,50080,56809,33346,42718,36276,49902,9279,18429,608743,382986,96713,51227,152506,74546,18222,160,138
2021-06-19T23:59:59+02:00,369,371,26766,28561,65948,67597,63591,65382,70093,77407,78642,82760,50812,63211,41621,57280,10331,20625,10634,11206,28228,33078,30855,35304,35083,43906,48636,55413,33087,42371,36192,49763,9271,18401,604776,377575,95768,51215,152505,74356,18159,160,138
2021-06-18T23:59:59+02:00,341,338,26305,28087,64933,66860,62854,64771,69172,76569,78252,82427,50749,63136,41594,57244,10327,20617,10418,10962,27828,32656,30527,34891,34691,43508,46898,53735,32734,41858,36055,49552,9252,18367,599351,370708,94526,50926,152499,74135,18041,160,137
2021-06-17T23:59:59+02:00,312,307,25660,27475,63663,65862,61854,63964,67583,75157,77726,82023,50649,62982,41531,57162,10314,20590,10001,10599,27039,31959,29787,34212,33854,42808,45389,52238,32288,41226,35891,49296,9221,18317,593248,363265,91865,49783,152337,73750,17206,159,136
2021-06-16T23:59:59+02:00,277,269,25126,26883,62360,64726,60749,62992,65314,73235,76883,81367,50434,62772,41440,57050,10295,20558,9677,10337,26389,31286,29084,33590,33125,42171,44794,51672,32018,40863,35745,49096,9200,18276,586984,359562,87356,49076,151914,72242,16320,157,136
2021-06-15T23:59:59+02:00,238,238,24472,26172,60951,63500,59668,62010,64159,72153,76376,80947,50312,62623,41389,56954,10288,20528,9408,10055,25789,30549,28448,32836,32444,41449,43233,50038,31567,40307,35573,48863,9170,18212,579816,352829,85730,48183,151458,70988,15818,157,136
2021-06-14T23:59:59+02:00,215,206,23997,25572,59842,62445,58792,61164,63083,71148,75903,80558,50223,62500,41339,56882,10273,20503,9114,9752,25038,29658,27687,32002,31656,40633,41944,48693,31197,39808,35436,48640,9140,18161,573940,346677,84013,47164,151253,69312,15283,157,135
2021-06-13T23:59:59+02:00,210,191,23578,25102,58900,61539,58019,60377,61973,70179,75438,80137,50133,62384,41288,56823,10261,20473,8829,9447,24329,28815,26977,31164,30895,39779,40385,47104,30732,39197,35233,48334,9110,18071,568916,339611,82157,46380,151026,67539,14750,157,133
2021-06-12T23:59:59+02:00,197,173,23320,24821,58341,61031,57658,60098,61331,69538,75237,80025,50108,62353,41276,56809,10258,20469,8710,9327,23853,28234,26455,30591,30367,39219,39284,46129,30563,39018,35138,48169,9106,18060,565961,335361,81202,46377,151018,65658,14706,157,133
2021-06-11T23:59:59+02:00,178,158,22951,24382,57590,60218,56980,59467,60424,68605,74888,79719,50033,62278,41250,56773,10256,20463,8570,9134,23335,27560,25923,29936,29785,38583,38206,45118,30295,38662,34995,47947,9093,18033,560914,330509,79909,46116,151004,63798,14631,156,132
2021-06-10T23:59:59+02:00,163,141,22409,23801,56448,59281,56052,58648,59161,67430,74349,79319,49961,62170,41226,56723,10241,20434,8306,8879,22462,26616,24959,28997,28664,37647,36815,43950,29938,38181,34715,47513,9026,17957,555323,323594,77700,45408,150766,61491,14013,156,130
2021-06-09T23:59:59+02:00,143,126,21777,23217,55186,58176,54975,57736,58210,66523,73887,78924,49873,62070,41174,56661,10227,20403,8013,8617,21534,25755,24028,28114,27631,36697,35095,42160,29549,37680,34529,47244,8984,17866,549519,316157,76247,44676,150412,59589,12956,155,128
2021-06-08T23:59:59+02:00,121,108,21100,22506,53874,57046,53857,56755,57257,65667,73340,78489,49784,61946,41120,56569,10209,20374,7746,8373,20635,24864,22973,27251,26596,35735,33733,40854,29191,37174,34208,46786,8933,17783,542833,309847,75317,43905,149973,57121,11844,155,126
2021-06-07T23:59:59+02:00,104,91,20447,21872,52436,55787,52598,55776,56101,64680,72788,78085,49699,61840,41073,56506,10196,20346,7491,8147,19795,24043,21951,26441,25564,34864,32799,40073,28909,36781,33959,46357,8882,17690,535543,305222,74415,43087,149564,54569,10748,155,126
2021-06-06T23:59:59+02:00,97,85,19935,21338,51292,54680,51490,54795,55133,63727,72277,77681,49613,61763,41037,56443,10188,20330,7279,7952,19014,23148,21049,25567,24493,33881,31884,39255,28619,36440,33704,45967,8831,17616,529209,300670,73393,42345,149231,51648,9919,152,123
2021-06-05T23:59:59+02:00,91,77,19665,21028,50508,53922,50836,54292,54659,63251,72145,77569,49602,61749,41033,56440,10185,20330,7048,7540,18372,22080,20325,24455,23618,32626,30848,37938,28286,35975,33580,45791,8824,17596,524858,294369,73387,42306,149146,48271,9839,152,123
2021-06-04T23:59:59+02:00,81,71,19213,20442,49445,52908,50020,53425,54005,62462,71802,77241,49574,61711,41013,56425,10183,20325,6825,7224,17746,21233,19637,23460,22678,31347,29625,36595,27998,35609,33466,45615,8812,17575,518373,287900,73059,42237,149129,45557,9634,151,122
2021-06-03T23:59:59+02:00,70,60,18534,19747,47926,51604,48801,52297,53033,61436,71297,76782,49508,61606,40975,56377,10170,20300,6533,6825,17009,20188,18835,22311,21672,29917,28457,35109,27456,34828,33260,45289,8775,17500,510602,281160,72046,41483,148855,42336,8871,149,119
2021-06-02T23:59:59+02:00,65,56,18153,19234,46904,50615,47918,51532,52282,60675,71047,76570,49469,61572,40956,56349,10162,20286,6343,6589,16368,19499,17910,21552,20825,28967,27362,33704,26990,34222,33099,45038,8746,17430,504315,274883,72028,41469,148834,39661,8521,147,114
2021-06-01T23:59:59+02:00,54,50,17474,18494,45035,48883,46260,50069,50763,59210,70367,75970,49377,61461,40897,56277,10149,20237,6063,6272,15206,18599,16396,20585,19609,27712,26132,32308,26434,33524,32848,44687,8699,17327,495202,268379,70662,40897,148288,36287,6731,144,110
2021-05-31T23:59:59+02:00,52,46,16991,18002,43722,47739,45038,48958,49520,58085,69684,75458,49295,61358,40851,56208,10137,20200,5784,5943,14159,17768,14981,19662,18427,26595,24905,30965,25916,32804,32653,44390,8665,17228,488950,262080,69497,40355,147820,33370,4934,143,109
2021-05-30T23:59:59+02:00,46,45,16661,17607,42750,46798,44130,48056,48512,57086,69126,74912,49190,61202,40779,56093,10121,20157,5593,5697,13612,17067,14351,18964,17527,25623,23802,29791,25145,31854,32355,43972,8620,17139,482993,256112,68466,39552,147411,31088,4259,142,104
2021-05-29T23:59:59+02:00,46,44,16528,17482,42385,46481,43785,47792,48271,56894,69068,74858,49184,61196,40772,56089,10121,20156,5429,5452,13101,16262,13707,18117,16682,24455,22687,28490,24986,31621,32291,43877,8617,17132,481015,250504,68343,39552,147403,28500,4250,141,103
2021-05-28T23:59:59+02:00,45,42,16223,17176,41681,45852,43274,47226,47761,56360,68791,74563,49118,61114,40745,56039,10118,20151,5187,5068,12566,15352,13028,17255,15819,23219,21584,27051,24737,31252,32196,43744,8607,17116,476714,244459,67836,39448,147377,25566,4211,141,100
2021-05-27T23:59:59+02:00,42,39,15698,16632,40527,44862,42256,46329,46770,55469,68210,74127,48995,60954,40691,55967,10107,20111,4949,4723,11919,14536,12245,16322,14748,22024,20327,25538,24235,30515,32024,43482,8573,17032,470828,237110,66318,38642,146658,23504,3843,139,96
2021-05-26T23:59:59+02:00,40,38,15286,16195,39433,43942,41216,45451,45740,54591,67604,73616,48843,60772,40607,55800,10085,20063,4756,4523,11367,13777,11524,15474,13737,20893,18927,23945,23651,29728,31807,43136,8519,16930,465677,229839,64297,37771,145669,21451,3540,139,96
2021-05-25T23:59:59+02:00,40,37,14880,15785,38430,43053,40249,44598,44788,53672,66987,73085,48660,60532,40528,55667,10059,20010,4540,4315,10827,13137,10759,14704,12665,19652,17493,22441,23063,28947,31570,42809,8462,16835,460349,222463,62717,36827,144560,19544,3295,139,93
2021-05-24T23:59:59+02:00,40,36,14534,15460,37594,42320,39381,43924,43927,52885,66458,72599,48537,60355,40465,55542,10039,19965,4396,4187,10381,12673,10124,14125,11775,18817,16208,21177,22388,28114,31353,42477,8403,16745,455735,215550,61483,35885,143815,18928,2890,138,93
2021-05-23T23:59:59+02:00,36,36,14366,15284,37127,41945,38930,43521,43476,52478,66187,72371,48456,60263,40426,55495,10032,19941,4206,4047,9915,12200,9504,13520,10831,18001,15010,20115,21917,27543,31100,42188,8352,16659,452536,208551,61102,35804,143792,17862,2802,138,92
2021-05-22T23:59:59+02:00,34,34,14170,15068,36437,41384,38242,43069,42901,52069,65169,71357,48249,60004,40354,55381,10022,19920,4095,3750,9702,11783,9351,13195,10589,17556,14740,19713,21823,27426,31066,42146,8345,16650,446078,207323,61099,35801,143778,15946,2771,138,92
2021-05-21T23:59:59+02:00,33,33,13785,14659,35369,40475,37180,42147,41835,51168,63812,70067,48020,59668,40274,55233,10005,19887,3985,3651,9496,11518,9136,12929,10254,17228,14325,19340,21602,27140,31004,42056,8336,16642,436477,205362,60741,35495,143542,14945,2754,136,89
2021-05-20T23:59:59+02:00,30,33,12978,13920,33931,39019,35759,40748,40430,49968,62517,68916,47726,59328,40129,55051,9984,19837,3834,3476,8971,10912,8487,12218,9555,16378,13569,18374,20785,26020,30810,41757,8297,16555,426234,200993,59041,34651,142523,11896,2372,134,89
2021-05-19T23:59:59+02:00,30,32,12433,13345,32756,37604,34660,39369,39302,49008,60508,67139,47243,58770,39943,54788,9941,19731,3728,3339,8693,10536,8191,11846,9117,15869,12932,17710,19919,24889,30583,41453,8240,16440,415368,196743,57523,33837,141411,10655,2168,132,85
2021-05-18T23:59:59+02:00,28,32,12010,12888,31722,36596,33581,38456,38261,48077,58441,65265,46887,58323,39787,54547,9909,19672,3527,3172,8196,9940,7722,11302,8571,15198,12251,16940,18975,23653,30345,41111,8202,16334,406690,192630,55575,32996,140218,7861,1870,129,85
2021-05-17T23:59:59+02:00,26,31,11756,12603,31203,36041,33085,37897,37669,47439,56539,63557,46184,57498,39508,54147,9872,19598,3440,3061,7929,9665,7425,11005,8168,14784,11678,16333,18052,22521,30110,40791,8167,16258,399094,188246,54445,32250,139408,7233,1579,127,82
2021-05-16T23:59:59+02:00,26,31,11538,12347,30678,35537,32622,37405,37147,46867,54637,61725,45635,56800,39314,53828,9844,19542,3342,2959,7639,9370,7101,10664,7694,14317,11096,15746,17122,21368,29900,40501,8128,16189,392116,183954,53476,31399,138744,6644,1062,125,80
2021-05-15T23:59:59+02:00,26,31,11378,12141,30400,35203,32385,37085,36919,46603,53069,60242,45385,56494,39237,53689,9838,19514,3320,2940,7614,9341,7086,10643,7676,14302,11077,15724,17011,21152,29690,40191,8120,16179,386299,182955,53472,31398,138698,6592,1045,125,79
2021-05-14T23:59:59+02:00,26,31,11130,11853,29928,34699,32005,36622,36401,46127,51189,58404,45022,55992,39097,53483,9822,19474,3292,2918,7543,9270,7028,10571,7612,14240,10895,15523,16275,20083,29404,39702,8103,16139,378481,180015,53141,31060,138564,6452,995,124,79
2021-05-13T23:59:59+02:00,23,30,10840,11517,29276,34047,31400,36020,35725,45456,49715,56888,44590,55364,38925,53236,9795,19427,3213,2868,7412,9166,6939,10477,7509,14129,10563,15176,15210,18838,29015,39060,8060,16064,371341,176192,52125,30496,137811,6063,875,122,76
2021-05-12T23:59:59+02:00,22,28,10707,11371,28989,33728,31128,35729,35411,45141,49431,56576,44494,55257,38873,53157,9788,19388,3199,2841,7379,9130,6907,10442,7478,14088,10391,15019,14831,18401,28709,38575,8038,16017,368653,174115,52038,30485,137653,6018,753,121,76
2021-05-11T23:59:59+02:00,21,25,10350,11040,28133,32909,30304,34973,34548,44354,47692,54798,44037,54658,38698,52867,9750,19285,3110,2744,7136,8850,6681,10140,7262,13719,9913,14474,13841,17251,28293,37957,8000,15923,361711,170431,50328,29588,135758,4676,525,120,76
2021-05-10T23:59:59+02:00,20,25,10040,10752,27385,32203,29529,34278,33779,43585,46383,53524,43653,54148,38509,52564,9700,19171,3067,2697,7008,8726,6585,10020,7118,13540,9646,14171,13137,16383,27863,37343,7974,15843,355445,167601,49211,29204,134063,3834,412,117,72
2021-05-09T23:59:59+02:00,19,25,9800,10498,26696,31517,28872,33585,33055,42890,44845,52040,43153,53526,38310,52260,9663,19085,3018,2649,6882,8584,6480,9880,7004,13328,9334,13859,12338,15483,27496,36802,7954,15787,348338,164737,48137,28654,132927,3093,324,113,72
2021-05-08T23:59:59+02:00,19,25,9707,10425,26313,31215,28417,33266,32588,42582,43790,51210,43000,53363,38271,52199,9660,19079,3014,2645,6873,8579,6475,9872,6995,13316,9324,13846,12301,15421,26814,35851,7917,15711,343762,162862,48097,28627,132839,3078,318,113,71
2021-05-07T23:59:59+02:00,18,25,9564,10275,25839,30833,27961,32888,32082,42229,42744,50381,42728,53020,38161,52041,9648,19052,2950,2618,6813,8535,6419,9817,6943,13264,9149,13625,11668,14610,25865,34462,7869,15629,338611,158746,47789,28257,132681,2865,299,109,71
2021-05-06T23:59:59+02:00,16,24,9156,9980,24920,30064,26898,32085,30854,41401,41127,49163,42344,52469,37966,51798,9610,18978,2878,2571,6682,8388,6301,9687,6794,13076,8878,13322,11015,13742,24895,33077,7834,15567,330742,154941,46710,27298,131014,2116,283,104,71
2021-05-05T23:59:59+02:00,16,23,8783,9777,24037,29465,26043,31432,29770,40613,39147,47346,41897,51919,37758,51514,9553,18865,2834,2538,6564,8258,6200,9572,6693,12930,8632,13062,10299,12909,23877,31751,7805,15495,322896,151032,45858,26409,128899,1710,201,104,69
2021-05-04T23:59:59+02:00,16,22,8540,9537,23255,28819,25068,30695,28698,39774,37623,45879,41421,51332,37481,51167,9502,18742,2791,2515,6492,8185,6116,9502,6616,12843,8395,12841,9566,12046,22927,30502,7771,15432,316220,147274,44886,25604,126264,1498,98,103,68
2021-05-03T23:59:59+02:00,16,21,8329,9323,22557,28238,24233,30093,27789,39077,36665,45128,41074,50861,37263,50877,9451,18639,2742,2481,6421,8108,6035,9435,6526,12760,8168,12626,8810,11146,22007,29281,7740,15381,311351,143508,44111,24779,124014,1256,59,99,67
2021-05-02T23:59:59+02:00,16,21,8163,9160,21922,27660,23499,29505,26971,38458,35849,44492,40817,50532,37148,50689,9416,18582,2705,2457,6379,8068,5998,9400,6485,12719,7986,12452,8208,10404,21296,28409,7719,15362,306531,140307,43345,24502,122876,1124,51,97,65
2021-05-01T23:59:59+02:00,15,21,8007,8974,21548,27207,23020,28937,26324,37740,35020,43597,40550,50155,37049,50535,9410,18565,2699,2449,6354,8058,5982,9391,6467,12706,7970,12435,8171,10340,21257,28352,7715,15358,300413,140015,43343,24494,122771,1082,50,97,65
2021-04-30T23:59:59+02:00,15,20,7856,8794,21159,26782,22570,28366,25567,36953,34002,42628,40319,49834,36951,50381,9398,18542,2677,2435,6330,8040,5961,9373,6438,12685,7938,12402,8132,10271,21207,28270,7712,15348,294075,139705,43335,24419,122588,989,43,96,65
2021-04-29T23:59:59+02:00,14,20,7578,8551,20565,26202,21901,27684,24635,35988,32724,41287,39274,48431,36634,49908,9340,18413,2642,2400,6239,7930,5872,9272,6345,12545,7734,12127,7505,9542,20797,27753,7688,15273,285309,137629,42549,23187,121157,744,43,91,63
2021-04-28T23:59:59+02:00,13,18,7296,8335,20044,25738,21264,27090,23751,35140,31322,39835,38107,46837,36292,49414,9278,18272,2571,2351,6124,7809,5761,9141,6243,12389,7513,11853,6814,8692,20380,27171,7648,15202,276626,135161,41771,21883,119519,516,43,87,61
2021-04-27T23:59:59+02:00,12,18,7106,8155,19617,25310,20642,26553,22893,34356,30104,38508,37015,45389,35910,48845,9208,18145,2545,2326,6023,7712,5708,9042,6177,12264,7298,11658,6208,7954,19977,26671,7628,15179,268788,133063,40903,20937,117965,269,43,87,60
2021-04-26T23:59:59+02:00,11,18,6924,7988,19196,24890,20094,26029,22083,33599,28888,37267,35954,43966,35602,48358,9157,18018,2532,2315,5977,7669,5663,9003,6139,12219,7111,11496,5595,7219,19602,26226,7605,15151,261077,131096,40078,20091,116761,237,40,86,60
2021-04-25T23:59:59+02:00,11,17,6818,7851,18862,24619,19713,25688,21471,32976,27898,36306,34818,42533,35284,47928,9115,17936,2518,2307,5959,7644,5643,8985,6119,12193,7073,11469,5467,7035,19265,25762,7589,15106,253857,130464,39362,19347,116502,226,39,84,60
2021-04-24T23:59:59+02:00,11,17,6653,7673,18420,24192,19160,25152,20685,32174,26810,35253,34566,42219,35191,47763,9105,17924,2514,2300,5947,7634,5632,8975,6114,12189,7063,11462,5392,6923,19168,25620,7586,15098,247886,130005,39357,19307,115602,209,39,84,59
2021-04-23T23:59:59+02:00,11,17,6426,7471,17971,23716,18594,24539,19857,31359,25646,34052,33787,41047,35047,47530,9091,17901,2508,2281,5920,7612,5595,8936,6069,12143,7017,11410,5228,6643,18628,24988,7486,14927,240296,128151,39028,18958,114616,187,39,83,58
2021-04-22T23:59:59+02:00,10,16,6211,7262,17365,23132,17803,23762,18805,30332,24321,32614,32747,39692,34801,47172,9051,17822,2492,2265,5874,7561,5545,8852,5991,12064,6942,11339,4941,6221,17911,24111,7365,14730,231250,125970,38105,17989,113444,152,39,80,56
2021-04-21T23:59:59+02:00,10,15,6008,7079,16835,22663,17144,23159,17813,29431,22766,31020,31740,38453,34503,46729,9002,17733,2468,2248,5831,7503,5485,8777,5925,11963,6847,11259,4779,5947,17210,23259,7249,14549,222342,123870,37330,17218,112313,120,39,79,54
2021-04-20T23:59:59+02:00,9,14,5822,6883,16272,22188,16394,22506,16816,28426,21290,29549,30586,36958,34185,46283,8948,17634,2454,2234,5782,7464,5444,8732,5877,11895,6769,11195,4663,5790,16608,22484,7123,14369,213304,122182,36442,16502,110901,112,38,78,51
2021-04-19T23:59:59+02:00,9,14,5635,6723,15738,21760,15719,21953,15820,27548,19899,28149,29198,35310,33866,45799,8888,17515,2443,2217,5758,7431,5408,8698,5838,11849,6688,11118,4534,5629,15960,21766,7015,14207,204577,120528,35663,15835,109192,109,38,73,51
2021-04-18T23:59:59+02:00,8,14,5446,6582,15305,21437,15100,21389,14846,26754,18562,27011,27806,33659,33532,45374,8826,17425,2393,2170,5627,7305,5293,8586,5732,11698,6582,11000,4415,5443,15370,21101,6899,14025,196017,118881,34829,14567,108120,105,38,72,50
2021-04-17T23:59:59+02:00,8,13,5408,6546,15151,21360,14927,21303,14609,26575,18307,26790,27299,33113,33406,45226,8817,17410,2366,2131,5527,7152,5188,8429,5632,11511,6494,10869,4362,5379,15125,20807,6889,14011,194791,117126,34824,14563,106543,97,38,72,50
2021-04-16T23:59:59+02:00,8,13,5343,6491,14973,21211,14714,21142,14322,26330,17887,26380,26253,31880,33270,45017,8796,17387,2321,2080,5412,6965,5050,8248,5481,11268,6295,10648,4159,5144,14474,20010,6792,13864,191433,113873,34537,14163,105337,89,38,72,50
2021-04-15T23:59:59+02:00,7,12,5271,6412,14759,21000,14447,20854,13892,25980,17249,25750,24882,30261,33011,44691,8760,17305,2249,1996,5216,6730,4853,7931,5275,10948,6080,10362,3958,4891,13641,18925,6678,13696,186853,110046,33726,13218,103855,80,38,71,49
2021-04-14T23:59:59+02:00,7,12,5189,6343,14554,20800,14191,20630,13506,25644,16581,25127,23298,28474,32698,44290,8705,17211,2057,1876,4999,6469,4667,7681,5048,10699,5843,10074,3823,4685,12906,18006,6550,13481,182238,106943,32852,11763,102062,74,38,70,48
2021-04-13T23:59:59+02:00,7,12,5135,6293,14349,20668,13952,20448,13162,25346,16010,24624,21585,26618,32377,43875,8675,17103,1970,1823,4832,6280,4482,7457,4848,10443,5637,9835,3682,4519,12387,17390,6426,13318,177991,104534,31976,10647,100165,64,38,69,48
2021-04-12T23:59:59+02:00,7,11,5072,6225,14130,20474,13648,20186,12772,24929,15429,24071,19977,24672,32085,43513,8633,17028,1842,1730,4649,6121,4331,7281,4686,10250,5501,9676,3565,4365,11951,16879,6314,13156,173604,102847,30921,9306,98230,62,38,69,46
2021-04-11T23:59:59+02:00,7,11,5001,6150,13908,20276,13352,19975,12354,24576,14860,23559,18466,22891,31824,43171,8588,16946,1804,1693,4529,6008,4220,7158,4563,10119,5366,9545,3449,4246,11459,16268,6181,12948,169303,101091,29962,8328,96548,60,36,66,43
2021-04-10T23:59:59+02:00,7,11,4996,6141,13890,20261,13343,19964,12336,24558,14836,23538,17774,21966,31532,42752,8570,16919,1800,1679,4514,5998,4205,7143,4550,10105,5313,9479,3344,4131,10905,15434,6051,12750,168226,98941,29935,8328,95134,58,33,66,43
2021-04-09T23:59:59+02:00,7,11,4982,6121,13851,20212,13297,19913,12287,24499,14573,23284,16251,20075,31124,42104,8536,16876,1775,1664,4491,5982,4177,7116,4506,10067,5274,9430,3257,4010,10036,14446,5902,12552,165587,96482,29595,8079,92726,55,31,64,40
2021-04-08T23:59:59+02:00,7,11,4937,6094,13750,20138,13216,19832,12186,24395,14232,22922,14477,17854,30501,41095,8473,16752,1752,1649,4461,5928,4124,7031,4442,9987,5202,9354,3147,3906,9558,13841,5696,12306,161725,94625,28562,7645,90499,54,24,62,38
2021-04-07T23:59:59+02:00,7,11,4906,6063,13639,20055,13121,19744,12078,24287,13849,22560,12957,15995,29858,40115,8419,16651,1733,1635,4407,5859,4038,6958,4354,9903,5113,9254,3056,3812,8797,12744,5458,11898,157269,92049,27683,6867,89280,46,22,61,37
2021-04-06T23:59:59+02:00,7,11,4876,6039,13540,19988,13038,19686,12003,24224,13472,22210,11318,13986,29199,39144,8387,16580,1670,1580,4277,5730,3929,6835,4234,9753,5009,9124,2940,3691,8089,11811,5184,11532,153256,89657,26805,5632,87568,45,20,59,36
2021-04-05T23:59:59+02:00,7,10,4838,6009,13464,19921,12969,19618,11947,24144,13199,21957,9703,12035,28469,38089,8351,16517,1599,1513,4122,5578,3761,6680,4080,9603,4854,8994,2809,3574,7275,10843,4911,11140,150041,87275,25787,3966,85342,42,19,58,36
2021-04-04T23:59:59+02:00,7,10,4821,5992,13453,19899,12959,19601,11940,24125,13100,21885,8675,10773,28017,37447,8326,16460,1597,1510,4114,5572,3760,6675,4075,9599,4852,8985,2804,3564,7039,10377,4827,11015,148300,86315,25783,3966,83332,36,17,58,33
2021-04-03T23:59:59+02:00,7,10,4818,5981,13436,19880,12947,19591,11930,24114,13086,21868,7767,9704,27133,36203,8276,16348,1593,1506,4112,5567,3758,6672,4067,9587,4838,8971,2797,3551,6901,10110,4788,10933,145821,85703,25774,3966,81431,35,16,57,33
2021-04-02T23:59:59+02:00,7,10,4813,5961,13400,19853,12909,19548,11884,24065,13013,21802,7254,8952,25541,34099,8129,16077,1583,1490,4086,5543,3732,6632,4031,9526,4717,8686,2669,3395,6525,9713,4638,10727,141351,83876,25433,3737,80462,35,14,57,33
2021-04-01T23:59:59+02:00,6,9,4763,5901,13305,19709,12790,19399,11736,23911,12415,21357,6689,8241,24030,32124,8001,15835,1519,1442,3975,5424,3666,6560,3963,9459,4638,8582,2573,3255,6011,9029,4460,10450,137145,81602,24290,3330,78718,31,13,55,32
2021-03-31T23:59:59+02:00,6,9,4712,5844,13181,19554,12655,19244,11548,23732,12153,21095,6366,7866,22545,30166,7848,15605,1506,1431,3950,5401,3634,6532,3924,9412,4598,8527,2509,3179,5520,8380,4281,10210,133197,79811,23196,3113,77671,31,10,55,31
2021-03-30T23:59:59+02:00,6,9,4647,5777,13044,19405,12544,19065,11418,23567,11985,20957,6175,7649,21151,28430,7702,15400,1489,1396,3909,5368,3569,6460,3835,9299,4466,8357,2373,2975,5097,7823,4135,9953,129825,77578,22264,2872,76782,19,6,54,31
2021-03-29T23:59:59+02:00,6,9,4607,5735,12925,19311,12478,18980,11336,23461,11833,20823,6017,7449,19722,26739,7575,15197,1429,1355,3855,5321,3495,6391,3717,9156,4313,8167,2250,2835,4534,7150,3978,9676,126217,74911,21396,2660,76531,18,5,54,30
2021-03-28T23:59:59+02:00,6,9,4559,5666,12803,19171,12393,18889,11233,23361,11726,20720,5865,7243,18538,25231,7455,14999,1396,1312,3756,5213,3301,6164,3629,9039,4262,8111,2196,2771,3777,6132,3793,9406,123210,71853,20599,2364,76002,11,5,51,27
2021-03-27T23:59:59+01:00,6,9,4527,5616,12696,19008,12277,18727,11118,23157,11617,20570,5798,7158,18249,24883,7444,14981,1390,1309,3751,5209,3298,6157,3343,8691,4063,7812,2190,2768,3764,6097,3756,9341,121369,70538,20559,2364,75858,7,5,50,27
2021-03-26T23:59:59+01:00,6,8,4491,5559,12584,18818,12144,18527,10966,22926,11457,20358,5633,6943,17639,24088,7345,14829,1388,1308,3746,5202,3275,6141,3324,8671,3851,7362,2011,2361,3501,5812,3604,9102,118267,68266,20217,2357,75783,7,4,50,27
2021-03-25T23:59:59+01:00,6,8,4415,5468,12386,18579,11943,18204,10755,22598,11217,20031,5418,6656,16606,22780,7218,14638,1379,1297,3726,5176,3241,6114,3272,8633,3804,7319,1940,2248,3065,5129,3441,8793,114291,66286,19144,2257,75438,5,4,49,27
2021-03-24T23:59:59+01:00,6,8,4334,5356,12167,18129,11724,17792,10532,22206,10984,19658,5149,6310,15560,21562,7076,14410,1356,1283,3702,5131,3205,6049,3218,8562,3752,7246,1886,2190,2755,4793,3290,8520,111174,64890,18053,2016,73683,4,4,49,26
2021-03-23T23:59:59+01:00,6,8,4277,5287,11999,17787,11524,17439,10341,21839,10759,19367,5012,6115,14918,20744,6936,14234,1340,1275,3686,5111,3184,6031,3192,8511,3713,7203,1849,2131,2523,4519,3079,8192,108802,63533,17321,1974,72416,4,4,49,26
2021-03-22T23:59:59+01:00,6,8,4225,5209,11800,17454,11336,17116,10117,21514,10543,19063,4862,5906,14295,20027,6803,14049,1327,1265,3655,5078,3152,5994,3165,8454,3676,7159,1804,2077,2326,4265,2882,7855,106936,62269,16601,1833,70746,3,4,46,26
2021-03-21T23:59:59+01:00,6,8,4153,5085,11522,17038,11054,16712,9845,21058,10286,18709,4749,5735,13598,19236,6658,13842,1319,1264,3638,5062,3130,5961,3142,8427,3657,7135,1784,2048,2157,4101,2711,7583,105047,61262,15301,1828,68896,3,4,46,23
2021-03-20T23:59:59+01:00,5,8,4125,5015,11380,16706,10930,16398,9705,20760,10110,18426,4620,5574,12968,18288,6518,13624,1318,1263,3638,5060,3127,5960,3139,8422,3652,7130,1780,2043,2125,4039,2686,7540,102845,61065,15296,1828,66969,3,4,46,23
2021-03-19T23:59:59+01:00,5,7,4080,4933,11212,16343,10747,16046,9530,20378,9890,18066,4460,5374,11938,17076,6355,13413,1309,1256,3621,5031,3097,5882,3093,8328,3548,6954,1655,1930,2051,3975,2573,7332,100131,59782,14882,1824,64793,3,4,43,23
2021-03-18T23:59:59+01:00,5,7,3994,4829,10963,15920,10483,15602,9248,19911,9665,17722,4313,5208,11311,16204,6124,13147,1305,1245,3604,4996,3077,5838,3072,8272,3521,6905,1635,1897,2015,3908,2447,7120,98323,59097,13873,1732,62414,3,4,42,22
2021-03-17T23:59:59+01:00,5,7,3818,4714,10667,15508,10225,15245,9006,19548,9410,17372,4192,5042,10492,14961,5861,12720,1304,1242,3591,4979,3070,5818,3062,8238,3504,6881,1632,1873,1991,3878,2335,6934,95665,58586,12326,1718,60756,3,4,42,22
2021-03-16T23:59:59+01:00,5,7,3675,4590,10331,15045,9956,14876,8731,19102,9112,17006,4052,4875,9669,13832,5580,12361,1291,1239,3587,4972,3060,5813,3056,8226,3497,6867,1606,1848,1952,3827,2214,6752,93331,58140,11133,1640,58296,3,3,42,22
2021-03-15T23:59:59+01:00,5,7,3528,4471,10021,14582,9664,14421,8433,18627,8824,16596,3906,4707,8955,12764,5351,12035,1281,1231,3566,4960,3048,5789,3034,8187,3477,6825,1591,1835,1933,3795,2097,6563,91355,57548,9770,1638,55730,3,2,40,22
2021-03-14T23:59:59+01:00,5,7,3455,4385,9762,14151,9412,14023,8116,18133,8543,16202,3743,4520,8146,11523,5038,11570,1267,1225,3545,4942,3027,5747,3012,8107,3449,6757,1564,1781,1872,3667,1929,6164,89022,57015,8750,1016,52925,3,0,37,22
2021-03-13T23:59:59+01:00,5,7,3373,4127,9447,13486,9163,13443,7888,17548,8335,15763,3632,4417,7954,11225,4986,11478,1267,1225,3545,4942,3027,5747,3011,8106,3447,6755,1560,1780,1870,3663,1928,6163,88351,56996,8750,1016,49139,3,0,37,22
2021-03-12T23:59:59+01:00,5,7,3310,3985,9199,12949,8924,12918,7654,16911,7977,15011,3469,4247,7567,10816,4845,11288,1263,1222,3540,4928,3024,5744,3004,8098,3443,6749,1533,1751,1849,3647,1830,5982,86566,56568,8500,1015,45979,3,0,37,22
2021-03-11T23:59:59+01:00,5,7,3156,3711,8817,12200,8620,12247,7321,16123,7630,14362,3309,4041,7002,10094,4649,10978,1245,1211,3508,4885,2979,5667,2969,7974,3391,6651,1488,1698,1765,3442,1626,5449,84102,55813,8042,114,42094,2,0,34,20
2021-03-10T23:59:59+01:00,5,7,3089,3604,8328,11696,7942,11769,7000,15629,7330,13769,3150,3881,6432,9396,4471,10700,1234,1197,3478,4828,2947,5590,2933,7835,3337,6528,1446,1656,1703,3343,1504,5161,82253,54612,7486,91,38427,0,0,32,18
2021-03-09T23:59:59+01:00,5,6,2982,3424,7652,11254,7063,11292,6584,15016,6965,13163,2914,3581,5920,8760,4313,10416,1229,1194,3455,4782,2920,5525,2917,7783,3319,6482,1432,1632,1667,3300,1393,4956,79933,53914,6122,57,35223,0,0,32,16
2021-03-08T23:59:59+01:00,5,6,2807,3187,7017,10713,6253,10813,6183,14495,6569,12595,2705,3372,5312,8022,4163,10145,1223,1187,3433,4718,2895,5448,2878,7688,3287,6407,1425,1623,1664,3292,1388,4953,77105,53439,4982,55,32244,0,0,31,16
2021-03-07T23:59:59+01:00,5,6,2694,3054,6688,10218,5844,10271,5887,14048,6325,12203,2606,3280,4546,6957,3945,9860,1219,1184,3430,4713,2890,5436,2874,7671,3279,6393,1419,1609,1641,3251,1371,4909,73843,53222,4147,52,30420,0,0,27,16
2021-03-06T23:59:59+01:00,5,6,2650,2911,6503,9770,5647,9858,5410,13191,5949,11465,2584,3252,4540,6946,3942,9857,1219,1183,3427,4707,2888,5435,2873,7670,3278,6390,1418,1606,1641,3249,1370,4909,72611,53197,4147,52,27701,0,0,27,15
2021-03-05T23:59:59+01:00,5,6,2554,2654,6290,9194,5434,9466,5233,12625,5570,10482,2355,2784,4159,6563,3803,9636,1206,1180,3411,4691,2883,5422,2864,7652,3266,6371,1405,1598,1640,3245,1365,4905,70271,53040,3911,52,24604,0,0,27,13
2021-03-04T23:59:59+01:00,5,6,2476,2447,6077,8759,5275,9125,5051,12202,5393,10104,2260,2614,3601,5739,3633,9288,1194,1164,3368,4592,2850,5354,2832,7555,3235,6296,1386,1590,1626,3231,1355,4894,68200,52462,3467,51,22361,0,0,27,10
2021-03-03T23:59:59+01:00,4,6,2419,2392,5906,8348,5106,8761,4837,11753,5204,9659,2177,2508,3192,5297,3473,8991,1173,1155,3333,4546,2813,5288,2791,7456,3187,6220,1366,1564,1606,3200,1349,4876,66762,51868,3222,47,20023,0,0,26,9
2021-03-02T23:59:59+01:00,4,6,2363,2298,5749,8016,4948,8506,4672,11353,5042,9339,2108,2417,2885,4939,3254,8663,1168,1145,3315,4525,2798,5261,2774,7407,3179,6192,1361,1554,1588,3181,1346,4871,65385,51610,2963,47,18188,0,0,26,9
2021-03-01T23:59:59+01:00,4,6,2336,2267,5642,7799,4849,8361,4587,11200,4940,9166,2052,2340,2586,4615,3064,8344,1162,1142,3301,4507,2786,5232,2757,7361,3166,6164,1355,1551,1581,3171,1343,4865,64109,51389,2740,47,17283,0,0,26,9
2021-02-28T23:59:59+01:00,3,6,2283,2223,5461,7540,4674,8141,4450,11015,4830,9037,2012,2276,2288,4311,2860,8028,1153,1136,3287,4497,2779,5225,2752,7347,3159,6150,1350,1548,1573,3152,1342,4832,62979,51228,2438,47,15995,0,0,26,8
2021-02-27T23:59:59+01:00,3,6,2195,1912,5289,7116,4575,7833,4368,10666,4758,8787,1984,2215,2258,4265,2838,7977,1149,1132,3285,4495,2774,5223,2748,7344,3154,6146,1349,1548,1572,3150,1341,4831,62743,51190,2438,44,13838,0,0,26,8
2021-02-26T23:59:59+01:00,3,6,2130,1835,5146,6880,4428,7573,4215,10399,4548,8503,1855,2107,2197,4225,2729,7794,1127,1119,3269,4460,2762,5184,2737,7292,3133,6092,1343,1537,1568,3142,1340,4829,61407,50884,2432,43,12708,0,0,26,8
2021-02-25T23:59:59+01:00,3,6,2001,1734,4823,6472,4000,7119,3931,9882,4315,8121,1796,2048,2166,4167,2613,7598,1109,1102,3229,4415,2731,5134,2691,7185,3094,5999,1332,1521,1551,3101,1326,4770,60926,50243,2326,41,9518,0,0,25,7
2021-02-24T23:59:59+01:00,3,6,1967,1668,4707,6259,3896,6905,3810,9639,4192,7962,1773,2015,2135,4124,2498,7397,1096,1097,3199,4352,2696,5070,2665,7100,3065,5928,1316,1504,1526,3051,1314,4701,60373,49646,2082,29,8476,0,0,25,6
2021-02-23T23:59:59+01:00,3,6,1740,1523,4335,5772,3614,6518,3591,9259,4037,7679,1743,1983,2090,4076,2384,7211,1077,1084,3163,4325,2668,5012,2639,7024,3029,5869,1296,1484,1499,3016,1304,4646,59910,49116,2035,15,5594,0,0,25,5
2021-02-22T23:59:59+01:00,3,6,1731,1505,4285,5713,3578,6454,3525,9164,3976,7583,1709,1956,2064,4025,2264,7013,1072,1071,3142,4279,2648,4973,2614,6964,3000,5816,1284,1470,1488,3005,1296,4637,59362,48746,1893,9,5274,0,0,25,5
2021-02-21T23:59:59+01:00,3,6,1719,1500,4255,5679,3534,6416,3485,9110,3932,7533,1699,1948,2059,4015,2140,6846,1065,1060,3121,4239,2619,4923,2599,6896,2972,5728,1271,1454,1465,2944,1268,4555,59008,48167,1887,8,4960,0,0,24,5
2021-02-20T23:59:59+01:00,3,6,1716,1499,4249,5676,3532,6415,3485,9108,3930,7532,1694,1946,2057,4011,2139,6846,1065,1060,3119,4237,2619,4923,2598,6895,2972,5728,1271,1453,1464,2944,1268,4555,58991,48159,1887,8,4942,0,0,24,5
2021-02-19T23:59:59+01:00,3,6,1690,1492,4236,5657,3520,6402,3474,9098,3921,7517,1667,1917,2036,3993,2038,6662,1064,1059,3118,4236,2618,4922,2598,6892,2969,5726,1271,1452,1464,2942,1268,4555,58566,48143,1881,8,4860,0,0,22,4
2021-02-18T23:59:59+01:00,3,6,1640,1460,4141,5546,3447,6298,3386,8933,3833,7376,1645,1882,2002,3921,1904,6462,1018,1017,2977,4017,2492,4653,2488,6553,2861,5461,1239,1409,1432,2855,1239,4402,57908,46103,1790,8,4165,0,0,22,3
2021-02-17T23:59:59+01:00,3,5,1618,1430,4044,5396,3364,6145,3267,8698,3707,7174,1590,1810,1924,3815,1778,6144,960,968,2828,3796,2376,4342,2364,6142,2732,5149,1187,1346,1384,2742,1189,4226,56660,43721,1780,7,3452,0,0,20,3
2021-02-16T23:59:59+01:00,3,5,1542,1362,3884,5204,3230,5963,3159,8465,3585,7008,1567,1786,1889,3785,1657,5931,873,937,2696,3641,2278,4131,2238,5820,2602,4898,1131,1253,1238,2438,923,3596,55960,40686,1765,4,2282,0,0,18,3
2021-02-15T23:59:59+01:00,3,5,1525,1343,3836,5119,3170,5877,3102,8351,3519,6903,1556,1772,1874,3762,1648,5908,837,914,2615,3512,2203,3952,2157,5542,2514,4688,1086,1188,1145,2259,852,3366,55492,38826,1762,2,2002,0,0,17,2
2021-02-14T23:59:59+01:00,3,5,1459,1315,3755,5045,3127,5771,3047,8197,3476,6794,1536,1740,1820,3631,1589,5650,828,908,2565,3444,2164,3884,2103,5423,2448,4582,1059,1149,1056,2082,777,3117,55250,37585,1134,2,1559,0,0,17,2
2021-02-13T23:59:59+01:00,3,5,1456,1314,3747,5039,3120,5770,3044,8195,3473,6792,1535,1736,1820,3629,1587,5650,828,908,2565,3444,2164,3883,2101,5422,2447,4582,1057,1148,1056,2082,777,3117,55229,37580,1133,0,1536,0,0,17,1
2021-02-12T23:59:59+01:00,3,4,1418,1296,3710,5006,3097,5750,3022,8162,3454,6747,1519,1726,1811,3612,1578,5629,820,901,2532,3390,2129,3838,2071,5369,2429,4551,1056,1147,1055,2081,776,3115,55003,37259,1131,0,1394,0,0,16,1
2021-02-11T23:59:59+01:00,3,4,1368,1250,3597,4833,3005,5576,2924,7852,3355,6535,1460,1668,1739,3428,1486,5282,781,837,2279,2945,1903,3365,1838,4621,2158,4020,966,1075,959,1882,717,2833,54363,33178,137,0,851,0,0,14,1
2021-02-10T23:59:59+01:00,3,4,1343,1226,3535,4730,2941,5471,2882,7702,3301,6402,1441,1651,1711,3389,1472,5242,700,779,1988,2535,1691,2920,1601,4012,1900,3560,854,928,788,1503,573,2310,53709,28641,135,0,589,0,0,13,1
2021-02-09T23:59:59+01:00,3,3,1330,1208,3480,4661,2912,5402,2861,7609,3264,6333,1433,1635,1683,3366,1462,5229,650,699,1723,2184,1499,2533,1416,3512,1730,3197,822,895,763,1426,551,2194,53396,25793,130,0,335,0,0,13,1
2021-02-08T23:59:59+01:00,3,3,1317,1204,3451,4631,2893,5363,2839,7557,3245,6303,1421,1628,1673,3340,1460,5210,635,664,1572,1948,1359,2276,1284,3204,1572,2935,783,875,715,1319,518,2019,53094,23677,104,0,332,0,0,11,1
2021-02-07T23:59:59+01:00,3,3,1183,1161,3347,4576,2839,5320,2812,7519,3220,6265,1411,1611,1664,3317,1453,5177,488,519,1306,1590,1117,1828,1073,2613,1344,2413,680,748,633,1158,471,1789,52798,19769,76,0,0,0,0,7,1
2021-02-06T23:59:59+01:00,3,3,1179,1159,3345,4574,2835,5318,2805,7516,3216,6261,1410,1609,1663,3314,1452,5176,365,370,1106,1342,982,1524,933,2207,1179,1999,593,652,606,1140,469,1786,52755,17252,76,0,0,0,0,7,1
2021-02-05T23:59:59+01:00,3,2,1167,1148,3330,4552,2828,5291,2794,7474,3198,6215,1404,1601,1660,3308,1451,5176,264,209,923,1025,836,1154,758,1758,1005,1588,478,547,580,1120,466,1782,52519,14492,76,0,0,0,0,7,1
2021-02-04T23:59:59+01:00,3,2,1151,1130,3284,4501,2788,5217,2752,7344,3150,6131,1389,1586,1646,3274,1441,5148,137,84,622,655,546,737,519,1154,666,993,299,366,475,973,421,1619,51877,10265,53,0,0,0,0,7,1
2021-02-03T23:59:59+01:00,3,2,1129,1124,3256,4455,2759,5177,2729,7292,3120,6075,1379,1575,1620,3233,1433,5096,117,68,494,507,415,595,417,912,510,746,247,286,371,758,324,1257,51403,8023,48,0,0,0,0,6,1
2021-02-02T23:59:59+01:00,3,2,1107,1110,3220,4424,2728,5124,2704,7217,3085,6011,1355,1547,1584,3176,1407,4998,108,59,412,410,344,517,367,823,457,664,227,263,325,685,296,1123,50749,7079,47,0,0,0,0,6,1
2021-02-01T23:59:59+01:00,3,2,1091,1099,3202,4371,2699,5063,2673,7090,3055,5916,1335,1518,1557,3138,1390,4933,80,44,311,307,253,392,275,617,326,499,189,214,254,545,228,876,50082,5409,47,0,0,0,0,6,1
2021-01-31T23:59:59+01:00,3,2,1085,1088,3187,4341,2675,5019,2657,7035,3042,5871,1323,1501,1534,3072,1363,4847,70,42,285,283,228,345,253,574,296,460,168,195,209,445,186,707,49592,4745,47,0,0,0,0,6,1
2021-01-30T23:59:59+01:00,3,2,1084,1088,3184,4337,2674,5019,2656,7034,3042,5870,1323,1500,1533,3072,1363,4847,70,38,278,269,215,330,248,563,292,454,167,192,208,445,186,707,49581,4661,44,0,0,0,0,6,1
2021-01-29T23:59:59+01:00,3,2,1083,1087,3183,4333,2674,5017,2655,7032,3039,5868,1323,1500,1533,3071,1363,4847,64,34,260,255,192,310,232,546,281,446,161,188,204,439,185,705,49563,4501,44,0,0,0,0,6,1
2021-01-28T23:59:59+01:00,3,2,1062,1068,3114,4230,2620,4908,2597,6876,2971,5737,1308,1478,1517,3003,1340,4723,54,18,164,153,127,187,163,360,207,282,128,145,158,276,108,416,48512,2946,41,0,0,0,0,4,0
2021-01-27T23:59:59+01:00,3,2,1016,1030,3032,4088,2539,4729,2503,6594,2887,5536,1275,1433,1476,2909,1303,4571,25,6,100,70,59,92,84,211,117,148,97,113,114,206,81,297,46891,1820,31,0,0,0,0,4,0
2021-01-26T23:59:59+01:00,2,2,939,1002,2915,3956,2460,4544,2421,6413,2817,5380,1249,1383,1386,2756,1078,4166,25,6,95,69,58,91,82,211,115,147,96,112,114,206,81,297,44846,1805,19,0,0,0,0,4,0
2021-01-25T23:59:59+01:00,2,2,921,985,2835,3828,2416,4397,2361,6217,2758,5230,1230,1361,1372,2729,1065,4130,25,6,94,69,56,89,82,211,115,145,96,111,114,206,81,297,43823,1797,13,0,0,0,0,3,0
2021-01-24T23:59:59+01:00,2,2,911,981,2815,3812,2406,4365,2335,6178,2725,5169,1217,1354,1363,2705,1051,4095,25,6,94,69,56,89,82,210,114,145,95,111,114,206,81,297,43474,1794,9,0,0,0,0,3,0
2021-01-23T23:59:59+01:00,2,2,911,981,2815,3811,2406,4365,2334,6177,2724,5169,1215,1353,1363,2705,1051,4095,25,6,94,69,56,89,82,210,114,145,95,111,114,206,81,295,43469,1792,8,0,0,0,0,2,0
2021-01-22T23:59:59+01:00,2,2,904,974,2784,3765,2371,4300,2302,6102,2703,5122,1213,1351,1362,2703,1050,4092,25,6,94,69,56,89,82,210,114,145,95,111,114,206,81,295,43094,1792,8,0,0,0,0,0,0
2021-01-21T23:59:59+01:00,2,2,889,907,2528,3353,2170,3885,2120,5492,2480,4635,1156,1305,1313,2578,1013,3929,21,6,83,63,52,73,69,170,94,134,86,97,99,154,73,235,39749,1509,8,0,0,0,0,0,0
2021-01-20T23:59:59+01:00,2,2,810,844,2216,2945,1963,3424,1888,4885,2224,4162,1043,1164,1143,2224,878,3403,21,6,83,63,52,72,68,170,93,134,86,97,99,154,71,235,35212,1504,8,0,0,0,0,0,0
2021-01-19T23:59:59+01:00,2,2,748,765,1922,2500,1724,2966,1654,4226,1981,3688,969,1068,1015,1937,772,3022,10,3,50,44,33,44,35,100,44,77,39,36,49,83,44,152,30954,843,7,0,0,0,0,0,0
2021-01-18T23:59:59+01:00,2,2,675,706,1693,2102,1486,2494,1408,3541,1728,3184,886,982,910,1723,716,2740,5,2,19,10,13,21,17,54,17,33,19,21,26,56,31,82,26974,426,4,0,0,0,0,0,0
2021-01-17T23:59:59+01:00,1,2,496,545,1377,1698,1207,1962,1154,2807,1447,2562,745,826,756,1431,593,2345,0,1,4,2,0,0,0,0,0,0,1,0,0,0,0,0,21951,8,3,0,0,0,0,0,0
2021-01-16T23:59:59+01:00,1,1,375,396,1196,1454,1087,1676,1014,2409,1290,2157,659,730,729,1414,591,2344,0,0,0,0,0,0,0,0,0,0,0,0,0,0,0,0,19521,0,2,0,0,0,0,0,0
2021-01-15T23:59:59+01:00,1,1,271,235,1014,1154,938,1331,847,1962,1112,1754,540,620,691,1379,578,2303,0,0,0,0,0,0,0,0,0,0,0,0,0,0,0,0,16730,0,1,0,0,0,0,0,0
2021-01-14T23:59:59+01:00,0,0,155,105,700,771,646,864,612,1304,749,1134,352,431,566,1191,517,2052,0,0,0,0,0,0,0,0,0,0,0,0,0,0,0,0,12149,0,0,0,0,0,0,0,0
2021-01-13T23:59:59+01:00,0,0,130,84,591,604,522,697,495,1048,592,868,296,355,478,1006,445,1747,0,0,0,0,0,0,0,0,0,0,0,0,0,0,0,0,9958,0,0,0,0,0,0,0,0
2021-01-12T23:59:59+01:00,0,0,120,68,509,517,445,596,430,918,521,763,261,306,390,809,371,1362,0,0,0,0,0,0,0,0,0,0,0,0,0,0,0,0,8386,0,0,0,0,0,0,0,0
2021-01-11T23:59:59+01:00,0,0,91,55,413,421,361,485,345,744,416,590,227,255,323,676,301,1149,0,0,0,0,0,0,0,0,0,0,0,0,0,0,0,0,6852,0,0,0,0,0,0,0,0
2021-01-10T23:59:59+01:00,0,0,76,47,349,348,295,403,292,647,346,523,199,224,258,537,240,893,0,0,0,0,0,0,0,0,0,0,0,0,0,0,0,0,5677,0,0,0,0,0,0,0,0
2021-01-09T23:59:59+01:00,0,0,76,45,334,327,271,381,284,631,338,516,198,223,257,535,240,893,0,0,0,0,0,0,0,0,0,0,0,0,0,0,0,0,5549,0,0,0,0,0,0,0,0
2021-01-08T23:59:59+01:00,0,0,71,37,300,294,226,340,255,589,311,477,180,203,232,475,219,791,0,0,0,0,0,0,0,0,0,0,0,0,0,0,0,0,5000,0,0,0,0,0,0,0,0
2021-01-07T23:59:59+01:00,0,0,57,25,209,197,158,241,196,423,242,340,150,164,177,310,145,505,0,0,0,0,0,0,0,0,0,0,0,0,0,0,0,0,3539,0,0,0,0,0,0,0,0
2021-01-06T23:59:59+01:00,0,0,45,15,161,118,112,160,145,296,177,241,118,132,135,243,102,360,0,0,0,0,0,0,0,0,0,0,0,0,0,0,0,0,2560,0,0,0,0,0,0,0,0
2021-01-05T23:59:59+01:00,0,0,28,7,96,71,59,93,87,213,116,149,108,123,126,224,101,334,0,0,0,0,0,0,0,0,0,0,0,0,0,0,0,0,1935,0,0,0,0,0,0,0,0
2021-01-04T23:59:59+01:00,0,0,26,7,96,70,56,90,87,213,116,147,108,121,126,224,101,334,0,0,0,0,0,0,0,0,0,0,0,0,0,0,0,0,1922,0,0,0,0,0,0,0,0
2021-01-03T23:59:59+01:00,0,0,26,7,96,70,56,90,87,212,115,147,107,121,126,224,101,334,0,0,0,0,0,0,0,0,0,0,0,0,0,0,0,0,1919,0,0,0,0,0,0,0,0
2021-01-02T23:59:59+01:00,0,0,26,7,96,70,56,90,87,212,114,147,107,121,126,224,101,333,0,0,0,0,0,0,0,0,0,0,0,0,0,0,0,0,1917,0,0,0,0,0,0,0,0
2021-01-01T23:59:59+01:00,0,0,26,7,96,70,56,90,87,212,113,146,107,121,126,224,101,333,0,0,0,0,0,0,0,0,0,0,0,0,0,0,0,0,1915,0,0,0,0,0,0,0,0
2020-12-31T23:59:59+01:00,0,0,26,7,96,70,56,90,87,212,112,146,107,121,126,224,101,333,0,0,0,0,0,0,0,0,0,0,0,0,0,0,0,0,1914,0,0,0,0,0,0,0,0
2020-12-30T23:59:59+01:00,0,0,26,7,96,70,55,90,86,212,112,146,107,121,126,224,100,333,0,0,0,0,0,0,0,0,0,0,0,0,0,0,0,0,1911,0,0,0,0,0,0,0,0
2020-12-29T23:59:59+01:00,0,0,14,2,64,52,33,60,50,137,64,88,53,52,71,135,62,225,0,0,0,0,0,0,0,0,0,0,0,0,0,0,0,0,1162,0,0,0,0,0,0,0,0
2020-12-28T23:59:59+01:00,0,0,5,2,36,24,20,30,21,67,25,41,23,22,27,51,34,82,0,0,0,0,0,0,0,0,0,0,0,0,0,0,0,0,510,0,0,0,0,0,0,0,0
2020-12-27T23:59:59+01:00,0,0,1,0,8,5,8,2,1,5,0,2,1,1,2,2,4,6,0,0,0,0,0,0,0,0,0,0,0,0,0,0,0,0,48,0,0,0,0,0,0,0,0
