Datum,<15_m,<15_w,15-24_1_m,15-24_1_w,25-34_1_m,25-34_1_w,35-44_1_m,35-44_1_w,45-54_1_m,45-54_1_w,55-64_1_m,55-64_1_w,65-74_1_m,65-74_1_w,75-84_1_m,75-84_1_w,>84_1_m,>84_1_w,<24_2_m,<24_2_w,25-34_2_m,25-34_2_w,35-44_2_m,35-44_2_w,45-54_2_m,45-54_2_w,55-64_2_m,55-64_2_w,65-74_2_m,65-74_2_w,75-84_2_m,75-84_2_w,>84_2_m,>84_2_w,bp_1,bp_2,mo_1,mo_2,az_1,az_2,ja,unb_1,unb_2
2021-08-20T23:59:59+02:00,7398,7108,56908,57322,99937,97807,91993,91522,89941,95472,90540,92926,54755,68081,43342,60109,10480,21110,49439,50181,92039,89365,85166,83827,84203,89201,86008,88433,52662,65433,41938,57915,10046,20073,771668,717514,132192,122646,158286,141551,74512,93,83
2021-08-19T23:59:59+02:00,7333,7049,56679,57100,99685,97588,91802,91343,89783,95316,90416,92827,54716,68027,43320,60080,10475,21099,49011,49761,91635,88977,84773,83433,83905,88899,85799,88252,52591,65332,41901,57859,10037,20057,770392,714908,132070,122213,158281,141360,73802,93,83
2021-08-18T23:59:59+02:00,7272,6995,56504,56945,99509,97421,91664,91188,89650,95200,90317,92732,54652,67968,43294,60037,10467,21083,48673,49406,91266,88663,84463,83107,83631,88647,85613,88086,52482,65224,41835,57772,10024,20030,769288,712585,131988,121825,158274,141127,73255,93,83
2021-08-17T23:59:59+02:00,7211,6944,56324,56793,99320,97249,91507,91048,89530,95072,90221,92643,54616,67922,43272,60010,10465,21068,48194,49002,90824,88243,84066,82756,83304,88361,85411,87888,52380,65103,41781,57698,10018,20008,768214,709635,131887,121421,158260,140841,72761,93,83
2021-08-16T23:59:59+02:00,7154,6878,56149,56628,99133,97081,91362,90897,89396,94958,90111,92548,54564,67861,43244,59962,10457,21055,47645,48444,90366,87818,83607,82364,82980,88071,85187,87691,52279,64990,41725,57620,10009,19972,767087,706201,131801,120981,158253,140615,72204,93,83
2021-08-15T23:59:59+02:00,7091,6830,55939,56448,98958,96911,91210,90763,89273,94856,90022,92490,54529,67820,43225,59933,10453,21049,46541,47351,89733,87144,83064,81840,82590,87686,84902,87487,52172,64868,41684,57563,10000,19952,766062,700517,131693,120353,158244,140439,71708,93,83
2021-08-14T23:59:59+02:00,7061,6802,55825,56360,98821,96814,91108,90689,89189,94788,89972,92446,54514,67804,43220,59926,10452,21048,46397,47216,89516,86969,82858,81642,82470,87591,84835,87444,52144,64838,41675,57552,9999,19950,765556,699749,131638,120040,158241,140387,71311,93,83
2021-08-13T23:59:59+02:00,7018,6758,55680,56239,98671,96691,90986,90558,89089,94676,89896,92386,54486,67755,43206,59904,10450,21042,46104,46910,89056,86582,82472,81273,82213,87357,84672,87308,52102,64772,41654,57528,9996,19939,764769,697587,131581,119497,158234,140313,70814,93,83
2021-08-12T23:59:59+02:00,6983,6708,55477,56082,98472,96516,90815,90401,88946,94539,89806,92310,54449,67703,43181,59870,10442,21024,45703,46530,88440,86026,81907,80741,81842,87043,84446,87140,52030,64673,41604,57469,9986,19923,763746,694721,131475,118685,158223,140070,70187,93,83
2021-08-11T23:59:59+02:00,6948,6654,55292,55918,98273,96340,90666,90269,88818,94433,89697,92209,54398,67646,43150,59832,10432,21009,45296,46083,87840,85374,81339,80238,81516,86747,84182,86903,51947,64540,41532,57349,9969,19880,762655,691635,131380,117747,158202,139741,69654,93,83
2021-08-10T23:59:59+02:00,6888,6608,55111,55762,98073,96203,90509,90124,88695,94326,89614,92136,54354,67602,43134,59796,10428,20998,44873,45627,87206,84774,80744,79710,81114,86373,83942,86694,51826,64435,41476,57264,9956,19850,761649,688385,131287,116813,158183,139431,69149,93,83
2021-08-09T23:59:59+02:00,6839,6552,54947,55601,97889,96061,90367,89991,88566,94234,89510,92077,54318,67557,43109,59764,10421,20984,44326,45083,86383,84106,80062,79132,80704,86031,83650,86474,51719,64305,41420,57165,9942,19810,760714,684636,131216,115759,158174,139092,68590,93,83
2021-08-08T23:59:59+02:00,6774,6486,54729,55420,97696,95882,90198,89832,88436,94123,89418,92004,54265,67512,43084,59730,10414,20963,43736,44486,85340,83194,79178,78330,80174,85563,83328,86179,51590,64154,41360,57075,9930,19784,759568,679642,131107,114583,158154,138786,68044,93,83
2021-08-07T23:59:59+02:00,6730,6438,54592,55298,97563,95774,90072,89732,88343,94065,89356,91964,54247,67486,43080,59720,10411,20959,42912,43621,85012,82866,78710,77895,79821,85215,83145,86038,51527,64071,41339,57040,9925,19775,758928,675999,131043,113440,158150,138681,67616,93,82
2021-08-06T23:59:59+02:00,6676,6388,54406,55156,97342,95597,89924,89604,88219,93954,89263,91896,54208,67459,43071,59694,10408,20955,41999,42746,84560,82415,78120,77340,79434,84837,82956,85891,51477,64007,41313,57008,9917,19763,757999,672092,130955,112163,158143,138547,67030,93,82
2021-08-05T23:59:59+02:00,6612,6320,54098,54923,97063,95346,89682,89399,88015,93774,89097,91769,54146,67372,43042,59642,10399,20936,40782,41603,83843,81755,77353,76554,78839,84278,82602,85588,51348,63850,41252,56909,9902,19731,756459,666609,130832,110547,158132,138006,66119,93,82
2021-08-04T23:59:59+02:00,6532,6269,53868,54744,96833,95142,89512,89236,87878,93636,88982,91675,54093,67320,43006,59597,10396,20926,40324,41126,82654,80718,76032,75413,78351,83833,82286,85342,51211,63713,41196,56826,9886,19706,755213,661486,130729,109049,158119,137553,65491,93,82
2021-08-03T23:59:59+02:00,6468,6207,53613,54556,96608,94954,89343,89077,87739,93492,88839,91555,54016,67239,42971,59539,10388,20918,39889,40720,81412,79587,74615,74225,77751,83270,81746,84854,51002,63511,41096,56671,9873,19671,753868,655720,130628,107353,158096,136849,64837,93,82
2021-08-02T23:59:59+02:00,6408,6144,53375,54360,96358,94744,89134,88908,87577,93348,88698,91440,53934,67169,42940,59491,10385,20898,39428,40256,80112,78489,73073,73020,77130,82703,81207,84376,50833,63311,41022,56552,9856,19638,752478,649734,130484,105594,158075,136251,64181,93,82
2021-08-01T23:59:59+02:00,6344,6059,53111,54100,96104,94477,88904,88742,87373,93205,88535,91330,53873,67087,42904,59440,10378,20891,38914,39766,78825,77414,71672,71924,76246,81954,80626,83916,50649,63076,40940,56448,9846,19614,750910,643612,130294,103698,158055,135645,63505,93,82
2021-07-31T23:59:59+02:00,6309,6021,52996,54009,95989,94385,88803,88674,87284,93134,88491,91294,53862,67078,42898,59436,10378,20890,37970,38762,78382,76976,71141,71372,75866,81627,80510,83820,50630,63043,40923,56437,9846,19611,750439,638987,130130,102826,158053,135550,63216,93,82
2021-07-30T23:59:59+02:00,6256,5986,52829,53872,95835,94214,88653,88530,87157,93021,88410,91225,53825,67048,42886,59418,10376,20888,36977,37722,77693,76339,70396,70642,75354,81105,80111,83499,50556,62955,40891,56377,9840,19600,749574,632867,129818,101694,158050,135343,62894,93,82
2021-07-29T23:59:59+02:00,6205,5928,52600,53692,95587,93991,88441,88324,86993,92849,88272,91104,53770,66985,42863,59385,10369,20870,35738,36511,76649,75467,69347,69692,74553,80360,79573,83076,50423,62793,40825,56283,9823,19573,748365,625168,129353,100146,158036,134787,62381,93,82
2021-07-28T23:59:59+02:00,6167,5876,52407,53530,95383,93791,88297,88147,86877,92710,88164,91014,53714,66915,42831,59337,10360,20841,35135,35934,75499,74502,68076,68587,73796,79651,79083,82626,50287,62593,40757,56181,9807,19535,747233,618906,128915,98740,158018,134006,62102,93,82
2021-07-27T23:59:59+02:00,6119,5837,52176,53310,95124,93585,88121,87965,86722,92562,88045,90917,53662,66845,42787,59276,10346,20793,34486,35211,74056,73272,66633,67378,72937,78802,78541,82117,50116,62385,40677,56061,9784,19492,745854,611721,128496,97291,157996,132773,61753,93,81
2021-07-26T23:59:59+02:00,6062,5786,51964,53108,94888,93393,87931,87801,86564,92428,87915,90819,53602,66765,42758,59222,10339,20772,33733,34414,72554,71945,65275,66146,71897,77824,77953,81590,49947,62173,40599,55915,9762,19447,744536,603740,128075,95768,157980,131710,61433,93,81
2021-07-25T23:59:59+02:00,6024,5744,51768,52917,94637,93168,87766,87618,86415,92300,87807,90723,53552,66702,42730,59178,10329,20736,33029,33676,71217,70745,64170,65138,70896,76920,77488,81145,49831,61990,40535,55828,9756,19413,743187,596841,127801,94204,157962,130919,61071,93,81
2021-07-24T23:59:59+02:00,5937,5688,51497,52630,94334,92858,87523,87406,86239,92146,87708,90644,53522,66668,42719,59155,10329,20730,32545,33202,70366,70060,63500,64587,70022,76223,77284,80994,49777,61948,40514,55803,9756,19411,741341,592488,127746,93274,157959,130796,60594,93,81
2021-07-23T23:59:59+02:00,5885,5633,51233,52362,93948,92583,87236,87193,86059,91965,87574,90549,53489,66621,42711,59137,10326,20724,32043,32587,69316,69219,62722,63925,69117,75380,76884,80669,49702,61850,40482,55765,9749,19397,739331,586960,127676,92115,157953,130619,60175,93,81
2021-07-22T23:59:59+02:00,5816,5569,50824,51968,93496,92150,86857,86868,85755,91669,87358,90371,53404,66528,42682,59079,10317,20699,31359,31884,68023,68234,61682,63048,67501,74032,76240,80164,49551,61647,40392,55655,9728,19359,736356,580615,127444,89364,157928,129856,59589,93,81
2021-07-21T23:59:59+02:00,5765,5518,50468,51596,93070,91745,86557,86571,85502,91429,87189,90190,53322,66447,42624,59013,10306,20671,30765,31261,66693,67197,60604,62154,65467,72349,75336,79421,49262,61339,40233,55466,9704,19304,733615,574375,127212,85068,157903,128772,59160,93,81
2021-07-20T23:59:59+02:00,5707,5455,50084,51211,92615,91288,86194,86252,85240,91182,86974,89998,53232,66314,42580,58955,10300,20646,30116,30636,65245,66025,59468,61201,64284,71292,74726,78869,49056,61106,40127,55309,9682,19243,730712,567379,126994,83409,157854,127751,58574,93,81
2021-07-19T23:59:59+02:00,5628,5381,49624,50764,92146,90821,85832,85925,84991,90970,86770,89823,53139,66196,42544,58878,10283,20610,29584,30076,64090,64974,58554,60339,63133,70258,74132,78355,48882,60910,40037,55165,9654,19198,727485,561642,126771,81609,157821,126567,58155,93,81
2021-07-18T23:59:59+02:00,5560,5312,48804,49959,91098,89796,85113,85319,84522,90547,86480,89533,53032,66048,42481,58782,10273,20579,29039,29498,62922,63908,57631,59428,61960,69235,73586,77858,48736,60749,39979,55082,9642,19170,721119,555839,126443,79592,157805,125765,57778,93,81
2021-07-17T23:59:59+02:00,5386,5126,48454,49631,90955,89663,84918,85161,84368,90412,86371,89450,53010,66021,42470,58770,10272,20576,28662,29130,62284,63315,57084,59004,61202,68500,73281,77617,48626,60632,39939,55024,9632,19159,719948,552855,126267,78625,157798,125147,56908,93,81
2021-07-16T23:59:59+02:00,5289,5035,48135,49351,90693,89446,84675,84959,84163,90228,86233,89341,52969,65990,42451,58756,10269,20571,28174,28642,61356,62410,56240,58319,60148,67467,72779,77200,48467,60445,39894,54956,9627,19150,718583,547937,126098,77305,157786,124413,55994,93,81
2021-07-15T23:59:59+02:00,5154,4905,47661,48946,90307,89080,84319,84580,83866,89954,86013,89173,52890,65900,42397,58688,10259,20544,27450,28034,60052,61362,55127,57338,58750,66163,72055,76619,48246,60187,39808,54830,9611,19095,716157,542196,125679,75120,157752,122758,54955,93,81
2021-07-14T23:59:59+02:00,5048,4792,47320,48573,90012,88791,84037,84269,83617,89715,85810,89017,52802,65792,42339,58600,10242,20514,26936,27496,58974,60377,54167,56505,57878,65320,71444,76038,47981,59909,39705,54657,9589,19051,714019,536852,125321,74206,157705,121077,54152,93,81
2021-07-13T23:59:59+02:00,4935,4675,46921,48200,89624,88435,83734,83969,83354,89460,85607,88852,52695,65688,42285,58537,10236,20495,26293,26847,57609,59198,52976,55520,56890,64410,70720,75403,47706,59588,39577,54481,9560,19001,711697,530560,124952,73107,157658,119044,53302,93,80
2021-07-12T23:59:59+02:00,4767,4506,46384,47695,89229,88102,83345,83655,83108,89207,85420,88694,52615,65595,42237,58472,10224,20480,25677,26207,56107,57855,51684,54462,55665,63274,69979,74786,47335,59161,39402,54260,9519,18936,709036,523313,124583,72082,157596,116706,52427,93,79
2021-07-11T23:59:59+02:00,4372,4135,45444,46778,88808,87675,82932,83272,82802,88922,85229,88549,52530,65505,42212,58416,10213,20463,25083,25645,54736,56599,50389,53424,54621,62244,69390,74237,46990,58779,39279,54084,9495,18894,705120,516718,124112,71074,157558,114922,51374,93,79
2021-07-10T23:59:59+02:00,4360,4120,45114,46443,88357,87198,82603,82962,82699,88825,85161,88491,52509,65482,42203,58402,10212,20459,24599,25120,53661,55667,49532,52843,54027,61676,69174,74051,46619,58362,39179,53981,9490,18884,704458,512436,123648,70991,157382,113607,50019,93,79
2021-07-09T23:59:59+02:00,4341,4107,44694,46011,87748,86650,82227,82624,82449,88641,85048,88398,52475,65453,42196,58389,10208,20450,23905,24354,52346,54434,48598,51963,53250,60826,68754,73652,46259,57956,39093,53891,9482,18872,703070,506293,123070,70587,157216,112263,48660,93,78
2021-07-08T23:59:59+02:00,4316,4081,44148,45532,86892,85949,81707,82117,82196,88403,84853,88245,52410,65386,42165,58343,10197,20434,22936,23437,50416,52879,47224,50816,52118,59704,68074,73020,45745,57405,38958,53728,9454,18803,700990,498620,122183,69322,156925,109735,47183,93,78
2021-07-07T23:59:59+02:00,4293,4053,43581,44963,86068,85188,81166,81641,81912,88111,84651,88084,52332,65287,42125,58281,10190,20414,22076,22550,48477,51206,45720,49682,50886,58529,67388,72487,45016,56668,38769,53491,9423,18745,698521,490523,121190,68209,156674,106638,45863,92,76
2021-07-06T23:59:59+02:00,4260,4033,43041,44448,85222,84462,80559,81053,81544,87783,84478,87910,52243,65205,42088,58218,10181,20389,21249,21700,46499,49423,44336,48432,49614,57196,66644,71767,44191,55898,38584,53252,9405,18689,695914,481593,120168,67130,156372,103685,44572,91,76
2021-07-05T23:59:59+02:00,4237,3997,41902,43482,83731,83381,79829,80444,81093,87367,84207,87650,52126,65069,42039,58140,10167,20361,20079,20660,44558,47836,43312,47470,48589,56239,65948,71151,43434,55037,38412,53029,9382,18650,692657,475645,119110,66263,156009,100601,41355,91,76
2021-07-04T23:59:59+02:00,4210,3976,40559,42292,82100,82069,79111,79836,80623,86942,83938,87455,52036,64944,41993,58089,10154,20332,18736,19457,42774,46326,42614,46732,47782,55382,65370,70584,42693,54194,38248,52838,9363,18602,689599,471016,117957,65336,155588,97987,37424,91,76
2021-07-03T23:59:59+02:00,3747,3561,39001,40766,81244,81418,78627,79345,80181,86466,83722,87285,51967,64843,41975,58037,10151,20326,17928,18770,41863,45639,42197,46352,47377,54984,65206,70419,42106,53468,38186,52739,9356,18592,685906,469092,116647,65238,155503,96399,34515,91,76
2021-07-02T23:59:59+02:00,3188,2991,37454,39289,80529,80693,77957,78646,79662,85962,83480,87085,51916,64757,41946,57989,10139,20313,17174,18059,40725,44687,41464,45662,46544,54202,64686,69972,41158,52263,38057,52551,9340,18573,680903,464061,115243,64778,155347,93912,32412,91,75
2021-07-01T23:59:59+02:00,2546,2447,35746,37643,79562,79837,77127,77818,78958,85326,83165,86807,51795,64600,41884,57885,10120,20285,16311,17170,39195,43456,40251,44599,45240,53077,63951,69399,40271,51129,37907,52344,9323,18541,674626,457728,113537,63129,155120,91152,30177,91,75
2021-06-30T23:59:59+02:00,2504,2416,34745,36643,77736,78338,75423,76319,78299,84779,82881,86514,51665,64439,41824,57790,10108,20258,15291,16210,37516,42231,39053,43488,44081,52025,63199,68774,39727,50449,37792,52149,9301,18506,668785,451629,111804,61791,154903,89277,27098,91,74
2021-06-29T23:59:59+02:00,2471,2383,33916,35762,76140,76853,73805,74902,77509,84062,82338,86025,51484,64220,41748,57659,10091,20222,14462,15314,36204,41092,38133,42668,42856,50976,62488,68192,39022,49517,37656,51932,9279,18463,662466,446481,109932,59954,154632,87332,24469,91,73
2021-06-28T23:59:59+02:00,2431,2350,33113,34967,74521,75444,72125,73501,76485,83275,81732,85527,51305,63993,41671,57552,10078,20188,13721,14571,35150,40077,37307,41938,41732,49982,61840,67648,38150,48431,37489,51712,9259,18416,656018,441670,107967,58442,154037,85135,22145,91,72
2021-06-27T23:59:59+02:00,2417,2335,32381,34227,72953,74075,70722,72297,75089,82155,81056,84975,51105,63776,41606,57436,10068,20159,13090,13944,34191,39326,36652,41334,40802,49134,61303,67204,37291,47404,37337,51535,9244,18385,649834,437791,106030,57679,153085,82878,19792,91,72
2021-06-26T23:59:59+02:00,1785,1728,31351,33132,72601,73758,70257,71832,74795,81844,80961,84892,51083,63748,41592,57426,10067,20156,12899,13738,33532,38785,36011,40914,40283,48798,60308,66203,36303,46270,37170,51321,9230,18352,645067,431833,105093,57627,153080,80939,19681,87,72
2021-06-25T23:59:59+02:00,1167,1130,30240,31973,72116,73231,69642,71135,74372,81400,80585,84569,51022,63661,41558,57383,10062,20143,12577,13352,32679,37988,35143,40092,39346,47961,59097,64971,35788,45573,36978,51021,9207,18308,638778,423427,103904,57181,153071,79882,19549,87,72
2021-06-24T23:59:59+02:00,567,571,28909,30665,71345,72488,68769,70251,73700,80774,80140,84205,50916,63532,41506,57313,10051,20109,11921,12660,31518,36688,33930,38826,38221,46852,57463,63595,35315,45054,36822,50834,9188,18248,631018,414126,102412,55631,152957,77994,19337,87,71
2021-06-23T23:59:59+02:00,540,538,28407,30125,70242,71507,67493,69115,72953,80086,79690,83803,50805,63358,41445,57217,10034,20078,11434,12136,30521,35440,33000,37602,37209,45975,55527,61886,34765,44489,36654,50607,9167,18183,624814,404393,100838,54567,152852,76740,18845,87,71
2021-06-22T23:59:59+02:00,517,522,27896,29546,69070,70481,66290,68083,72274,79382,79275,83437,50699,63231,41397,57133,10025,20053,11090,11739,29600,34506,32036,36717,36249,45087,53561,60053,34378,44013,36517,50366,9138,18126,618501,395884,99379,52994,152718,75620,18626,87,70
2021-06-21T23:59:59+02:00,485,488,27233,28887,67753,69314,65107,66952,71514,78603,78879,83043,50592,63122,41338,57046,10012,20011,10800,11430,28976,33923,31486,36150,35649,44499,51716,58396,33671,43214,36222,49944,9109,18050,611707,388332,97884,51796,152597,74949,18105,86,70
2021-06-20T23:59:59+02:00,400,407,26597,28230,66535,68183,64085,66010,70710,77863,78523,82707,50514,62997,41289,56977,10007,19978,10512,11170,28430,33423,31030,35658,35140,43976,49880,56612,33129,42532,36025,49610,9079,17990,605332,380932,96417,51044,152499,74486,17678,86,68
2021-06-19T23:59:59+02:00,368,373,26219,27866,65806,67614,63561,65516,69914,77210,78369,82580,50493,62972,41273,56962,10006,19978,10383,10977,28184,33105,30776,35338,34918,43716,48436,55220,32869,42185,35942,49473,9071,17962,601397,375544,95475,51032,152497,74298,17625,86,68
2021-06-18T23:59:59+02:00,341,339,25760,27407,64794,66879,62823,64903,68995,76373,77979,82244,50432,62896,41246,56926,10002,19970,10169,10742,27782,32685,30450,34927,34533,43326,46711,53561,32518,41672,35805,49262,9052,17928,595991,368722,94233,50746,152489,74088,17511,85,68
2021-06-17T23:59:59+02:00,312,308,25130,26806,63541,65879,61830,64090,67403,74970,77456,81844,50332,62744,41183,56843,9989,19942,9754,10390,26991,32000,29709,34248,33697,42625,45208,52070,32073,41045,35642,49008,9020,17878,589925,361313,91584,49606,152331,73706,16678,84,67
2021-06-16T23:59:59+02:00,278,270,24611,26231,62245,64753,60722,63108,65130,73049,76610,81188,50121,62533,41092,56731,9970,19911,9436,10139,26340,31332,29001,33625,32968,41993,44616,51506,31803,40686,35496,48809,8999,17837,583699,357623,87077,48901,151892,72202,15803,82,67
2021-06-15T23:59:59+02:00,239,239,23975,25548,60844,63551,59640,62123,63975,71963,76106,80765,49997,62385,41042,56634,9963,19881,9176,9871,25739,30598,28362,32869,32292,41271,43059,49884,31358,40133,35325,48576,8969,17773,576604,350929,85448,48009,151423,70947,15313,82,67
2021-06-14T23:59:59+02:00,217,207,23510,24964,59741,62495,58765,61273,62902,70956,75632,80372,49910,62263,40992,56562,9947,19855,8890,9572,24986,29708,27597,32034,31501,40456,41776,48547,30990,39635,35188,48352,8939,17722,570748,344799,83728,46985,151221,69267,14784,82,67
2021-06-13T23:59:59+02:00,212,192,23094,24500,58811,61590,57990,60489,61796,69987,75163,79941,49821,62147,40943,56503,9935,19825,8615,9276,24278,28866,26881,31194,30740,39605,40231,46972,30528,39029,34987,48049,8909,17633,565739,337772,81864,46207,150991,67494,14263,82,66
2021-06-12T23:59:59+02:00,199,175,22868,24236,58263,61090,57632,60210,61154,69344,74964,79827,49797,62116,40931,56489,9932,19821,8501,9160,23800,28280,26364,30625,30225,39046,39156,45999,30361,38850,34891,47884,8905,17622,562849,333576,80908,46204,150983,65606,14226,82,66
2021-06-11T23:59:59+02:00,181,159,22517,23825,57525,60279,56957,59582,60250,68414,74612,79519,49724,62043,40906,56453,9929,19815,8370,8972,23291,27608,25833,29968,29644,38413,38085,44991,30092,38496,34749,47661,8892,17596,557857,328745,79619,45945,150970,63752,14162,82,65
2021-06-10T23:59:59+02:00,166,142,21986,23268,56397,59352,56027,58764,58994,67242,74077,79113,49653,61936,40882,56402,9916,19787,8109,8725,22426,26662,24870,29030,28526,37486,36696,43828,29739,38019,34471,47228,8825,17521,552319,321861,77414,45238,150728,61446,13561,82,63
2021-06-09T23:59:59+02:00,145,128,21367,22721,55145,58259,54965,57855,58044,66337,73613,78721,49566,61836,40832,56340,9902,19757,7823,8462,21509,25796,23934,28137,27496,36538,34979,42045,29356,37519,34286,46958,8784,17431,546601,314439,75965,44512,150375,59539,12510,82,61
2021-06-08T23:59:59+02:00,123,110,20698,22040,53838,57130,53847,56882,57089,65478,73066,78286,49479,61712,40777,56248,9882,19726,7555,8229,20595,24901,22875,27274,26464,35582,33630,40743,28998,37011,33966,46506,8731,17348,539954,308139,75046,43746,149931,57071,11398,82,60
2021-06-07T23:59:59+02:00,106,92,20055,21444,52403,55878,52583,55906,55930,64494,72515,77885,49394,61605,40731,56184,9869,19698,7309,8010,19753,24079,21850,26460,25432,34711,32696,39963,28714,36622,33721,46079,8680,17257,532705,303526,74151,42929,149519,54510,10315,82,60
2021-06-06T23:59:59+02:00,99,86,19548,20910,51256,54790,51483,54930,54968,63541,72008,77482,49309,61530,40694,56121,9862,19682,7101,7812,18965,23187,20950,25588,24361,33728,31784,39147,28430,36284,33465,45689,8631,17182,526386,298965,73130,42190,149185,51575,9518,80,60
2021-06-05T23:59:59+02:00,93,78,19283,20619,50486,54041,50830,54427,54493,63052,71873,77367,49294,61514,40691,56117,9859,19682,6875,7402,18326,22114,20230,24472,23487,32488,30761,37831,28102,35822,33341,45516,8624,17162,522081,292668,73125,42151,149065,48230,9448,80,60
2021-06-04T23:59:59+02:00,83,71,18840,20039,49440,53040,50020,53559,53845,62268,71529,77038,49265,61478,40671,56103,9857,19675,6657,7093,17707,21264,19554,23485,22559,31221,29554,36501,27815,35461,33229,45341,8612,17143,515622,286266,72803,42082,149048,45523,9268,80,60
2021-06-03T23:59:59+02:00,72,60,18168,19367,47922,51745,48814,52439,52882,61255,71033,76578,49201,61375,40633,56058,9844,19651,6369,6703,16973,20221,18762,22339,21560,29809,28395,35023,27271,34683,33024,45016,8576,17068,507906,279541,71789,41336,148773,42309,8550,79,59
2021-06-02T23:59:59+02:00,67,56,17799,18866,46910,50766,47954,51696,52143,60507,70786,76366,49165,61339,40614,56030,9836,19637,6187,6464,16325,19541,17857,21589,20730,28871,27302,33623,26805,34079,32865,44766,8547,16998,501662,273279,71772,41321,148750,39621,8275,78,56
2021-06-01T23:59:59+02:00,56,50,17131,18147,45055,49029,46309,50239,50624,59065,70108,75766,49075,61227,40556,55957,9823,19588,5913,6155,15168,18641,16351,20630,19525,27633,26081,32232,26254,33388,32616,44420,8501,16894,492548,266813,70432,40756,148199,36229,6550,76,56
2021-05-31T23:59:59+02:00,54,46,16656,17666,43745,47891,45102,49141,49388,57955,69431,75257,48997,61124,40512,55887,9811,19552,5636,5836,14129,17811,14953,19714,18356,26527,24863,30893,25738,32673,32422,44124,8467,16795,486308,260536,69269,40212,147737,33310,4826,75,55
2021-05-30T23:59:59+02:00,47,45,16333,17275,42768,46957,44197,48236,48395,56958,68872,74713,48890,60969,40441,55774,9796,19509,5448,5594,13582,17112,14332,19020,17471,25562,23762,29721,24969,31724,32129,43707,8422,16706,480329,254579,68234,39413,147330,31013,4207,75,51
2021-05-29T23:59:59+02:00,47,45,16203,17159,42410,46641,43854,47971,48154,56768,68814,74655,48884,60962,40435,55771,9796,19509,5285,5354,13073,16301,13686,18172,16629,24397,22652,28422,24813,31493,32066,43614,8419,16699,478366,248994,68113,39413,147321,28417,4203,75,50
2021-05-28T23:59:59+02:00,46,43,15903,16854,41714,46013,43344,47412,47648,56227,68539,74359,48819,60881,40407,55722,9793,19504,5046,4970,12537,15384,13009,17309,15765,23164,21556,26988,24566,31127,31972,43480,8409,16682,474084,242975,67613,39308,147291,25470,4165,75,48
2021-05-27T23:59:59+02:00,43,39,15385,16334,40567,45034,42326,46532,46662,55340,67952,73926,48697,60721,40353,55650,9782,19463,4823,4634,11896,14556,12224,16372,14697,21973,20299,25481,24062,30386,31800,43218,8376,16600,468259,235637,66101,38504,146571,23412,3800,75,46
2021-05-26T23:59:59+02:00,41,38,14977,15909,39469,44117,41291,45650,45638,54464,67346,73417,48545,60543,40273,55482,9761,19415,4630,4438,11339,13795,11501,15523,13693,20839,18905,23894,23477,29605,31584,42876,8324,16499,463139,228378,64075,37643,145585,21355,3502,75,46
2021-05-25T23:59:59+02:00,41,37,14587,15506,38464,43229,40324,44795,44687,53547,66737,72887,48365,60308,40194,55350,9735,19361,4423,4235,10797,13149,10741,14741,12628,19605,17471,22388,22894,28826,31350,42557,8266,16411,457839,221027,62493,36704,144478,19440,3269,75,44
2021-05-24T23:59:59+02:00,40,36,14245,15182,37635,42492,39451,44122,43824,52764,66207,72403,48240,60130,40130,55227,9715,19317,4280,4110,10351,12688,10101,14155,11747,18773,16185,21132,22225,27995,31133,42228,8207,16321,453217,214139,61264,35764,143745,18828,2859,75,43
2021-05-23T23:59:59+02:00,36,36,14077,15009,37165,42120,39001,43717,43372,52360,65937,72175,48165,60039,40092,55181,9707,19293,4090,3970,9888,12213,9478,13546,10808,17959,14992,20067,21759,27429,30881,41941,8158,16238,450027,207153,60887,35683,143719,17766,2774,75,43
2021-05-22T23:59:59+02:00,34,34,13881,14793,36479,41556,38322,43263,42801,51951,64918,71164,47960,59783,40022,55068,9697,19272,3978,3675,9672,11800,9325,13218,10566,17514,14723,19667,21666,27312,30847,41901,8151,16229,443592,205932,60884,35680,143704,15848,2743,75,43
2021-05-21T23:59:59+02:00,33,33,13502,14391,35406,40640,37260,42333,41737,51054,63564,69881,47730,59446,39941,54921,9680,19239,3872,3579,9465,11535,9114,12954,10237,17186,14312,19298,21446,27026,30787,41811,8142,16221,433990,203989,60531,35374,143469,14856,2727,74,41
2021-05-20T23:59:59+02:00,31,33,12708,13667,33967,39182,35838,40925,40334,49857,62281,68730,47440,59104,39798,54740,9659,19188,3724,3398,8939,10933,8467,12245,9540,16340,13557,18335,20631,25908,30593,41514,8103,16135,423790,199628,58830,34529,142440,11816,2350,72,41
2021-05-19T23:59:59+02:00,31,32,12171,13103,32788,37758,34734,39544,39209,48898,60281,66963,46964,58546,39615,54478,9618,19082,3621,3266,8666,10557,8171,11870,9098,15832,12920,17673,19767,24779,30367,41211,8047,16020,412952,195385,57312,33716,141331,10579,2148,72,39
2021-05-18T23:59:59+02:00,28,32,11749,12660,31744,36739,33640,38629,38169,47963,58224,65106,46609,58097,39461,54239,9586,19023,3423,3103,8172,9951,7700,11325,8557,15165,12239,16903,18826,23548,30130,40868,8010,15915,404298,191299,55352,32874,140136,7783,1842,70,39
2021-05-17T23:59:59+02:00,26,31,11498,12384,31227,36182,33144,38069,37579,47330,56324,63397,45908,57274,39185,53841,9549,18950,3341,2994,7909,9669,7407,11026,8156,14752,11669,16300,17910,22417,29897,40549,7975,15841,396719,186927,54228,32127,139327,7167,1555,69,38
2021-05-16T23:59:59+02:00,26,31,11276,12130,30705,35678,32682,37577,37057,46758,54430,61572,45363,56575,38991,53522,9522,18895,3240,2895,7621,9379,7086,10681,7680,14289,11089,15716,16979,21269,29688,40259,7937,15772,389762,182647,53260,31281,138663,6581,1037,68,36
2021-05-15T23:59:59+02:00,26,31,11122,11927,30427,35345,32444,37257,36827,46496,52860,60094,45113,56269,38914,53384,9516,18867,3219,2877,7596,9350,7071,10660,7661,14276,11072,15695,16869,21053,29479,39952,7929,15762,383958,181658,53256,31280,138617,6530,1020,68,35
2021-05-14T23:59:59+02:00,26,31,10874,11647,29959,34837,32064,36793,36314,46023,50989,58264,44751,55768,38774,53177,9500,18827,3192,2858,7526,9278,7015,10588,7602,14218,10889,15496,16138,19987,29193,39466,7912,15722,376163,178745,52929,30941,138488,6391,970,68,35
2021-05-13T23:59:59+02:00,23,30,10591,11322,29311,34197,31465,36189,35641,45357,49520,56747,44320,55140,38604,52934,9473,18781,3124,2812,7399,9177,6928,10494,7498,14109,10563,15151,15081,18753,28807,38823,7869,15648,369072,174950,51911,30379,137736,6016,859,67,34
2021-05-12T23:59:59+02:00,23,28,10462,11179,29029,33879,31198,35896,35329,45043,49235,56439,44221,55037,38551,52856,9466,18743,3112,2786,7365,9141,6898,10459,7470,14070,10396,14995,14709,18321,28504,38340,7847,15601,366404,172903,51830,30369,137577,5972,737,66,34
2021-05-11T23:59:59+02:00,22,25,10116,10856,28176,33053,30367,35142,34468,44260,47501,54670,43767,54442,38376,52565,9428,18641,3025,2689,7120,8861,6675,10159,7255,13700,9916,14447,13729,17172,28090,37723,7810,15506,359488,169233,50125,29477,135685,4623,511,66,34
2021-05-10T23:59:59+02:00,21,25,9810,10579,27430,32352,29589,34441,33698,43492,46196,53405,43384,53931,38187,52261,9378,18528,2983,2643,6993,8738,6580,10041,7116,13518,9651,14140,13035,16312,27663,37112,7784,15425,353236,166421,49007,29095,133999,3785,402,63,32
2021-05-09T23:59:59+02:00,20,25,9578,10333,26748,31668,28922,33740,32975,42795,44673,51934,42884,53312,37987,51957,9341,18443,2935,2597,6870,8595,6473,9899,7004,13306,9335,13829,12237,15411,27299,36577,7764,15369,346159,163570,47932,28539,132870,3045,315,59,32
2021-05-08T23:59:59+02:00,20,25,9485,10266,26363,31367,28476,33426,32520,42491,43641,51106,42732,53149,37946,51895,9339,18437,2932,2593,6862,8590,6467,9891,6996,13294,9325,13817,12199,15349,26622,35628,7727,15293,341642,161701,47890,28512,132784,3032,309,59,32
2021-05-07T23:59:59+02:00,19,25,9344,10118,25892,30987,28026,33052,32014,42142,42602,50280,42460,52809,37833,51735,9327,18410,2885,2567,6809,8549,6411,9836,6945,13242,9152,13596,11568,14537,25683,34247,7680,15211,336516,157615,47583,28143,132626,2838,291,59,32
2021-05-06T23:59:59+02:00,17,24,8946,9829,24975,30218,26965,32248,30785,41324,40985,49070,42079,52261,37638,51492,9289,18337,2821,2521,6679,8402,6296,9707,6797,13054,8881,13299,10920,13675,24720,32866,7646,15150,328664,153834,46508,27189,130973,2101,279,58,32
2021-05-05T23:59:59+02:00,17,23,8580,9629,24093,29619,26101,31584,29697,40533,39006,47256,41633,51708,37431,51211,9232,18225,2780,2490,6561,8273,6194,9593,6695,12913,8636,13041,10213,12847,23707,31542,7617,15079,320811,149952,45655,26302,128859,1701,195,58,32
2021-05-04T23:59:59+02:00,17,22,8337,9402,23297,28972,25127,30844,28626,39699,37495,45790,41165,51125,37153,50864,9185,18104,2741,2468,6488,8201,6112,9526,6621,12832,8399,12821,9482,11992,22762,30299,7583,15016,314163,146231,44689,25496,126224,1496,90,58,31
2021-05-03T23:59:59+02:00,17,21,8134,9188,22598,28392,24288,30239,27719,39004,36536,45040,40817,50653,36939,50575,9135,18000,2696,2436,6417,8124,6033,9461,6531,12748,8171,12608,8739,11093,21847,29083,7552,14966,309302,142494,43913,24676,123973,1255,50,57,31
2021-05-02T23:59:59+02:00,17,21,7971,9023,21960,27814,23549,29648,26901,38382,35722,44405,40558,50324,36827,50389,9101,17943,2658,2413,6375,8083,5996,9426,6491,12707,7989,12436,8139,10356,21138,28216,7531,14948,304476,139309,43143,24400,122837,1121,43,56,30
2021-05-01T23:59:59+02:00,16,21,7819,8840,21587,27356,23067,29073,26258,37672,34898,43510,40296,49949,36730,50236,9095,17926,2652,2407,6349,8073,5981,9417,6473,12693,7972,12421,8102,10292,21099,28159,7527,14944,298377,139018,43142,24393,122731,1078,43,56,30
2021-04-30T23:59:59+02:00,16,20,7671,8662,21200,26926,22621,28506,25510,36895,33890,42545,40067,49630,36633,50082,9083,17905,2634,2394,6324,8055,5959,9400,6446,12673,7940,12387,8062,10222,21048,28076,7524,14935,292086,138706,43135,24320,122549,987,37,55,30
2021-04-29T23:59:59+02:00,15,20,7402,8422,20607,26353,21950,27822,24578,35930,32614,41209,39023,48227,36315,49606,9026,17777,2602,2360,6232,7945,5874,9298,6352,12531,7736,12111,7438,9499,20642,27560,7502,14861,283343,136642,42351,23092,121115,745,37,50,28
2021-04-28T23:59:59+02:00,14,18,7127,8204,20086,25879,21313,27222,23692,35083,31219,39758,37862,46640,35973,49114,8963,17635,2533,2312,6123,7824,5764,9167,6250,12381,7517,11841,6750,8654,20226,26985,7461,14790,274664,134196,41579,21797,119477,521,37,45,28
2021-04-27T23:59:59+02:00,13,18,6944,8026,19653,25454,20693,26685,22838,34305,30006,38436,36774,45197,35590,48543,8893,17508,2507,2287,6020,7727,5711,9069,6184,12258,7302,11642,6149,7917,19820,26488,7441,14767,266850,132098,40715,20854,117929,273,37,45,28
2021-04-26T23:59:59+02:00,12,18,6762,7861,19235,25030,20150,26160,22032,33548,28791,37201,35714,43775,35284,48059,8843,17384,2495,2277,5977,7685,5666,9029,6147,12214,7116,11477,5535,7186,19448,26040,7417,14740,259164,130136,39889,20010,116728,242,34,44,28
2021-04-25T23:59:59+02:00,12,17,6657,7728,18897,24760,19771,25821,21419,32931,27806,36245,34584,42346,34969,47629,8801,17302,2483,2270,5959,7661,5647,9012,6127,12189,7079,11450,5408,7005,19113,25576,7401,14696,251976,129515,39175,19269,116467,232,33,44,28
2021-04-24T23:59:59+02:00,12,17,6493,7552,18454,24328,19212,25284,20636,32130,26725,35197,34333,42032,34875,47464,8791,17290,2479,2264,5946,7651,5639,9001,6122,12185,7069,11443,5335,6894,19015,25435,7398,14688,246016,129061,39170,19230,115562,214,33,44,27
2021-04-23T23:59:59+02:00,12,17,6270,7351,18006,23854,18642,24672,19812,31316,25568,34002,33557,40858,34731,47229,8777,17267,2473,2246,5919,7627,5602,8962,6077,12141,7023,11391,5169,6617,18477,24808,7298,14519,238447,127217,38842,18883,114576,192,33,43,25
2021-04-22T23:59:59+02:00,11,16,6055,7143,17401,23266,17849,23890,18762,30294,24249,32570,32516,39505,34486,46873,8739,17189,2459,2231,5875,7576,5553,8878,6002,12063,6947,11321,4885,6199,17765,23935,7179,14325,229411,125060,37925,17919,113405,158,33,40,24
2021-04-21T23:59:59+02:00,11,15,5856,6962,16870,22795,17188,23287,17779,29396,22695,30979,31512,38274,34189,46435,8691,17101,2435,2214,5833,7521,5495,8803,5936,11963,6852,11241,4725,5925,17067,23086,7063,14143,220535,122971,37156,17149,112273,126,33,38,24
2021-04-20T23:59:59+02:00,10,14,5673,6768,16314,22320,16447,22628,16783,28395,21227,29509,30366,36785,33874,46000,8640,17011,2422,2199,5784,7483,5455,8758,5888,11897,6773,11176,4606,5770,16466,22313,6937,13965,211550,121288,36274,16433,110870,118,32,38,22
2021-04-19T23:59:59+02:00,10,14,5486,6611,15781,21890,15770,22070,15793,27517,19835,28108,28992,35151,33557,45521,8582,16893,2411,2184,5760,7450,5418,8724,5849,11851,6692,11100,4480,5609,15817,21603,6829,13803,202856,119644,35495,15767,109162,116,32,36,22
2021-04-18T23:59:59+02:00,9,14,5298,6470,15347,21566,15152,21509,14822,26730,18497,26970,27605,33500,33226,45103,8524,16806,2360,2138,5628,7329,5304,8610,5742,11700,6587,10981,4364,5422,15224,20937,6716,13624,194322,118005,34665,14497,108093,112,32,36,21
2021-04-17T23:59:59+02:00,9,13,5262,6435,15193,21490,14976,21424,14587,26551,18243,26749,27098,32959,33100,44955,8515,16791,2333,2098,5528,7175,5197,8451,5642,11512,6498,10848,4312,5359,14983,20643,6706,13611,193104,116248,34660,14493,106518,103,32,36,21
2021-04-16T23:59:59+02:00,9,13,5199,6381,15017,21339,14765,21264,14305,26304,17828,26338,26055,31729,32967,44743,8494,16768,2287,2048,5412,6989,5060,8268,5490,11269,6301,10625,4105,5125,14336,19851,6608,13466,189762,113000,34372,14094,105316,94,32,36,21
2021-04-15T23:59:59+02:00,7,12,5130,6304,14804,21125,14497,20974,13876,25954,17192,25706,24693,30122,32711,44420,8458,16689,2217,1964,5216,6753,4858,7947,5283,10952,6085,10340,3907,4875,13506,18768,6493,13299,185207,109176,33563,13151,103836,84,32,36,21
2021-04-14T23:59:59+02:00,7,12,5050,6233,14600,20924,14243,20750,13487,25620,16526,25088,23117,28336,32399,44017,8405,16595,2028,1844,4998,6490,4669,7697,5055,10703,5851,10055,3771,4666,12779,17850,6366,13085,180606,106082,32689,11695,102046,78,32,36,21
2021-04-13T23:59:59+02:00,7,12,4998,6185,14400,20790,14009,20569,13145,25324,15956,24585,21414,26492,32083,43600,8373,16489,1943,1792,4831,6302,4484,7476,4854,10448,5647,9820,3635,4500,12262,17234,6243,12924,176384,103697,31815,10578,100165,68,32,35,21
2021-04-12T23:59:59+02:00,7,11,4934,6119,14183,20593,13704,20306,12759,24910,15378,24032,19821,24550,31793,43240,8332,16415,1813,1702,4649,6143,4334,7300,4692,10256,5510,9661,3516,4345,11831,16724,6132,12761,172025,102013,30762,9240,98233,66,32,35,19
2021-04-11T23:59:59+02:00,7,11,4865,6044,13959,20395,13408,20095,12345,24559,14817,23523,18314,22776,31532,42898,8289,16335,1776,1666,4529,6030,4223,7177,4570,10125,5376,9531,3402,4226,11340,16114,6001,12554,167742,100266,29803,8262,96562,64,31,34,18
2021-04-10T23:59:59+02:00,7,11,4860,6036,13940,20381,13399,20084,12328,24541,14793,23504,17626,21854,31241,42480,8271,16308,1772,1654,4517,6019,4208,7163,4557,10111,5323,9465,3299,4113,10783,15279,5872,12356,166673,98121,29776,8262,95152,62,29,34,18
2021-04-09T23:59:59+02:00,7,11,4847,6019,13903,20332,13355,20036,12281,24487,14533,23251,16108,19965,30836,41835,8237,16265,1748,1643,4494,6003,4182,7136,4516,10076,5285,9416,3214,3994,9916,14291,5723,12158,164056,95678,29435,8014,92757,60,27,33,17
2021-04-08T23:59:59+02:00,7,11,4804,5991,13802,20257,13274,19956,12181,24383,14198,22892,14341,17756,30219,40826,8179,16144,1727,1630,4462,5950,4130,7051,4452,9996,5213,9339,3106,3891,9438,13690,5519,11913,160231,93834,28406,7579,90534,59,19,31,17
2021-04-07T23:59:59+02:00,7,11,4774,5962,13697,20175,13179,19870,12078,24281,13817,22534,12834,15904,29575,39853,8124,16046,1708,1618,4409,5883,4046,6977,4363,9912,5123,9239,3019,3796,8693,12596,5284,11508,155820,91285,27530,6806,89322,49,18,31,17
2021-04-06T23:59:59+02:00,7,11,4745,5936,13598,20108,13097,19809,12002,24216,13441,22183,11202,13900,28913,38883,8092,15975,1648,1564,4279,5755,3938,6853,4244,9764,5020,9110,2904,3674,7988,11667,5012,11143,151808,88901,26648,5584,87615,47,16,31,16
2021-04-05T23:59:59+02:00,7,10,4707,5908,13521,20041,13030,19741,11947,24136,13169,21929,9592,11955,28186,37832,8057,15913,1577,1495,4124,5605,3770,6697,4090,9615,4865,8982,2772,3557,7180,10705,4741,10754,148614,86532,25631,3923,85390,44,15,31,16
2021-04-04T23:59:59+02:00,7,10,4693,5890,13510,20021,13022,19723,11939,24116,13072,21859,8569,10695,27739,37192,8032,15856,1575,1493,4116,5599,3768,6692,4085,9610,4863,8974,2767,3548,6944,10239,4657,10629,146888,85573,25627,3923,83387,38,12,31,14
2021-04-03T23:59:59+02:00,7,10,4690,5880,13493,20001,13012,19713,11929,24106,13058,21841,7665,9627,26857,35950,7983,15744,1571,1489,4114,5594,3766,6689,4077,9598,4849,8961,2760,3536,6806,9977,4618,10548,144413,84968,25619,3923,81493,38,11,30,14
2021-04-02T23:59:59+02:00,7,10,4685,5862,13456,19975,12973,19670,11885,24058,12984,21774,7152,8880,25273,33850,7837,15475,1562,1473,4088,5570,3740,6648,4041,9537,4726,8674,2632,3381,6431,9582,4469,10346,139962,83143,25281,3697,80525,38,9,29,14
2021-04-01T23:59:59+02:00,6,9,4637,5803,13362,19830,12857,19519,11736,23902,12386,21325,6589,8175,23769,31879,7711,15238,1496,1427,3979,5446,3673,6577,3973,9471,4648,8571,2538,3240,5918,8897,4299,10072,135771,80880,24145,3292,78782,33,8,27,13
2021-03-31T23:59:59+02:00,6,9,4586,5748,13237,19677,12725,19365,11548,23723,12125,21065,6270,7804,22292,29927,7561,15009,1483,1416,3955,5423,3641,6549,3933,9424,4610,8518,2475,3165,5436,8252,4125,9833,131844,79114,23058,3075,77743,33,5,27,12
2021-03-30T23:59:59+02:00,6,9,4522,5683,13099,19527,12612,19190,11417,23558,11955,20926,6080,7588,20906,28200,7417,14806,1466,1380,3914,5390,3577,6479,3845,9310,4479,8347,2340,2960,5016,7697,3982,9577,128489,76892,22133,2833,76852,21,2,25,12
2021-03-29T23:59:59+02:00,6,9,4482,5645,12980,19434,12545,19106,11335,23456,11806,20791,5923,7390,19490,26521,7289,14605,1407,1339,3859,5346,3503,6409,3727,9166,4329,8157,2218,2819,4453,7029,3828,9301,124915,74237,21268,2621,76603,20,2,25,11
2021-03-28T23:59:59+02:00,6,9,4435,5581,12859,19297,12460,19012,11234,23359,11700,20690,5772,7184,18312,25015,7170,14410,1374,1295,3761,5238,3310,6184,3640,9049,4279,8101,2164,2755,3694,6008,3643,9033,121921,71183,20478,2322,76080,12,2,24,10
2021-03-27T23:59:59+01:00,6,9,4403,5530,12752,19132,12345,18847,11120,23154,11593,20540,5706,7102,18026,24669,7159,14395,1368,1292,3756,5234,3307,6177,3354,8700,4081,7803,2158,2752,3680,5975,3609,8972,120085,69878,20439,2322,75938,7,2,24,10
2021-03-26T23:59:59+01:00,6,8,4367,5477,12641,18942,12212,18645,10967,22924,11432,20329,5543,6888,17423,23876,7060,14245,1367,1291,3751,5227,3284,6159,3335,8680,3868,7354,1981,2346,3416,5691,3458,8739,116990,67616,20101,2315,75869,6,1,24,10
2021-03-25T23:59:59+01:00,6,8,4299,5389,12443,18702,12007,18316,10753,22597,11191,20002,5331,6604,16394,22569,6932,14056,1358,1281,3730,5201,3250,6131,3284,8642,3822,7310,1909,2233,2982,5009,3300,8434,113010,65649,19029,2214,75535,3,1,24,10
2021-03-24T23:59:59+01:00,6,8,4219,5278,12229,18250,11788,17903,10531,22206,10957,19629,5062,6258,15354,21352,6793,13832,1335,1268,3706,5156,3214,6068,3229,8572,3768,7237,1856,2174,2675,4675,3148,8159,109904,64256,17936,1971,73790,3,1,24,10
2021-03-23T23:59:59+01:00,6,8,4163,5214,12062,17907,11589,17550,10339,21842,10737,19341,4930,6062,14714,20537,6653,13659,1320,1262,3691,5138,3193,6050,3204,8521,3731,7194,1821,2115,2446,4406,2940,7838,107556,62928,17210,1929,72522,3,1,24,10
2021-03-22T23:59:59+01:00,6,8,4115,5137,11865,17574,11400,17222,10114,21515,10522,19036,4779,5856,14096,19822,6520,13473,1307,1253,3664,5105,3161,6014,3175,8465,3695,7149,1777,2059,2247,4156,2745,7505,105702,61675,16492,1789,70842,3,1,23,10
2021-03-21T23:59:59+01:00,6,8,4041,5014,11583,17163,11119,16815,9844,21060,10265,18684,4665,5685,13400,19031,6379,13265,1299,1252,3647,5089,3140,5981,3152,8435,3675,7127,1759,2032,2082,3994,2573,7237,103823,60677,15193,1784,68987,3,1,23,10
2021-03-20T23:59:59+01:00,5,8,4011,4945,11440,16828,10994,16497,9701,20757,10089,18402,4538,5525,12770,18080,6242,13050,1298,1251,3647,5087,3137,5980,3149,8429,3670,7123,1755,2027,2051,3933,2550,7196,101628,60486,15188,1784,67042,3,1,23,10
2021-03-19T23:59:59+01:00,5,7,3967,4864,11272,16468,10812,16142,9528,20377,9875,18042,4378,5330,11746,16869,6081,12839,1289,1244,3629,5059,3107,5903,3104,8336,3568,6948,1630,1915,1977,3870,2438,6988,98931,59212,14778,1780,64870,3,1,22,10
2021-03-18T23:59:59+01:00,5,7,3880,4761,11026,16042,10543,15698,9249,19908,9652,17699,4234,5164,11122,16002,5853,12572,1285,1233,3612,5024,3087,5859,3082,8280,3541,6901,1611,1882,1938,3800,2315,6778,97131,58526,13771,1689,62492,3,1,22,10
2021-03-17T23:59:59+01:00,5,7,3709,4646,10731,15622,10278,15338,9006,19546,9401,17351,4115,4997,10308,14759,5591,12149,1284,1230,3598,5006,3081,5839,3072,8246,3523,6877,1610,1858,1914,3771,2205,6591,94485,58017,12228,1675,60823,3,1,22,10
2021-03-16T23:59:59+01:00,5,7,3567,4521,10391,15158,10004,14968,8731,19103,9105,16987,3972,4831,9491,13635,5310,11790,1270,1227,3594,4999,3070,5835,3066,8235,3516,6863,1586,1835,1875,3720,2085,6413,92151,57581,11038,1595,58365,3,1,21,10
2021-03-15T23:59:59+01:00,5,7,3419,4405,10076,14690,9712,14509,8434,18629,8817,16574,3826,4661,8783,12570,5086,11469,1260,1219,3574,4987,3058,5811,3046,8196,3496,6820,1571,1822,1858,3687,1970,6228,90187,56997,9674,1594,55792,3,0,19,10
2021-03-14T23:59:59+01:00,5,7,3349,4316,9810,14257,9457,14107,8116,18137,8537,16179,3663,4475,7982,11335,4778,11014,1246,1213,3553,4969,3037,5770,3024,8116,3468,6752,1545,1772,1797,3560,1805,5839,87878,56470,8656,984,52974,3,0,16,10
2021-03-13T23:59:59+01:00,5,7,3273,4063,9498,13587,9214,13526,7891,17562,8333,15746,3554,4373,7791,11042,4730,10926,1246,1213,3553,4969,3037,5770,3023,8116,3466,6750,1541,1771,1795,3556,1804,5838,87223,56453,8656,984,49226,2,0,16,10
2021-03-12T23:59:59+01:00,5,7,3212,3926,9252,13047,8976,12996,7658,16926,7976,14995,3391,4203,7408,10634,4592,10737,1242,1210,3548,4955,3034,5767,3016,8108,3462,6744,1514,1742,1774,3538,1704,5660,85450,56024,8410,983,46065,2,0,16,10
2021-03-11T23:59:59+01:00,5,7,3061,3658,8876,12287,8672,12320,7325,16142,7634,14351,3234,4001,6853,9915,4402,10425,1223,1200,3514,4911,2991,5690,2981,7984,3411,6646,1470,1689,1695,3338,1506,5146,83003,55279,7965,106,42185,1,0,15,10
2021-03-10T23:59:59+01:00,5,7,2996,3551,8376,11776,7995,11837,7004,15651,7334,13760,3074,3844,6293,9220,4231,10151,1212,1186,3484,4853,2960,5614,2945,7844,3357,6524,1432,1649,1637,3242,1390,4867,81185,54104,7414,83,38492,0,0,14,10
2021-03-09T23:59:59+01:00,5,6,2891,3375,7692,11325,7098,11350,6585,15039,6969,13153,2844,3543,5785,8589,4075,9875,1207,1182,3462,4806,2933,5549,2928,7792,3339,6478,1417,1625,1602,3199,1285,4669,78891,53417,6058,49,35236,0,0,14,8
2021-03-08T23:59:59+01:00,5,6,2718,3140,7050,10780,6284,10871,6184,14510,6575,12586,2633,3332,5182,7850,3929,9607,1200,1176,3441,4740,2908,5473,2889,7698,3307,6402,1410,1616,1599,3191,1280,4666,76066,52942,4920,47,32243,0,0,13,8
2021-03-07T23:59:59+01:00,5,6,2606,3007,6719,10279,5873,10330,5888,14060,6335,12197,2535,3241,4417,6787,3712,9324,1197,1173,3438,4735,2903,5461,2885,7681,3299,6389,1405,1603,1578,3151,1265,4625,72813,52736,4089,45,30407,0,0,12,8
2021-03-06T23:59:59+01:00,5,5,2561,2865,6535,9825,5673,9913,5412,13204,5960,11457,2514,3214,4411,6776,3711,9322,1197,1172,3435,4730,2901,5460,2884,7680,3298,6386,1403,1600,1578,3149,1264,4625,71585,52710,4089,45,27677,0,0,12,8
2021-03-05T23:59:59+01:00,5,5,2469,2610,6322,9241,5459,9515,5235,12636,5576,10479,2288,2749,4032,6394,3572,9107,1185,1169,3417,4714,2896,5447,2876,7662,3287,6367,1389,1593,1577,3145,1259,4621,69255,52553,3856,45,24571,0,0,12,7
2021-03-04T23:59:59+01:00,5,5,2393,2405,6107,8805,5296,9173,5054,12215,5401,10100,2196,2579,3478,5570,3406,8769,1173,1155,3374,4615,2863,5381,2844,7564,3254,6293,1369,1586,1563,3131,1251,4610,67206,51977,3415,45,22324,0,0,12,5
2021-03-03T23:59:59+01:00,4,5,2336,2354,5937,8390,5125,8812,4840,11763,5211,9654,2114,2471,3075,5132,3247,8475,1153,1147,3339,4567,2826,5316,2804,7465,3207,6219,1349,1561,1544,3100,1245,4593,65780,51390,3172,42,19981,0,0,12,4
2021-03-02T23:59:59+01:00,4,5,2282,2266,5775,8056,4967,8555,4677,11361,5050,9336,2048,2380,2770,4775,3030,8154,1148,1138,3321,4546,2811,5290,2787,7416,3199,6191,1344,1550,1526,3083,1242,4587,64428,51134,2911,42,18140,0,0,12,4
2021-03-01T23:59:59+01:00,4,5,2256,2239,5671,7840,4867,8410,4593,11209,4950,9162,1993,2303,2474,4453,2842,7838,1142,1135,3307,4528,2799,5261,2771,7370,3185,6163,1338,1547,1519,3074,1239,4583,63165,50916,2690,42,17242,0,0,12,4
2021-02-28T23:59:59+01:00,3,5,2204,2196,5493,7579,4691,8189,4457,11023,4843,9035,1956,2241,2179,4151,2639,7529,1133,1129,3292,4518,2792,5254,2765,7356,3178,6149,1333,1544,1512,3058,1238,4551,62054,50757,2388,42,15959,0,0,12,4
2021-02-27T23:59:59+01:00,3,5,2117,1887,5316,7154,4593,7877,4374,10674,4771,8785,1928,2180,2151,4106,2619,7475,1129,1125,3290,4517,2787,5252,2761,7353,3173,6146,1331,1544,1512,3057,1237,4550,61822,50722,2388,39,13793,0,0,12,4
2021-02-26T23:59:59+01:00,3,5,2060,1809,5169,6915,4446,7617,4223,10409,4562,8502,1799,2073,2090,4068,2512,7295,1108,1112,3273,4483,2775,5212,2748,7300,3151,6092,1325,1533,1508,3049,1236,4548,60494,50412,2382,38,12669,0,0,12,4
2021-02-25T23:59:59+01:00,3,5,1943,1710,4843,6513,4018,7156,3937,9895,4327,8121,1741,2015,2056,4007,2402,7101,1092,1097,3236,4440,2745,5160,2702,7193,3111,5999,1315,1517,1494,3009,1223,4489,60018,49783,2275,36,9489,0,0,11,4
2021-02-24T23:59:59+01:00,3,5,1914,1650,4726,6299,3913,6941,3815,9652,4203,7961,1719,1983,2024,3965,2290,6903,1079,1092,3209,4378,2709,5094,2677,7109,3082,5928,1299,1500,1469,2961,1211,4420,59472,49189,2029,25,8454,0,0,11,4
2021-02-23T23:59:59+01:00,3,5,1689,1503,4352,5809,3632,6547,3595,9273,4048,7675,1690,1952,1980,3918,2177,6720,1060,1081,3171,4350,2681,5037,2651,7033,3047,5869,1279,1480,1442,2926,1201,4370,59018,48665,1982,11,5557,0,0,11,3
2021-02-22T23:59:59+01:00,3,5,1680,1484,4301,5750,3596,6484,3531,9180,3987,7580,1658,1925,1954,3867,2060,6523,1056,1068,3150,4305,2661,4998,2626,6973,3018,5816,1267,1466,1433,2916,1193,4361,58477,48299,1840,6,5240,0,0,11,3
2021-02-21T23:59:59+01:00,3,5,1668,1480,4271,5717,3553,6446,3490,9126,3943,7530,1650,1918,1949,3858,1940,6360,1050,1057,3129,4267,2632,4948,2611,6904,2989,5728,1253,1450,1413,2856,1169,4284,58134,47732,1834,6,4928,0,0,11,3
2021-02-20T23:59:59+01:00,3,5,1667,1479,4266,5714,3551,6445,3490,9125,3942,7529,1645,1916,1947,3854,1939,6360,1050,1057,3127,4265,2632,4948,2610,6903,2989,5728,1253,1449,1412,2856,1169,4284,58119,47724,1834,6,4913,0,0,11,3
2021-02-19T23:59:59+01:00,3,5,1649,1472,4253,5694,3540,6431,3479,9115,3932,7514,1619,1887,1926,3836,1839,6180,1049,1056,3126,4264,2631,4947,2610,6901,2986,5726,1253,1448,1412,2855,1169,4284,57700,47709,1829,6,4836,0,0,9,3
2021-02-18T23:59:59+01:00,3,5,1605,1441,4157,5583,3469,6329,3391,8951,3847,7373,1597,1852,1892,3767,1709,5983,1003,1013,2987,4039,2505,4675,2499,6565,2879,5462,1222,1405,1380,2769,1143,4135,57056,45674,1739,6,4150,0,0,9,2
2021-02-17T23:59:59+01:00,3,4,1583,1412,4061,5433,3384,6179,3273,8716,3720,7172,1545,1784,1820,3666,1592,5678,946,963,2834,3817,2388,4363,2372,6154,2750,5150,1173,1345,1334,2662,1096,3973,55847,43312,1728,6,3441,0,0,9,2
2021-02-16T23:59:59+01:00,3,4,1509,1345,3901,5235,3247,5998,3165,8484,3598,7006,1521,1759,1785,3636,1479,5471,860,931,2703,3660,2289,4152,2246,5832,2619,4896,1117,1253,1189,2361,842,3361,55157,40306,1711,3,2271,0,0,7,2
2021-02-15T23:59:59+01:00,3,4,1494,1327,3855,5149,3188,5911,3108,8369,3531,6900,1510,1745,1770,3613,1471,5451,825,909,2622,3531,2213,3972,2162,5554,2531,4683,1074,1189,1103,2187,778,3146,54692,38477,1709,1,1991,0,0,7,1
2021-02-14T23:59:59+01:00,3,4,1428,1299,3770,5072,3145,5802,3052,8215,3487,6791,1490,1714,1718,3486,1416,5204,816,903,2573,3463,2174,3904,2108,5434,2465,4576,1047,1153,1018,2015,707,2911,54449,37265,1098,1,1542,0,0,7,1
2021-02-13T23:59:59+01:00,3,4,1426,1298,3762,5067,3138,5801,3049,8213,3484,6789,1489,1711,1718,3484,1414,5204,816,903,2573,3463,2174,3904,2106,5433,2464,4576,1045,1152,1018,2015,707,2911,54430,37260,1097,0,1520,0,0,7,0
2021-02-12T23:59:59+01:00,3,3,1393,1282,3724,5033,3116,5781,3027,8180,3465,6744,1473,1701,1708,3467,1405,5185,809,895,2540,3410,2140,3859,2076,5379,2446,4545,1044,1151,1017,2015,706,2909,54203,36941,1095,0,1385,0,0,7,0
2021-02-11T23:59:59+01:00,3,3,1346,1239,3611,4861,3025,5609,2929,7869,3365,6532,1413,1641,1641,3289,1321,4859,772,832,2285,2966,1914,3381,1845,4634,2175,4016,961,1082,931,1823,657,2640,53573,32914,129,0,849,0,0,5,0
2021-02-10T23:59:59+01:00,3,3,1325,1217,3552,4751,2959,5505,2887,7719,3311,6401,1396,1624,1614,3250,1308,4822,695,775,1993,2557,1704,2932,1606,4027,1918,3554,851,935,768,1451,529,2150,52926,28445,127,0,590,0,0,4,0
2021-02-09T23:59:59+01:00,3,2,1312,1199,3497,4681,2929,5436,2867,7624,3274,6333,1389,1610,1586,3228,1298,4809,647,697,1732,2201,1510,2543,1421,3527,1746,3190,820,901,745,1379,508,2037,52616,25604,122,0,335,0,0,4,0
2021-02-08T23:59:59+01:00,3,2,1298,1195,3468,4651,2909,5399,2846,7572,3255,6303,1379,1603,1577,3202,1296,4791,634,663,1581,1964,1369,2289,1287,3219,1586,2930,781,880,697,1273,476,1868,52317,23497,96,0,332,0,0,4,0
2021-02-07T23:59:59+01:00,3,2,1166,1151,3361,4596,2855,5357,2819,7533,3230,6266,1369,1587,1569,3180,1291,4759,487,517,1312,1608,1128,1839,1079,2629,1358,2409,675,754,615,1114,431,1652,52022,19607,68,0,0,0,0,4,0
2021-02-06T23:59:59+01:00,3,2,1162,1149,3359,4594,2851,5354,2812,7530,3226,6262,1367,1585,1568,3177,1290,4758,363,368,1112,1356,991,1535,935,2215,1192,1990,586,652,587,1097,428,1649,51977,17056,68,0,0,0,0,4,0
2021-02-05T23:59:59+01:00,3,1,1151,1138,3343,4573,2844,5327,2801,7485,3207,6216,1361,1577,1565,3170,1289,4758,261,206,927,1038,842,1163,759,1762,1014,1581,469,546,560,1077,425,1645,51737,14275,68,0,0,0,0,4,0
2021-02-04T23:59:59+01:00,3,1,1135,1121,3298,4525,2803,5251,2758,7354,3159,6132,1347,1562,1552,3139,1280,4731,133,81,622,664,551,740,517,1150,672,988,288,363,460,931,387,1494,51101,10041,46,0,0,0,0,4,0
2021-02-03T23:59:59+01:00,3,1,1113,1115,3272,4480,2774,5209,2737,7301,3129,6075,1337,1553,1528,3099,1275,4686,115,65,494,513,420,597,415,909,514,744,240,284,360,730,303,1163,50639,7866,44,0,0,0,0,4,0
2021-02-02T23:59:59+01:00,3,1,1092,1102,3233,4449,2744,5156,2711,7226,3095,6011,1314,1525,1494,3042,1249,4596,105,56,411,415,348,519,367,820,461,662,219,261,315,660,279,1044,49996,6942,43,0,0,0,0,4,0
2021-02-01T23:59:59+01:00,3,1,1076,1091,3213,4396,2713,5095,2679,7099,3065,5914,1294,1497,1470,3006,1233,4533,78,41,314,310,256,394,274,611,327,497,181,213,249,523,217,813,49332,5298,43,0,0,0,0,3,0
2021-01-31T23:59:59+01:00,3,1,1071,1081,3198,4367,2689,5051,2664,7043,3051,5870,1283,1480,1450,2942,1210,4455,68,40,288,286,231,347,253,570,297,458,162,195,209,427,176,657,48863,4664,43,0,0,0,0,3,0
2021-01-30T23:59:59+01:00,3,1,1070,1081,3195,4363,2688,5051,2663,7042,3051,5869,1283,1479,1449,2942,1210,4455,68,37,281,272,218,331,248,559,293,452,161,192,208,427,176,657,48852,4580,40,0,0,0,0,3,0
2021-01-29T23:59:59+01:00,3,1,1069,1080,3194,4359,2688,5049,2663,7040,3048,5867,1283,1479,1449,2941,1210,4455,64,33,263,258,195,311,232,542,282,444,155,188,204,421,175,655,48835,4422,40,0,0,0,0,3,0
2021-01-28T23:59:59+01:00,3,1,1049,1061,3127,4254,2634,4938,2605,6884,2981,5736,1269,1457,1435,2875,1188,4335,55,18,166,154,129,187,162,357,207,281,124,145,158,262,102,378,47793,2885,37,0,0,0,0,2,0
2021-01-27T23:59:59+01:00,3,1,1004,1023,3041,4110,2553,4758,2510,6601,2897,5536,1239,1415,1399,2786,1155,4195,26,7,100,71,58,92,83,209,117,147,94,113,114,193,77,270,46197,1771,27,0,0,0,0,2,0
2021-01-26T23:59:59+01:00,2,1,927,994,2925,3975,2474,4573,2428,6421,2826,5381,1213,1365,1308,2632,941,3796,26,7,95,70,57,91,81,209,115,146,92,112,114,193,77,270,44164,1755,16,0,0,0,0,2,0
2021-01-25T23:59:59+01:00,2,1,911,977,2846,3846,2428,4425,2367,6224,2767,5230,1195,1343,1294,2607,931,3763,26,7,94,70,55,91,81,209,115,144,92,112,114,193,77,270,43145,1750,11,0,0,0,0,1,0
2021-01-24T23:59:59+01:00,2,1,901,973,2826,3831,2418,4393,2341,6185,2734,5169,1182,1337,1285,2585,918,3729,26,7,94,70,55,91,81,209,114,144,91,112,114,193,77,270,42801,1748,8,0,0,0,0,1,0
2021-01-23T23:59:59+01:00,2,1,901,973,2826,3830,2418,4393,2340,6184,2733,5169,1180,1336,1285,2585,918,3729,26,7,94,70,55,91,81,209,114,144,91,112,114,193,77,269,42796,1747,7,0,0,0,0,0,0
2021-01-22T23:59:59+01:00,2,1,895,966,2794,3784,2384,4328,2309,6109,2712,5122,1179,1335,1284,2584,917,3726,26,7,94,70,55,91,81,209,114,144,91,112,114,193,77,269,42424,1747,7,0,0,0,0,0,0
2021-01-21T23:59:59+01:00,2,1,880,898,2536,3368,2183,3910,2129,5500,2488,4636,1128,1289,1240,2463,887,3574,22,7,83,64,51,74,68,169,94,133,81,97,97,143,65,208,39105,1456,7,0,0,0,0,0,0
2021-01-20T23:59:59+01:00,2,1,805,836,2224,2962,1976,3443,1897,4891,2232,4159,1016,1149,1082,2117,774,3111,22,7,83,64,51,73,68,169,93,133,81,97,97,143,64,208,34670,1453,7,0,0,0,0,0,0
2021-01-19T23:59:59+01:00,2,1,745,758,1933,2516,1733,2981,1661,4233,1989,3687,943,1054,962,1843,677,2762,11,3,50,45,32,45,35,100,44,77,36,37,47,75,39,133,30474,809,6,0,0,0,0,0,0
2021-01-18T23:59:59+01:00,2,1,675,702,1704,2118,1495,2505,1413,3547,1733,3181,862,969,863,1637,625,2492,5,2,19,11,13,20,17,54,17,33,19,22,25,53,28,75,26521,413,3,0,0,0,0,0,0
2021-01-17T23:59:59+01:00,1,1,495,542,1387,1715,1214,1971,1157,2812,1454,2558,723,817,715,1357,515,2123,0,1,3,2,0,0,0,0,0,0,0,0,0,0,0,0,21555,6,2,0,0,0,0,0,0
2021-01-16T23:59:59+01:00,1,0,372,395,1205,1468,1094,1684,1016,2413,1297,2151,636,719,687,1341,513,2122,0,0,0,0,0,0,0,0,0,0,0,0,0,0,0,0,19113,0,1,0,0,0,0,0,0
2021-01-15T23:59:59+01:00,1,0,266,232,1021,1166,945,1337,847,1964,1117,1750,519,609,649,1308,502,2082,0,0,0,0,0,0,0,0,0,0,0,0,0,0,0,0,16314,0,1,0,0,0,0,0,0
2021-01-14T23:59:59+01:00,0,0,151,102,705,778,652,866,611,1305,752,1131,333,422,540,1126,452,1858,0,0,0,0,0,0,0,0,0,0,0,0,0,0,0,0,11784,0,0,0,0,0,0,0,0
2021-01-13T23:59:59+01:00,0,0,127,81,594,608,528,698,494,1049,594,866,280,348,454,958,394,1590,0,0,0,0,0,0,0,0,0,0,0,0,0,0,0,0,9663,0,0,0,0,0,0,0,0
2021-01-12T23:59:59+01:00,0,0,116,65,511,520,449,596,430,920,523,763,246,299,370,766,328,1242,0,0,0,0,0,0,0,0,0,0,0,0,0,0,0,0,8144,0,0,0,0,0,0,0,0
2021-01-11T23:59:59+01:00,0,0,87,52,417,421,365,485,344,743,416,590,212,248,310,637,269,1045,0,0,0,0,0,0,0,0,0,0,0,0,0,0,0,0,6641,0,0,0,0,0,0,0,0
2021-01-10T23:59:59+01:00,0,0,73,45,352,348,299,404,288,646,346,523,186,220,250,505,212,814,0,0,0,0,0,0,0,0,0,0,0,0,0,0,0,0,5511,0,0,0,0,0,0,0,0
2021-01-09T23:59:59+01:00,0,0,73,43,337,328,275,382,280,630,338,516,185,219,249,503,212,814,0,0,0,0,0,0,0,0,0,0,0,0,0,0,0,0,5384,0,0,0,0,0,0,0,0
2021-01-08T23:59:59+01:00,0,0,69,37,303,296,229,341,253,588,311,477,167,199,224,445,192,716,0,0,0,0,0,0,0,0,0,0,0,0,0,0,0,0,4847,0,0,0,0,0,0,0,0
2021-01-07T23:59:59+01:00,0,0,58,25,213,198,160,242,194,421,240,341,138,160,170,288,121,445,0,0,0,0,0,0,0,0,0,0,0,0,0,0,0,0,3414,0,0,0,0,0,0,0,0
2021-01-06T23:59:59+01:00,0,0,47,16,163,120,113,161,144,294,177,241,108,128,129,222,82,312,0,0,0,0,0,0,0,0,0,0,0,0,0,0,0,0,2457,0,0,0,0,0,0,0,0
2021-01-05T23:59:59+01:00,0,0,29,8,97,72,58,94,86,212,116,149,98,118,120,204,81,291,0,0,0,0,0,0,0,0,0,0,0,0,0,0,0,0,1833,0,0,0,0,0,0,0,0
2021-01-04T23:59:59+01:00,0,0,27,8,97,71,55,92,86,212,116,147,98,117,120,204,81,291,0,0,0,0,0,0,0,0,0,0,0,0,0,0,0,0,1822,0,0,0,0,0,0,0,0
2021-01-03T23:59:59+01:00,0,0,27,8,97,71,55,92,86,212,115,147,97,117,120,204,81,291,0,0,0,0,0,0,0,0,0,0,0,0,0,0,0,0,1820,0,0,0,0,0,0,0,0
2021-01-02T23:59:59+01:00,0,0,27,8,97,71,55,92,86,212,114,147,97,117,120,204,81,290,0,0,0,0,0,0,0,0,0,0,0,0,0,0,0,0,1818,0,0,0,0,0,0,0,0
2021-01-01T23:59:59+01:00,0,0,27,8,97,71,55,92,86,212,113,146,97,117,120,204,81,290,0,0,0,0,0,0,0,0,0,0,0,0,0,0,0,0,1816,0,0,0,0,0,0,0,0
2020-12-31T23:59:59+01:00,0,0,27,8,97,71,55,92,86,212,112,146,97,117,120,204,81,290,0,0,0,0,0,0,0,0,0,0,0,0,0,0,0,0,1815,0,0,0,0,0,0,0,0
2020-12-30T23:59:59+01:00,0,0,27,8,97,71,54,92,86,212,112,146,97,117,120,204,80,290,0,0,0,0,0,0,0,0,0,0,0,0,0,0,0,0,1813,0,0,0,0,0,0,0,0
2020-12-29T23:59:59+01:00,0,0,15,2,65,53,32,61,50,138,64,89,47,51,67,119,51,195,0,0,0,0,0,0,0,0,0,0,0,0,0,0,0,0,1099,0,0,0,0,0,0,0,0
2020-12-28T23:59:59+01:00,0,0,5,2,36,26,19,30,21,67,25,41,20,22,26,47,28,74,0,0,0,0,0,0,0,0,0,0,0,0,0,0,0,0,489,0,0,0,0,0,0,0,0
2020-12-27T23:59:59+01:00,0,0,0,0,7,5,7,2,1,5,0,2,0,1,2,2,4,6,0,0,0,0,0,0,0,0,0,0,0,0,0,0,0,0,44,0,0,0,0,0,0,0,0
