Datum,<24_1_m,<24_1_w,25-34_1_m,25-34_1_w,35-44_1_m,35-44_1_w,45-54_1_m,45-54_1_w,55-64_1_m,55-64_1_w,65-74_1_m,65-74_1_w,75-84_1_m,75-84_1_w,>84_1_m,>84_1_w,<24_2_m,<24_2_w,25-34_2_m,25-34_2_w,35-44_2_m,35-44_2_w,45-54_2_m,45-54_2_w,55-64_2_m,55-64_2_w,65-74_2_m,65-74_2_w,75-84_2_m,75-84_2_w,>84_2_m,>84_2_w,bp_1,bp_2,mo_1,mo_2,az_1,az_2,ja
2021-05-01T23:59:59+02:00,9219,10988,22100,27323,22530,29049,26813,38465,35504,43775,39301,49069,34679,47753,7610,15644,3039,3051,6333,8054,5815,9541,6445,12803,7862,11700,8385,10726,21010,28294,6332,13115,295565,137306,42981,24124,121273,1072,3
2021-04-30T23:59:59+02:00,9036,10775,21711,26894,22086,28508,26037,37688,34579,42868,39088,48769,34597,47626,7598,15624,3021,3036,6311,8040,5796,9527,6421,12786,7832,11670,8350,10657,20969,28230,6330,13111,289407,137045,42975,24056,121099,983,3
2021-04-29T23:59:59+02:00,8725,10506,21127,26318,21410,27816,25076,36721,33334,41519,38120,47482,34340,47223,7566,15532,2985,2998,6219,7938,5721,9425,6321,12642,7600,11356,7729,9957,20620,27776,6312,13051,280836,135021,42218,22881,119759,746,2
2021-04-28T23:59:59+02:00,8420,10273,20617,25839,20765,27231,24170,35831,31972,40030,37049,46024,34051,46799,7523,15437,2927,2948,6114,7824,5626,9310,6229,12483,7336,11042,7052,9113,20263,27262,6275,12987,272378,132635,41458,21600,118193,554,2
2021-04-27T23:59:59+02:00,8212,10073,20189,25422,20157,26701,23334,35059,30814,38673,36057,44718,33737,46319,7482,15357,2901,2920,6014,7723,5575,9222,6158,12357,7090,10796,6454,8387,19911,26830,6261,12971,264968,130588,40601,20668,116733,312,2
2021-04-26T23:59:59+02:00,8000,9883,19775,25010,19610,26176,22511,34294,29625,37415,35076,43417,33479,45891,7448,15272,2886,2908,5979,7684,5536,9185,6119,12317,6859,10565,5863,7675,19584,26451,6244,12949,257543,128693,39791,19830,115547,280,1
2021-04-25T23:59:59+02:00,7872,9730,19437,24746,19232,25841,21868,33661,28610,36389,34034,42105,33196,45521,7421,15216,2874,2897,5964,7663,5516,9167,6100,12292,6824,10529,5704,7456,19295,26045,6232,12916,250505,128114,39093,19089,115280,270,1
2021-04-24T23:59:59+02:00,7674,9517,18993,24319,18680,25309,21038,32814,27628,35410,33803,41809,33116,45385,7411,15205,2871,2892,5951,7656,5510,9160,6094,12288,6811,10510,5625,7338,19215,25931,6229,12908,244637,127679,39092,19059,114381,250,1
2021-04-23T23:59:59+02:00,7422,9293,18530,23845,18123,24693,20174,31960,26510,34202,33098,40732,32990,45184,7398,15184,2863,2876,5921,7634,5477,9118,6053,12251,6766,10456,5427,7033,18693,25314,6155,12780,237157,125841,38770,18746,113410,229,1
2021-04-22T23:59:59+02:00,7167,9053,17900,23239,17342,23928,19111,30938,25217,32752,32155,39497,32783,44886,7374,15138,2848,2856,5879,7580,5429,9037,5985,12173,6683,10380,5084,6566,18030,24485,6068,12635,228281,123726,37962,17796,112236,195,1
2021-04-21T23:59:59+02:00,6928,8855,17359,22732,16671,23338,18094,29998,23691,31174,31214,38334,32538,44525,7335,15080,2828,2836,5839,7528,5379,8969,5925,12075,6586,10301,4877,6226,17381,23684,5983,12490,219586,121695,37190,17044,111089,167,1
2021-04-20T23:59:59+02:00,6714,8631,16783,22250,15924,22651,17050,28969,22226,29677,30161,36947,32263,44185,7296,15015,2811,2820,5797,7493,5338,8924,5877,12008,6512,10238,4734,6016,16802,22960,5898,12356,210780,120082,36320,16341,109641,160,1
2021-04-19T23:59:59+02:00,6511,8447,16229,21820,15246,22082,16031,28040,20798,28262,28923,35409,31990,43782,7262,14937,2798,2807,5777,7463,5307,8895,5836,11960,6434,10159,4574,5808,16181,22275,5820,12240,202262,118487,35551,15690,107955,156,1
2021-04-18T23:59:59+02:00,6300,8284,15774,21481,14607,21522,14976,27208,19443,27053,27683,33891,31717,43430,7235,14883,2738,2751,5646,7335,5200,8785,5733,11813,6335,10047,4420,5588,15614,21634,5737,12109,193872,116914,34730,14417,106884,153,1
2021-04-17T23:59:59+02:00,6257,8247,15616,21403,14435,21437,14713,27016,19168,26780,27212,33388,31607,43304,7229,14872,2704,2696,5544,7183,5088,8627,5632,11618,6245,9935,4357,5500,15393,21364,5730,12100,192657,115164,34726,14414,105300,137,1
2021-04-16T23:59:59+02:00,6183,8187,15436,21239,14222,21286,14410,26740,18652,26241,26286,32282,31486,43108,7208,14855,2647,2631,5422,6998,4966,8447,5466,11376,6061,9725,4116,5230,14791,20597,5655,11994,189307,111980,34437,14015,104076,126,1
2021-04-15T23:59:59+02:00,6102,8091,15216,21022,13950,21000,13954,26359,17881,25468,25087,30852,31268,42830,7193,14823,2566,2531,5221,6743,4764,8143,5263,11060,5848,9458,3903,4946,13986,19541,5572,11875,184879,108241,33626,13067,102590,111,1
2021-04-14T23:59:59+02:00,6006,8014,15007,20817,13696,20771,13543,26016,17060,24692,23681,29241,31004,42489,7167,14774,2350,2389,5012,6488,4583,7896,5045,10818,5634,9197,3759,4702,13259,18665,5484,11716,180422,105264,32736,11629,100819,103,1
2021-04-13T23:59:59+02:00,5939,7952,14811,20675,13472,20588,13170,25702,16330,24004,22172,27586,30748,42117,7148,14711,2253,2321,4846,6294,4408,7694,4847,10570,5463,8989,3623,4522,12728,18063,5396,11588,176330,102997,31859,10513,98935,94,1
2021-04-12T23:59:59+02:00,5859,7863,14583,20476,13172,20336,12767,25273,15618,23283,20737,25818,30496,41818,7121,14660,2106,2207,4671,6135,4257,7509,4687,10388,5325,8835,3494,4359,12297,17548,5311,11467,172064,101333,30804,9170,97011,92,1
2021-04-11T23:59:59+02:00,5771,7778,14362,20283,12885,20126,12336,24914,14947,22630,19385,24230,30286,41540,7096,14617,2061,2166,4556,6021,4146,7388,4569,10268,5203,8721,3369,4219,11813,16953,5212,11314,167994,99676,29846,8212,95345,90,1
2021-04-10T23:59:59+02:00,5766,7772,14348,20273,12877,20117,12319,24902,14864,22535,18715,23315,30041,41181,7079,14593,2054,2154,4546,6012,4134,7377,4556,10252,5141,8643,3263,4104,11253,16115,5098,11134,166931,97537,29817,8212,93948,86,1
2021-04-09T23:59:59+02:00,5754,7756,14319,20226,12840,20071,12274,24854,14486,22095,17270,21519,29690,40637,7051,14555,2031,2145,4526,5994,4107,7353,4516,10219,5104,8593,3148,3967,10382,15118,4990,10975,164363,95116,29476,7967,91557,84,1
2021-04-08T23:59:59+02:00,5706,7729,14229,20150,12768,19993,12167,24743,14027,21529,15540,19403,29145,39743,6999,14448,2008,2131,4500,5939,4053,7272,4457,10144,5035,8520,3037,3849,9879,14506,4822,10767,160540,93294,28451,7543,89328,82,0
2021-04-07T23:59:59+02:00,5669,7694,14122,20074,12680,19916,12079,24633,13554,21057,14086,17596,28578,38906,6951,14356,1985,2118,4450,5866,3971,7196,4366,10055,4953,8430,2937,3745,9108,13360,4629,10442,156217,90778,27572,6763,88162,70,0
2021-04-06T23:59:59+02:00,5633,7662,14028,20002,12599,19856,11997,24569,13064,20563,12485,15583,27995,38082,6934,14290,1914,2054,4322,5747,3871,7070,4245,9913,4851,8308,2821,3619,8362,12381,4414,10149,152219,88416,26686,5556,86437,69,0
2021-04-05T23:59:59+02:00,5598,7627,13957,19940,12527,19788,11940,24486,12663,20182,10882,13618,27384,37158,6898,14230,1837,1976,4158,5594,3708,6913,4091,9773,4713,8185,2677,3485,7521,11371,4219,9854,149048,86069,25622,3939,84208,67,0
2021-04-04T23:59:59+02:00,5584,7607,13945,19919,12522,19773,11932,24472,12525,20063,9845,12313,26990,36597,6877,14185,1835,1972,4152,5591,3706,6909,4087,9767,4712,8181,2671,3471,7266,10875,4154,9763,147321,85113,25620,3939,82208,60,0
2021-04-03T23:59:59+02:00,5579,7598,13930,19904,12513,19767,11923,24462,12506,20013,8819,11100,26233,35523,6835,14090,1832,1969,4150,5587,3704,6905,4079,9755,4697,8171,2666,3459,7113,10596,4136,9704,144867,84524,25615,3939,80313,60,0
2021-04-02T23:59:59+02:00,5573,7577,13892,19877,12479,19724,11880,24416,12414,19931,8136,10117,24798,33607,6723,13881,1821,1955,4125,5564,3683,6863,4041,9676,4567,7893,2530,3319,6725,10172,4017,9544,140408,82719,25278,3716,79339,60,0
2021-04-01T23:59:59+02:00,5507,7494,13796,19746,12368,19580,11732,24254,11787,19452,7402,9202,23467,31845,6627,13692,1751,1886,4018,5464,3621,6799,3971,9607,4495,7790,2426,3171,6193,9438,3886,9337,136195,80490,24149,3310,77607,53,0
2021-03-31T23:59:59+02:00,5454,7432,13667,19595,12242,19435,11551,24049,11508,19198,6889,8562,22175,30114,6504,13504,1737,1874,3997,5441,3587,6771,3935,9557,4460,7741,2354,3084,5681,8750,3756,9171,132268,78748,23054,3095,76557,53,0
2021-03-30T23:59:59+02:00,5387,7357,13541,19438,12132,19269,11421,23884,11344,19061,6493,8134,20957,28554,6395,13334,1718,1838,3957,5408,3519,6703,3848,9440,4331,7571,2212,2867,5234,8182,3648,8962,128906,76548,22122,2851,75673,39,0
2021-03-29T23:59:59+02:00,5334,7307,13430,19350,12071,19186,11325,23779,11203,18914,6151,7688,19697,27085,6301,13182,1657,1795,3910,5369,3437,6630,3738,9288,4177,7379,2105,2735,4635,7460,3536,8744,125326,73918,21253,2641,75424,36,0
2021-03-28T23:59:59+02:00,5266,7226,13317,19203,11990,19104,11235,23674,11103,18812,5814,7305,18689,25750,6206,13023,1620,1741,3799,5264,3238,6389,3673,9198,4125,7329,2039,2669,3832,6368,3416,8566,122363,70893,20467,2348,74887,25,0
2021-03-27T23:59:59+01:00,5227,7162,13208,19039,11870,18938,11122,23463,10996,18681,5741,7201,18428,25430,6198,13013,1615,1738,3795,5259,3236,6383,3352,8797,3964,7086,2034,2665,3813,6331,3386,8508,120516,69602,20437,2348,74764,12,0
2021-03-26T23:59:59+01:00,5178,7099,13094,18852,11752,18748,10958,23232,10844,18486,5547,6939,17848,24662,6122,12901,1614,1736,3790,5253,3215,6366,3329,8775,3729,6593,1884,2325,3516,6006,3269,8319,117440,67366,20104,2342,74718,11,0
2021-03-25T23:59:59+01:00,5097,7000,12886,18597,11551,18423,10738,22901,10603,18171,5292,6611,16851,23378,6023,12756,1604,1726,3767,5225,3185,6341,3282,8739,3678,6554,1804,2185,3055,5307,3152,8076,113466,65429,19036,2242,74376,9,0
2021-03-24T23:59:59+01:00,5000,6861,12678,18159,11352,18033,10523,22515,10394,17843,4977,6198,15843,22219,5917,12571,1578,1715,3741,5176,3149,6276,3226,8671,3630,6485,1747,2129,2726,4930,3030,7848,110389,64048,17952,2000,72742,9,0
2021-03-23T23:59:59+01:00,4931,6759,12510,17826,11166,17689,10336,22157,10197,17582,4839,5962,15176,21436,5813,12428,1563,1709,3728,5159,3130,6258,3206,8622,3595,6441,1710,2074,2478,4632,2846,7558,108099,62742,17231,1958,71477,9,0
2021-03-22T23:59:59+01:00,4869,6654,12307,17486,10991,17372,10134,21824,9990,17311,4678,5731,14550,20721,5712,12277,1547,1700,3702,5121,3101,6222,3173,8573,3563,6395,1668,2019,2267,4354,2672,7257,106294,61510,16519,1817,69794,7,0
2021-03-21T23:59:59+01:00,4778,6498,12016,17061,10720,16975,9886,21380,9749,16987,4543,5542,13861,19931,5589,12099,1538,1699,3685,5104,3081,6189,3151,8542,3546,6371,1649,1998,2095,4168,2520,7025,104438,60539,15211,1815,67966,7,0
2021-03-20T23:59:59+01:00,4739,6408,11871,16706,10592,16680,9744,21061,9572,16719,4417,5383,13228,18977,5471,11904,1537,1698,3685,5103,3078,6188,3148,8537,3541,6367,1643,1993,2061,4105,2502,6987,102245,60351,15208,1815,66019,7,0
2021-03-19T23:59:59+01:00,4681,6297,11692,16342,10416,16317,9563,20670,9365,16392,4227,5160,12208,17765,5349,11735,1530,1692,3669,5071,3047,6113,3109,8443,3438,6194,1529,1901,1986,4046,2392,6783,99543,59127,14793,1811,63843,5,0
2021-03-18T23:59:59+01:00,4584,6162,11415,15902,10152,15889,9299,20202,9152,16073,4081,4995,11557,16883,5161,11499,1523,1676,3654,5039,3025,6069,3090,8385,3413,6154,1510,1866,1947,3972,2265,6578,97749,58440,13784,1721,61473,5,0
2021-03-17T23:59:59+01:00,4384,6023,11113,15465,9896,15540,9056,19822,8913,15749,3953,4812,10712,15582,4944,11161,1522,1673,3642,5018,3020,6050,3079,8348,3397,6132,1508,1846,1922,3942,2151,6395,95087,57930,12256,1710,59782,5,0
2021-03-16T23:59:59+01:00,4220,5868,10760,14993,9646,15172,8761,19378,8632,15404,3809,4654,9869,14412,4714,10866,1507,1671,3638,5013,3011,6043,3073,8340,3386,6118,1487,1823,1885,3892,2034,6217,92764,57502,11058,1631,57336,5,0
2021-03-15T23:59:59+01:00,4053,5715,10445,14520,9356,14701,8460,18903,8365,15013,3656,4473,9130,13311,4542,10606,1496,1663,3621,5000,3000,6022,3053,8302,3368,6076,1472,1811,1870,3861,1920,6030,90801,56930,9688,1631,54760,4,0
2021-03-14T23:59:59+01:00,3972,5596,10158,14063,9095,14306,8143,18412,8103,14643,3475,4262,8279,12022,4294,10231,1483,1656,3597,4982,2978,5973,3033,8224,3343,6009,1438,1761,1810,3726,1756,5648,88469,56412,8657,1001,51928,4,0
2021-03-13T23:59:59+01:00,3895,5378,9911,13536,8924,13891,7968,18003,7965,14353,3399,4190,8085,11717,4261,10164,1483,1656,3597,4982,2977,5973,3033,8224,3342,6007,1434,1760,1807,3722,1755,5647,87816,56394,8657,1001,49167,4,0
2021-03-12T23:59:59+01:00,3810,5195,9657,12996,8696,13343,7722,17329,7609,13657,3239,4037,7693,11293,4153,10016,1482,1652,3594,4969,2972,5968,3026,8218,3338,6001,1408,1728,1786,3703,1657,5471,86045,55968,8407,1001,45993,4,0
2021-03-11T23:59:59+01:00,3633,4832,9285,12267,8386,12671,7368,16538,7294,13073,3080,3837,7101,10518,4009,9781,1459,1635,3566,4926,2926,5878,2989,8099,3286,5912,1366,1671,1703,3488,1457,4953,83601,55210,7959,101,42113,3,0
2021-03-10T23:59:59+01:00,3552,4681,8719,11750,7760,12192,7054,15987,7005,12544,2925,3693,6510,9770,3882,9577,1444,1619,3537,4866,2894,5796,2951,7950,3231,5810,1328,1627,1645,3385,1338,4673,81794,54013,7401,78,38406,3,0
2021-03-09T23:59:59+01:00,3417,4468,7958,11299,6913,11694,6654,15366,6652,11976,2700,3401,5977,9113,3758,9350,1438,1614,3511,4816,2868,5730,2935,7900,3214,5766,1311,1603,1613,3343,1227,4469,79501,53315,6042,42,35153,1,0
2021-03-08T23:59:59+01:00,3218,4186,7228,10764,6169,11214,6260,14812,6274,11454,2510,3209,5351,8338,3657,9150,1430,1603,3489,4749,2841,5661,2898,7808,3186,5698,1308,1594,1608,3336,1223,4467,76689,52856,4945,42,32160,1,0
2021-03-07T23:59:59+01:00,3085,4014,6877,10255,5746,10658,5977,14371,6050,11102,2420,3131,4520,7191,3512,8953,1426,1600,3485,4744,2836,5649,2894,7789,3176,5687,1304,1576,1585,3296,1207,4427,73440,52641,4110,40,30312,0,0
2021-03-06T23:59:59+01:00,3036,3826,6683,9810,5550,10226,5464,13449,5726,10473,2408,3115,4515,7180,3509,8952,1425,1598,3482,4741,2834,5648,2893,7788,3175,5684,1303,1573,1585,3294,1206,4427,72225,52616,4110,40,27587,0,0
2021-03-05T23:59:59+01:00,2930,3512,6454,9263,5351,9819,5287,12869,5321,9481,2207,2720,4118,6762,3401,8777,1412,1593,3464,4727,2829,5635,2885,7770,3165,5666,1290,1570,1585,3290,1201,4423,69888,52465,3877,40,24507,0,0
2021-03-04T23:59:59+01:00,2837,3257,6233,8841,5199,9473,5107,12437,5145,9145,2094,2520,3544,5911,3277,8507,1400,1571,3424,4633,2797,5571,2855,7669,3137,5605,1277,1562,1576,3278,1195,4412,67839,51922,3432,40,22256,0,0
2021-03-03T23:59:59+01:00,2775,3179,6054,8430,5022,9094,4899,11980,4966,8725,2011,2416,3124,5431,3147,8259,1378,1560,3388,4581,2761,5507,2814,7565,3095,5541,1264,1540,1557,3247,1189,4395,66412,51342,3193,40,19907,0,0
2021-03-02T23:59:59+01:00,2712,3070,5887,8090,4860,8822,4739,11575,4829,8430,1930,2328,2813,5054,2955,7969,1371,1549,3369,4564,2746,5479,2801,7518,3087,5512,1260,1532,1538,3228,1187,4391,65070,51092,2935,40,18058,0,0
2021-03-01T23:59:59+01:00,2677,3023,5778,7866,4772,8696,4655,11414,4734,8266,1881,2249,2506,4713,2789,7684,1362,1547,3355,4545,2736,5447,2782,7468,3076,5494,1254,1528,1531,3220,1184,4387,63828,50876,2715,40,17160,0,0
2021-02-28T23:59:59+01:00,2609,2961,5595,7612,4604,8473,4523,11234,4637,8148,1829,2190,2212,4396,2609,7413,1350,1540,3344,4535,2728,5440,2776,7451,3069,5484,1250,1526,1525,3203,1183,4356,62748,50720,2415,40,15882,0,0
2021-02-27T23:59:59+01:00,2489,2574,5433,7218,4498,8155,4436,10854,4549,7890,1781,2121,2171,4337,2582,7342,1346,1537,3343,4534,2724,5437,2771,7448,3065,5482,1249,1525,1524,3203,1183,4356,62328,50688,2415,39,13687,0,0
2021-02-26T23:59:59+01:00,2426,2467,5296,6991,4353,7910,4290,10603,4361,7637,1672,2042,2112,4300,2477,7165,1327,1524,3325,4499,2714,5398,2759,7401,3041,5434,1241,1516,1520,3196,1182,4354,61121,50393,2408,38,12573,0,0
2021-02-25T23:59:59+01:00,2302,2329,4935,6573,3945,7442,4018,10101,4148,7293,1627,2001,2090,4255,2370,6990,1308,1504,3293,4456,2677,5340,2724,7289,3003,5352,1231,1500,1505,3155,1169,4300,60705,49772,2303,34,9411,0,0
2021-02-24T23:59:59+01:00,2267,2257,4814,6347,3851,7220,3893,9869,4035,7150,1607,1976,2060,4212,2254,6793,1293,1495,3263,4390,2644,5272,2699,7210,2972,5286,1215,1482,1481,3106,1158,4234,60156,49177,2060,23,8389,0,0
2021-02-23T23:59:59+01:00,2012,2057,4447,5875,3582,6817,3673,9489,3887,6899,1591,1946,2015,4166,2142,6610,1272,1483,3222,4355,2619,5212,2675,7137,2932,5237,1198,1462,1456,3070,1147,4185,59706,48652,2014,10,5488,0,0
2021-02-22T23:59:59+01:00,2002,2033,4391,5815,3545,6753,3608,9393,3832,6811,1560,1923,1992,4115,2025,6416,1269,1465,3200,4313,2599,5172,2647,7075,2902,5192,1190,1451,1444,3059,1141,4176,59173,48292,1871,3,5170,0,0
2021-02-21T23:59:59+01:00,1992,2026,4357,5781,3500,6719,3571,9332,3797,6770,1550,1917,1986,4105,1907,6252,1261,1449,3178,4276,2571,5123,2632,7006,2872,5110,1178,1436,1418,2997,1118,4103,58826,47725,1866,3,4870,0,0
2021-02-20T23:59:59+01:00,1991,2024,4352,5779,3497,6719,3571,9331,3796,6769,1545,1916,1983,4101,1906,6252,1261,1449,3177,4274,2571,5123,2631,7004,2872,5110,1178,1435,1417,2997,1118,4103,58811,47717,1866,3,4855,0,0
2021-02-19T23:59:59+01:00,1971,2015,4343,5762,3489,6703,3559,9320,3785,6755,1520,1885,1961,4080,1807,6072,1259,1449,3176,4273,2570,5122,2631,7002,2870,5108,1178,1435,1417,2996,1118,4103,58390,47704,1860,3,4777,0,0
2021-02-18T23:59:59+01:00,1925,1974,4240,5652,3426,6598,3460,9145,3708,6633,1504,1850,1926,4005,1674,5872,1208,1386,3027,4042,2452,4836,2520,6670,2769,4893,1149,1387,1383,2911,1091,3957,57728,45678,1770,3,4094,0,0
2021-02-17T23:59:59+01:00,1900,1932,4138,5498,3343,6446,3341,8890,3588,6468,1448,1777,1856,3900,1557,5564,1142,1309,2873,3822,2340,4517,2389,6229,2651,4638,1097,1321,1330,2798,1053,3797,56458,43303,1761,3,3427,0,0
2021-02-16T23:59:59+01:00,1799,1840,3980,5303,3211,6257,3226,8673,3472,6308,1426,1753,1827,3863,1439,5355,1046,1269,2741,3656,2242,4300,2251,5914,2531,4408,1050,1218,1167,2480,806,3193,55713,40271,1746,1,2273,0,0
2021-02-15T23:59:59+01:00,1783,1815,3930,5215,3154,6169,3163,8559,3415,6212,1416,1740,1813,3841,1431,5331,1008,1231,2658,3523,2168,4121,2166,5633,2445,4215,1006,1151,1082,2287,741,2994,55248,38428,1745,1,1994,0,0
2021-02-14T23:59:59+01:00,1704,1781,3849,5136,3113,6054,3105,8398,3371,6116,1396,1707,1756,3701,1375,5088,996,1220,2612,3456,2126,4053,2107,5506,2386,4118,971,1113,1003,2104,674,2763,54996,37207,1114,1,1540,0,0
2021-02-13T23:59:59+01:00,1701,1779,3841,5133,3107,6052,3102,8397,3368,6114,1395,1705,1756,3699,1373,5088,996,1220,2612,3456,2126,4053,2106,5506,2385,4118,971,1113,1003,2104,674,2763,54978,37206,1114,0,1518,0,0
2021-02-12T23:59:59+01:00,1665,1755,3801,5103,3086,6033,3078,8360,3350,6076,1379,1696,1747,3682,1366,5067,987,1209,2579,3404,2093,4003,2078,5457,2368,4088,970,1113,1002,2104,673,2761,54754,36889,1113,0,1377,0,0
2021-02-11T23:59:59+01:00,1612,1693,3691,4935,2986,5852,2978,8052,3257,5888,1326,1636,1681,3494,1280,4745,938,1109,2300,2960,1884,3487,1836,4718,2117,3612,892,1041,907,1895,624,2495,54146,32815,124,0,836,0,0
2021-02-10T23:59:59+01:00,1592,1666,3629,4814,2920,5752,2932,7890,3211,5776,1312,1620,1656,3452,1265,4709,848,1024,2012,2537,1667,3029,1591,4092,1867,3201,793,886,741,1517,494,2017,53491,28316,121,0,584,0,0
2021-02-09T23:59:59+01:00,1574,1639,3577,4748,2891,5680,2908,7790,3174,5712,1310,1609,1626,3430,1257,4695,785,918,1740,2180,1474,2626,1422,3592,1704,2884,764,854,717,1437,474,1913,53172,25484,118,0,330,0,0
2021-02-08T23:59:59+01:00,1554,1636,3552,4718,2871,5640,2884,7739,3160,5686,1299,1601,1616,3403,1255,4681,765,870,1588,1937,1325,2373,1289,3276,1547,2653,734,831,668,1321,445,1753,52875,23375,92,0,328,0,0
2021-02-07T23:59:59+01:00,1404,1587,3462,4660,2818,5599,2857,7697,3136,5652,1292,1585,1606,3381,1250,4650,592,680,1324,1590,1095,1906,1076,2672,1324,2197,630,711,592,1153,403,1541,52571,19486,65,0,0,0,0
2021-02-06T23:59:59+01:00,1400,1583,3461,4658,2812,5596,2852,7692,3132,5649,1290,1582,1604,3379,1250,4650,440,484,1133,1364,964,1570,922,2247,1160,1809,552,627,573,1138,400,1538,52525,16921,65,0,0,0,0
2021-02-05T23:59:59+01:00,1389,1572,3446,4637,2803,5569,2841,7650,3110,5604,1285,1575,1601,3372,1249,4650,319,278,947,1055,812,1193,758,1790,972,1419,451,536,550,1123,398,1532,52288,14133,65,0,0,0,0
2021-02-04T23:59:59+01:00,1368,1550,3397,4585,2764,5488,2801,7521,3064,5528,1273,1562,1588,3337,1241,4627,166,119,639,684,523,752,515,1150,636,888,288,366,448,975,362,1382,51652,9893,42,0,0,0,0
2021-02-03T23:59:59+01:00,1345,1540,3354,4531,2732,5435,2778,7454,3029,5467,1260,1538,1550,3268,1224,4517,145,98,505,530,398,608,425,906,489,681,240,293,356,788,292,1126,50980,7880,42,0,0,0,0
2021-02-02T23:59:59+01:00,1323,1527,3310,4492,2700,5373,2751,7375,2992,5405,1238,1508,1513,3206,1197,4422,131,81,420,432,333,528,384,823,432,614,223,271,312,718,270,1009,50290,6981,42,0,0,0,0
2021-02-01T23:59:59+01:00,1306,1510,3285,4438,2670,5299,2718,7242,2960,5319,1222,1485,1486,3168,1183,4362,102,55,316,324,243,397,287,613,309,461,183,223,244,573,208,780,49611,5318,42,0,0,0,0
2021-01-31T23:59:59+01:00,1299,1496,3269,4407,2647,5257,2704,7187,2946,5280,1211,1468,1460,3101,1161,4285,91,52,286,298,222,350,262,568,280,428,162,200,200,465,171,632,49136,4667,42,0,0,0,0
2021-01-30T23:59:59+01:00,1299,1496,3267,4403,2646,5257,2703,7185,2946,5280,1211,1467,1459,3101,1161,4285,91,49,276,285,212,334,257,559,276,420,161,199,199,465,171,632,49125,4586,41,0,0,0,0
2021-01-29T23:59:59+01:00,1297,1496,3266,4399,2646,5256,2701,7183,2944,5278,1210,1467,1459,3099,1161,4285,86,45,255,271,190,311,245,546,264,412,158,197,195,459,170,630,49107,4434,40,0,0,0,0
2021-01-28T23:59:59+01:00,1274,1465,3191,4287,2594,5135,2639,7026,2887,5166,1196,1441,1443,3033,1139,4167,74,24,158,163,129,190,168,363,195,255,127,147,149,288,99,369,48047,2898,36,0,0,0,0
2021-01-27T23:59:59+01:00,1221,1406,3101,4147,2517,4948,2545,6733,2807,4992,1161,1394,1405,2937,1111,4031,37,9,93,78,62,91,81,208,112,139,98,116,109,215,75,262,46430,1785,26,0,0,0,0
2021-01-26T23:59:59+01:00,1136,1372,2978,3994,2446,4768,2461,6542,2732,4862,1141,1337,1305,2782,895,3629,36,9,90,77,61,90,79,208,110,138,96,115,109,215,75,262,44365,1770,15,0,0,0,0
2021-01-25T23:59:59+01:00,1117,1339,2897,3862,2402,4616,2395,6346,2671,4730,1129,1318,1290,2748,884,3602,35,9,89,77,59,90,79,208,110,138,96,115,109,215,75,262,43339,1766,7,0,0,0,0
2021-01-24T23:59:59+01:00,1105,1334,2880,3845,2391,4586,2365,6295,2640,4683,1120,1310,1278,2725,873,3567,35,9,89,77,59,90,79,208,110,138,96,115,109,215,75,262,42992,1766,5,0,0,0,0
2021-01-23T23:59:59+01:00,1105,1334,2880,3845,2391,4586,2365,6295,2639,4683,1120,1310,1278,2725,873,3567,35,9,89,77,59,90,79,208,110,138,96,115,109,215,75,262,42991,1766,5,0,0,0,0
2021-01-22T23:59:59+01:00,1097,1325,2845,3798,2359,4515,2334,6226,2619,4640,1119,1309,1277,2724,872,3564,35,9,89,77,59,90,79,208,110,138,96,115,109,215,75,262,42618,1766,5,0,0,0,0
2021-01-21T23:59:59+01:00,1066,1221,2574,3386,2169,4073,2147,5616,2409,4193,1072,1267,1228,2590,844,3415,30,8,79,69,55,73,66,172,90,126,88,98,90,157,64,202,39265,1467,5,0,0,0,0
2021-01-20T23:59:59+01:00,974,1132,2264,2956,1955,3595,1909,4989,2160,3762,969,1117,1063,2236,731,2959,30,8,79,69,55,72,66,172,90,126,88,98,90,157,64,202,34766,1466,5,0,0,0,0
2021-01-19T23:59:59+01:00,894,1012,1969,2519,1706,3105,1680,4326,1932,3352,901,1014,932,1953,637,2623,14,4,52,48,33,40,33,100,41,76,38,35,47,85,38,131,30551,815,4,0,0,0,0
2021-01-18T23:59:59+01:00,811,923,1720,2105,1465,2616,1415,3625,1698,2892,820,931,829,1719,592,2367,8,2,18,12,14,19,18,53,16,34,22,23,24,55,29,77,26525,424,3,0,0,0,0
2021-01-17T23:59:59+01:00,605,713,1406,1710,1191,2054,1159,2870,1424,2331,677,784,694,1429,486,2002,2,0,2,2,0,0,0,0,0,0,0,0,0,0,0,0,21532,6,3,0,0,0,0
2021-01-16T23:59:59+01:00,456,516,1230,1490,1076,1736,1008,2457,1270,1954,600,703,674,1415,484,2001,0,0,0,0,0,0,0,0,0,0,0,0,0,0,0,0,19068,0,2,0,0,0,0
2021-01-15T23:59:59+01:00,328,310,1048,1193,925,1387,846,1996,1081,1572,498,608,639,1383,474,1960,0,0,0,0,0,0,0,0,0,0,0,0,0,0,0,0,16246,0,2,0,0,0,0
2021-01-14T23:59:59+01:00,186,141,730,809,633,889,609,1312,720,1012,327,430,527,1193,426,1740,0,0,0,0,0,0,0,0,0,0,0,0,0,0,0,0,11684,0,0,0,0,0,0
2021-01-13T23:59:59+01:00,159,114,608,635,503,703,497,1037,566,786,274,351,440,1014,371,1479,0,0,0,0,0,0,0,0,0,0,0,0,0,0,0,0,9537,0,0,0,0,0,0
2021-01-12T23:59:59+01:00,145,94,531,542,432,609,443,922,496,699,248,313,368,840,315,1202,0,0,0,0,0,0,0,0,0,0,0,0,0,0,0,0,8199,0,0,0,0,0,0
2021-01-11T23:59:59+01:00,116,72,427,440,351,492,354,732,391,540,215,261,304,704,256,1005,0,0,0,0,0,0,0,0,0,0,0,0,0,0,0,0,6660,0,0,0,0,0,0
2021-01-10T23:59:59+01:00,100,57,353,363,286,407,298,637,326,478,186,227,240,559,204,779,0,0,0,0,0,0,0,0,0,0,0,0,0,0,0,0,5500,0,0,0,0,0,0
2021-01-09T23:59:59+01:00,100,55,335,344,263,383,291,623,318,472,185,226,239,557,204,779,0,0,0,0,0,0,0,0,0,0,0,0,0,0,0,0,5374,0,0,0,0,0,0
2021-01-08T23:59:59+01:00,94,50,295,310,223,342,267,591,290,445,169,207,218,490,186,694,0,0,0,0,0,0,0,0,0,0,0,0,0,0,0,0,4871,0,0,0,0,0,0
2021-01-07T23:59:59+01:00,77,31,202,207,162,245,204,425,225,312,140,163,164,321,116,434,0,0,0,0,0,0,0,0,0,0,0,0,0,0,0,0,3428,0,0,0,0,0,0
2021-01-06T23:59:59+01:00,64,19,148,125,115,160,150,300,166,217,107,131,124,249,80,304,0,0,0,0,0,0,0,0,0,0,0,0,0,0,0,0,2459,0,0,0,0,0,0
2021-01-05T23:59:59+01:00,39,9,89,78,62,95,85,211,110,140,102,120,116,231,79,281,0,0,0,0,0,0,0,0,0,0,0,0,0,0,0,0,1847,0,0,0,0,0,0
2021-01-04T23:59:59+01:00,38,9,89,78,59,93,85,211,110,140,102,119,116,231,79,281,0,0,0,0,0,0,0,0,0,0,0,0,0,0,0,0,1840,0,0,0,0,0,0
2021-01-03T23:59:59+01:00,38,9,89,78,59,93,85,211,110,140,102,119,116,231,79,281,0,0,0,0,0,0,0,0,0,0,0,0,0,0,0,0,1840,0,0,0,0,0,0
2021-01-02T23:59:59+01:00,38,9,89,78,59,93,85,211,110,140,102,119,116,231,79,281,0,0,0,0,0,0,0,0,0,0,0,0,0,0,0,0,1840,0,0,0,0,0,0
2021-01-01T23:59:59+01:00,38,9,89,78,59,93,85,211,110,139,102,119,116,231,79,281,0,0,0,0,0,0,0,0,0,0,0,0,0,0,0,0,1839,0,0,0,0,0,0
2020-12-31T23:59:59+01:00,38,9,89,78,59,93,85,211,110,139,102,119,116,231,79,281,0,0,0,0,0,0,0,0,0,0,0,0,0,0,0,0,1839,0,0,0,0,0,0
2020-12-30T23:59:59+01:00,38,9,89,78,58,93,85,211,110,139,102,119,116,231,79,281,0,0,0,0,0,0,0,0,0,0,0,0,0,0,0,0,1838,0,0,0,0,0,0
2020-12-29T23:59:59+01:00,20,5,63,58,35,57,49,136,62,89,47,50,68,141,49,190,0,0,0,0,0,0,0,0,0,0,0,0,0,0,0,0,1119,0,0,0,0,0,0
2020-12-28T23:59:59+01:00,8,4,37,26,20,28,20,68,23,41,23,22,25,50,29,76,0,0,0,0,0,0,0,0,0,0,0,0,0,0,0,0,500,0,0,0,0,0,0
2020-12-27T23:59:59+01:00,2,0,7,5,6,2,1,5,0,2,0,1,2,3,4,5,0,0,0,0,0,0,0,0,0,0,0,0,0,0,0,0,45,0,0,0,0,0,0
