Datum,<24_1_m,<24_1_w,25-34_1_m,25-34_1_w,35-44_1_m,35-44_1_w,45-54_1_m,45-54_1_w,55-64_1_m,55-64_1_w,65-74_1_m,65-74_1_w,75-84_1_m,75-84_1_w,>84_1_m,>84_1_w,<24_2_m,<24_2_w,25-34_2_m,25-34_2_w,35-44_2_m,35-44_2_w,45-54_2_m,45-54_2_w,55-64_2_m,55-64_2_w,65-74_2_m,65-74_2_w,75-84_2_m,75-84_2_w,>84_2_m,>84_2_w,bp_1,bp_2,mo_1,mo_2,az_1,az_2,ja
2021-06-01T23:59:59+02:00,20272,21915,45477,48737,45123,49610,51388,60120,69056,74971,47139,59342,38201,53170,8339,17294,6947,7610,15204,18486,15985,20710,19912,28145,25946,31832,26223,33510,30774,42219,7154,14740,488377,263221,69844,40281,145730,35692,6203
2021-05-31T23:59:59+02:00,19726,21342,44186,47613,43990,48581,50196,59004,68548,74621,47080,59258,38164,53122,8331,17282,6631,7246,14095,17681,14693,19825,18776,26995,24831,30597,25766,32896,30627,41976,7134,14696,482392,257221,68733,39766,145286,32845,4633
2021-05-30T23:59:59+02:00,19351,20898,43207,46678,43114,47715,49210,58019,68110,74180,46982,59118,38105,53019,8316,17247,6413,6962,13546,16992,14088,19143,17874,25998,23767,29462,25087,32019,30359,41597,7097,14619,476600,251388,67725,38992,144891,30590,4053
2021-05-29T23:59:59+02:00,19209,20755,42831,46347,42786,47467,48977,57816,68056,74133,46976,59109,38099,53017,8316,17247,6218,6645,13020,16194,13448,18277,16979,24796,22766,28278,24938,31810,30310,41521,7094,14612,474605,245851,67626,38992,144858,28011,4052
2021-05-28T23:59:59+02:00,18852,20401,42146,45726,42286,46923,48463,57256,67813,73882,46919,59026,38072,52973,8313,17242,5940,6176,12460,15312,12788,17398,16077,23545,21782,26977,24712,31480,30231,41408,7084,14596,470353,239955,67130,38887,144790,25104,4020
2021-05-27T23:59:59+02:00,18244,19802,41010,44759,41304,46057,47482,56378,67306,73508,46813,58889,38023,52904,8302,17203,5672,5781,11802,14465,12001,16470,15010,22316,20583,25535,24260,30821,30080,41171,7051,14522,464614,232700,65626,38088,144080,23088,3664
2021-05-26T23:59:59+02:00,17760,19328,39915,43851,40318,45205,46439,55496,66792,73061,46674,58724,37952,52754,8285,17157,5441,5556,11229,13671,11268,15604,13981,21150,19256,24010,23726,30094,29889,40866,7003,14428,459561,225485,63640,37246,143135,21066,3375
2021-05-25T23:59:59+02:00,17302,18856,38921,42977,39382,44376,45455,54553,66282,72598,46516,58508,37874,52628,8262,17112,5203,5310,10664,13000,10520,14794,12871,19899,17906,22561,23194,29368,29677,40586,6954,14355,454287,218223,62085,36320,142074,19163,3156
2021-05-24T23:59:59+02:00,16898,18488,38089,42255,38524,43687,44584,53767,65830,72186,46403,58336,37813,52507,8245,17077,5025,5148,10201,12520,9883,14223,11944,19026,16642,21350,22609,28582,29482,40299,6906,14278,449704,211396,60873,35389,141357,18578,2755
2021-05-23T23:59:59+02:00,16708,18288,37607,41886,38085,43303,44144,53373,65585,71988,46342,58249,37777,52465,8239,17055,4806,4979,9740,12033,9241,13616,10942,18188,15559,20345,22148,28040,29267,40049,6869,14202,446576,204516,60512,35311,141335,17526,2671
2021-05-22T23:59:59+02:00,16469,18023,36906,41349,37443,42855,43579,52973,64602,71011,46154,58006,37720,52367,8230,17036,4664,4631,9550,11645,9080,13295,10685,17718,15326,19975,22059,27935,29238,40016,6864,14196,440256,203313,60509,35311,141319,15614,2639
2021-05-21T23:59:59+02:00,16023,17553,35828,40441,36417,41968,42512,52061,63323,69785,45952,57697,37645,52236,8217,17004,4538,4511,9346,11379,8877,13047,10326,17371,14948,19620,21865,27671,29181,39933,6854,14190,430808,201393,60166,35011,141062,14627,2626
2021-05-20T23:59:59+02:00,15129,16746,34374,38947,35045,40664,41112,50837,62163,68717,45686,57393,37515,52068,8199,16960,4351,4282,8811,10793,8248,12329,9601,16506,14186,18625,21138,26668,29009,39662,6821,14117,420759,197078,58506,34181,140032,11630,2258
2021-05-19T23:59:59+02:00,14495,16097,33214,37455,33961,39410,40000,49871,60219,66997,45284,56894,37343,51829,8160,16865,4230,4120,8540,10434,7965,11939,9145,15998,13515,17919,20350,25632,28799,39386,6770,14015,410063,192895,57027,33379,138943,10422,2061
2021-05-18T23:59:59+02:00,13979,15576,32184,36451,32916,38503,38976,48927,58236,65218,44973,56483,37203,51605,8134,16814,3993,3903,8064,9845,7497,11396,8589,15310,12813,17124,19479,24510,28596,39085,6738,13914,401523,188879,55105,32538,137784,7673,1766
2021-05-17T23:59:59+02:00,13662,15257,31689,35918,32460,37959,38380,48285,56327,63497,44339,55724,36961,51254,8107,16755,3884,3760,7816,9575,7202,11102,8179,14897,12232,16484,18637,23474,28397,38805,6709,13845,394040,184646,54031,31793,137020,7076,1483
2021-05-16T23:59:59+02:00,13406,14964,31176,35422,32007,37472,37838,47711,54446,61637,43853,55096,36788,50971,8083,16712,3756,3636,7542,9284,6873,10774,7686,14416,11658,15864,17770,22422,28213,38554,6682,13787,387159,180476,53069,30961,136375,6501,979
2021-05-15T23:59:59+02:00,13223,14726,30921,35106,31758,37147,37611,47465,52865,60127,43639,54828,36718,50847,8080,16685,3735,3618,7521,9261,6860,10758,7671,14404,11644,15844,17622,22173,28040,38288,6676,13780,381386,179508,53069,30961,136327,6462,964
2021-05-14T23:59:59+02:00,12933,14394,30461,34622,31400,36693,37096,46985,51019,58299,43311,54379,36597,50664,8066,16653,3703,3594,7457,9198,6809,10696,7616,14339,11410,15581,16926,21123,27790,37870,6663,13749,373708,176661,52753,30625,136198,6325,913
2021-05-13T23:59:59+02:00,12600,14019,29827,33989,30820,36089,36395,46322,49587,56766,42932,53829,36439,50438,8047,16623,3623,3539,7344,9104,6727,10604,7513,14234,11015,15125,15908,19948,27459,37305,6626,13682,366687,172919,51762,30070,135461,5955,812
2021-05-12T23:59:59+02:00,12450,13848,29551,33684,30559,35808,36097,46008,49332,56483,42839,53732,36391,50362,8041,16586,3602,3513,7317,9070,6703,10572,7491,14202,10820,14950,15532,19480,27194,36904,6609,13638,364091,170939,51684,30059,135307,5910,689
2021-05-11T23:59:59+02:00,12029,13443,28724,32895,29737,35073,35232,45219,47636,54744,42447,53202,36231,50087,8012,16501,3495,3386,7074,8800,6501,10274,7274,13827,10271,14339,14590,18347,26842,36390,6585,13556,357302,167318,49995,29180,133448,4586,467
2021-05-10T23:59:59+02:00,11664,13122,27992,32180,28954,34379,34452,44456,46387,53496,42087,52737,36057,49798,7967,16405,3450,3329,6944,8673,6407,10165,7138,13630,9959,13982,13899,17500,26478,35854,6563,13491,351092,164537,48881,28811,131801,3755,359
2021-05-09T23:59:59+02:00,11383,12828,27310,31498,28313,33708,33710,43761,44909,52028,41649,52194,35875,49517,7938,16329,3393,3271,6819,8530,6308,10022,7032,13424,9548,13593,13167,16620,26161,35395,6547,13446,344157,161721,47808,28260,130712,3022,273
2021-05-08T23:59:59+02:00,11273,12744,26904,31193,27878,33399,33264,43462,43895,51203,41521,52055,35836,49461,7936,16323,3389,3268,6815,8528,6301,10015,7025,13412,9538,13578,13033,16437,25581,34571,6517,13383,339683,159875,47768,28235,130626,3011,270
2021-05-07T23:59:59+02:00,11102,12566,26441,30829,27448,33045,32768,43114,42883,50400,41287,51748,35738,49309,7926,16302,3333,3237,6768,8490,6253,9968,6970,13358,9312,13276,12342,15528,24771,33399,6478,13318,334718,155854,47464,27874,130472,2821,252
2021-05-06T23:59:59+02:00,10651,12217,25489,30064,26413,32264,31543,42285,41361,49234,40942,51235,35564,49086,7891,16239,3264,3179,6639,8349,6143,9838,6813,13174,9006,12910,11603,14537,23968,32255,6452,13262,326959,152124,46400,26934,128877,2092,242
2021-05-05T23:59:59+02:00,10228,11978,24614,29471,25546,31590,30428,41492,39461,47436,40542,50715,35366,48820,7844,16138,3217,3138,6526,8223,6047,9727,6711,13031,8728,12584,10786,13581,23128,31152,6427,13206,319148,148297,45549,26057,126813,1699,159
2021-05-04T23:59:59+02:00,9937,11703,23803,28827,24577,30859,29348,40634,38000,45991,40109,50170,35118,48499,7802,16035,3180,3113,6460,8151,5969,9660,6639,12961,8431,12288,9977,12632,22341,30094,6403,13155,312548,144638,44591,25257,124213,1499,60
2021-05-03T23:59:59+02:00,9692,11440,23064,28240,23761,30267,28413,39905,37122,45281,39774,49738,34924,48219,7761,15942,3130,3078,6389,8073,5896,9598,6546,12876,8153,12009,9141,11595,21592,29099,6382,13117,307717,140948,43818,24447,121986,1257,22
2021-05-02T23:59:59+02:00,9493,11219,22402,27680,23026,29682,27578,39270,36386,44693,39533,49417,34820,48046,7730,15890,3091,3056,6350,8030,5866,9566,6509,12840,7913,11761,8454,10808,21040,28375,6363,13102,302924,137806,43056,24175,120868,1126,17
2021-05-01T23:59:59+02:00,9307,11009,22016,27207,22542,29105,26914,38538,35596,43823,39302,49084,34736,47905,7726,15878,3084,3050,6328,8023,5853,9559,6491,12825,7899,11748,8413,10731,21008,28333,6359,13099,296863,137528,43055,24170,120753,1088,17
2021-04-30T23:59:59+02:00,9121,10792,21629,26776,22084,28550,26132,37755,34675,42909,39085,48781,34652,47775,7714,15858,3065,3035,6307,8008,5834,9544,6465,12802,7869,11715,8373,10653,20963,28265,6357,13093,290654,137234,43049,24101,120570,998,15
2021-04-29T23:59:59+02:00,8805,10511,21043,26200,21407,27854,25162,36776,33419,41541,38107,47471,34372,47344,7665,15745,3027,2994,6212,7900,5758,9440,6363,12655,7632,11398,7751,9945,20612,27800,6338,13030,281983,135196,42267,22891,119158,754,14
2021-04-28T23:59:59+02:00,8496,10263,20517,25719,20758,27258,24239,35865,32033,40038,37021,45997,34063,46892,7612,15625,2954,2942,6103,7781,5657,9319,6265,12495,7364,11078,7077,9103,20252,27293,6300,12966,273344,132798,41498,21602,117540,535,14
2021-04-27T23:59:59+02:00,8284,10057,20082,25299,20146,26729,23396,35086,30856,38671,36007,44674,33734,46380,7556,15517,2927,2911,6000,7680,5606,9230,6194,12368,7118,10833,6474,8378,19902,26857,6285,12950,265793,130731,40634,20675,116033,293,14
2021-04-26T23:59:59+02:00,8069,9858,19664,24885,19603,26198,22568,34308,29657,37405,35023,43363,33467,45937,7515,15401,2910,2899,5965,7639,5564,9192,6156,12327,6883,10595,5876,7666,19571,26471,6267,12927,258250,128800,39814,19833,114844,262,13
2021-04-25T23:59:59+02:00,7937,9704,19322,24622,19226,25860,21927,33670,28644,36377,33982,42043,33181,45549,7481,15330,2897,2889,5949,7618,5544,9174,6135,12302,6845,10559,5718,7449,19277,26053,6251,12885,251158,128184,39101,19096,114583,252,13
2021-04-24T23:59:59+02:00,7733,9488,18878,24188,18672,25328,21095,32821,27654,35403,33754,41748,33102,45412,7471,15319,2893,2883,5935,7610,5537,9166,6130,12298,6830,10540,5638,7330,19197,25939,6248,12877,245270,127744,39100,19061,113683,233,13
2021-04-23T23:59:59+02:00,7478,9261,18418,23713,18109,24709,20230,31965,26533,34205,33054,40672,32975,45210,7459,15298,2885,2864,5905,7588,5502,9124,6088,12260,6784,10485,5441,7028,18677,25325,6173,12748,237777,125911,38775,18741,112724,212,13
2021-04-22T23:59:59+02:00,7215,9020,17791,23090,17312,23922,19150,30913,25230,32748,32106,39432,32754,44888,7423,15228,2868,2846,5861,7535,5455,9041,6021,12183,6700,10404,5101,6564,18011,24492,6085,12594,228797,123783,37857,17785,111555,180,13
2021-04-21T23:59:59+02:00,6973,8819,17250,22585,16640,23327,18137,29969,23707,31164,31173,38259,32489,44504,7379,15150,2848,2826,5821,7484,5400,8967,5958,12085,6601,10325,4891,6223,17357,23692,5997,12444,220003,121727,37088,17026,110421,153,13
2021-04-20T23:59:59+02:00,6760,8593,16677,22102,15890,22639,17100,28935,22249,29659,30122,36870,32203,44138,7335,15068,2831,2811,5777,7446,5360,8921,5908,12020,6525,10259,4743,6009,16764,22964,5906,12298,211112,120076,36213,16308,109002,145,13
2021-04-19T23:59:59+02:00,6546,8407,16128,21665,15210,22070,16072,27999,20820,28239,28877,35340,31918,43716,7287,14968,2818,2796,5756,7413,5325,8891,5865,11972,6445,10180,4581,5798,16141,22276,5827,12178,202474,118455,35437,15653,107338,141,13
2021-04-18T23:59:59+02:00,6332,8242,15676,21322,14574,21502,15016,27168,19460,27029,27627,33818,31623,43340,7242,14887,2757,2743,5623,7288,5219,8780,5764,11823,6345,10068,4422,5575,15572,21624,5740,12040,193962,116841,34607,14391,106276,138,13
2021-04-17T23:59:59+02:00,6287,8205,15518,21245,14406,21417,14753,26975,19184,26758,27163,33316,31515,43216,7236,14875,2724,2692,5523,7135,5106,8621,5665,11629,6256,9956,4359,5488,15351,21357,5733,12031,192749,115103,34602,14387,104705,123,13
2021-04-16T23:59:59+02:00,6208,8143,15336,21076,14194,21269,14447,26700,18677,26222,26239,32219,31397,43022,7215,14857,2669,2629,5403,6956,4985,8442,5501,11389,6069,9744,4121,5223,14745,20595,5658,11928,189390,111936,34317,13996,103501,112,13
2021-04-15T23:59:59+02:00,6124,8050,15117,20858,13922,20983,13986,26320,17907,25440,25035,30775,31172,42724,7189,14788,2589,2526,5203,6703,4782,8139,5294,11071,5857,9469,3905,4940,13936,19536,5567,11804,184840,108154,33510,13055,102027,99,13
2021-04-14T23:59:59+02:00,6028,7967,14909,20652,13663,20744,13577,25972,17079,24653,23629,29156,30891,42362,7143,14703,2374,2389,4995,6444,4598,7891,5066,10819,5637,9201,3758,4695,13213,18648,5473,11633,180233,105123,32629,11606,100253,92,13
2021-04-13T23:59:59+02:00,5961,7903,14714,20511,13441,20562,13200,25654,16343,23953,22110,27511,30623,41976,7115,14604,2273,2321,4828,6250,4421,7686,4860,10567,5451,8983,3620,4516,12680,18042,5382,11502,176035,102794,31753,10493,98380,82,13
2021-04-12T23:59:59+02:00,5882,7812,14488,20311,13143,20307,12795,25217,15626,23226,20675,25749,30368,41664,7081,14536,2127,2209,4653,6095,4273,7501,4702,10383,5313,8829,3491,4356,12248,17522,5295,11375,171697,101119,30699,9159,96471,81,13
2021-04-11T23:59:59+02:00,5790,7724,14269,20114,12854,20090,12357,24850,14940,22567,19319,24149,30144,41366,7045,14464,2083,2171,4537,5982,4160,7378,4579,10260,5188,8713,3364,4212,11761,16915,5187,11207,167462,99389,29747,8216,94820,79,13
2021-04-10T23:59:59+02:00,5786,7716,14254,20104,12845,20079,12340,24836,14857,22475,18649,23234,29900,41010,7027,14441,2077,2159,4528,5972,4148,7367,4566,10244,5127,8635,3259,4099,11203,16082,5075,11028,166397,97265,29721,8216,93422,75,13
2021-04-09T23:59:59+02:00,5772,7700,14227,20055,12808,20031,12294,24786,14479,22033,17204,21440,29548,40469,6999,14407,2052,2150,4510,5954,4122,7342,4522,10211,5091,8584,3144,3961,10339,15088,4965,10869,163817,94846,29383,7972,91040,74,12
2021-04-08T23:59:59+02:00,5723,7671,14130,19979,12732,19954,12188,24677,14025,21468,15485,19328,29011,39573,6948,14299,2028,2134,4483,5899,4070,7262,4457,10134,5023,8512,3035,3841,9835,14474,4798,10662,159996,93018,28361,7547,88825,73,9
2021-04-07T23:59:59+02:00,5688,7636,14026,19903,12646,19875,12097,24567,13548,20991,14040,17515,28447,38739,6901,14208,2006,2121,4431,5830,3987,7186,4368,10044,4938,8425,2935,3736,9066,13327,4605,10340,155653,90506,27485,6769,87681,62,8
2021-04-06T23:59:59+02:00,5652,7605,13930,19832,12566,19819,12015,24501,13058,20499,12441,15510,27867,37921,6884,14142,1934,2057,4301,5711,3888,7061,4248,9899,4835,8303,2820,3612,8324,12348,4388,10051,151650,88146,26604,5566,85980,60,8
2021-04-05T23:59:59+02:00,5611,7572,13859,19766,12496,19753,11961,24420,12661,20118,10843,13554,27258,37010,6853,14089,1857,1977,4136,5556,3725,6906,4091,9757,4694,8179,2669,3476,7482,11333,4186,9752,148462,85802,25588,3909,83766,57,8
2021-04-04T23:59:59+02:00,5597,7553,13848,19745,12491,19736,11953,24403,12521,19999,9806,12254,26862,36448,6832,14044,1855,1972,4130,5554,3723,6901,4087,9750,4692,8175,2663,3463,7227,10840,4121,9663,146729,84852,25586,3909,81772,50,5
2021-04-03T23:59:59+02:00,5593,7542,13833,19728,12482,19728,11943,24392,12500,19949,8780,11043,26108,35375,6791,13950,1852,1969,4128,5549,3721,6897,4080,9738,4677,8165,2657,3452,7072,10562,4103,9605,144267,84264,25581,3909,79885,50,4
2021-04-02T23:59:59+02:00,5587,7522,13794,19703,12446,19685,11900,24344,12407,19865,8099,10065,24677,33467,6679,13741,1841,1954,4102,5528,3699,6854,4040,9659,4550,7885,2524,3314,6689,10140,3985,9445,139816,82467,25244,3688,78917,50,4
2021-04-01T23:59:59+02:00,5524,7440,13702,19568,12331,19539,11752,24182,11782,19389,7373,9149,23345,31717,6583,13551,1768,1883,3998,5428,3637,6788,3970,9590,4479,7781,2422,3163,6160,9409,3855,9239,135617,80239,24117,3285,77190,43,3
2021-03-31T23:59:59+02:00,5467,7378,13576,19417,12199,19392,11575,23981,11502,19139,6861,8513,22057,30004,6461,13366,1754,1871,3977,5405,3604,6760,3935,9540,4442,7729,2350,3077,5646,8717,3726,9072,131697,78490,23031,3069,76157,43,3
2021-03-30T23:59:59+02:00,5400,7302,13442,19260,12089,19225,11442,23819,11337,19002,6471,8088,20845,28459,6353,13198,1735,1834,3936,5370,3536,6691,3846,9421,4315,7559,2208,2862,5204,8154,3620,8859,128346,76289,22107,2831,75279,30,0
2021-03-29T23:59:59+02:00,5348,7253,13335,19171,12028,19141,11348,23717,11194,18858,6131,7645,19599,26997,6258,13046,1671,1789,3887,5329,3453,6617,3734,9272,4160,7365,2098,2729,4607,7440,3510,8642,124786,73654,21243,2621,75040,28,0
2021-03-28T23:59:59+02:00,5287,7179,13220,19029,11948,19060,11255,23613,11092,18756,5792,7260,18596,25657,6164,12888,1634,1735,3779,5223,3251,6377,3671,9180,4109,7314,2034,2663,3805,6352,3390,8463,121811,70635,20458,2326,74527,19,0
2021-03-27T23:59:59+01:00,5250,7116,13112,18864,11827,18893,11145,23403,10987,18626,5719,7155,18334,25339,6156,12879,1628,1732,3775,5218,3248,6371,3351,8777,3948,7071,2029,2659,3786,6315,3361,8407,119979,69341,20423,2326,74403,9,0
2021-03-26T23:59:59+01:00,5201,7051,13001,18682,11711,18701,10980,23172,10834,18430,5525,6895,17753,24571,6081,12771,1627,1730,3769,5212,3227,6354,3329,8756,3717,6576,1879,2320,3490,5989,3244,8221,116920,67112,20085,2320,74354,8,0
2021-03-25T23:59:59+01:00,5122,6949,12797,18428,11513,18380,10762,22839,10595,18114,5271,6568,16762,23295,5980,12626,1616,1719,3747,5182,3195,6329,3280,8720,3665,6534,1799,2178,3034,5286,3126,7981,112958,65164,19015,2220,74028,7,0
2021-03-24T23:59:59+01:00,5023,6811,12585,17989,11309,17993,10535,22449,10383,17785,4951,6160,15758,22138,5876,12444,1590,1705,3723,5134,3160,6264,3222,8650,3616,6464,1742,2121,2702,4906,3003,7755,109885,63773,17928,1977,72376,7,0
2021-03-23T23:59:59+01:00,4952,6713,12417,17659,11124,17648,10342,22090,10184,17524,4815,5927,15092,21353,5772,12302,1573,1699,3710,5116,3139,6247,3202,8601,3582,6420,1708,2067,2453,4611,2820,7467,107581,62472,17200,1936,71133,7,0
2021-03-22T23:59:59+01:00,4891,6611,12219,17320,10945,17327,10134,21757,9975,17254,4656,5699,14469,20641,5671,12153,1557,1690,3685,5080,3109,6209,3169,8551,3548,6373,1665,2013,2239,4331,2643,7171,105755,61229,16489,1797,69478,7,0
2021-03-21T23:59:59+01:00,4799,6456,11933,16906,10671,16928,9880,21314,9728,16930,4525,5512,13784,19850,5553,11976,1548,1689,3668,5063,3088,6176,3148,8520,3529,6349,1647,1992,2062,4145,2492,6934,103884,60251,15193,1792,67668,7,0
2021-03-20T23:59:59+01:00,4760,6365,11791,16556,10542,16634,9739,20996,9552,16663,4400,5355,13153,18900,5436,11781,1547,1688,3668,5062,3085,6175,3145,8515,3524,6345,1641,1987,2030,4081,2473,6896,101701,60063,15189,1792,65733,7,0
2021-03-19T23:59:59+01:00,4704,6260,11617,16197,10372,16276,9559,20609,9345,16331,4213,5136,12139,17694,5313,11612,1539,1682,3651,5028,3054,6102,3106,8421,3421,6173,1525,1894,1959,4022,2363,6692,99016,58839,14781,1788,63580,5,0
2021-03-18T23:59:59+01:00,4607,6123,11347,15759,10108,15850,9292,20140,9133,16010,4070,4969,11487,16816,5126,11378,1533,1666,3636,4995,3032,6058,3087,8364,3395,6133,1506,1861,1920,3948,2237,6489,97218,58157,13774,1698,61223,5,0
2021-03-17T23:59:59+01:00,4409,5987,11054,15326,9854,15502,9050,19761,8894,15690,3942,4784,10646,15520,4909,11039,1530,1663,3623,4975,3028,6040,3076,8327,3378,6111,1504,1841,1896,3917,2126,6304,94573,57650,12233,1684,59561,5,0
2021-03-16T23:59:59+01:00,4249,5835,10697,14858,9604,15133,8757,19323,8616,15345,3800,4626,9806,14353,4678,10749,1515,1660,3619,4969,3019,6033,3070,8319,3368,6096,1483,1818,1859,3868,2007,6128,92255,57221,11043,1605,57131,5,0
2021-03-15T23:59:59+01:00,4082,5682,10381,14382,9316,14667,8455,18847,8352,14958,3650,4449,9068,13253,4506,10496,1504,1652,3601,4955,3008,6009,3051,8281,3348,6053,1467,1806,1843,3835,1894,5943,90301,56642,9678,1604,54565,4,0
2021-03-14T23:59:59+01:00,4002,5566,10099,13929,9060,14272,8140,18361,8091,14589,3472,4243,8228,11971,4258,10124,1490,1645,3576,4936,2986,5960,3031,8203,3323,5990,1433,1755,1785,3699,1731,5562,87983,56117,8665,984,51757,4,0
2021-03-13T23:59:59+01:00,3922,5351,9847,13396,8886,13846,7955,17945,7945,14294,3392,4175,8032,11664,4226,10057,1490,1645,3576,4936,2985,5960,3031,8203,3322,5988,1429,1754,1783,3695,1730,5561,87332,56100,8665,984,48936,4,0
2021-03-12T23:59:59+01:00,3837,5174,9599,12864,8659,13300,7708,17276,7590,13601,3235,4023,7647,11240,4119,9909,1488,1641,3573,4923,2981,5956,3024,8197,3318,5982,1403,1721,1762,3677,1632,5385,85574,55675,8417,984,45790,4,0
2021-03-11T23:59:59+01:00,3663,4807,9235,12140,8360,12627,7355,16486,7278,13015,3079,3822,7058,10469,3976,9674,1464,1625,3545,4881,2935,5867,2988,8079,3268,5893,1361,1665,1682,3463,1436,4878,83145,54930,7969,97,41930,3,0
2021-03-10T23:59:59+01:00,3581,4653,8664,11637,7739,12151,7046,15943,6983,12491,2922,3679,6471,9719,3850,9472,1449,1608,3516,4820,2903,5785,2950,7929,3212,5792,1324,1622,1627,3362,1318,4602,81339,53743,7414,74,38248,2,0
2021-03-09T23:59:59+01:00,3445,4437,7911,11187,6897,11659,6647,15322,6632,11917,2699,3390,5943,9067,3729,9243,1443,1603,3492,4770,2877,5721,2934,7879,3195,5748,1308,1599,1595,3320,1208,4403,79053,53053,6058,40,35014,2,0
2021-03-08T23:59:59+01:00,3242,4150,7181,10659,6159,11177,6245,14766,6252,11396,2499,3192,5315,8292,3623,9034,1435,1591,3470,4701,2848,5652,2897,7788,3167,5678,1305,1590,1591,3312,1204,4401,76239,52589,4917,40,32026,1,0
2021-03-07T23:59:59+01:00,3108,3980,6832,10156,5738,10622,5967,14324,6030,11048,2409,3114,4484,7155,3480,8839,1432,1588,3466,4696,2843,5640,2893,7769,3158,5667,1301,1572,1571,3273,1187,4361,72999,52378,4087,39,30200,0,0
2021-03-06T23:59:59+01:00,3057,3794,6638,9717,5543,10190,5456,13402,5708,10421,2396,3098,4479,7143,3477,8838,1431,1586,3464,4693,2841,5639,2892,7768,3157,5664,1299,1569,1571,3271,1186,4361,71776,52353,4087,39,27494,0,0
2021-03-05T23:59:59+01:00,2950,3477,6415,9170,5342,9782,5280,12825,5308,9438,2196,2704,4082,6727,3368,8667,1418,1579,3447,4679,2836,5626,2884,7750,3146,5646,1286,1565,1571,3266,1181,4357,69454,52198,3856,39,24421,0,0
2021-03-04T23:59:59+01:00,2855,3223,6196,8752,5188,9437,5103,12395,5133,9101,2083,2504,3514,5875,3244,8401,1406,1557,3407,4584,2804,5562,2853,7650,3119,5585,1271,1558,1561,3255,1176,4346,67402,51655,3415,39,22187,0,0
2021-03-03T23:59:59+01:00,2792,3143,6016,8342,5009,9057,4893,11941,4952,8684,1999,2401,3091,5397,3115,8154,1383,1547,3371,4533,2766,5499,2812,7546,3077,5522,1258,1537,1542,3224,1170,4329,65967,51078,3173,38,19846,0,0
2021-03-02T23:59:59+01:00,2730,3036,5846,8006,4852,8789,4732,11536,4814,8392,1921,2314,2781,5025,2923,7866,1377,1535,3352,4516,2750,5471,2799,7498,3069,5493,1254,1529,1523,3205,1168,4325,64635,50826,2917,38,18011,0,0
2021-03-01T23:59:59+01:00,2694,2988,5739,7781,4763,8665,4646,11378,4716,8228,1870,2233,2473,4683,2754,7586,1369,1532,3339,4497,2741,5438,2780,7447,3058,5475,1248,1525,1516,3197,1166,4321,63385,50611,2696,38,17116,0,0
2021-02-28T23:59:59+01:00,2627,2928,5558,7523,4592,8442,4515,11195,4618,8112,1818,2174,2177,4361,2575,7313,1357,1525,3327,4487,2733,5431,2773,7430,3051,5465,1244,1522,1510,3181,1165,4290,62297,50453,2395,38,15836,0,0
2021-02-27T23:59:59+01:00,2512,2550,5401,7139,4491,8135,4438,10843,4551,7880,1791,2121,2150,4318,2557,7261,1354,1522,3325,4487,2728,5429,2769,7426,3047,5463,1243,1521,1509,3181,1165,4290,62067,50424,2395,35,13676,0,0
2021-02-26T23:59:59+01:00,2446,2443,5258,6906,4346,7882,4288,10574,4346,7605,1669,2033,2092,4282,2452,7084,1333,1508,3307,4453,2718,5389,2757,7375,3024,5414,1237,1511,1505,3174,1164,4288,60754,50123,2389,34,12563,0,0
2021-02-25T23:59:59+01:00,2315,2312,4896,6494,3936,7414,4011,10071,4130,7260,1620,1988,2060,4223,2337,6893,1314,1488,3275,4413,2680,5329,2720,7265,2987,5332,1226,1495,1491,3134,1152,4233,60274,49502,2283,32,9403,0,0
2021-02-24T23:59:59+01:00,2275,2240,4775,6269,3842,7196,3881,9833,4015,7118,1600,1963,2030,4179,2223,6697,1300,1477,3245,4348,2646,5262,2695,7187,2957,5265,1210,1477,1468,3085,1141,4168,59729,48909,2038,22,8369,0,0
2021-02-23T23:59:59+01:00,2016,2045,4412,5800,3571,6793,3660,9458,3868,6870,1584,1934,1985,4135,2110,6515,1280,1465,3202,4313,2621,5202,2671,7112,2919,5216,1193,1456,1443,3048,1131,4119,59279,48383,1992,8,5485,0,0
2021-02-22T23:59:59+01:00,2005,2022,4356,5741,3535,6728,3594,9361,3813,6782,1551,1911,1962,4082,1994,6322,1275,1447,3182,4272,2600,5162,2645,7051,2890,5169,1185,1445,1431,3038,1125,4110,58742,48024,1849,3,5168,0,0
2021-02-21T23:59:59+01:00,1994,2015,4323,5707,3492,6694,3555,9296,3773,6740,1541,1905,1956,4073,1877,6157,1267,1431,3160,4235,2572,5111,2631,6984,2860,5086,1172,1429,1408,2976,1102,4038,58395,47459,1845,3,4858,0,0
2021-02-20T23:59:59+01:00,1993,2013,4318,5705,3490,6694,3555,9295,3772,6739,1536,1904,1954,4069,1876,6157,1267,1431,3159,4233,2572,5111,2630,6983,2860,5086,1172,1428,1407,2976,1102,4038,58381,47452,1845,3,4844,0,0
2021-02-19T23:59:59+01:00,1972,2004,4308,5689,3481,6679,3544,9285,3761,6725,1511,1872,1932,4049,1777,5977,1265,1430,3159,4232,2571,5110,2630,6981,2858,5084,1172,1428,1407,2975,1102,4038,57959,47439,1840,3,4767,0,0
2021-02-18T23:59:59+01:00,1927,1960,4205,5582,3418,6575,3448,9108,3684,6603,1495,1838,1897,3975,1647,5781,1214,1368,3011,4005,2451,4822,2518,6648,2758,4867,1142,1380,1375,2890,1078,3897,57307,45421,1750,3,4086,0,0
2021-02-17T23:59:59+01:00,1899,1917,4102,5426,3334,6422,3330,8855,3562,6438,1440,1766,1827,3872,1531,5477,1146,1296,2857,3783,2338,4507,2387,6210,2642,4614,1093,1316,1322,2778,1040,3739,56055,43065,1739,3,3404,0,0
2021-02-16T23:59:59+01:00,1800,1826,3947,5233,3205,6234,3216,8636,3445,6279,1418,1742,1799,3837,1414,5271,1050,1254,2730,3620,2239,4287,2248,5897,2521,4383,1046,1215,1162,2467,795,3144,55323,40057,1722,1,2257,0,0
2021-02-15T23:59:59+01:00,1784,1800,3897,5146,3148,6146,3153,8521,3387,6181,1408,1729,1785,3815,1406,5249,1010,1219,2648,3485,2165,4107,2163,5617,2435,4189,1003,1148,1077,2277,732,2948,54857,38222,1720,1,1978,0,0
2021-02-14T23:59:59+01:00,1709,1765,3816,5069,3107,6030,3098,8361,3344,6086,1388,1698,1732,3674,1349,5010,997,1209,2603,3418,2125,4038,2103,5492,2376,4092,968,1110,998,2092,665,2722,54610,37007,1098,1,1528,0,0
2021-02-13T23:59:59+01:00,1706,1763,3808,5066,3101,6028,3095,8360,3341,6084,1387,1695,1732,3672,1347,5010,997,1209,2603,3418,2125,4038,2102,5492,2374,4092,968,1110,998,2092,665,2722,54592,37005,1097,0,1506,0,0
2021-02-12T23:59:59+01:00,1668,1738,3770,5037,3081,6009,3071,8323,3324,6046,1371,1688,1723,3654,1339,4991,988,1197,2569,3367,2092,3989,2074,5443,2357,4062,967,1110,997,2092,664,2720,54366,36688,1096,0,1371,0,0
2021-02-11T23:59:59+01:00,1613,1674,3664,4872,2981,5829,2971,8018,3233,5857,1316,1628,1659,3468,1256,4673,939,1097,2297,2923,1882,3478,1831,4708,2107,3591,889,1039,904,1884,615,2458,53755,32642,121,0,836,0,0
2021-02-10T23:59:59+01:00,1593,1647,3602,4753,2913,5730,2924,7853,3187,5747,1302,1612,1635,3426,1242,4637,845,1010,2010,2509,1669,3019,1587,4086,1861,3182,792,883,736,1505,489,1982,53104,28165,119,0,580,0,0
2021-02-09T23:59:59+01:00,1575,1621,3551,4687,2884,5658,2901,7754,3150,5683,1300,1603,1605,3405,1234,4623,782,902,1742,2161,1476,2615,1416,3581,1697,2868,763,850,713,1425,470,1880,52791,25341,115,0,328,0,0
2021-02-08T23:59:59+01:00,1555,1617,3527,4656,2865,5616,2876,7702,3135,5657,1290,1595,1597,3377,1232,4609,763,852,1589,1919,1329,2364,1285,3266,1541,2639,734,826,663,1310,441,1722,52490,23243,90,0,326,0,0
2021-02-07T23:59:59+01:00,1405,1568,3436,4599,2814,5575,2849,7660,3112,5623,1283,1579,1588,3356,1228,4578,590,664,1326,1576,1100,1899,1074,2662,1321,2182,630,706,587,1144,399,1515,52190,19375,63,0,0,0,0
2021-02-06T23:59:59+01:00,1401,1565,3434,4597,2808,5572,2844,7656,3108,5620,1281,1576,1586,3354,1228,4578,443,473,1134,1351,968,1569,923,2238,1157,1794,552,623,568,1130,396,1512,52145,16831,63,0,0,0,0
2021-02-05T23:59:59+01:00,1390,1553,3419,4576,2799,5545,2834,7612,3087,5577,1277,1568,1583,3347,1227,4578,325,272,949,1042,817,1192,758,1784,969,1410,452,532,545,1114,394,1508,51909,14063,63,0,0,0,0
2021-02-04T23:59:59+01:00,1371,1531,3370,4524,2759,5461,2793,7483,3040,5499,1264,1555,1569,3313,1220,4553,166,116,643,676,525,751,511,1142,635,875,289,362,446,968,359,1364,51265,9828,40,0,0,0,0
2021-02-03T23:59:59+01:00,1348,1521,3329,4472,2726,5409,2770,7417,3006,5436,1254,1533,1534,3244,1204,4448,145,95,509,522,401,611,422,900,486,673,238,289,357,784,288,1108,50611,7828,40,0,0,0,0
2021-02-02T23:59:59+01:00,1326,1507,3285,4433,2694,5348,2743,7338,2972,5374,1232,1502,1498,3182,1177,4354,130,79,425,427,336,529,380,819,431,608,221,267,311,714,266,994,49926,6937,39,0,0,0,0
2021-02-01T23:59:59+01:00,1309,1490,3260,4381,2664,5275,2709,7205,2943,5286,1216,1480,1471,3144,1163,4293,102,56,317,321,247,401,283,611,307,455,183,217,243,569,205,769,49250,5286,39,0,0,0,0
2021-01-31T23:59:59+01:00,1302,1476,3244,4351,2641,5231,2695,7151,2929,5247,1204,1462,1448,3077,1142,4217,91,53,287,297,226,354,260,568,278,422,162,196,200,463,168,624,48778,4649,39,0,0,0,0
2021-01-30T23:59:59+01:00,1302,1476,3241,4347,2640,5231,2694,7149,2929,5247,1204,1461,1447,3077,1142,4217,91,50,277,283,216,338,255,559,274,414,161,195,199,463,168,624,48768,4567,36,0,0,0,0
2021-01-29T23:59:59+01:00,1300,1475,3241,4343,2640,5230,2693,7147,2927,5245,1203,1461,1447,3076,1142,4217,85,46,256,269,193,313,243,546,262,406,158,193,195,457,167,622,48752,4411,35,0,0,0,0
2021-01-28T23:59:59+01:00,1277,1445,3168,4232,2588,5111,2630,6991,2869,5134,1189,1435,1433,3009,1122,4103,71,24,157,163,129,191,166,362,194,254,128,144,149,285,98,362,47703,2877,33,0,0,0,0
2021-01-27T23:59:59+01:00,1224,1388,3080,4093,2511,4925,2537,6703,2790,4962,1155,1389,1395,2915,1094,3969,36,9,91,77,62,91,80,209,111,138,99,113,110,212,74,256,46107,1768,23,0,0,0,0
2021-01-26T23:59:59+01:00,1138,1350,2960,3947,2438,4746,2452,6515,2718,4831,1135,1332,1299,2762,882,3573,35,9,88,76,61,90,78,209,109,137,97,112,110,212,74,256,44066,1753,12,0,0,0,0
2021-01-25T23:59:59+01:00,1119,1320,2880,3815,2392,4594,2388,6319,2658,4698,1123,1313,1284,2728,872,3546,35,9,87,76,59,90,78,208,109,136,97,112,110,212,74,256,43042,1748,7,0,0,0,0
2021-01-24T23:59:59+01:00,1107,1315,2863,3798,2382,4564,2358,6268,2627,4652,1114,1305,1273,2705,861,3512,35,9,87,76,59,90,78,208,109,136,97,112,110,212,74,256,42699,1748,5,0,0,0,0
2021-01-23T23:59:59+01:00,1107,1315,2863,3798,2382,4564,2358,6268,2625,4652,1114,1305,1273,2705,861,3512,35,9,87,76,59,90,78,208,109,136,97,112,110,212,74,256,42697,1748,5,0,0,0,0
2021-01-22T23:59:59+01:00,1099,1305,2828,3752,2350,4493,2327,6199,2606,4609,1113,1304,1272,2704,860,3509,35,9,87,76,59,90,78,208,109,136,97,112,110,212,74,256,42325,1748,5,0,0,0,0
2021-01-21T23:59:59+01:00,1067,1201,2563,3341,2160,4058,2140,5590,2395,4165,1066,1262,1226,2571,832,3364,30,8,77,68,55,73,65,171,89,125,89,95,91,156,63,199,38996,1454,5,0,0,0,0
2021-01-20T23:59:59+01:00,970,1112,2257,2923,1948,3582,1902,4969,2150,3739,968,1111,1061,2218,723,2912,30,8,77,68,55,72,65,171,89,125,89,95,91,156,63,199,34540,1453,5,0,0,0,0
2021-01-19T23:59:59+01:00,891,993,1965,2491,1704,3089,1672,4305,1923,3329,899,1010,930,1934,631,2576,13,4,49,47,33,40,33,100,39,75,38,35,47,84,37,130,30338,804,4,0,0,0,0
2021-01-18T23:59:59+01:00,813,906,1723,2085,1468,2603,1413,3609,1689,2877,821,928,826,1706,585,2326,7,2,17,12,14,19,17,53,15,34,22,23,24,56,28,75,26375,418,3,0,0,0,0
2021-01-17T23:59:59+01:00,602,700,1408,1693,1192,2044,1156,2854,1417,2318,677,781,690,1416,481,1970,1,0,2,2,0,0,0,0,0,0,0,0,0,0,0,0,21396,5,3,0,0,0,0
2021-01-16T23:59:59+01:00,457,508,1233,1474,1076,1732,1008,2442,1263,1941,600,701,670,1403,479,1969,0,0,0,0,0,0,0,0,0,0,0,0,0,0,0,0,18954,0,2,0,0,0,0
2021-01-15T23:59:59+01:00,334,305,1051,1179,924,1384,846,1984,1074,1564,499,606,636,1371,469,1931,0,0,0,0,0,0,0,0,0,0,0,0,0,0,0,0,16155,0,2,0,0,0,0
2021-01-14T23:59:59+01:00,187,138,733,801,628,884,607,1302,717,1004,329,428,527,1183,422,1718,0,0,0,0,0,0,0,0,0,0,0,0,0,0,0,0,11608,0,0,0,0,0,0
2021-01-13T23:59:59+01:00,161,112,613,626,502,702,495,1029,563,779,274,349,442,1007,366,1454,0,0,0,0,0,0,0,0,0,0,0,0,0,0,0,0,9474,0,0,0,0,0,0
2021-01-12T23:59:59+01:00,146,93,535,537,430,607,439,916,493,695,246,308,367,832,311,1183,0,0,0,0,0,0,0,0,0,0,0,0,0,0,0,0,8138,0,0,0,0,0,0
2021-01-11T23:59:59+01:00,116,73,431,438,352,496,351,729,390,536,214,255,304,698,253,988,0,0,0,0,0,0,0,0,0,0,0,0,0,0,0,0,6624,0,0,0,0,0,0
2021-01-10T23:59:59+01:00,100,60,357,362,290,411,297,636,324,475,186,223,241,555,201,769,0,0,0,0,0,0,0,0,0,0,0,0,0,0,0,0,5487,0,0,0,0,0,0
2021-01-09T23:59:59+01:00,100,58,339,343,267,387,290,622,316,468,185,222,240,553,201,769,0,0,0,0,0,0,0,0,0,0,0,0,0,0,0,0,5360,0,0,0,0,0,0
2021-01-08T23:59:59+01:00,94,52,299,308,226,345,265,591,289,440,169,203,219,487,183,686,0,0,0,0,0,0,0,0,0,0,0,0,0,0,0,0,4856,0,0,0,0,0,0
2021-01-07T23:59:59+01:00,76,33,205,207,162,248,202,426,224,310,140,159,164,317,115,427,0,0,0,0,0,0,0,0,0,0,0,0,0,0,0,0,3415,0,0,0,0,0,0
2021-01-06T23:59:59+01:00,64,21,151,124,115,161,149,303,166,216,108,128,125,245,79,298,0,0,0,0,0,0,0,0,0,0,0,0,0,0,0,0,2453,0,0,0,0,0,0
2021-01-05T23:59:59+01:00,40,11,90,77,62,95,84,212,110,140,103,118,117,227,78,275,0,0,0,0,0,0,0,0,0,0,0,0,0,0,0,0,1839,0,0,0,0,0,0
2021-01-04T23:59:59+01:00,38,11,90,77,59,93,84,211,110,139,103,117,117,227,78,275,0,0,0,0,0,0,0,0,0,0,0,0,0,0,0,0,1829,0,0,0,0,0,0
2021-01-03T23:59:59+01:00,38,11,90,77,59,93,84,211,110,139,103,117,117,227,78,275,0,0,0,0,0,0,0,0,0,0,0,0,0,0,0,0,1829,0,0,0,0,0,0
2021-01-02T23:59:59+01:00,38,11,90,77,59,93,84,211,110,139,103,117,117,227,78,275,0,0,0,0,0,0,0,0,0,0,0,0,0,0,0,0,1829,0,0,0,0,0,0
2021-01-01T23:59:59+01:00,38,11,90,77,59,93,84,211,110,138,103,117,117,227,78,275,0,0,0,0,0,0,0,0,0,0,0,0,0,0,0,0,1828,0,0,0,0,0,0
2020-12-31T23:59:59+01:00,38,11,90,77,59,93,84,211,110,138,103,117,117,227,78,275,0,0,0,0,0,0,0,0,0,0,0,0,0,0,0,0,1828,0,0,0,0,0,0
2020-12-30T23:59:59+01:00,38,11,90,77,58,93,84,211,110,138,103,117,117,227,78,275,0,0,0,0,0,0,0,0,0,0,0,0,0,0,0,0,1827,0,0,0,0,0,0
2020-12-29T23:59:59+01:00,19,5,63,57,35,59,49,137,61,88,47,50,69,138,48,186,0,0,0,0,0,0,0,0,0,0,0,0,0,0,0,0,1111,0,0,0,0,0,0
2020-12-28T23:59:59+01:00,7,4,36,26,20,29,20,68,22,41,23,22,25,51,28,74,0,0,0,0,0,0,0,0,0,0,0,0,0,0,0,0,496,0,0,0,0,0,0
2020-12-27T23:59:59+01:00,1,0,7,5,6,2,1,5,0,2,0,1,2,3,4,5,0,0,0,0,0,0,0,0,0,0,0,0,0,0,0,0,44,0,0,0,0,0,0
