Datum,<24_1_m,<24_1_w,25-34_1_m,25-34_1_w,35-44_1_m,35-44_1_w,45-54_1_m,45-54_1_w,55-64_1_m,55-64_1_w,65-74_1_m,65-74_1_w,75-84_1_m,75-84_1_w,>84_1_m,>84_1_w,<24_2_m,<24_2_w,25-34_2_m,25-34_2_w,35-44_2_m,35-44_2_w,45-54_2_m,45-54_2_w,55-64_2_m,55-64_2_w,65-74_2_m,65-74_2_w,75-84_2_m,75-84_2_w,>84_2_m,>84_2_w,bp_1,bp_2,mo_1,mo_2,az_1,az_2,ja
2021-05-29T23:59:59+02:00,19161,20685,42705,46228,42663,47342,48829,57646,67911,74021,46932,59053,38081,52985,8311,17220,6188,6609,12979,16134,13392,18214,16888,24709,22650,28172,24874,31732,30260,41446,7065,14554,473647,245042,67529,38916,144636,27947,3961
2021-05-28T23:59:59+02:00,18812,20348,42038,45634,42180,46818,48339,57120,67686,73787,46880,58974,38055,52946,8308,17215,5913,6141,12422,15253,12737,17341,15995,23464,21675,26877,24650,31405,30181,41333,7055,14539,469560,239195,67036,38812,144615,25045,3929
2021-05-27T23:59:59+02:00,18214,19763,40920,44689,41230,45976,47393,56275,67210,73434,46780,58853,38014,52889,8301,17199,5648,5753,11774,14423,11958,16423,14946,22257,20505,25462,24213,30775,30049,41129,7038,14503,463971,232156,65594,38018,143927,23034,3648
2021-05-26T23:59:59+02:00,17736,19294,39832,43786,40248,45131,46358,55404,66698,72994,46642,58690,37944,52740,8284,17153,5425,5535,11206,13639,11235,15562,13925,21101,19189,23941,23682,30047,29863,40827,6990,14409,458962,225005,63616,37176,142990,21029,3366
2021-05-25T23:59:59+02:00,17283,18825,38850,42920,39326,44310,45387,54484,66202,72545,46487,58478,37867,52616,8261,17109,5190,5292,10644,12969,10491,14756,12821,19856,17844,22498,23151,29323,29651,40547,6941,14336,453792,217782,62063,36252,141948,19129,3147
2021-05-24T23:59:59+02:00,16884,18461,38025,42202,38473,43630,44525,53707,65761,72138,46378,58311,37806,52497,8244,17074,5012,5131,10183,12495,9856,14187,11895,18984,16586,21290,22568,28544,29457,40260,6893,14260,449279,210978,60856,35324,141235,18553,2746
2021-05-23T23:59:59+02:00,16696,18262,37551,41839,38042,43255,44089,53320,65526,71940,46318,58228,37771,52456,8238,17053,4795,4965,9724,12013,9217,13585,10907,18151,15509,20299,22111,28006,29242,40011,6856,14184,446208,204159,60495,35247,141219,17507,2662
2021-05-22T23:59:59+02:00,16458,18000,36852,41303,37400,42809,43525,52922,64548,70966,46131,57986,37714,52359,8229,17034,4655,4619,9535,11628,9057,13265,10655,17685,15281,19936,22024,27904,29215,39979,6852,14178,439904,202994,60492,35247,141210,15597,2630
2021-05-21T23:59:59+02:00,16013,17532,35778,40404,36380,41929,42470,52017,63282,69750,45932,57678,37640,52229,8216,17002,4531,4502,9333,11365,8856,13025,10308,17348,14916,19588,21832,27643,29161,39896,6843,14172,430502,201137,60156,34949,140976,14615,2618
2021-05-20T23:59:59+02:00,15123,16731,34341,38924,35015,40635,41073,50802,62128,68692,45672,57379,37512,52061,8199,16959,4345,4276,8803,10781,8230,12314,9589,16486,14162,18598,21108,26645,28990,39625,6810,14100,420512,196868,58501,34120,139983,11624,2250
2021-05-19T23:59:59+02:00,14489,16082,33182,37431,33931,39381,39961,49836,60183,66972,45270,56881,37340,51822,8160,16864,4224,4114,8532,10423,7947,11924,9134,15979,13491,17892,20321,25609,28781,39349,6759,13999,409815,192691,57023,33318,138894,10416,2053
2021-05-18T23:59:59+02:00,13973,15561,32153,36428,32886,38475,38937,48893,58200,65193,44960,56470,37200,51598,8134,16813,3987,3897,8056,9834,7479,11381,8578,15294,12793,17097,19453,24489,28580,39049,6727,13899,401278,188691,55102,32477,137736,7667,1758
2021-05-17T23:59:59+02:00,13656,15242,31658,35896,32430,37931,38341,48251,56291,63472,44326,55711,36958,51247,8107,16754,3878,3754,7808,9565,7184,11088,8170,14883,12213,16458,18614,23454,28382,38773,6698,13832,393797,184475,54028,31732,136971,7072,1475
2021-05-16T23:59:59+02:00,13400,14949,31145,35402,31977,37444,37799,47678,54410,61612,43840,55084,36785,50964,8083,16711,3750,3630,7535,9275,6856,10763,7679,14403,11640,15841,17747,22402,28198,38523,6671,13774,386920,180312,53066,30900,136326,6504,971
2021-05-15T23:59:59+02:00,13217,14711,30890,35086,31728,37119,37572,47432,52829,60102,43626,54816,36715,50840,8080,16684,3729,3612,7515,9252,6843,10747,7664,14391,11626,15821,17599,22153,28024,38257,6665,13767,381147,179344,53066,30900,136278,6465,956
2021-05-14T23:59:59+02:00,12927,14379,30430,34602,31370,36665,37057,46952,50984,58274,43298,54367,36594,50657,8066,16652,3698,3588,7452,9189,6792,10685,7609,14326,11393,15559,16903,21104,27774,37839,6652,13736,373470,176501,52750,30565,136149,6328,905
2021-05-13T23:59:59+02:00,12594,14004,29796,33969,30790,36061,36356,46289,49551,56740,42919,53817,36436,50431,8047,16622,3618,3534,7339,9095,6710,10593,7506,14221,10999,15105,15885,19930,27443,37274,6615,13669,366447,172762,51759,30012,135412,5958,804
2021-05-12T23:59:59+02:00,12444,13833,29522,33665,30529,35780,36058,45975,49296,56457,42826,53718,36388,50353,8041,16585,3597,3508,7314,9061,6686,10561,7484,14189,10805,14930,15510,19463,27179,36874,6598,13625,363848,170787,51681,30001,135258,5913,683
2021-05-11T23:59:59+02:00,12023,13428,28695,32876,29707,35045,35195,45187,47599,54718,42434,53188,36228,50078,8012,16500,3490,3381,7071,8790,6484,10263,7267,13815,10258,14319,14569,18331,26828,36360,6574,13543,357061,167172,49992,29122,133399,4588,461
2021-05-10T23:59:59+02:00,11658,13107,27963,32161,28925,34351,34415,44424,46349,53471,42074,52723,36054,49789,7967,16404,3446,3326,6941,8664,6392,10155,7132,13620,9947,13964,13878,17484,26464,35824,6552,13478,350851,164404,48878,28753,131753,3757,353
2021-05-09T23:59:59+02:00,11377,12813,27281,31480,28284,33680,33673,43731,44871,52003,41636,52180,35872,49508,7938,16328,3389,3268,6815,8521,6293,10012,7027,13415,9536,13575,13147,16604,26147,35365,6536,13433,343917,161588,47805,28204,130666,3024,267
2021-05-08T23:59:59+02:00,11267,12729,26875,31175,27849,33371,33227,43432,43857,51178,41508,52041,35833,49452,7936,16322,3385,3265,6811,8519,6286,10005,7022,13403,9526,13560,13013,16421,25567,34541,6506,13370,339443,159744,47765,28179,130580,3013,264
2021-05-07T23:59:59+02:00,11096,12551,26415,30812,27420,33017,32730,43084,42845,50375,41274,51733,35734,49300,7926,16301,3329,3234,6764,8481,6238,9958,6968,13349,9301,13258,12322,15513,24758,33371,6467,13305,334478,155729,47462,27818,130427,2823,246
2021-05-06T23:59:59+02:00,10646,12202,25463,30048,26385,32236,31505,42255,41322,49210,40929,51220,35560,49077,7891,16238,3260,3176,6635,8340,6128,9828,6811,13165,8996,12893,11583,14522,23956,32227,6441,13249,326721,152001,46397,26879,128833,2094,236
2021-05-05T23:59:59+02:00,10223,11964,24588,29455,25519,31562,30392,41463,39422,47412,40530,50701,35362,48811,7844,16137,3215,3136,6525,8214,6034,9717,6709,13022,8718,12568,10767,13567,23116,31125,6416,13193,318911,148185,45546,26003,126775,1701,153
2021-05-04T23:59:59+02:00,9932,11689,23778,28812,24550,30831,29312,40605,37961,45967,40098,50156,35114,48490,7802,16034,3178,3111,6459,8144,5956,9650,6638,12952,8422,12272,9958,12621,22331,30070,6392,13142,312312,144535,44588,25205,124176,1501,55
2021-05-03T23:59:59+02:00,9688,11427,23041,28226,23737,30247,28387,39878,37085,45259,39763,49724,34920,48210,7761,15941,3128,3077,6388,8067,5884,9589,6545,12867,8145,11994,9123,11584,21582,29075,6371,13104,307482,140851,43815,24395,121979,1259,18
2021-05-02T23:59:59+02:00,9489,11206,22379,27666,23002,29662,27552,39243,36350,44671,39522,49403,34816,48037,7730,15889,3089,3055,6349,8025,5855,9557,6508,12831,7905,11746,8436,10797,21030,28351,6352,13089,302690,137711,43053,24123,120861,1128,13
2021-05-01T23:59:59+02:00,9303,10996,21993,27193,22518,29085,26887,38511,35560,43801,39292,49070,34732,47896,7726,15877,3082,3049,6327,8018,5842,9550,6490,12816,7891,11734,8396,10721,20998,28310,6348,13086,296630,137437,43052,24118,120745,1090,13
2021-04-30T23:59:59+02:00,9117,10779,21606,26763,22061,28530,26106,37728,34639,42888,39076,48767,34648,47766,7714,15857,3063,3034,6306,8004,5823,9535,6464,12796,7861,11702,8356,10643,20953,28242,6346,13080,290424,137145,43046,24049,120564,1003,11
2021-04-29T23:59:59+02:00,8801,10498,21020,26187,21384,27834,25136,36748,33383,41520,38098,47456,34368,47335,7665,15744,3025,2993,6211,7896,5748,9431,6362,12649,7624,11385,7734,9936,20602,27777,6327,13017,281753,135108,42262,22840,119152,759,10
2021-04-28T23:59:59+02:00,8492,10250,20495,25706,20735,27238,24213,35839,31999,40017,37014,45982,34059,46883,7612,15624,2952,2941,6102,7777,5649,9310,6264,12489,7356,11065,7061,9095,20241,27270,6289,12953,273120,132712,41493,21552,117535,540,10
2021-04-27T23:59:59+02:00,8280,10044,20062,25285,20124,26709,23371,35060,30823,38651,36000,44659,33730,46370,7556,15516,2925,2910,5999,7676,5598,9220,6192,12363,7110,10821,6459,8370,19891,26835,6274,12937,265574,130644,40627,20627,116029,299,10
2021-04-26T23:59:59+02:00,8067,9846,19646,24873,19582,26183,22545,34289,29632,37387,35017,43350,33464,45928,7515,15400,2908,2898,5964,7635,5556,9182,6154,12322,6875,10583,5863,7660,19560,26450,6256,12914,258067,128718,39809,19785,114839,268,9
2021-04-25T23:59:59+02:00,7935,9692,19306,24610,19206,25845,21907,33653,28621,36360,33976,42030,33178,45541,7481,15329,2895,2888,5948,7614,5536,9164,6133,12297,6837,10547,5705,7443,19266,26032,6240,12872,250988,128102,39098,19048,114575,258,9
2021-04-24T23:59:59+02:00,7731,9476,18863,24176,18656,25314,21080,32805,27631,35387,33748,41736,33099,45404,7471,15318,2891,2882,5934,7606,5529,9156,6127,12293,6822,10528,5625,7325,19186,25918,6237,12864,245116,127662,39097,19013,113673,239,9
2021-04-23T23:59:59+02:00,7476,9250,18405,23703,18094,24696,20215,31949,26512,34190,33048,40661,32972,45202,7459,15297,2883,2863,5904,7584,5495,9114,6085,12255,6776,10473,5428,7023,18666,25304,6162,12735,237634,125830,38771,18693,112715,218,9
2021-04-22T23:59:59+02:00,7213,9010,17778,23082,17297,23911,19135,30898,25210,32736,32101,39421,32751,44880,7423,15227,2866,2845,5861,7530,5448,9031,6018,12177,6692,10393,5088,6559,18000,24471,6074,12581,228665,123702,37854,17737,111545,186,9
2021-04-21T23:59:59+02:00,6972,8809,17238,22577,16626,23317,18124,29956,23687,31153,31168,38248,32487,44496,7379,15149,2847,2825,5821,7479,5395,8958,5955,12078,6593,10315,4879,6219,17346,23671,5987,12431,219885,121652,37084,16980,110408,158,9
2021-04-20T23:59:59+02:00,6759,8584,16665,22094,15877,22629,17088,28922,22232,29649,30117,36860,32201,44130,7335,15067,2830,2810,5777,7441,5355,8912,5905,12013,6517,10249,4731,6005,16753,22943,5896,12285,211007,120001,36209,16262,108984,150,9
2021-04-19T23:59:59+02:00,6546,8400,16115,21658,15201,22062,16061,27990,20807,28233,28872,35331,31917,43708,7287,14967,2817,2795,5756,7409,5321,8882,5862,11965,6437,10170,4569,5794,16130,22255,5817,12165,202392,118381,35433,15608,107321,146,9
2021-04-18T23:59:59+02:00,6332,8235,15663,21317,14565,21495,15008,27160,19447,27023,27621,33810,31622,43333,7242,14886,2756,2742,5623,7284,5215,8770,5761,11816,6337,10058,4411,5572,15561,21604,5730,12027,193888,116770,34604,14345,106258,143,9
2021-04-17T23:59:59+02:00,6287,8198,15506,21240,14397,21410,14748,26968,19171,26752,27157,33308,31514,43208,7236,14874,2723,2691,5523,7131,5102,8611,5662,11622,6248,9946,4348,5485,15340,21337,5723,12018,192680,115032,34599,14341,104686,128,9
2021-04-16T23:59:59+02:00,6207,8136,15325,21072,14185,21264,14442,26693,18665,26215,26233,32212,31395,43014,7215,14856,2669,2628,5403,6952,4981,8432,5498,11382,6061,9735,4110,5220,14735,20575,5648,11915,189323,111868,34315,13950,103482,117,9
2021-04-15T23:59:59+02:00,6123,8043,15106,20854,13913,20978,13981,26314,17895,25431,25029,30768,31170,42716,7189,14787,2589,2525,5203,6700,4778,8129,5291,11063,5849,9460,3894,4937,13927,19517,5557,11791,184774,108091,33507,13008,102007,102,9
2021-04-14T23:59:59+02:00,6027,7960,14898,20647,13654,20739,13572,25967,17067,24644,23623,29148,30889,42354,7143,14702,2374,2388,4995,6442,4594,7882,5065,10811,5629,9193,3748,4692,13205,18631,5464,11622,180167,105065,32626,11566,100232,95,9
2021-04-13T23:59:59+02:00,5960,7896,14704,20506,13432,20557,13195,25649,16331,23944,22103,27503,30621,41968,7115,14603,2273,2320,4828,6248,4417,7677,4859,10559,5445,8976,3610,4513,12672,18025,5373,11491,175969,102740,31750,10453,98359,84,9
2021-04-12T23:59:59+02:00,5881,7806,14478,20308,13135,20303,12791,25213,15614,23218,20668,25741,30366,41656,7081,14535,2127,2207,4653,6093,4269,7493,4701,10375,5307,8822,3482,4353,12241,17505,5286,11364,171639,101067,30696,9119,96450,83,9
2021-04-11T23:59:59+02:00,5789,7718,14259,20111,12847,20086,12353,24847,14928,22560,19312,24141,30142,41359,7045,14463,2083,2169,4537,5980,4156,7370,4578,10252,5182,8706,3355,4209,11755,16898,5178,11196,167408,99338,29744,8176,94799,81,9
2021-04-10T23:59:59+02:00,5785,7710,14244,20101,12838,20075,12336,24833,14845,22468,18642,23226,29897,41003,7027,14440,2077,2157,4528,5970,4144,7359,4565,10236,5121,8628,3250,4096,11197,16065,5066,11017,166344,97214,29718,8176,93399,77,9
2021-04-09T23:59:59+02:00,5771,7695,14217,20052,12801,20027,12290,24784,14467,22026,17197,21431,29545,40462,6999,14405,2052,2148,4510,5952,4118,7334,4521,10203,5085,8577,3135,3959,10333,15072,4956,10858,163764,94797,29380,7932,91017,76,8
2021-04-08T23:59:59+02:00,5723,7666,14121,19976,12725,19950,12184,24675,14013,21461,15480,19320,29008,39566,6948,14297,2028,2132,4483,5897,4066,7254,4456,10126,5017,8505,3027,3839,9829,14458,4789,10651,159945,92969,28358,7507,88804,75,6
2021-04-07T23:59:59+02:00,5688,7631,14018,19900,12641,19871,12094,24565,13538,20985,14036,17510,28444,38734,6901,14206,2006,2119,4432,5828,3983,7178,4367,10036,4932,8418,2927,3734,9061,13312,4596,10329,155612,90459,27482,6729,87662,64,6
2021-04-06T23:59:59+02:00,5652,7600,13922,19828,12561,19815,12013,24499,13049,20493,12437,15505,27864,37916,6884,14140,1934,2055,4302,5709,3884,7053,4246,9892,4829,8296,2813,3610,8319,12333,4379,10040,151611,88099,26602,5527,85959,62,6
2021-04-05T23:59:59+02:00,5611,7567,13851,19762,12491,19749,11959,24418,12652,20112,10840,13549,27255,37005,6853,14087,1857,1975,4137,5555,3721,6899,4090,9755,4690,8172,2667,3477,7479,11325,4183,9749,148425,85755,25585,3910,83745,60,6
2021-04-04T23:59:59+02:00,5597,7548,13840,19741,12486,19732,11951,24402,12513,19993,9803,12250,26859,36443,6832,14042,1855,1970,4131,5553,3719,6894,4086,9749,4689,8168,2661,3464,7225,10832,4118,9660,146692,84806,25583,3910,81752,53,5
2021-04-03T23:59:59+02:00,5593,7537,13825,19724,12477,19724,11941,24391,12493,19944,8777,11038,26105,35370,6791,13948,1852,1967,4129,5548,3717,6890,4079,9737,4674,8158,2655,3453,7070,10554,4100,9602,144232,84218,25578,3910,79864,53,4
2021-04-02T23:59:59+02:00,5587,7517,13786,19699,12442,19681,11898,24343,12400,19860,8096,10060,24675,33461,6679,13739,1841,1952,4103,5527,3695,6848,4039,9658,4547,7878,2522,3315,6687,10132,3982,9442,139782,82422,25241,3689,78896,53,4
2021-04-01T23:59:59+02:00,5524,7435,13694,19564,12327,19535,11750,24181,11776,19384,7370,9145,23343,31711,6583,13549,1768,1881,3999,5427,3633,6782,3969,9589,4476,7775,2421,3164,6159,9401,3852,9236,135584,80197,24115,3286,77169,46,3
2021-03-31T23:59:59+02:00,5467,7373,13569,19414,12196,19388,11571,23980,11496,19133,6858,8510,22055,29998,6461,13364,1754,1869,3978,5404,3600,6754,3934,9539,4439,7724,2349,3078,5645,8710,3723,9069,131667,78450,23029,3070,76134,46,3
2021-03-30T23:59:59+02:00,5400,7297,13435,19257,12086,19221,11438,23817,11331,18996,6467,8085,20843,28453,6353,13196,1735,1832,3937,5369,3532,6685,3845,9420,4312,7554,2207,2862,5203,8147,3617,8856,128314,76249,22106,2831,75255,33,0
2021-03-29T23:59:59+02:00,5348,7248,13328,19169,12025,19137,11344,23715,11188,18852,6128,7642,19596,26991,6258,13044,1671,1787,3888,5328,3449,6611,3733,9271,4157,7360,2097,2729,4607,7433,3507,8639,124755,73615,21242,2621,75016,31,0
2021-03-28T23:59:59+02:00,5287,7174,13213,19027,11945,19056,11251,23611,11086,18750,5790,7257,18593,25652,6164,12886,1634,1734,3779,5222,3247,6371,3670,9179,4106,7309,2033,2663,3806,6346,3387,8460,121782,70600,20457,2326,74503,20,0
2021-03-27T23:59:59+01:00,5250,7111,13105,18862,11824,18889,11141,23402,10981,18620,5717,7152,18331,25334,6156,12877,1628,1731,3775,5217,3244,6365,3350,8776,3945,7066,2028,2659,3787,6309,3358,8404,119950,69306,20422,2326,74380,10,0
2021-03-26T23:59:59+01:00,5202,7046,12994,18680,11708,18697,10977,23171,10827,18425,5523,6892,17751,24566,6081,12769,1627,1729,3769,5211,3223,6348,3328,8755,3715,6573,1878,2320,3491,5983,3241,8218,116894,67080,20084,2320,74331,9,0
2021-03-25T23:59:59+01:00,5123,6945,12790,18426,11510,18376,10759,22838,10589,18109,5269,6565,16760,23289,5980,12624,1616,1718,3747,5181,3191,6323,3279,8718,3663,6531,1798,2178,3035,5282,3123,7978,112932,65133,19015,2220,74005,8,0
2021-03-24T23:59:59+01:00,5024,6807,12579,17987,11306,17989,10532,22448,10377,17782,4949,6157,15756,22132,5876,12442,1590,1705,3723,5133,3156,6258,3221,8649,3614,6461,1741,2121,2703,4902,3000,7752,109860,63744,17929,1977,72354,8,0
2021-03-23T23:59:59+01:00,4953,6709,12412,17657,11121,17644,10340,22089,10180,17521,4813,5924,15090,21347,5772,12300,1574,1699,3710,5115,3135,6241,3201,8600,3580,6417,1707,2067,2454,4607,2817,7464,107559,62444,17201,1936,71112,8,0
2021-03-22T23:59:59+01:00,4892,6607,12214,17318,10942,17323,10133,21756,9970,17252,4654,5697,14467,20635,5670,12151,1558,1690,3685,5079,3105,6203,3168,8550,3546,6370,1664,2013,2240,4327,2641,7168,105736,61202,16490,1797,69455,8,0
2021-03-21T23:59:59+01:00,4800,6452,11928,16904,10669,16925,9879,21313,9723,16929,4523,5510,13782,19844,5551,11974,1549,1689,3668,5062,3084,6170,3147,8519,3527,6346,1645,1992,2063,4141,2491,6931,103865,60225,15194,1791,67647,8,0
2021-03-20T23:59:59+01:00,4761,6361,11786,16554,10539,16630,9738,20995,9547,16662,4398,5353,13151,18894,5434,11779,1548,1688,3668,5061,3081,6169,3144,8514,3522,6342,1639,1987,2031,4077,2472,6893,101683,60037,15190,1791,65709,8,0
2021-03-19T23:59:59+01:00,4705,6256,11612,16195,10369,16271,9558,20607,9340,16330,4211,5135,12137,17688,5311,11610,1540,1682,3651,5027,3050,6096,3105,8420,3419,6171,1525,1894,1959,4018,2362,6689,98999,58815,14782,1787,63554,6,0
2021-03-18T23:59:59+01:00,4608,6119,11342,15757,10106,15845,9291,20138,9128,16009,4068,4968,11485,16810,5124,11376,1534,1666,3636,4994,3028,6052,3086,8363,3393,6131,1506,1861,1920,3944,2236,6486,97201,58133,13775,1697,61198,6,0
2021-03-17T23:59:59+01:00,4410,5983,11049,15324,9852,15497,9049,19759,8889,15689,3940,4783,10644,15514,4907,11037,1531,1663,3623,4974,3024,6034,3075,8326,3376,6109,1504,1841,1896,3913,2125,6302,94556,57627,12235,1683,59535,6,0
2021-03-16T23:59:59+01:00,4250,5831,10692,14855,9602,15129,8756,19320,8611,15344,3798,4625,9804,14347,4676,10747,1516,1660,3619,4968,3015,6027,3069,8318,3366,6094,1483,1818,1859,3864,2007,6126,92239,57198,11042,1605,57106,6,0
2021-03-15T23:59:59+01:00,4083,5678,10376,14380,9313,14662,8453,18844,8347,14957,3648,4448,9066,13247,4504,10494,1505,1652,3601,4954,3004,6004,3050,8280,3346,6051,1467,1806,1843,3831,1894,5941,90285,56620,9677,1604,54538,5,0
2021-03-14T23:59:59+01:00,4003,5562,10094,13928,9056,14268,8138,18358,8086,14588,3470,4242,8226,11965,4256,10122,1491,1645,3576,4935,2982,5955,3030,8202,3321,5988,1433,1755,1785,3695,1731,5560,87968,56095,8664,984,51730,5,0
2021-03-13T23:59:59+01:00,3923,5348,9844,13396,8884,13843,7953,17940,7942,14293,3391,4174,8030,11658,4224,10055,1491,1645,3576,4935,2981,5955,3030,8202,3320,5986,1429,1754,1783,3691,1730,5559,87317,56078,8664,984,48917,5,0
2021-03-12T23:59:59+01:00,3838,5171,9596,12863,8657,13298,7706,17270,7587,13601,3234,4022,7645,11235,4117,9907,1489,1641,3573,4922,2977,5950,3023,8196,3316,5980,1403,1721,1762,3673,1632,5383,85561,55652,8416,984,45770,5,0
2021-03-11T23:59:59+01:00,3664,4805,9232,12139,8358,12625,7353,16480,7275,13015,3078,3821,7056,10464,3974,9672,1465,1625,3545,4880,2931,5861,2987,8078,3266,5891,1361,1665,1682,3459,1436,4876,83131,54907,7968,97,41912,4,0
2021-03-10T23:59:59+01:00,3582,4651,8661,11635,7737,12148,7043,15936,6980,12490,2921,3678,6469,9714,3848,9470,1450,1608,3516,4819,2899,5779,2949,7928,3210,5790,1324,1622,1627,3358,1318,4600,81324,53720,7413,74,38226,3,0
2021-03-09T23:59:59+01:00,3446,4435,7908,11185,6895,11656,6644,15315,6629,11917,2699,3389,5941,9062,3727,9241,1444,1603,3491,4769,2873,5715,2933,7878,3193,5746,1308,1599,1595,3317,1208,4401,79040,53031,6057,40,34992,2,0
2021-03-08T23:59:59+01:00,3243,4149,7181,10658,6159,11174,6243,14762,6250,11396,2499,3192,5314,8290,3621,9032,1436,1591,3469,4700,2844,5646,2896,7787,3165,5676,1305,1590,1591,3309,1204,4399,76228,52567,4917,40,32018,1,0
2021-03-07T23:59:59+01:00,3109,3980,6832,10155,5738,10619,5965,14319,6028,11048,2409,3114,4484,7153,3478,8837,1433,1588,3465,4695,2839,5634,2892,7768,3156,5665,1301,1572,1571,3270,1187,4359,72990,52356,4087,39,30191,0,0
2021-03-06T23:59:59+01:00,3058,3794,6638,9716,5543,10187,5454,13399,5706,10421,2396,3098,4479,7141,3475,8836,1432,1586,3463,4692,2837,5633,2891,7767,3155,5662,1299,1569,1571,3268,1186,4359,71767,52331,4087,39,27487,0,0
2021-03-05T23:59:59+01:00,2951,3477,6415,9170,5342,9779,5278,12822,5307,9439,2196,2704,4082,6725,3366,8665,1419,1579,3446,4678,2832,5620,2883,7749,3144,5644,1286,1565,1571,3263,1181,4355,69446,52176,3856,39,24416,0,0
2021-03-04T23:59:59+01:00,2856,3223,6196,8752,5188,9434,5101,12392,5132,9102,2083,2504,3514,5874,3242,8399,1407,1557,3406,4583,2800,5556,2852,7649,3117,5583,1271,1558,1561,3252,1176,4344,67395,51633,3415,39,22182,0,0
2021-03-03T23:59:59+01:00,2793,3143,6016,8342,5009,9054,4890,11938,4951,8685,1999,2401,3091,5396,3113,8152,1384,1547,3370,4532,2762,5493,2811,7545,3075,5520,1258,1537,1542,3221,1170,4327,65960,51056,3173,38,19840,0,0
2021-03-02T23:59:59+01:00,2731,3036,5846,8006,4852,8786,4729,11533,4813,8393,1921,2314,2781,5024,2921,7864,1378,1535,3351,4515,2746,5465,2798,7498,3067,5491,1254,1529,1523,3202,1168,4323,64628,50805,2917,38,18005,0,0
2021-03-01T23:59:59+01:00,2695,2988,5740,7782,4763,8662,4643,11376,4715,8229,1870,2233,2473,4682,2753,7584,1370,1532,3338,4496,2737,5432,2779,7447,3056,5473,1248,1525,1516,3194,1166,4319,63380,50590,2696,38,17112,0,0
2021-02-28T23:59:59+01:00,2628,2929,5559,7524,4592,8439,4512,11194,4617,8113,1818,2174,2177,4360,2575,7311,1358,1525,3326,4486,2729,5425,2772,7430,3049,5463,1244,1522,1510,3178,1165,4288,62295,50432,2395,38,15832,0,0
2021-02-27T23:59:59+01:00,2513,2550,5401,7140,4491,8132,4435,10842,4550,7881,1791,2121,2150,4317,2557,7259,1355,1522,3324,4486,2724,5423,2768,7426,3045,5461,1243,1521,1509,3178,1165,4288,62065,50403,2395,35,13670,0,0
2021-02-26T23:59:59+01:00,2447,2443,5258,6907,4346,7879,4285,10573,4345,7606,1669,2033,2092,4281,2452,7082,1334,1508,3306,4452,2714,5383,2756,7375,3022,5412,1237,1511,1505,3171,1164,4286,60752,50102,2389,34,12557,0,0
2021-02-25T23:59:59+01:00,2316,2312,4897,6495,3936,7411,4011,10070,4129,7261,1620,1988,2060,4222,2337,6891,1315,1488,3274,4412,2676,5323,2719,7265,2985,5330,1226,1495,1491,3131,1152,4231,60272,49481,2283,32,9401,0,0
2021-02-24T23:59:59+01:00,2276,2240,4776,6270,3842,7193,3881,9832,4014,7119,1600,1963,2030,4178,2223,6695,1301,1477,3244,4347,2642,5256,2694,7187,2955,5263,1210,1477,1468,3082,1141,4166,59727,48888,2038,22,8367,0,0
2021-02-23T23:59:59+01:00,2018,2045,4413,5801,3571,6791,3660,9457,3867,6870,1584,1934,1985,4134,2110,6513,1281,1465,3201,4312,2617,5196,2670,7112,2917,5214,1193,1456,1443,3045,1131,4117,59278,48362,1992,8,5483,0,0
2021-02-22T23:59:59+01:00,2007,2022,4357,5742,3535,6726,3594,9360,3812,6782,1551,1911,1962,4081,1994,6320,1276,1447,3181,4271,2596,5156,2644,7051,2888,5167,1185,1445,1431,3035,1125,4108,58741,48003,1849,3,5166,0,0
2021-02-21T23:59:59+01:00,1996,2015,4323,5708,3492,6692,3555,9295,3772,6740,1541,1905,1956,4072,1877,6155,1268,1431,3159,4234,2568,5105,2630,6984,2858,5084,1172,1429,1408,2973,1102,4036,58394,47438,1845,3,4855,0,0
2021-02-20T23:59:59+01:00,1995,2013,4318,5706,3490,6692,3555,9294,3771,6739,1536,1904,1954,4068,1876,6155,1268,1431,3158,4232,2568,5105,2629,6983,2858,5084,1172,1428,1407,2973,1102,4036,58380,47431,1845,3,4841,0,0
2021-02-19T23:59:59+01:00,1974,2004,4308,5690,3481,6677,3544,9284,3760,6725,1511,1872,1932,4048,1777,5975,1266,1430,3158,4231,2567,5104,2629,6981,2856,5082,1172,1428,1407,2972,1102,4036,57958,47418,1840,3,4764,0,0
2021-02-18T23:59:59+01:00,1929,1960,4205,5583,3418,6573,3448,9107,3683,6603,1495,1838,1897,3974,1647,5779,1215,1368,3010,4004,2447,4817,2517,6648,2756,4865,1142,1380,1375,2887,1078,3895,57306,45401,1750,3,4083,0,0
2021-02-17T23:59:59+01:00,1901,1917,4102,5427,3334,6420,3330,8854,3561,6438,1440,1766,1827,3871,1531,5475,1147,1296,2856,3782,2334,4502,2386,6210,2640,4612,1093,1316,1322,2775,1040,3738,56053,43046,1739,3,3402,0,0
2021-02-16T23:59:59+01:00,1802,1826,3948,5234,3205,6232,3216,8635,3444,6279,1418,1742,1799,3836,1414,5269,1051,1254,2728,3619,2235,4284,2247,5897,2519,4381,1046,1215,1162,2464,795,3143,55320,40039,1722,1,2257,0,0
2021-02-15T23:59:59+01:00,1786,1800,3898,5147,3148,6144,3153,8521,3386,6181,1408,1729,1785,3814,1406,5247,1011,1219,2646,3484,2161,4105,2162,5617,2433,4187,1003,1148,1077,2275,732,2948,54855,38207,1720,1,1978,0,0
2021-02-14T23:59:59+01:00,1711,1765,3817,5070,3107,6028,3098,8361,3343,6086,1388,1698,1732,3673,1349,5008,998,1209,2601,3417,2121,4036,2102,5492,2374,4090,968,1110,998,2091,665,2722,54608,36993,1098,1,1528,0,0
2021-02-13T23:59:59+01:00,1708,1763,3809,5067,3101,6026,3095,8360,3340,6084,1387,1695,1732,3671,1347,5008,998,1209,2601,3417,2121,4036,2101,5492,2372,4090,968,1110,998,2091,665,2722,54590,36991,1097,0,1506,0,0
2021-02-12T23:59:59+01:00,1670,1738,3771,5038,3081,6007,3071,8323,3323,6046,1371,1688,1723,3653,1339,4989,989,1197,2567,3366,2088,3987,2073,5443,2355,4060,967,1110,997,2091,664,2720,54364,36674,1096,0,1371,0,0
2021-02-11T23:59:59+01:00,1615,1674,3665,4873,2981,5827,2971,8018,3231,5857,1316,1628,1659,3467,1256,4672,940,1097,2295,2922,1878,3476,1830,4708,2105,3590,889,1039,904,1883,615,2458,53753,32629,121,0,836,0,0
2021-02-10T23:59:59+01:00,1595,1647,3603,4754,2913,5728,2924,7853,3185,5747,1302,1612,1635,3425,1242,4636,846,1010,2008,2508,1667,3019,1586,4086,1859,3181,792,883,736,1504,489,1982,53102,28156,119,0,580,0,0
2021-02-09T23:59:59+01:00,1577,1621,3552,4688,2884,5656,2901,7754,3148,5683,1300,1603,1605,3404,1234,4622,783,902,1741,2160,1474,2615,1416,3581,1695,2867,763,850,713,1424,470,1880,52789,25334,115,0,328,0,0
2021-02-08T23:59:59+01:00,1557,1617,3528,4657,2865,5614,2876,7702,3133,5657,1290,1595,1597,3376,1232,4608,764,852,1588,1918,1327,2364,1285,3266,1539,2638,734,826,663,1309,441,1722,52488,23236,90,0,326,0,0
2021-02-07T23:59:59+01:00,1407,1568,3437,4600,2814,5573,2849,7660,3109,5623,1283,1579,1588,3355,1228,4577,591,664,1325,1575,1098,1899,1074,2663,1320,2182,630,706,587,1144,399,1515,52187,19372,63,0,0,0,0
2021-02-06T23:59:59+01:00,1403,1565,3435,4598,2808,5570,2844,7655,3105,5620,1281,1576,1586,3353,1228,4577,444,473,1133,1350,966,1569,923,2239,1156,1794,552,623,568,1130,396,1512,52141,16828,63,0,0,0,0
2021-02-05T23:59:59+01:00,1392,1553,3420,4577,2799,5543,2834,7611,3084,5577,1277,1568,1583,3346,1227,4577,326,272,948,1041,815,1192,758,1785,968,1410,452,532,545,1114,394,1508,51905,14060,63,0,0,0,0
2021-02-04T23:59:59+01:00,1373,1531,3370,4525,2759,5459,2793,7482,3037,5499,1264,1555,1569,3312,1220,4552,167,116,642,674,523,751,511,1143,635,875,289,362,446,968,359,1364,51260,9825,40,0,0,0,0
2021-02-03T23:59:59+01:00,1350,1521,3329,4473,2726,5407,2770,7416,3003,5436,1254,1533,1534,3243,1204,4447,146,95,508,521,399,611,422,901,486,673,238,289,357,784,288,1108,50606,7826,40,0,0,0,0
2021-02-02T23:59:59+01:00,1328,1507,3285,4434,2694,5346,2743,7337,2969,5374,1232,1502,1498,3181,1177,4353,130,79,424,427,334,529,380,820,431,608,221,267,311,714,266,994,49921,6935,39,0,0,0,0
2021-02-01T23:59:59+01:00,1311,1490,3260,4382,2664,5272,2709,7204,2940,5286,1216,1480,1471,3143,1163,4292,102,56,316,321,246,401,283,611,307,455,183,217,243,569,205,769,49244,5284,39,0,0,0,0
2021-01-31T23:59:59+01:00,1304,1476,3244,4352,2641,5228,2695,7150,2926,5247,1205,1463,1448,3076,1142,4216,91,53,286,297,225,354,260,568,278,422,162,196,200,463,168,624,48774,4647,39,0,0,0,0
2021-01-30T23:59:59+01:00,1304,1476,3241,4348,2640,5228,2694,7148,2926,5247,1205,1462,1447,3076,1142,4216,91,50,276,283,215,338,255,559,274,414,161,195,199,463,168,624,48764,4565,36,0,0,0,0
2021-01-29T23:59:59+01:00,1302,1475,3241,4344,2640,5227,2693,7146,2924,5245,1204,1462,1447,3075,1142,4216,85,46,255,269,193,313,243,546,262,406,158,193,195,457,167,622,48748,4410,35,0,0,0,0
2021-01-28T23:59:59+01:00,1279,1445,3167,4233,2588,5108,2630,6990,2866,5134,1190,1436,1433,3008,1122,4102,71,24,157,163,129,191,166,362,194,254,128,144,149,285,98,362,47698,2877,33,0,0,0,0
2021-01-27T23:59:59+01:00,1225,1388,3079,4094,2511,4922,2537,6702,2787,4962,1156,1390,1395,2914,1094,3968,36,9,91,77,62,91,80,209,111,138,99,113,110,212,74,256,46101,1768,23,0,0,0,0
2021-01-26T23:59:59+01:00,1139,1350,2959,3948,2438,4743,2452,6514,2715,4831,1136,1333,1299,2761,882,3572,35,9,88,76,61,90,78,209,109,137,97,112,110,212,74,256,44060,1753,12,0,0,0,0
2021-01-25T23:59:59+01:00,1120,1320,2879,3816,2392,4591,2388,6318,2655,4698,1124,1314,1284,2727,872,3545,35,9,87,76,59,90,78,208,109,136,97,112,110,212,74,256,43036,1748,7,0,0,0,0
2021-01-24T23:59:59+01:00,1108,1315,2862,3799,2382,4561,2358,6267,2624,4652,1115,1306,1273,2704,861,3511,35,9,87,76,59,90,78,208,109,136,97,112,110,212,74,256,42693,1748,5,0,0,0,0
2021-01-23T23:59:59+01:00,1108,1315,2862,3799,2382,4561,2358,6267,2622,4652,1115,1306,1273,2704,861,3511,35,9,87,76,59,90,78,208,109,136,97,112,110,212,74,256,42691,1748,5,0,0,0,0
2021-01-22T23:59:59+01:00,1100,1305,2827,3753,2350,4490,2327,6198,2603,4609,1114,1305,1272,2703,860,3508,35,9,87,76,59,90,78,208,109,136,97,112,110,212,74,256,42319,1748,5,0,0,0,0
2021-01-21T23:59:59+01:00,1068,1201,2562,3342,2160,4055,2140,5589,2392,4165,1067,1263,1226,2570,832,3363,30,8,77,68,55,73,65,171,89,125,89,95,91,156,63,199,38990,1454,5,0,0,0,0
2021-01-20T23:59:59+01:00,971,1112,2256,2924,1948,3579,1902,4968,2148,3739,969,1112,1061,2217,723,2911,30,8,77,68,55,72,65,171,89,125,89,95,91,156,63,199,34535,1453,5,0,0,0,0
2021-01-19T23:59:59+01:00,892,993,1964,2492,1704,3086,1672,4304,1921,3329,900,1011,930,1933,631,2576,13,4,49,47,33,40,33,100,39,75,38,35,47,84,37,130,30334,804,4,0,0,0,0
2021-01-18T23:59:59+01:00,814,906,1722,2086,1468,2602,1413,3608,1687,2877,822,929,826,1705,585,2326,7,2,17,12,14,19,17,53,15,34,22,23,24,56,28,75,26373,418,3,0,0,0,0
2021-01-17T23:59:59+01:00,603,700,1407,1694,1192,2043,1156,2853,1416,2318,678,782,690,1416,481,1970,1,0,2,2,0,0,0,0,0,0,0,0,0,0,0,0,21396,5,3,0,0,0,0
2021-01-16T23:59:59+01:00,458,508,1232,1475,1076,1731,1008,2442,1262,1941,601,702,670,1403,479,1969,0,0,0,0,0,0,0,0,0,0,0,0,0,0,0,0,18955,0,2,0,0,0,0
2021-01-15T23:59:59+01:00,335,305,1050,1180,924,1383,846,1984,1073,1564,500,607,636,1371,469,1931,0,0,0,0,0,0,0,0,0,0,0,0,0,0,0,0,16156,0,2,0,0,0,0
2021-01-14T23:59:59+01:00,188,138,732,801,628,883,607,1302,717,1004,330,429,527,1183,422,1718,0,0,0,0,0,0,0,0,0,0,0,0,0,0,0,0,11609,0,0,0,0,0,0
2021-01-13T23:59:59+01:00,162,112,612,626,502,701,495,1029,563,779,275,350,442,1007,366,1454,0,0,0,0,0,0,0,0,0,0,0,0,0,0,0,0,9475,0,0,0,0,0,0
2021-01-12T23:59:59+01:00,146,93,534,537,430,606,439,916,493,695,247,309,367,832,311,1183,0,0,0,0,0,0,0,0,0,0,0,0,0,0,0,0,8138,0,0,0,0,0,0
2021-01-11T23:59:59+01:00,116,73,430,438,352,495,351,729,390,536,215,256,304,698,253,988,0,0,0,0,0,0,0,0,0,0,0,0,0,0,0,0,6624,0,0,0,0,0,0
2021-01-10T23:59:59+01:00,100,60,356,362,290,410,297,636,324,475,187,224,241,555,201,769,0,0,0,0,0,0,0,0,0,0,0,0,0,0,0,0,5487,0,0,0,0,0,0
2021-01-09T23:59:59+01:00,100,58,338,343,267,386,290,622,316,468,186,223,240,553,201,769,0,0,0,0,0,0,0,0,0,0,0,0,0,0,0,0,5360,0,0,0,0,0,0
2021-01-08T23:59:59+01:00,94,52,298,308,226,344,265,591,289,440,170,204,219,487,183,686,0,0,0,0,0,0,0,0,0,0,0,0,0,0,0,0,4856,0,0,0,0,0,0
2021-01-07T23:59:59+01:00,76,33,204,207,162,247,202,426,224,310,141,160,164,317,115,427,0,0,0,0,0,0,0,0,0,0,0,0,0,0,0,0,3415,0,0,0,0,0,0
2021-01-06T23:59:59+01:00,64,21,150,124,115,161,149,303,166,216,109,129,125,245,79,298,0,0,0,0,0,0,0,0,0,0,0,0,0,0,0,0,2454,0,0,0,0,0,0
2021-01-05T23:59:59+01:00,40,11,90,77,62,95,84,212,110,140,104,119,117,227,78,275,0,0,0,0,0,0,0,0,0,0,0,0,0,0,0,0,1841,0,0,0,0,0,0
2021-01-04T23:59:59+01:00,38,11,90,77,59,93,84,211,110,139,104,118,117,227,78,275,0,0,0,0,0,0,0,0,0,0,0,0,0,0,0,0,1831,0,0,0,0,0,0
2021-01-03T23:59:59+01:00,38,11,90,77,59,93,84,211,110,139,104,118,117,227,78,275,0,0,0,0,0,0,0,0,0,0,0,0,0,0,0,0,1831,0,0,0,0,0,0
2021-01-02T23:59:59+01:00,38,11,90,77,59,93,84,211,110,139,104,118,117,227,78,275,0,0,0,0,0,0,0,0,0,0,0,0,0,0,0,0,1831,0,0,0,0,0,0
2021-01-01T23:59:59+01:00,38,11,90,77,59,93,84,211,110,138,103,117,117,227,78,275,0,0,0,0,0,0,0,0,0,0,0,0,0,0,0,0,1828,0,0,0,0,0,0
2020-12-31T23:59:59+01:00,38,11,90,77,59,93,84,211,110,138,103,117,117,227,78,275,0,0,0,0,0,0,0,0,0,0,0,0,0,0,0,0,1828,0,0,0,0,0,0
2020-12-30T23:59:59+01:00,38,11,90,77,58,93,84,211,110,138,103,117,117,227,78,275,0,0,0,0,0,0,0,0,0,0,0,0,0,0,0,0,1827,0,0,0,0,0,0
2020-12-29T23:59:59+01:00,19,5,63,57,35,59,49,137,61,88,47,50,69,138,48,186,0,0,0,0,0,0,0,0,0,0,0,0,0,0,0,0,1111,0,0,0,0,0,0
2020-12-28T23:59:59+01:00,7,4,36,26,20,29,20,68,22,41,23,22,25,51,28,74,0,0,0,0,0,0,0,0,0,0,0,0,0,0,0,0,496,0,0,0,0,0,0
2020-12-27T23:59:59+01:00,1,0,7,5,6,2,1,5,0,2,0,1,2,3,4,5,0,0,0,0,0,0,0,0,0,0,0,0,0,0,0,0,44,0,0,0,0,0,0
