Datum,<15_m,<15_w,15-24_1_m,15-24_1_w,25-34_1_m,25-34_1_w,35-44_1_m,35-44_1_w,45-54_1_m,45-54_1_w,55-64_1_m,55-64_1_w,65-74_1_m,65-74_1_w,75-84_1_m,75-84_1_w,>84_1_m,>84_1_w,<24_2_m,<24_2_w,25-34_2_m,25-34_2_w,35-44_2_m,35-44_2_w,45-54_2_m,45-54_2_w,55-64_2_m,55-64_2_w,65-74_2_m,65-74_2_w,75-84_2_m,75-84_2_w,>84_2_m,>84_2_w,bp_1,bp_2,mo_1,mo_2,az_1,az_2,ja,unb_1,unb_2
2021-08-25T23:59:59+02:00,7673,7356,57818,58224,100811,98565,92725,92230,90483,96011,90924,93254,54913,68293,43432,60231,10500,21175,51106,51695,93589,90762,86487,85070,85231,90149,86703,89041,52975,65813,42103,58147,10086,20158,776700,727198,132590,124017,158360,142329,76865,103,89
2021-08-24T23:59:59+02:00,7625,7307,57611,58018,100633,98405,92566,92073,90381,95893,90841,93191,54880,68240,43410,60196,10493,21156,50799,51453,93258,90489,86201,84829,85038,89973,86556,88887,52898,65724,42059,58087,10078,20140,775624,725483,132503,123724,158356,142113,76333,103,89
2021-08-23T23:59:59+02:00,7572,7258,57416,57828,100471,98253,92442,91921,90293,95810,90770,93107,54846,68197,43384,60178,10491,21142,50488,51195,92928,90222,85959,84560,84850,89811,86425,88763,52823,65636,42028,58043,10072,20125,774545,723653,132432,123445,158346,141938,75953,103,89
2021-08-22T23:59:59+02:00,7505,7202,57225,57651,100283,98105,92287,91792,90197,95693,90694,93042,54814,68153,43371,60154,10486,21128,50127,50852,92537,89833,85657,84267,84617,89580,86258,88641,52749,65536,41997,57985,10063,20102,773562,721383,132339,123144,158334,141728,75444,103,89
2021-08-21T23:59:59+02:00,7452,7164,57095,57531,100153,98003,92184,91689,90100,95635,90638,93007,54794,68132,43363,60137,10484,21125,49801,50554,92377,89693,85488,84118,84471,89459,86174,88582,52718,65514,41987,57970,10062,20096,772896,719895,132268,122917,158333,141688,75086,103,89
2021-08-20T23:59:59+02:00,7403,7111,56944,57362,99985,97850,92035,91554,89983,95515,90564,92947,54772,68110,43353,60119,10482,21121,49482,50230,92121,89434,85230,83881,84257,89258,86046,88475,52687,65473,41965,57946,10055,20090,771955,717995,132222,122710,158329,141621,74601,103,89
2021-08-19T23:59:59+02:00,7337,7051,56714,57139,99732,97631,91842,91373,89824,95357,90442,92846,54732,68053,43329,60089,10476,21108,49052,49806,91710,89045,84832,83485,83955,88955,85834,88294,52617,65368,41927,57888,10045,20072,770668,715371,132099,122273,158324,141420,73881,103,89
2021-08-18T23:59:59+02:00,7276,6997,56539,56984,99557,97463,91703,91219,89690,95239,90341,92751,54666,67991,43301,60045,10467,21088,48714,49452,91342,88730,84519,83158,83683,88703,85647,88127,52506,65258,41859,57799,10031,20042,769561,713049,132017,121885,158317,141187,73319,103,89
2021-08-17T23:59:59+02:00,7215,6946,56359,56832,99367,97291,91545,91079,89570,95111,90245,92662,54630,67944,43278,60018,10465,21073,48233,49046,90898,88309,84120,82807,83356,88418,85445,87929,52404,65136,41803,57724,10025,20020,768487,710092,131916,121480,158303,140901,72821,103,89
2021-08-16T23:59:59+02:00,7158,6880,56183,56668,99179,97121,91400,90928,89436,94996,90134,92566,54578,67883,43250,59970,10457,21060,47682,48488,90437,87880,83660,82416,83032,88128,85221,87731,52303,65023,41747,57646,10016,19984,767360,706653,131829,121039,158296,140675,72259,103,89
2021-08-15T23:59:59+02:00,7094,6831,55972,56487,99001,96950,91248,90794,89313,94894,90045,92508,54543,67842,43231,59941,10453,21054,46575,47391,89801,87204,83114,81892,82641,87744,84936,87527,52196,64901,41706,57589,10007,19964,766332,700958,131721,120412,158287,140499,71758,103,89
2021-08-14T23:59:59+02:00,7064,6802,55855,56397,98861,96851,91145,90719,89227,94826,89995,92464,54528,67826,43226,59934,10452,21053,46429,47255,89578,87028,82904,81690,82519,87647,84869,87483,52168,64871,41697,57578,10006,19962,765818,700177,131666,120094,158283,140447,71355,103,89
2021-08-13T23:59:59+02:00,7021,6758,55709,56276,98711,96728,91023,90587,89126,94714,89918,92403,54499,67777,43212,59912,10450,21047,46134,46948,89116,86641,82517,81321,82261,87413,84706,87347,52126,64805,41676,57554,10003,19951,765027,698012,131609,119550,158276,140370,70858,101,89
2021-08-12T23:59:59+02:00,6986,6708,55506,56119,98512,96553,90852,90430,88983,94577,89828,92327,54462,67725,43187,59878,10442,21030,45730,46567,88495,86082,81951,80788,81888,87096,84479,87175,52054,64706,41625,57495,9993,19934,764005,695136,131503,118722,158265,140127,70231,101,89
2021-08-11T23:59:59+02:00,6952,6654,55320,55955,98312,96378,90701,90298,88854,94468,89719,92226,54411,67668,43156,59840,10432,21015,45323,46118,87895,85430,81381,80285,81561,86796,84215,86938,51971,64573,41553,57375,9976,19891,762913,692048,131408,117784,158244,139797,69693,101,88
2021-08-10T23:59:59+02:00,6892,6608,55139,55799,98111,96241,90543,90152,88728,94357,89636,92153,54368,67623,43140,59803,10428,21002,44899,45661,87258,84827,80784,79752,81157,86419,83975,86729,51850,64468,41497,57290,9963,19860,761898,688782,131315,116848,158225,139487,69184,101,88
2021-08-09T23:59:59+02:00,6843,6552,54975,55638,97927,96099,90401,90018,88598,94264,89530,92094,54331,67578,43115,59771,10421,20988,44351,45116,86434,84158,80102,79174,80747,86077,83683,86509,51743,64338,41441,57191,9949,19817,760957,685029,131244,115794,158216,139144,68625,101,88
2021-08-08T23:59:59+02:00,6778,6486,54757,55457,97734,95919,90232,89859,88467,94152,89438,92021,54278,67533,43090,59737,10414,20967,43759,44518,85390,83242,79215,78372,80215,85608,83360,86214,51613,64187,41381,57101,9937,19791,759810,680024,131135,114616,158196,138836,68077,101,88
2021-08-07T23:59:59+02:00,6734,6438,54620,55335,97601,95811,90106,89759,88374,94094,89376,91981,54260,67507,43086,59727,10411,20963,42934,43652,85062,82914,78747,77937,79861,85260,83177,86073,51550,64104,41360,57065,9932,19782,759170,676379,131071,113472,158192,138730,67649,101,87
2021-08-06T23:59:59+02:00,6680,6389,54434,55193,97379,95634,89958,89631,88250,93983,89283,91913,54221,67480,43077,59701,10408,20959,42021,42777,84608,82463,78157,77383,79473,84881,82988,85926,51500,64040,41334,57033,9924,19770,758242,672468,130983,112197,158185,138596,67062,101,87
2021-08-05T23:59:59+02:00,6616,6321,54126,54960,97100,95383,89716,89425,88046,93803,89116,91786,54158,67393,43048,59649,10399,20940,40801,41634,83891,81802,77390,76596,78878,84323,82635,85625,51369,63882,41273,56934,9909,19738,756702,666979,130859,110583,158174,138057,66149,101,87
2021-08-04T23:59:59+02:00,6536,6270,53896,54781,96869,95180,89546,89262,87909,93666,89002,91692,54105,67341,43012,59604,10396,20930,40343,41156,82700,80763,76068,75455,78390,83876,82319,85379,51232,63745,41217,56851,9893,19713,755459,661849,130756,109085,158161,137604,65520,101,87
2021-08-03T23:59:59+02:00,6472,6208,53641,54590,96643,94992,89377,89104,87769,93523,88859,91572,54028,67260,42977,59546,10388,20922,39908,40749,81457,79632,74651,74267,77789,83312,81779,84891,51023,63543,41117,56696,9880,19678,754110,656078,130655,107389,158138,136900,64867,101,87
2021-08-02T23:59:59+02:00,6411,6145,53403,54394,96391,94781,89166,88934,87606,93380,88718,91458,53946,67190,42946,59498,10385,20902,39447,40285,80157,78534,73107,73062,77167,82744,81240,84412,50854,63342,41043,56577,9863,19645,752716,650088,130511,105630,158117,136302,64209,101,87
2021-08-01T23:59:59+02:00,6347,6060,53139,54134,96134,94513,88936,88765,87401,93237,88555,91348,53885,67108,42910,59446,10378,20895,38933,39795,78869,77455,71705,71964,76281,81994,80659,83951,50670,63107,40960,56473,9853,19621,751140,643958,130322,103733,158098,135695,63530,101,87
2021-07-31T23:59:59+02:00,6312,6022,53022,54043,96019,94421,88835,88698,87312,93166,88511,91312,53874,67099,42904,59442,10378,20894,37990,38791,78426,77017,71174,71412,75900,81667,80543,83855,50651,63074,40944,56462,9853,19618,750667,639333,130159,102861,158096,135600,63241,101,87
2021-07-30T23:59:59+02:00,6259,5987,52854,53903,95865,94250,88685,88553,87185,93053,88430,91243,53837,67069,42892,59424,10376,20892,36996,37750,77737,76378,70429,70682,75388,81143,80143,83534,50577,62986,40912,56402,9847,19607,749797,633206,129848,101729,158093,135393,62918,101,87
2021-07-29T23:59:59+02:00,6208,5929,52625,53725,95617,94027,88473,88346,87020,92881,88291,91121,53781,67006,42869,59391,10369,20874,35757,36536,76693,75506,69380,69732,74587,80398,79605,83109,50445,62823,40845,56308,9830,19580,748584,625503,129385,100179,158079,134838,62404,101,87
2021-07-28T23:59:59+02:00,6170,5877,52431,53563,95413,93826,88329,88168,86904,92742,88182,91029,53725,66935,42837,59343,10360,20845,35154,35958,75542,74538,68108,68627,73829,79688,79115,82659,50308,62622,40777,56206,9814,19542,747448,619235,128945,98771,158061,134056,62124,101,87
2021-07-27T23:59:59+02:00,6122,5838,52200,53342,95153,93620,88153,87987,86748,92594,88062,90932,53672,66863,42793,59281,10346,20797,34505,35235,74098,73308,66664,67414,72970,78839,78573,82150,50136,62414,40697,56085,9789,19499,746062,612041,128526,97321,158039,132823,61775,101,86
2021-07-26T23:59:59+02:00,6065,5787,51988,53140,94916,93429,87962,87823,86591,92460,87932,90834,53612,66784,42764,59227,10339,20776,33752,34437,72595,71981,65306,66180,71929,77860,77985,81623,49967,62200,40619,55939,9767,19454,744745,604052,128105,95797,158023,131761,61455,101,86
2021-07-25T23:59:59+02:00,6027,5745,51790,52949,94666,93205,87797,87640,86442,92332,87825,90738,53562,66721,42736,59183,10329,20740,33048,33697,71257,70780,64199,65170,70928,76956,77519,81178,49851,62017,40555,55852,9761,19420,743397,597144,127831,94233,158005,130970,61093,101,86
2021-07-24T23:59:59+02:00,5940,5690,51518,52660,94363,92895,87552,87428,86266,92177,87726,90659,53532,66687,42725,59160,10329,20734,32564,33222,70404,70095,63529,64619,70054,76259,77315,81027,49797,61975,40534,55827,9761,19418,741547,592789,127776,93303,158002,130847,60615,101,86
2021-07-23T23:59:59+02:00,5888,5635,51254,52392,93976,92619,87263,87215,86086,91997,87591,90564,53499,66640,42717,59142,10326,20728,32062,32607,69351,69254,62749,63957,69150,75413,76914,80702,49722,61877,40502,55789,9754,19404,739537,587254,127703,92144,157996,130670,60195,101,86
2021-07-22T23:59:59+02:00,5819,5571,50844,51997,93524,92185,86884,86888,85781,91700,87375,90385,53414,66547,42688,59084,10317,20703,31376,31903,68057,68268,61708,63079,67533,74065,76270,80197,49571,61674,40412,55679,9733,19366,736554,580903,127470,89392,157972,129906,59609,101,86
2021-07-21T23:59:59+02:00,5767,5520,50488,51626,93096,91778,86583,86590,85526,91459,87206,90203,53332,66466,42630,59017,10306,20675,30782,31278,66728,67232,60629,62184,65497,72380,75366,79454,49282,61366,40252,55491,9709,19311,733805,574662,127237,85093,157947,128822,59178,101,86
2021-07-20T23:59:59+02:00,5709,5457,50104,51241,92640,91318,86219,86272,85263,91208,86989,90009,53242,66332,42586,58958,10300,20650,30133,30653,65279,66058,59490,61231,64313,71323,74756,78902,49075,61133,40146,55334,9687,19250,730897,567661,127017,83434,157891,127799,58591,101,86
2021-07-19T23:59:59+02:00,5630,5383,49644,50792,92171,90850,85856,85945,85014,90997,86785,89835,53149,66214,42550,58881,10283,20614,29601,30093,64124,65007,58575,60369,63162,70288,74162,78388,48901,60936,40054,55190,9659,19205,727667,561922,126795,81632,157858,126614,58172,101,86
2021-07-18T23:59:59+02:00,5562,5314,48823,49984,91124,89823,85137,85339,84544,90574,86494,89545,53042,66066,42487,58786,10273,20583,29055,29516,62956,63941,57652,59457,61988,69264,73616,77891,48755,60775,39996,55107,9647,19177,721298,556117,126465,79615,157842,125812,57794,101,86
2021-07-17T23:59:59+02:00,5388,5128,48473,49656,90980,89690,84942,85181,84388,90440,86385,89462,53020,66039,42476,58774,10272,20580,28678,29148,62318,63348,57105,59033,61230,68529,73311,77650,48645,60658,39956,55049,9637,19166,720125,553133,126288,78648,157836,125194,56924,101,86
2021-07-16T23:59:59+02:00,5289,5037,48155,49374,90717,89472,84698,84982,84184,90256,86247,89354,52979,66008,42457,58760,10269,20575,28189,28660,61389,62443,56261,58346,60175,67494,72809,77232,48486,60471,39911,54981,9632,19157,718757,548211,126120,77327,157826,124458,56009,101,86
2021-07-15T23:59:59+02:00,5153,4906,47682,48969,90330,89104,84343,84603,83887,89982,86028,89186,52900,65918,42403,58692,10259,20548,27464,28051,60085,61395,55148,57365,58777,66188,72084,76650,48265,60213,39825,54855,9616,19102,716329,542465,125702,75141,157791,122803,54970,101,86
2021-07-14T23:59:59+02:00,5047,4793,47341,48596,90035,88815,84059,84292,83637,89743,85825,89031,52812,65810,42345,58604,10242,20518,26950,27513,59007,60410,54187,56532,57905,65345,71473,76070,47998,59935,39722,54682,9594,19058,714188,537120,125344,74227,157744,121120,54168,101,86
2021-07-13T23:59:59+02:00,4934,4676,46942,48220,89646,88459,83754,83991,83374,89488,85622,88866,52705,65706,42291,58540,10236,20498,26307,26863,57641,59231,52995,55547,56916,64435,70750,75435,47723,59614,39594,54506,9565,19008,711860,530825,124975,73128,157695,119087,53318,100,85
2021-07-12T23:59:59+02:00,4766,4507,46405,47715,89250,88126,83364,83677,83128,89234,85435,88708,52624,65611,42243,58475,10224,20483,25689,26223,56138,57889,51703,54488,55692,63298,70008,74817,47352,59187,39419,54285,9524,18943,709195,523576,124605,72102,157632,116747,52443,100,84
2021-07-11T23:59:59+02:00,4371,4136,45464,46798,88828,87699,82951,83293,82822,88948,85245,88563,52539,65521,42218,58419,10213,20466,25093,25661,54767,56632,50408,53449,54648,62269,69419,74268,47007,58805,39295,54110,9499,18901,705277,516978,124134,71094,157593,114962,51390,100,84
2021-07-10T23:59:59+02:00,4359,4121,45134,46463,88377,87221,82622,82983,82719,88851,85177,88505,52519,65498,42209,58405,10212,20462,24609,25136,53692,55698,49551,52868,54054,61701,69203,74081,46636,58387,39195,54006,9494,18890,704615,512694,123670,71011,157418,113644,50034,100,84
2021-07-09T23:59:59+02:00,4340,4108,44715,46031,87769,86672,82246,82645,82469,88667,85063,88412,52485,65469,42202,58392,10208,20453,23914,24370,52378,54464,48618,51988,53277,60851,68783,73682,46276,57981,39109,53916,9486,18878,703225,506551,123092,70607,157253,112299,48676,100,83
2021-07-08T23:59:59+02:00,4315,4082,44169,45551,86912,85973,81726,82138,82216,88429,84868,88259,52420,65402,42171,58346,10197,20437,22945,23452,50447,52910,47243,50839,52143,59729,68103,73050,45762,57430,38974,53753,9458,18809,701144,498873,122205,69342,156963,109770,47199,100,83
2021-07-07T23:59:59+02:00,4292,4054,43602,44982,86087,85210,81185,81662,81932,88136,84666,88098,52342,65303,42131,58284,10190,20417,22085,22564,48508,51235,45738,49705,50910,58554,67417,72517,45033,56693,38785,53516,9427,18751,698672,490770,121212,68229,156711,106674,45879,99,81
2021-07-06T23:59:59+02:00,4260,4034,43062,44467,85241,84481,80578,81073,81564,87808,84493,87924,52253,65221,42093,58221,10181,20392,21258,21713,46530,49451,44354,48455,49638,57221,66673,71797,44207,55923,38600,53277,9409,18695,696060,481838,120190,67149,156410,103721,44588,98,81
2021-07-05T23:59:59+02:00,4237,3998,41922,43500,83748,83401,79848,80463,81113,87391,84221,87663,52136,65084,42044,58143,10167,20364,20087,20672,44589,47862,43330,47493,48613,56262,65977,71181,43450,55062,38428,53054,9385,18656,692799,475887,119132,66282,156045,100635,41369,98,81
2021-07-04T23:59:59+02:00,4210,3977,40578,42309,82115,82088,79129,79855,80643,86966,83952,87468,52046,64959,41998,58092,10154,20335,18743,19469,42805,46352,42632,46755,47806,55405,65399,70614,42708,54219,38264,52863,9366,18608,689736,471258,117979,65355,155624,98020,37437,98,81
2021-07-03T23:59:59+02:00,3747,3562,39020,40783,81260,81437,78645,79365,80200,86490,83736,87298,51977,64858,41980,58040,10151,20329,17934,18782,41893,45664,42214,46374,47401,55006,65235,70449,42121,53493,38202,52764,9359,18598,686043,469330,116670,65255,155539,96432,34528,98,81
2021-07-02T23:59:59+02:00,3188,2990,37473,39305,80544,80712,77974,78667,79681,85986,83494,87098,51926,64772,41951,57992,10139,20316,17180,18070,40754,44712,41481,45683,46567,54224,64715,70002,41173,52288,38072,52576,9343,18579,681039,464297,115265,64795,155383,93944,32423,98,80
2021-07-01T23:59:59+02:00,2546,2446,35763,37659,79576,79856,77144,77839,78978,85350,83179,86820,51805,64613,41888,57888,10120,20288,16318,17181,39224,43479,40268,44619,45261,53097,63980,69429,40286,51154,37922,52369,9326,18547,674758,457960,113558,63145,155156,91183,30188,98,80
2021-06-30T23:59:59+02:00,2504,2415,34762,36659,77750,78357,75439,76340,78319,84803,82895,86527,51675,64453,41828,57793,10108,20261,15298,16221,37544,42253,39070,43508,44102,52045,63228,68804,39742,50473,37807,52174,9304,18512,668916,451859,111824,61807,154941,89307,27109,98,79
2021-06-29T23:59:59+02:00,2471,2382,33933,35778,76154,76872,73821,74922,77529,84085,82351,86038,51494,64234,41752,57662,10091,20225,14469,15325,36232,41114,38150,42687,42877,50995,62517,68220,39037,49541,37671,51956,9282,18469,662596,446708,109951,59970,154670,87361,24479,98,78
2021-06-28T23:59:59+02:00,2431,2349,33130,34982,74535,75464,72142,73522,76505,83297,81745,85540,51315,64007,41675,57555,10078,20191,13728,14582,35177,40099,37324,41956,41753,50000,61869,67675,38165,48455,37504,51736,9262,18422,656148,441894,107987,58457,154075,85164,22155,98,77
2021-06-27T23:59:59+02:00,2417,2334,32398,34242,72967,74094,70739,72316,75108,82177,81069,84988,51115,63790,41610,57439,10068,20162,13096,13955,34219,39348,36669,41351,40821,49152,61332,67231,37306,47428,37352,51559,9247,18391,649961,438011,106049,57695,153123,82907,19802,98,77
2021-06-26T23:59:59+02:00,1785,1727,31368,33147,72616,73777,70274,71851,74814,81865,80975,84905,51093,63762,41596,57429,10067,20159,12904,13749,33558,38806,36028,40931,40302,48817,60336,66230,36319,46293,37185,51345,9233,18358,645195,432049,105112,57643,153118,80968,19691,94,77
2021-06-25T23:59:59+02:00,1167,1129,30257,31988,72131,73252,69659,71154,74391,81421,80599,84582,51032,63676,41562,57386,10062,20145,12582,13363,32704,38008,35160,40108,39364,47980,59125,64997,35804,45594,36993,51045,9210,18315,638907,423639,103923,57197,153110,79910,19559,94,77
2021-06-24T23:59:59+02:00,567,570,28925,30679,71360,72508,68786,70271,73720,80793,80154,84219,50926,63547,41510,57317,10051,20111,11926,12670,31543,36708,33947,38841,38238,46871,57491,63621,35331,45075,36837,50857,9191,18255,631146,414332,102431,55647,152996,78024,19347,94,76
2021-06-23T23:59:59+02:00,540,537,28423,30139,70256,71527,67510,69135,72973,80106,79705,83817,50815,63373,41449,57221,10034,20080,11439,12144,30545,35460,33017,37617,37226,45994,55554,61912,34781,44510,36669,50630,9170,18190,624941,404595,100859,54583,152891,76770,18855,94,76
2021-06-22T23:59:59+02:00,517,521,27912,29560,69082,70501,66307,68103,72294,79401,79290,83451,50709,63246,41401,57137,10025,20055,11095,11748,29624,34524,32053,36732,36266,45105,53588,60079,34394,44034,36531,50389,9141,18133,618626,396085,99399,53010,152757,75648,18636,94,75
2021-06-21T23:59:59+02:00,485,487,27249,28901,67764,69334,65124,66971,71533,78622,78894,83057,50601,63137,41342,57050,10012,20013,10804,11438,29000,33942,31503,36165,35666,44517,51742,58422,33687,43235,36236,49967,9112,18057,611828,388531,97904,51812,152636,74977,18115,93,75
2021-06-20T23:59:59+02:00,400,406,26612,28244,66546,68202,64102,66030,70729,77881,78539,82721,50523,63012,41293,56982,10007,19980,10517,11177,28454,33442,31047,35672,35157,43994,49905,56635,33145,42553,36039,49632,9082,17997,605452,381126,96438,51059,152538,74514,17688,93,73
2021-06-19T23:59:59+02:00,368,372,26234,27879,65816,67632,63578,65534,69933,77228,78386,82596,50502,62987,41277,56966,10006,19980,10388,10984,28207,33124,30793,35351,34935,43734,48460,55241,32885,42205,35956,49495,9074,17969,601514,375732,95496,51047,152536,74326,17635,93,73
2021-06-18T23:59:59+02:00,341,338,25774,27420,64804,66898,62840,64921,69014,76391,77996,82260,50441,62911,41250,56930,10002,19972,10174,10749,27803,32701,30467,34940,34549,43344,46735,53581,32534,41692,35819,49284,9055,17935,596108,368904,94254,50760,152528,74116,17521,92,73
2021-06-17T23:59:59+02:00,312,307,25144,26818,63551,65898,61847,64107,67423,74988,77473,81860,50341,62758,41187,56847,9989,19944,9759,10396,27010,32016,29726,34261,33712,42643,45232,52090,32089,41065,35656,49030,9023,17885,590042,361493,91602,49620,152371,73732,16688,91,72
2021-06-16T23:59:59+02:00,278,269,24623,26241,62256,64771,60739,63125,65150,73068,76627,81204,50130,62547,41096,56735,9970,19913,9439,10145,26358,31346,29018,33638,32983,42009,44640,51526,31819,40706,35510,48831,9002,17844,583815,357799,87093,48914,151933,72227,15812,89,72
2021-06-15T23:59:59+02:00,239,238,23987,25559,60855,63568,59657,62141,63995,71983,76124,80782,50007,62399,41046,56638,9963,19883,9179,9877,25757,30612,28379,32881,32306,41287,43083,49904,31373,40153,35339,48598,8972,17780,576722,351104,85464,48022,151467,70970,15322,89,72
2021-06-14T23:59:59+02:00,217,206,23522,24975,59752,62512,58782,61291,62921,70975,75650,80389,49920,62276,40996,56566,9947,19857,8893,9578,25003,29722,27614,32046,31515,40472,41800,48567,31005,39654,35202,48374,8942,17729,570865,344973,83743,46998,151265,69290,14792,89,72
2021-06-13T23:59:59+02:00,212,191,23105,24510,58822,61607,58006,60507,61814,70005,75182,79959,49832,62160,40947,56507,9935,19827,8617,9281,24294,28880,26898,31206,30752,39621,40254,46991,30542,39046,35001,48071,8912,17640,565857,337942,81879,46218,151035,67516,14268,89,71
2021-06-12T23:59:59+02:00,199,174,22879,24246,58273,61107,57647,60228,61172,69362,74982,79846,49808,62129,40935,56493,9932,19823,8503,9165,23815,28294,26381,30637,30237,39062,39177,46017,30375,38867,34905,47906,8908,17629,562968,333744,80922,46215,151027,65628,14229,89,71
2021-06-11T23:59:59+02:00,181,158,22528,23835,57535,60295,56973,59600,60267,68430,74631,79538,49735,62056,40910,56457,9929,19817,8371,8977,23306,27622,25848,29980,29657,38429,38106,45009,30105,38512,34763,47683,8895,17603,557976,328909,79631,45956,151014,63774,14165,89,70
2021-06-10T23:59:59+02:00,166,141,21997,23277,56407,59367,56043,58782,59011,67258,74096,79132,49664,61949,40886,56406,9916,19789,8110,8730,22440,26677,24885,29042,28539,37501,36717,43845,29752,38035,34483,47250,8828,17528,552436,322022,77426,45248,150772,61468,13564,89,68
2021-06-09T23:59:59+02:00,145,127,21379,22730,55155,58274,54981,57873,58060,66353,73632,78739,49577,61849,40836,56344,9902,19759,7824,8467,21523,25810,23948,28148,27507,36553,35000,42061,29369,37535,34298,46980,8787,17438,546717,314594,75977,44522,150419,59561,12513,89,66
2021-06-08T23:59:59+02:00,123,109,20710,22049,53846,57144,53862,56899,57105,65495,73085,78304,49490,61725,40781,56252,9882,19728,7556,8234,20610,24914,22889,27284,26474,35596,33651,40759,29011,37027,33978,46528,8734,17355,540066,308293,75058,43756,149975,57091,11401,89,65
2021-06-07T23:59:59+02:00,106,91,20066,21453,52411,55892,52598,55922,55946,64511,72534,77903,49405,61619,40735,56188,9869,19700,7310,8015,19768,24091,21864,26470,25442,34725,32717,39979,28727,36637,33733,46101,8683,17264,532816,303678,74163,42939,149563,54530,10318,89,65
2021-06-06T23:59:59+02:00,99,85,19559,20918,51265,54803,51498,54945,54984,63557,72026,77500,49320,61544,40698,56125,9862,19684,7102,7817,18980,23199,20964,25598,24371,33742,31805,39163,28442,36299,33477,45711,8634,17189,526495,299116,73142,42200,149227,51595,9521,87,65
2021-06-05T23:59:59+02:00,93,77,19294,20628,50495,54055,50845,54442,54510,63069,71892,77385,49307,61529,40695,56121,9859,19684,6876,7407,18341,22125,20244,24482,23496,32501,30781,37846,28113,35836,33353,45537,8627,17169,522190,292818,73137,42161,149115,48243,9451,87,65
2021-06-04T23:59:59+02:00,83,71,18851,20047,49449,53053,50035,53574,53862,62285,71549,77056,49278,61492,40675,56107,9857,19677,6658,7097,17721,21275,19568,23495,22568,31234,29572,36515,27826,35475,33241,45362,8615,17149,515732,286411,72815,42092,149097,45536,9270,87,65
2021-06-03T23:59:59+02:00,72,60,18179,19375,47931,51757,48829,52454,52898,61272,71053,76596,49213,61389,40637,56062,9844,19653,6370,6707,16986,20233,18776,22349,21570,29822,28412,35037,27282,34697,33035,45037,8579,17074,508014,279686,71801,41346,148821,42321,8552,86,64
2021-06-02T23:59:59+02:00,67,56,17810,18874,46919,50778,47967,51711,52158,60523,70806,76384,49177,61353,40618,56034,9836,19639,6188,6468,16337,19553,17870,21599,20740,28884,27318,33637,26816,34093,32876,44787,8550,17004,501767,273421,71784,41331,148797,39633,8277,85,61
2021-06-01T23:59:59+02:00,56,50,17141,18155,45066,49042,46323,50254,50639,59081,70130,75784,49087,61241,40559,55961,9823,19590,5914,6159,15178,18652,16363,20640,19535,27645,26095,32246,26265,33402,32627,44441,8504,16900,492658,266949,70443,40766,148246,36240,6552,83,61
2021-05-31T23:59:59+02:00,54,46,16666,17673,43757,47904,45117,49156,49403,57971,69454,75275,49009,61138,40515,55891,9811,19554,5637,5840,14138,17822,14964,19724,18366,26539,24875,30906,25749,32687,32433,44145,8470,16801,486420,260667,69280,40222,147784,33321,4828,82,60
2021-05-30T23:59:59+02:00,47,45,16343,17281,42781,46971,44212,48251,48410,56974,68895,74730,48902,60983,40444,55779,9796,19511,5449,5598,13590,17123,14343,19030,17480,25574,23774,29734,24980,31739,32140,43727,8425,16712,480443,254709,68245,39423,147376,31023,4209,82,56
2021-05-29T23:59:59+02:00,47,45,16212,17164,42422,46655,43869,47985,48169,56785,68837,74673,48896,60976,40438,55776,9796,19511,5286,5358,13080,16312,13697,18182,16638,24408,22664,28434,24824,31508,32077,43634,8422,16705,478480,249121,68122,39423,147367,28427,4205,82,55
2021-05-28T23:59:59+02:00,46,43,15912,16859,41726,46027,43358,47424,47663,56245,68564,74377,48831,60895,40410,55727,9793,19506,5047,4974,12544,15395,13020,17319,15774,23174,21566,27000,24577,31142,31983,43500,8412,16688,474198,243100,67621,39318,147338,25479,4167,82,53
2021-05-27T23:59:59+02:00,43,39,15393,16339,40579,45048,42340,46542,46676,55358,67979,73944,48709,60735,40356,55655,9782,19465,4823,4638,11903,14567,12235,16381,14705,21983,20307,25493,24073,30401,31811,43238,8379,16606,468373,235757,66108,38514,146617,23421,3802,82,51
2021-05-26T23:59:59+02:00,41,38,14985,15914,39481,44131,41305,45660,45651,54482,67373,73435,48557,60557,40276,55487,9761,19417,4630,4442,11346,13806,11512,15532,13702,20849,18912,23906,23488,29620,31595,42896,8327,16505,463252,228500,64082,37652,145631,21363,3504,82,51
2021-05-25T23:59:59+02:00,41,37,14595,15511,38476,43243,40338,44805,44700,53565,66763,72905,48377,60322,40197,55355,9735,19363,4423,4240,10804,13160,10752,14750,12637,19615,17478,22399,22905,28841,31361,42577,8269,16417,457952,221150,62500,36713,144523,19447,3271,82,49
2021-05-24T23:59:59+02:00,40,36,14253,15187,37647,42506,39464,44132,43838,52782,66234,72421,48252,60144,40133,55232,9715,19319,4280,4115,10358,12698,10112,14163,11754,18783,16191,21142,22235,28009,31144,42248,8210,16327,453331,214255,61271,35773,143790,18834,2861,82,48
2021-05-23T23:59:59+02:00,36,36,14085,15014,37178,42134,39014,43727,43386,52378,65963,72193,48177,60053,40095,55186,9707,19295,4090,3975,9894,12222,9488,13554,10814,17967,14998,20077,21768,27442,30892,41959,8161,16244,450141,207264,60893,35691,143765,17769,2776,82,47
2021-05-22T23:59:59+02:00,34,34,13889,14798,36489,41569,38335,43273,42815,51970,64943,71182,47972,59796,40025,55073,9697,19274,3978,3680,9678,11809,9334,13226,10571,17521,14729,19677,21675,27325,30858,41919,8154,16235,443701,206041,60890,35688,143750,15850,2745,82,47
2021-05-21T23:59:59+02:00,33,33,13510,14396,35416,40652,37273,42342,41751,51073,63588,69899,47742,59459,39944,54926,9680,19241,3872,3584,9471,11544,9123,12962,10242,17193,14317,19308,21455,27039,30798,41829,8145,16227,434096,204097,60537,35382,143515,14858,2729,81,45
2021-05-20T23:59:59+02:00,31,33,12716,13671,33977,39194,35851,40934,40347,49875,62305,68748,47452,59117,39801,54744,9659,19190,3724,3403,8945,10942,8476,12253,9545,16346,13562,18345,20640,25921,30604,41532,8106,16141,423891,199735,58836,34537,142487,11818,2352,79,45
2021-05-19T23:59:59+02:00,31,32,12178,13107,32798,37770,34747,39553,39222,48915,60304,66981,46976,58560,39618,54482,9618,19084,3621,3271,8672,10565,8180,11878,9103,15838,12925,17682,19776,24791,30378,41229,8050,16026,413053,195489,57316,33724,141378,10581,2150,79,43
2021-05-18T23:59:59+02:00,28,32,11756,12664,31756,36751,33653,38638,38180,47980,58247,65124,46621,58111,39464,54243,9586,19025,3423,3108,8174,9959,7708,11333,8560,15171,12243,16912,18834,23560,30141,40886,8013,15921,404400,191397,55356,32882,140183,7783,1843,77,43
2021-05-17T23:59:59+02:00,26,31,11505,12388,31237,36194,33157,38078,37590,47347,56347,63415,45920,57288,39188,53845,9549,18952,3341,2999,7911,9677,7415,11034,8159,14758,11673,16309,17918,22428,29908,40567,7978,15847,396820,187024,54232,32135,139373,7167,1556,76,42
2021-05-16T23:59:59+02:00,26,31,11283,12134,30715,35690,32695,37585,37068,46775,54453,61590,45375,56589,38994,53525,9522,18897,3240,2900,7623,9387,7094,10689,7683,14295,11093,15725,16987,21280,29699,40277,7940,15778,389861,182744,53264,31289,138709,6581,1038,75,40
2021-05-15T23:59:59+02:00,26,31,11129,11931,30437,35357,32457,37265,36837,46512,52882,60111,45125,56283,38917,53387,9516,18869,3219,2882,7598,9358,7079,10668,7664,14282,11076,15704,16877,21064,29490,39969,7932,15768,384053,181754,53260,31288,138663,6530,1021,75,39
2021-05-14T23:59:59+02:00,26,31,10881,11651,29967,34848,32077,36801,36324,46039,51011,58281,44763,55782,38777,53180,9500,18829,3192,2863,7528,9286,7023,10596,7605,14223,10893,15504,16146,19996,29204,39483,7915,15728,376256,178838,52932,30949,138534,6390,971,75,39
2021-05-13T23:59:59+02:00,23,30,10598,11326,29319,34208,31478,36197,35651,45373,49541,56764,44334,55156,38606,52937,9473,18783,3124,2817,7401,9185,6936,10502,7501,14114,10567,15158,15087,18761,28818,38839,7872,15654,369166,175039,51915,30386,137782,6015,860,74,38
2021-05-12T23:59:59+02:00,23,28,10469,11183,29037,33890,31211,35904,35339,45059,49256,56456,44236,55052,38553,52859,9466,18745,3112,2791,7367,9149,6906,10467,7473,14075,10400,15002,14714,18329,28515,38356,7850,15607,366497,172991,51834,30376,137624,5971,738,73,38
2021-05-11T23:59:59+02:00,22,25,10123,10860,28183,33063,30380,35150,34478,44276,47522,54687,43781,54457,38378,52569,9428,18643,3025,2694,7122,8869,6683,10166,7258,13705,9920,14455,13734,17180,28101,37739,7813,15512,359581,169322,50129,29484,135730,4621,512,73,38
2021-05-10T23:59:59+02:00,21,25,9817,10583,27437,32361,29602,34449,33708,43508,46216,53422,43398,53946,38190,52265,9378,18530,2983,2648,6995,8746,6587,10048,7119,13523,9655,14148,13039,16320,27673,37128,7787,15431,353328,166507,49011,29102,134044,3783,403,70,36
2021-05-09T23:59:59+02:00,20,25,9585,10337,26755,31677,28935,33748,32985,42811,44692,51950,42897,53327,37990,51961,9341,18445,2935,2602,6872,8603,6480,9906,7007,13311,9339,13837,12242,15419,27309,36593,7767,15375,346248,163657,47936,28546,132915,3043,316,66,36
2021-05-08T23:59:59+02:00,20,25,9492,10270,26370,31376,28489,33434,32530,42507,43660,51121,42745,53164,37950,51899,9339,18439,2932,2598,6864,8598,6474,9898,6999,13299,9329,13825,12204,15357,26631,35644,7730,15299,341731,161787,47894,28519,132829,3030,310,66,36
2021-05-07T23:59:59+02:00,19,25,9350,10122,25899,30996,28038,33060,32024,42158,42620,50296,42473,52824,37837,51739,9327,18412,2885,2572,6811,8557,6418,9843,6948,13247,9156,13603,11573,14545,25692,34260,7682,15217,336602,157697,47588,28149,132671,2836,292,66,36
2021-05-06T23:59:59+02:00,17,24,8951,9833,24982,30227,26975,32255,30795,41340,41003,49085,42092,52276,37643,51496,9289,18339,2821,2526,6680,8410,6303,9714,6800,13059,8884,13306,10925,13682,24727,32879,7648,15156,328749,153912,46513,27195,131015,2098,280,65,36
2021-05-05T23:59:59+02:00,17,23,8585,9633,24100,29628,26111,31591,29707,40548,39024,47271,41647,51724,37436,51215,9232,18227,2780,2495,6562,8281,6201,9600,6698,12918,8639,13048,10216,12853,23713,31555,7619,15085,320897,150028,45661,26307,128900,1698,196,65,35
2021-05-04T23:59:59+02:00,17,22,8342,9406,23304,28980,25137,30851,28635,39714,37512,45805,41179,51141,37158,50867,9185,18106,2741,2473,6489,8209,6119,9533,6624,12836,8402,12828,9485,11998,22768,30312,7585,15022,314248,146306,44694,25501,126263,1493,91,65,34
2021-05-03T23:59:59+02:00,17,21,8139,9192,22605,28400,24298,30246,27728,39017,36553,45055,40831,50668,36943,50578,9135,18002,2696,2440,6418,8132,6039,9468,6534,12752,8174,12615,8742,11099,21852,29096,7554,14972,309384,142566,43917,24681,124012,1252,51,64,34
2021-05-02T23:59:59+02:00,17,21,7975,9027,21967,27821,23559,29655,26909,38394,35739,44420,40572,50339,36831,50392,9101,17945,2658,2417,6376,8091,6002,9433,6494,12711,7992,12443,8142,10362,21143,28229,7533,14954,304556,139381,43147,24405,122874,1118,44,63,33
2021-05-01T23:59:59+02:00,16,21,7822,8844,21594,27363,23077,29080,26265,37683,34915,43524,40310,49964,36734,50240,9095,17928,2652,2411,6350,8081,5987,9424,6476,12697,7975,12428,8105,10298,21104,28172,7529,14950,298454,139090,43146,24398,122768,1075,44,63,33
2021-04-30T23:59:59+02:00,16,20,7674,8666,21207,26933,22631,28513,25517,36906,33906,42559,40081,49645,36637,50086,9083,17907,2634,2398,6325,8063,5965,9407,6449,12677,7943,12394,8065,10228,21053,28089,7526,14941,292162,138778,43139,24325,122586,984,38,62,33
2021-04-29T23:59:59+02:00,15,20,7405,8426,20613,26359,21960,27829,24586,35941,32630,41223,39037,48243,36319,49610,9026,17779,2602,2364,6233,7953,5880,9305,6355,12535,7739,12118,7441,9504,20647,27573,7504,14867,283418,136714,42356,23096,121152,742,38,57,31
2021-04-28T23:59:59+02:00,14,18,7130,8208,20092,25885,21323,27229,23700,35094,31235,39772,37876,46655,35977,49118,8963,17637,2533,2316,6124,7831,5770,9174,6253,12385,7520,11847,6753,8659,20231,26998,7463,14796,274738,134266,41584,21801,119514,518,38,52,31
2021-04-27T23:59:59+02:00,13,18,6946,8030,19657,25460,20703,26692,22846,34316,30020,38449,36788,45213,35594,48548,8893,17510,2507,2291,6021,7734,5717,9076,6187,12262,7305,11648,6152,7920,19825,26500,7443,14773,266921,132166,40721,20857,117964,270,38,52,31
2021-04-26T23:59:59+02:00,12,18,6764,7865,19238,25036,20159,26167,22040,33559,28804,37212,35728,43791,35288,48064,8843,17386,2495,2281,5978,7692,5672,9036,6150,12218,7119,11483,5538,7189,19453,26052,7419,14746,259230,130204,39895,20013,116763,239,35,51,31
2021-04-25T23:59:59+02:00,12,17,6659,7732,18900,24766,19779,25828,21427,32942,27819,36256,34598,42362,34973,47634,8801,17304,2483,2274,5960,7668,5653,9019,6130,12193,7082,11456,5411,7008,19118,25588,7403,14702,252042,129583,39181,19272,116502,229,34,50,31
2021-04-24T23:59:59+02:00,12,17,6495,7556,18457,24334,19220,25291,20644,32140,26738,35207,34347,42048,34879,47469,8791,17292,2479,2268,5947,7658,5644,9008,6125,12189,7072,11449,5338,6897,19020,25447,7400,14694,246080,129129,39176,19232,115597,211,34,50,30
2021-04-23T23:59:59+02:00,12,17,6272,7355,18009,23860,18650,24679,19820,31325,25580,34010,33571,40874,34736,47234,8777,17269,2473,2250,5920,7634,5607,8969,6080,12145,7026,11397,5172,6620,18481,24820,7300,14525,238508,127285,38849,18884,114610,189,34,49,28
2021-04-22T23:59:59+02:00,11,16,6057,7147,17404,23272,17857,23896,18770,30303,24260,32578,32529,39520,34492,46878,8739,17191,2459,2235,5876,7582,5557,8885,6004,12067,6951,11327,4888,6202,17768,23946,7181,14331,229469,125124,37932,17920,113439,155,34,46,27
2021-04-21T23:59:59+02:00,11,15,5858,6966,16873,22801,17196,23293,17786,29405,22706,30987,31525,38289,34195,46440,8691,17103,2435,2218,5834,7527,5499,8810,5938,11967,6856,11247,4728,5928,17070,23097,7065,14149,220592,123035,37163,17150,112307,123,34,44,27
2021-04-20T23:59:59+02:00,10,14,5675,6772,16317,22326,16455,22634,16790,28404,21238,29517,30379,36799,33880,46005,8640,17013,2422,2203,5785,7489,5459,8765,5890,11901,6777,11182,4609,5773,16469,22323,6939,13970,211606,121350,36281,16434,110904,115,33,44,25
2021-04-19T23:59:59+02:00,10,14,5488,6615,15784,21896,15778,22075,15798,27526,19845,28116,29004,35164,33563,45527,8582,16895,2411,2188,5761,7456,5422,8731,5851,11855,6696,11106,4483,5612,15820,21612,6831,13808,202907,119705,35502,15768,109196,113,33,42,25
2021-04-18T23:59:59+02:00,9,14,5300,6474,15350,21572,15160,21514,14827,26739,18507,26978,27617,33513,33232,45109,8524,16808,2360,2142,5629,7334,5307,8617,5744,11704,6591,10987,4367,5425,15227,20946,6718,13629,194373,118064,34672,14498,108127,109,33,42,24
2021-04-17T23:59:59+02:00,9,13,5264,6439,15196,21496,14984,21429,14592,26560,18253,26757,27110,32971,33106,44961,8515,16793,2333,2102,5529,7180,5200,8458,5644,11516,6502,10854,4315,5362,14986,20652,6708,13616,193155,116306,34667,14494,106551,101,33,42,24
2021-04-16T23:59:59+02:00,9,13,5201,6385,15020,21346,14772,21269,14310,26313,17838,26346,26067,31741,32973,44751,8494,16770,2287,2052,5413,6993,5063,8275,5492,11273,6305,10631,4108,5128,14339,19858,6610,13471,189815,113054,34379,14095,105349,93,33,42,24
2021-04-15T23:59:59+02:00,7,12,5132,6308,14807,21132,14503,20979,13881,25961,17201,25714,24705,30133,32717,44429,8458,16691,2217,1968,5217,6756,4861,7954,5285,10956,6089,10346,3910,4878,13509,18775,6495,13304,185257,109230,33571,13151,103868,83,33,41,24
2021-04-14T23:59:59+02:00,7,12,5052,6237,14603,20931,14249,20755,13492,25627,16535,25096,23128,28346,32405,44026,8405,16597,2028,1848,4999,6493,4672,7703,5057,10706,5855,10061,3774,4669,12781,17857,6368,13090,180655,106133,32696,11695,102078,77,33,41,24
2021-04-13T23:59:59+02:00,7,12,5000,6189,14401,20797,14015,20574,13151,25330,15965,24593,21425,26502,32089,43609,8373,16491,1942,1795,4832,6305,4487,7482,4856,10451,5651,9825,3638,4503,12264,17241,6245,12929,176431,103745,31822,10578,100197,67,33,40,24
2021-04-12T23:59:59+02:00,7,11,4936,6123,14184,20600,13710,20311,12765,24916,15386,24040,19832,24560,31799,43249,8332,16417,1812,1705,4649,6146,4337,7306,4693,10258,5514,9666,3519,4348,11832,16731,6134,12766,172071,102058,30769,9239,98265,65,33,40,22
2021-04-11T23:59:59+02:00,7,11,4867,6048,13960,20402,13414,20100,12351,24565,14825,23531,18324,22786,31538,42907,8289,16337,1775,1669,4529,6033,4226,7183,4571,10127,5380,9535,3404,4229,11341,16121,6003,12559,167788,100311,29810,8261,96593,63,32,39,19
2021-04-10T23:59:59+02:00,7,11,4862,6040,13941,20388,13405,20089,12334,24547,14801,23512,17636,21864,31247,42489,8271,16310,1771,1657,4517,6022,4211,7169,4558,10113,5327,9469,3301,4116,10784,15286,5874,12361,166719,98166,29783,8261,95183,61,30,39,19
2021-04-09T23:59:59+02:00,7,11,4849,6023,13904,20339,13361,20041,12287,24493,14541,23258,16118,19975,30842,41844,8237,16267,1747,1646,4494,6006,4185,7142,4517,10078,5289,9420,3216,3997,9917,14298,5725,12163,164102,95723,29441,8013,92788,59,28,38,18
2021-04-08T23:59:59+02:00,7,11,4806,5995,13803,20264,13280,19961,12187,24389,14205,22899,14350,17766,30225,40835,8179,16146,1726,1633,4462,5953,4133,7057,4453,9998,5217,9343,3108,3894,9439,13697,5521,11918,160275,93879,28412,7578,90565,58,20,36,18
2021-04-07T23:59:59+02:00,7,11,4775,5966,13698,20181,13184,19875,12083,24287,13824,22539,12842,15913,29581,39862,8124,16048,1707,1621,4409,5886,4047,6983,4364,9914,5127,9243,3021,3799,8694,12603,5286,11513,155859,91329,27535,6805,89353,48,18,35,18
2021-04-06T23:59:59+02:00,7,11,4746,5940,13599,20114,13102,19814,12007,24222,13448,22188,11210,13906,28919,38892,8092,15977,1647,1567,4279,5758,3939,6859,4245,9766,5024,9114,2905,3677,7989,11673,5014,11148,151845,88943,26653,5583,87646,46,16,34,17
2021-04-05T23:59:59+02:00,7,10,4708,5912,13522,20047,13035,19746,11952,24142,13176,21934,9600,11961,28191,37840,8057,15915,1576,1498,4124,5608,3771,6703,4091,9617,4869,8986,2773,3560,7181,10711,4743,10759,148649,86574,25636,3922,85421,43,15,34,17
2021-04-04T23:59:59+02:00,7,10,4694,5895,13511,20027,13027,19728,11944,24122,13079,21864,8577,10701,27744,37200,8032,15858,1574,1495,4116,5602,3769,6698,4086,9612,4867,8978,2768,3551,6945,10245,4659,10634,146924,85614,25632,3922,83418,37,12,34,15
2021-04-03T23:59:59+02:00,7,10,4691,5885,13494,20007,13017,19718,11934,24112,13065,21846,7673,9633,26861,35958,7983,15746,1570,1491,4114,5597,3767,6695,4078,9600,4853,8965,2761,3539,6807,9982,4620,10553,144448,85008,25624,3922,81524,37,11,33,15
2021-04-02T23:59:59+02:00,7,10,4686,5867,13457,19981,12978,19675,11890,24064,12991,21779,7160,8885,25277,33858,7837,15477,1561,1475,4088,5573,3741,6654,4042,9539,4730,8678,2633,3384,6432,9587,4471,10351,139997,83183,25286,3696,80555,37,9,32,15
2021-04-01T23:59:59+02:00,6,9,4638,5808,13364,19836,12861,19524,11741,23908,12393,21331,6597,8179,23772,31887,7711,15240,1495,1429,3979,5449,3674,6583,3974,9473,4652,8574,2539,3243,5919,8902,4301,10077,135806,80919,24149,3291,78812,32,8,30,14
2021-03-31T23:59:59+02:00,6,9,4587,5753,13239,19683,12729,19370,11552,23729,12132,21071,6278,7808,22295,29936,7561,15011,1482,1418,3955,5426,3642,6555,3934,9426,4613,8521,2476,3168,5437,8256,4127,9838,131879,79151,23062,3074,77773,32,5,30,13
2021-03-30T23:59:59+02:00,6,9,4523,5688,13101,19533,12616,19195,11421,23564,11962,20932,6088,7591,20909,28208,7417,14808,1465,1382,3914,5393,3578,6485,3846,9312,4482,8350,2341,2963,5017,7701,3984,9582,128524,76929,22136,2832,76881,20,2,28,13
2021-03-29T23:59:59+02:00,6,9,4483,5650,12982,19440,12549,19111,11339,23462,11813,20797,5930,7393,19493,26528,7289,14607,1406,1341,3859,5349,3504,6415,3728,9168,4332,8160,2219,2822,4454,7032,3830,9306,124949,74273,21271,2620,76631,19,2,28,12
2021-03-28T23:59:59+02:00,6,9,4436,5586,12861,19302,12463,19017,11238,23365,11707,20696,5779,7187,18315,25021,7170,14412,1373,1297,3761,5241,3310,6189,3641,9051,4282,8104,2165,2758,3695,6011,3645,9038,121952,71217,20481,2321,76108,11,2,27,11
2021-03-27T23:59:59+01:00,6,9,4404,5535,12754,19137,12347,18852,11124,23160,11599,20546,5713,7105,18029,24675,7159,14397,1367,1294,3756,5237,3307,6182,3355,8702,4084,7806,2159,2755,3681,5978,3611,8977,120116,69912,20441,2321,75965,6,2,27,11
2021-03-26T23:59:59+01:00,6,8,4368,5482,12643,18946,12214,18650,10971,22930,11438,20335,5549,6891,17425,23880,7060,14247,1366,1293,3751,5230,3284,6164,3336,8682,3871,7357,1983,2349,3417,5694,3460,8744,117017,67651,20102,2314,75896,5,1,27,11
2021-03-25T23:59:59+01:00,6,8,4300,5394,12445,18707,12009,18321,10757,22602,11197,20008,5337,6607,16396,22573,6932,14058,1357,1283,3730,5204,3250,6136,3285,8645,3825,7313,1911,2236,2983,5012,3302,8439,113038,65684,19030,2213,75561,3,1,27,11
2021-03-24T23:59:59+01:00,6,8,4220,5283,12231,18255,11790,17907,10535,22210,10963,19635,5068,6261,15356,21356,6793,13834,1334,1270,3706,5158,3214,6073,3230,8575,3771,7240,1858,2177,2676,4678,3150,8164,109931,64290,17937,1970,73815,3,1,27,11
2021-03-23T23:59:59+01:00,6,8,4164,5219,12064,17912,11591,17553,10343,21845,10743,19347,4934,6065,14716,20541,6653,13661,1319,1264,3691,5139,3193,6055,3205,8524,3734,7197,1823,2118,2447,4409,2941,7843,107582,62960,17211,1928,72544,3,1,27,11
2021-03-22T23:59:59+01:00,6,8,4115,5141,11865,17579,11402,17225,10117,21517,10528,19041,4782,5859,14097,19826,6520,13475,1306,1255,3664,5106,3161,6018,3176,8468,3697,7152,1779,2062,2248,4159,2746,7510,105719,61705,16493,1788,70863,3,1,27,11
2021-03-21T23:59:59+01:00,6,8,4041,5018,11583,17168,11121,16818,9846,21062,10271,18689,4668,5688,13401,19035,6379,13267,1298,1254,3647,5090,3140,5985,3153,8438,3677,7130,1760,2035,2083,3997,2574,7242,103840,60707,15194,1783,69007,3,1,27,10
2021-03-20T23:59:59+01:00,5,8,4011,4949,11440,16833,10996,16500,9704,20759,10095,18406,4541,5528,12771,18084,6242,13052,1297,1253,3647,5088,3137,5984,3150,8432,3672,7126,1756,2030,2052,3936,2551,7201,101644,60516,15189,1783,67063,3,1,27,10
2021-03-19T23:59:59+01:00,5,7,3967,4868,11272,16472,10814,16145,9531,20379,9881,18046,4381,5334,11747,16873,6081,12841,1288,1246,3629,5060,3107,5907,3105,8339,3570,6951,1631,1917,1978,3872,2439,6993,98947,59240,14779,1779,64891,3,1,26,10
2021-03-18T23:59:59+01:00,5,7,3880,4765,11026,16046,10545,15701,9252,19910,9658,17703,4237,5168,11123,16005,5853,12574,1284,1235,3612,5025,3087,5863,3083,8283,3543,6904,1612,1884,1939,3802,2316,6783,97147,58554,13771,1688,62513,3,1,26,10
2021-03-17T23:59:59+01:00,5,7,3709,4650,10731,15626,10279,15341,9009,19548,9407,17355,4118,5001,10309,14762,5591,12151,1283,1232,3598,5007,3081,5843,3073,8249,3525,6880,1611,1860,1915,3773,2206,6596,94500,58045,12228,1674,60844,3,1,26,10
2021-03-16T23:59:59+01:00,5,7,3567,4525,10392,15161,10005,14971,8734,19104,9111,16991,3975,4835,9492,13638,5310,11792,1269,1229,3594,5000,3070,5839,3067,8238,3518,6866,1587,1836,1876,3722,2086,6418,92166,57608,11038,1594,58385,3,1,25,10
2021-03-15T23:59:59+01:00,5,7,3419,4409,10077,14693,9713,14512,8437,18630,8823,16578,3829,4665,8784,12573,5086,11471,1259,1221,3574,4988,3058,5815,3046,8199,3498,6823,1572,1823,1859,3689,1971,6233,90202,57023,9674,1593,55812,3,0,23,10
2021-03-14T23:59:59+01:00,5,7,3349,4320,9811,14260,9458,14110,8119,18138,8543,16183,3666,4479,7983,11338,4778,11016,1245,1215,3553,4970,3037,5774,3024,8119,3470,6755,1546,1773,1799,3562,1806,5844,87893,56496,8656,984,52994,3,0,20,10
2021-03-13T23:59:59+01:00,5,7,3272,4065,9499,13589,9215,13529,7893,17562,8338,15749,3556,4376,7792,11044,4730,10928,1245,1215,3553,4970,3037,5774,3023,8119,3468,6753,1542,1772,1797,3558,1805,5843,87238,56479,8656,984,49235,2,0,20,10
2021-03-12T23:59:59+01:00,5,7,3211,3928,9253,13049,8977,12999,7660,16926,7981,14998,3393,4206,7409,10636,4592,10739,1241,1212,3548,4956,3034,5771,3016,8111,3464,6747,1515,1743,1776,3540,1705,5665,85465,56050,8410,983,46074,2,0,20,10
2021-03-11T23:59:59+01:00,5,7,3060,3660,8878,12289,8673,12323,7327,16142,7639,14353,3236,4004,6854,9917,4402,10427,1222,1202,3515,4912,2991,5694,2981,7987,3413,6649,1471,1690,1697,3340,1507,5151,83017,55306,7965,106,42195,1,0,19,10
2021-03-10T23:59:59+01:00,5,7,2995,3553,8378,11778,7996,11840,7006,15651,7338,13762,3076,3847,6294,9221,4231,10153,1211,1188,3485,4854,2960,5618,2945,7847,3359,6527,1433,1650,1639,3244,1391,4872,81197,54131,7414,83,38502,0,0,18,10
2021-03-09T23:59:59+01:00,5,6,2890,3377,7694,11326,7099,11353,6587,15039,6973,13155,2846,3546,5786,8590,4075,9877,1206,1184,3463,4807,2933,5553,2928,7795,3341,6481,1418,1626,1604,3201,1286,4674,78903,53444,6058,49,35245,0,0,18,8
2021-03-08T23:59:59+01:00,5,6,2717,3141,7052,10781,6284,10874,6186,14510,6578,12588,2635,3335,5183,7851,3929,9609,1199,1178,3442,4741,2908,5477,2889,7701,3309,6405,1411,1617,1601,3193,1281,4671,76076,52969,4920,47,32251,0,0,17,8
2021-03-07T23:59:59+01:00,5,6,2605,3008,6721,10280,5873,10332,5890,14060,6338,12199,2537,3244,4418,6788,3712,9326,1196,1175,3439,4736,2903,5465,2885,7684,3301,6392,1406,1604,1580,3153,1266,4630,72822,52763,4089,45,30415,0,0,16,8
2021-03-06T23:59:59+01:00,5,5,2560,2866,6537,9826,5673,9915,5414,13204,5963,11459,2516,3217,4412,6777,3711,9324,1196,1174,3436,4731,2901,5464,2884,7683,3300,6389,1404,1601,1580,3151,1265,4630,71594,52737,4089,45,27685,0,0,16,8
2021-03-05T23:59:59+01:00,5,5,2468,2611,6324,9242,5459,9517,5237,12636,5578,10481,2291,2752,4033,6395,3572,9109,1184,1171,3418,4715,2896,5451,2876,7665,3288,6370,1390,1594,1579,3147,1260,4626,69264,52579,3856,45,24579,0,0,16,7
2021-03-04T23:59:59+01:00,5,5,2392,2406,6109,8806,5296,9175,5056,12215,5403,10102,2199,2582,3479,5571,3406,8771,1173,1156,3375,4616,2863,5384,2844,7567,3255,6296,1370,1587,1565,3133,1252,4615,67215,52002,3415,45,22332,0,0,16,5
2021-03-03T23:59:59+01:00,4,5,2335,2355,5939,8391,5125,8814,4842,11763,5213,9656,2117,2474,3076,5133,3247,8476,1153,1148,3340,4568,2826,5319,2804,7468,3207,6222,1350,1562,1546,3102,1246,4598,65788,51414,3172,42,19989,0,0,16,4
2021-03-02T23:59:59+01:00,4,5,2281,2267,5777,8056,4967,8557,4679,11361,5052,9338,2051,2383,2771,4776,3030,8155,1148,1139,3322,4547,2811,5293,2787,7419,3199,6194,1345,1551,1528,3085,1243,4592,64435,51158,2911,42,18148,0,0,16,4
2021-03-01T23:59:59+01:00,4,5,2255,2240,5673,7840,4867,8411,4595,11209,4951,9164,1996,2306,2475,4454,2842,7839,1142,1136,3308,4529,2799,5264,2771,7373,3185,6166,1339,1548,1521,3076,1240,4588,63170,50940,2690,42,17250,0,0,16,4
2021-02-28T23:59:59+01:00,3,5,2203,2197,5494,7579,4691,8190,4459,11023,4844,9037,1958,2243,2180,4152,2639,7530,1133,1130,3293,4519,2792,5257,2765,7359,3178,6152,1334,1545,1514,3060,1239,4556,62059,50781,2388,42,15964,0,0,16,4
2021-02-27T23:59:59+01:00,3,5,2116,1888,5317,7154,4593,7878,4376,10674,4772,8787,1930,2182,2152,4107,2619,7476,1129,1126,3291,4518,2787,5255,2761,7356,3173,6149,1332,1545,1514,3059,1238,4555,61827,50746,2388,39,13798,0,0,16,4
2021-02-26T23:59:59+01:00,3,5,2059,1810,5170,6915,4446,7618,4225,10409,4563,8504,1801,2074,2091,4068,2512,7296,1108,1113,3274,4484,2775,5215,2748,7303,3151,6095,1326,1534,1510,3051,1237,4553,60499,50436,2382,38,12672,0,0,16,4
2021-02-25T23:59:59+01:00,3,5,1942,1711,4844,6513,4018,7157,3939,9895,4328,8122,1743,2016,2057,4007,2402,7102,1092,1098,3237,4441,2745,5163,2702,7196,3111,6002,1316,1518,1495,3011,1224,4494,60023,49806,2275,36,9491,0,0,15,4
2021-02-24T23:59:59+01:00,3,5,1913,1651,4727,6299,3913,6942,3817,9652,4203,7962,1721,1984,2025,3965,2290,6904,1079,1093,3210,4379,2709,5097,2677,7112,3082,5931,1300,1501,1470,2963,1212,4425,59476,49212,2029,25,8456,0,0,15,4
2021-02-23T23:59:59+01:00,3,5,1688,1504,4353,5809,3632,6549,3596,9273,4048,7676,1692,1953,1981,3918,2177,6721,1060,1081,3172,4351,2681,5039,2651,7036,3047,5872,1280,1481,1443,2928,1202,4375,59023,48686,1982,11,5559,0,0,14,3
2021-02-22T23:59:59+01:00,3,5,1679,1485,4302,5750,3596,6486,3531,9180,3987,7581,1660,1926,1955,3867,2060,6524,1056,1068,3151,4306,2661,5000,2626,6976,3018,5819,1268,1467,1434,2918,1194,4366,58481,48320,1840,6,5242,0,0,14,3
2021-02-21T23:59:59+01:00,3,5,1667,1481,4272,5717,3553,6448,3490,9126,3943,7531,1651,1919,1950,3858,1940,6361,1050,1057,3130,4268,2632,4950,2611,6907,2989,5731,1254,1451,1414,2858,1170,4289,58138,47753,1834,6,4930,0,0,13,3
2021-02-20T23:59:59+01:00,3,5,1666,1480,4267,5714,3551,6447,3490,9125,3942,7530,1646,1917,1948,3854,1939,6361,1050,1057,3128,4266,2632,4950,2610,6906,2989,5731,1254,1450,1413,2858,1170,4289,58123,47745,1834,6,4915,0,0,13,3
2021-02-19T23:59:59+01:00,3,5,1648,1473,4254,5694,3540,6433,3479,9115,3932,7515,1620,1888,1927,3836,1839,6181,1049,1056,3127,4265,2631,4949,2610,6904,2986,5729,1254,1449,1413,2857,1170,4289,57704,47730,1829,6,4838,0,0,11,3
2021-02-18T23:59:59+01:00,3,5,1604,1442,4158,5583,3469,6331,3391,8951,3847,7374,1598,1853,1893,3767,1709,5984,1003,1013,2988,4040,2505,4677,2499,6567,2879,5465,1223,1406,1381,2771,1144,4140,57060,45694,1739,6,4152,0,0,11,2
2021-02-17T23:59:59+01:00,3,4,1582,1413,4062,5433,3384,6181,3273,8716,3720,7173,1546,1785,1821,3666,1592,5679,946,963,2835,3818,2388,4364,2372,6156,2750,5153,1174,1346,1335,2664,1097,3978,55852,43331,1728,6,3442,0,0,11,2
2021-02-16T23:59:59+01:00,3,4,1508,1346,3902,5235,3247,6000,3165,8484,3598,7007,1522,1760,1786,3636,1479,5472,860,931,2704,3661,2289,4153,2246,5834,2619,4899,1118,1254,1190,2363,843,3366,55162,40325,1711,3,2272,0,0,9,2
2021-02-15T23:59:59+01:00,3,4,1493,1328,3856,5149,3188,5913,3108,8369,3531,6901,1511,1746,1771,3613,1471,5452,825,909,2623,3532,2213,3973,2162,5556,2531,4686,1075,1190,1104,2189,779,3151,54697,38496,1709,1,1992,0,0,9,1
2021-02-14T23:59:59+01:00,3,4,1427,1300,3771,5072,3145,5804,3052,8215,3487,6792,1491,1715,1719,3486,1416,5205,816,903,2574,3464,2174,3905,2108,5436,2465,4579,1048,1154,1019,2017,708,2916,54454,37284,1098,1,1543,0,0,9,1
2021-02-13T23:59:59+01:00,3,4,1425,1299,3763,5067,3138,5803,3049,8213,3484,6790,1490,1711,1719,3484,1414,5205,816,903,2574,3464,2174,3905,2106,5435,2464,4579,1046,1153,1019,2017,708,2916,54434,37279,1097,0,1521,0,0,9,0
2021-02-12T23:59:59+01:00,3,3,1392,1283,3725,5033,3116,5783,3027,8180,3465,6745,1474,1701,1709,3467,1405,5186,809,895,2541,3411,2140,3860,2076,5381,2446,4548,1045,1152,1018,2017,707,2914,54207,36960,1095,0,1386,0,0,9,0
2021-02-11T23:59:59+01:00,3,3,1345,1240,3611,4862,3025,5611,2929,7869,3365,6533,1414,1641,1642,3289,1321,4860,772,832,2286,2966,1914,3382,1845,4636,2175,4019,962,1083,932,1825,658,2645,53578,32932,129,0,849,0,0,7,0
2021-02-10T23:59:59+01:00,3,3,1325,1217,3552,4752,2959,5507,2887,7719,3311,6402,1397,1624,1615,3250,1308,4823,695,775,1994,2557,1704,2932,1606,4028,1918,3557,852,936,769,1453,530,2155,52931,28461,127,0,590,0,0,6,0
2021-02-09T23:59:59+01:00,3,2,1312,1199,3497,4682,2929,5438,2867,7624,3274,6334,1390,1610,1587,3228,1298,4810,647,697,1733,2201,1510,2543,1421,3528,1746,3192,820,902,746,1381,509,2042,52621,25618,122,0,335,0,0,6,0
2021-02-08T23:59:59+01:00,3,2,1298,1195,3468,4652,2909,5401,2846,7572,3255,6304,1380,1603,1578,3202,1296,4792,634,663,1582,1964,1369,2289,1287,3220,1586,2932,781,881,698,1275,477,1873,52322,23511,96,0,332,0,0,6,0
2021-02-07T23:59:59+01:00,3,2,1166,1152,3361,4597,2855,5359,2819,7533,3230,6266,1369,1587,1570,3180,1291,4760,487,517,1313,1608,1128,1839,1079,2630,1358,2411,675,755,616,1116,432,1657,52028,19621,68,0,0,0,0,4,0
2021-02-06T23:59:59+01:00,3,2,1162,1150,3359,4595,2851,5356,2812,7530,3226,6262,1367,1585,1569,3177,1290,4759,363,368,1113,1356,991,1535,935,2216,1192,1992,586,653,588,1099,429,1654,51983,17070,68,0,0,0,0,4,0
2021-02-05T23:59:59+01:00,3,1,1151,1139,3343,4574,2844,5329,2801,7485,3207,6216,1361,1577,1566,3170,1289,4759,261,206,928,1038,842,1163,759,1763,1014,1583,469,547,561,1079,426,1650,51743,14289,68,0,0,0,0,4,0
2021-02-04T23:59:59+01:00,3,1,1135,1122,3298,4526,2803,5253,2758,7354,3159,6132,1347,1562,1552,3139,1280,4732,133,81,623,664,551,740,517,1151,672,989,288,364,461,933,388,1499,51106,10054,46,0,0,0,0,4,0
2021-02-03T23:59:59+01:00,3,1,1113,1116,3272,4481,2774,5210,2737,7302,3129,6075,1337,1553,1528,3099,1275,4687,115,65,495,513,420,597,415,909,514,744,240,284,361,732,304,1168,50644,7876,44,0,0,0,0,4,0
2021-02-02T23:59:59+01:00,3,1,1092,1103,3233,4450,2744,5156,2711,7227,3095,6011,1314,1525,1494,3042,1250,4597,105,56,412,415,348,519,367,820,461,662,219,261,316,662,279,1048,50001,6950,43,0,0,0,0,4,0
2021-02-01T23:59:59+01:00,3,1,1076,1092,3213,4398,2713,5095,2679,7100,3065,5914,1294,1497,1470,3006,1234,4534,78,41,314,310,256,394,274,611,327,497,181,213,250,525,217,817,49338,5305,43,0,0,0,0,3,0
2021-01-31T23:59:59+01:00,3,1,1071,1082,3198,4369,2689,5051,2664,7044,3051,5870,1283,1480,1450,2942,1211,4456,68,40,288,286,231,347,253,570,297,458,162,195,210,429,176,661,48869,4671,43,0,0,0,0,3,0
2021-01-30T23:59:59+01:00,3,1,1070,1082,3195,4365,2688,5051,2663,7043,3051,5869,1283,1479,1449,2942,1211,4456,68,37,281,272,218,331,248,559,293,452,161,192,209,429,176,661,48858,4587,40,0,0,0,0,3,0
2021-01-29T23:59:59+01:00,3,1,1069,1081,3194,4361,2688,5049,2663,7041,3048,5867,1283,1479,1449,2941,1211,4456,64,33,263,258,195,311,232,542,282,444,155,188,205,423,175,659,48841,4429,40,0,0,0,0,3,0
2021-01-28T23:59:59+01:00,3,1,1049,1062,3127,4256,2634,4938,2605,6885,2981,5736,1269,1457,1435,2875,1189,4336,55,18,166,154,129,187,162,357,207,281,124,145,159,264,102,382,47799,2892,37,0,0,0,0,2,0
2021-01-27T23:59:59+01:00,3,1,1004,1024,3041,4112,2553,4758,2510,6602,2897,5536,1239,1415,1399,2786,1156,4196,26,7,100,71,58,92,83,209,117,147,94,113,115,195,77,274,46203,1778,27,0,0,0,0,2,0
2021-01-26T23:59:59+01:00,2,1,927,994,2925,3977,2474,4573,2428,6422,2826,5381,1213,1365,1308,2632,942,3797,26,7,95,70,57,91,81,209,115,146,92,112,115,195,77,274,44169,1762,16,0,0,0,0,2,0
2021-01-25T23:59:59+01:00,2,1,911,977,2846,3848,2428,4425,2367,6225,2767,5230,1195,1343,1294,2607,932,3764,26,7,94,70,55,91,81,209,115,144,92,112,115,195,77,274,43150,1757,11,0,0,0,0,1,0
2021-01-24T23:59:59+01:00,2,1,901,973,2826,3833,2418,4393,2341,6186,2734,5169,1182,1337,1285,2585,919,3730,26,7,94,70,55,91,81,209,114,144,91,112,115,195,77,274,42806,1755,8,0,0,0,0,1,0
2021-01-23T23:59:59+01:00,2,1,901,973,2826,3832,2418,4393,2340,6185,2733,5169,1180,1336,1285,2585,919,3730,26,7,94,70,55,91,81,209,114,144,91,112,115,195,77,273,42801,1754,7,0,0,0,0,0,0
2021-01-22T23:59:59+01:00,2,1,895,966,2794,3786,2384,4328,2309,6110,2712,5122,1179,1335,1284,2584,918,3727,26,7,94,70,55,91,81,209,114,144,91,112,115,195,77,273,42429,1754,7,0,0,0,0,0,0
2021-01-21T23:59:59+01:00,2,1,880,898,2536,3370,2183,3910,2129,5501,2488,4636,1128,1289,1240,2463,888,3575,22,7,83,64,51,74,68,169,94,133,81,97,98,145,65,212,39110,1463,7,0,0,0,0,0,0
2021-01-20T23:59:59+01:00,2,1,805,836,2224,2964,1976,3443,1897,4892,2232,4159,1016,1149,1082,2117,775,3112,22,7,83,64,51,73,68,169,93,133,81,97,98,145,64,212,34675,1460,7,0,0,0,0,0,0
2021-01-19T23:59:59+01:00,2,1,745,758,1933,2517,1733,2981,1661,4234,1989,3687,943,1054,962,1843,678,2763,11,3,50,45,32,45,35,100,44,77,36,37,48,77,39,137,30478,816,6,0,0,0,0,0,0
2021-01-18T23:59:59+01:00,2,1,675,702,1704,2118,1495,2505,1413,3548,1733,3181,862,969,864,1639,626,2497,5,2,19,11,13,20,17,54,17,33,19,22,25,53,28,75,26531,413,3,0,0,0,0,0,0
2021-01-17T23:59:59+01:00,1,1,495,542,1387,1715,1214,1971,1157,2813,1454,2558,723,817,716,1359,516,2128,0,1,3,2,0,0,0,0,0,0,0,0,0,0,0,0,21565,6,2,0,0,0,0,0,0
2021-01-16T23:59:59+01:00,1,0,372,395,1205,1468,1094,1684,1016,2414,1297,2151,636,719,688,1343,514,2127,0,0,0,0,0,0,0,0,0,0,0,0,0,0,0,0,19123,0,1,0,0,0,0,0,0
2021-01-15T23:59:59+01:00,1,0,266,232,1021,1166,945,1337,847,1965,1117,1750,519,609,650,1310,503,2087,0,0,0,0,0,0,0,0,0,0,0,0,0,0,0,0,16324,0,1,0,0,0,0,0,0
2021-01-14T23:59:59+01:00,0,0,151,102,705,778,652,866,611,1306,752,1131,333,422,541,1128,453,1863,0,0,0,0,0,0,0,0,0,0,0,0,0,0,0,0,11794,0,0,0,0,0,0,0,0
2021-01-13T23:59:59+01:00,0,0,127,81,594,608,528,698,494,1050,594,866,280,348,455,960,395,1595,0,0,0,0,0,0,0,0,0,0,0,0,0,0,0,0,9673,0,0,0,0,0,0,0,0
2021-01-12T23:59:59+01:00,0,0,116,65,511,520,449,596,430,920,523,763,246,299,371,768,329,1247,0,0,0,0,0,0,0,0,0,0,0,0,0,0,0,0,8153,0,0,0,0,0,0,0,0
2021-01-11T23:59:59+01:00,0,0,87,52,417,421,365,485,344,743,416,590,212,248,311,639,270,1050,0,0,0,0,0,0,0,0,0,0,0,0,0,0,0,0,6650,0,0,0,0,0,0,0,0
2021-01-10T23:59:59+01:00,0,0,73,45,352,348,299,404,288,646,346,523,186,220,251,507,213,819,0,0,0,0,0,0,0,0,0,0,0,0,0,0,0,0,5520,0,0,0,0,0,0,0,0
2021-01-09T23:59:59+01:00,0,0,73,43,337,328,275,382,280,630,338,516,185,219,250,505,213,819,0,0,0,0,0,0,0,0,0,0,0,0,0,0,0,0,5393,0,0,0,0,0,0,0,0
2021-01-08T23:59:59+01:00,0,0,69,37,303,296,229,341,253,588,311,477,167,199,225,447,192,720,0,0,0,0,0,0,0,0,0,0,0,0,0,0,0,0,4854,0,0,0,0,0,0,0,0
2021-01-07T23:59:59+01:00,0,0,58,25,213,198,160,242,194,421,240,341,138,160,171,290,121,449,0,0,0,0,0,0,0,0,0,0,0,0,0,0,0,0,3421,0,0,0,0,0,0,0,0
2021-01-06T23:59:59+01:00,0,0,47,16,163,120,113,161,144,294,177,241,108,128,130,224,82,316,0,0,0,0,0,0,0,0,0,0,0,0,0,0,0,0,2464,0,0,0,0,0,0,0,0
2021-01-05T23:59:59+01:00,0,0,29,8,97,72,58,94,86,212,116,149,98,118,121,206,81,295,0,0,0,0,0,0,0,0,0,0,0,0,0,0,0,0,1840,0,0,0,0,0,0,0,0
2021-01-04T23:59:59+01:00,0,0,27,8,97,71,55,92,86,212,116,147,98,117,121,206,81,295,0,0,0,0,0,0,0,0,0,0,0,0,0,0,0,0,1829,0,0,0,0,0,0,0,0
2021-01-03T23:59:59+01:00,0,0,27,8,97,71,55,92,86,212,115,147,97,117,121,206,81,295,0,0,0,0,0,0,0,0,0,0,0,0,0,0,0,0,1827,0,0,0,0,0,0,0,0
2021-01-02T23:59:59+01:00,0,0,27,8,97,71,55,92,86,212,114,147,97,117,121,206,81,294,0,0,0,0,0,0,0,0,0,0,0,0,0,0,0,0,1825,0,0,0,0,0,0,0,0
2021-01-01T23:59:59+01:00,0,0,27,8,97,71,55,92,86,212,113,146,97,117,121,206,81,294,0,0,0,0,0,0,0,0,0,0,0,0,0,0,0,0,1823,0,0,0,0,0,0,0,0
2020-12-31T23:59:59+01:00,0,0,27,8,97,71,55,92,86,212,112,146,97,117,121,206,81,294,0,0,0,0,0,0,0,0,0,0,0,0,0,0,0,0,1822,0,0,0,0,0,0,0,0
2020-12-30T23:59:59+01:00,0,0,27,8,97,71,54,92,86,212,112,146,97,117,121,206,80,294,0,0,0,0,0,0,0,0,0,0,0,0,0,0,0,0,1820,0,0,0,0,0,0,0,0
2020-12-29T23:59:59+01:00,0,0,15,2,65,53,32,61,50,138,64,89,47,51,68,121,51,199,0,0,0,0,0,0,0,0,0,0,0,0,0,0,0,0,1106,0,0,0,0,0,0,0,0
2020-12-28T23:59:59+01:00,0,0,5,2,36,26,19,30,21,67,25,41,20,22,26,47,28,74,0,0,0,0,0,0,0,0,0,0,0,0,0,0,0,0,489,0,0,0,0,0,0,0,0
2020-12-27T23:59:59+01:00,0,0,0,0,7,5,7,2,1,5,0,2,0,1,2,2,4,6,0,0,0,0,0,0,0,0,0,0,0,0,0,0,0,0,44,0,0,0,0,0,0,0,0
