Datum,<24_1_m,<24_1_w,25-34_1_m,25-34_1_w,35-44_1_m,35-44_1_w,45-54_1_m,45-54_1_w,55-64_1_m,55-64_1_w,65-74_1_m,65-74_1_w,75-84_1_m,75-84_1_w,>84_1_m,>84_1_w,<24_2_m,<24_2_w,25-34_2_m,25-34_2_w,35-44_2_m,35-44_2_w,45-54_2_m,45-54_2_w,55-64_2_m,55-64_2_w,65-74_2_m,65-74_2_w,75-84_2_m,75-84_2_w,>84_2_m,>84_2_w,bp_1,bp_2,mo_1,mo_2,az_1,az_2,ja
2021-07-02T23:59:59+02:00,40153,41762,79653,80029,77287,78074,79063,85479,83106,86725,51744,64547,41953,57913,10173,20379,16974,17850,40230,44113,40969,45145,45985,53631,64160,69423,40864,51862,37897,52265,9344,18560,677091,460258,114386,64103,154533,92881,32030
2021-07-01T23:59:59+02:00,37838,39608,78723,79205,76470,77268,78379,84853,82801,86454,51629,64402,41895,57824,10159,20358,16122,16973,38741,42922,39784,44112,44714,52535,63447,68862,39983,50740,37752,52073,9329,18535,671004,454096,112700,62520,154309,90155,29853
2021-06-30T23:59:59+02:00,36814,38606,76946,77739,74806,75804,77740,84325,82528,86169,51505,64250,41839,57743,10148,20337,15118,16019,37124,41728,38624,43028,43591,51500,62719,68251,39454,50083,37642,51894,9309,18508,665335,448169,111024,61223,154103,88363,26837
2021-06-29T23:59:59+02:00,35958,37709,75370,76279,73209,74400,76965,83625,81993,85692,51325,64039,41764,57613,10131,20301,14280,15128,35827,40619,37722,42216,42387,50464,62023,67679,38760,49156,37508,51680,9289,18466,659128,443106,109183,59437,153842,86441,24220
2021-06-28T23:59:59+02:00,35125,36900,73775,74884,71549,73012,75953,82851,81400,85211,51154,63819,41689,57510,10118,20267,13544,14396,34790,39624,36911,41504,41280,49486,61390,67143,37890,48086,37343,51463,9270,18420,652785,438397,107245,57962,153276,84270,21911
2021-06-27T23:59:59+02:00,34388,36161,72232,73535,70153,71817,74581,81739,80741,84675,50962,63606,41626,57398,10108,20238,12918,13780,33855,38887,36268,40914,40367,48647,60867,66708,37037,47073,37194,51287,9255,18389,646715,434605,105336,57227,152336,82041,19573
2021-06-26T23:59:59+02:00,32742,34482,71881,73223,69690,71359,74293,81433,80654,84604,50948,63579,41612,57389,10107,20235,12734,13573,33208,38359,35639,40505,39854,48312,59877,65725,36047,45947,37027,51073,9242,18357,642034,428720,104403,57187,152331,80109,19463
2021-06-25T23:59:59+02:00,31042,32739,71403,72707,69086,70670,73880,80997,80285,84284,50889,63497,41582,57350,10102,20222,12413,13189,32357,37564,34777,39693,38925,47481,58675,64501,35535,45250,36833,50769,9219,18314,635850,420364,103224,56750,152330,79050,19331
2021-06-24T23:59:59+02:00,29140,30901,70652,71985,68242,69808,73217,80382,79847,83932,50787,63370,41531,57285,10091,20188,11756,12509,31205,36277,33586,38448,37814,46388,57044,63134,35066,44734,36677,50582,9200,18254,628262,411150,101752,55228,152222,77174,19122
2021-06-23T23:59:59+02:00,28615,30335,69564,71022,66971,68684,72474,79698,79402,83533,50678,63196,41469,57190,10074,20158,11275,11991,30209,35040,32664,37243,36813,45517,55107,61428,34515,44177,36510,50356,9179,18188,622119,401492,100193,54183,152120,75906,18631
2021-06-22T23:59:59+02:00,28085,29753,68402,70013,65778,67670,71803,79005,78992,83169,50572,63068,41420,57106,10065,20133,10932,11595,29302,34106,31708,36371,35862,44635,53150,59599,34136,43703,36373,50115,9150,18131,615884,393028,98753,52622,151984,74805,18413
2021-06-21T23:59:59+02:00,27389,29073,67097,68857,64599,66551,71051,78232,78599,82774,50464,62960,41361,57020,10051,20092,10645,11289,28675,33533,31163,35811,35272,44051,51307,57953,33431,42905,36077,49695,9121,18055,609144,385509,97270,51436,151859,74141,17897
2021-06-20T23:59:59+02:00,26672,28342,65894,67742,63587,65617,70254,77491,78245,82442,50388,62838,41314,56951,10045,20059,10358,11025,28136,33032,30710,35316,34769,43533,49479,56173,32886,42226,35880,49367,9091,17995,602838,378131,95810,50687,151759,73684,17474
2021-06-19T23:59:59+02:00,26269,27955,65175,67177,63074,65136,69463,76848,78091,82314,50368,62813,41298,56938,10044,20059,10231,10832,27891,32717,30459,35000,34554,43274,48036,54780,32631,41884,35798,49232,9083,17967,598970,372770,94872,50676,151758,73501,17422
2021-06-18T23:59:59+02:00,25799,27470,64180,66443,62343,64531,68561,76020,77697,81977,50305,62737,41271,56902,10040,20051,10016,10602,27496,32306,30140,34595,34173,42890,46323,53135,32284,41372,35661,49021,9064,17934,593624,366012,93644,50391,151748,73298,17311
2021-06-17T23:59:59+02:00,25144,26851,62934,65457,61369,63729,66981,74624,77189,81580,50207,62590,41209,56819,10027,20024,9607,10254,26710,31631,29402,33925,33347,42203,44830,51654,31841,40750,35496,48768,9032,17883,587650,358636,91001,49266,151591,72939,16492
2021-06-16T23:59:59+02:00,24596,26249,61644,64332,60261,62744,64714,72717,76346,80927,49998,62380,41118,56707,10008,19993,9294,10006,26061,30974,28697,33308,32622,41580,44246,51096,31579,40401,35350,48573,9011,17842,581460,354981,86515,48569,151142,71473,15617
2021-06-15T23:59:59+02:00,23932,25540,60266,63131,59192,61770,63564,71642,75844,80502,49876,62233,41068,56611,10001,19963,9037,9740,25459,30246,28064,32558,31955,40864,42691,49482,31135,39853,35179,48343,8982,17778,574434,348323,84891,47684,150681,70230,15129
2021-06-14T23:59:59+02:00,23454,24929,59173,62081,58322,60929,62501,70643,75369,80115,49788,62113,41018,56540,9985,19937,8757,9444,24713,29366,27310,31736,31177,40064,41416,48154,30774,39356,35045,48121,8952,17727,568623,342240,83189,46682,150478,68583,14607
2021-06-13T23:59:59+02:00,23036,24454,58254,61178,57550,60149,61400,69676,74892,79678,49697,61995,40968,56481,9974,19908,8483,9152,24011,28540,26603,30906,30422,39217,39892,46593,30317,38756,34843,47819,8924,17639,563631,335282,81332,45919,150236,66825,14091
2021-06-12T23:59:59+02:00,22805,24173,57716,60682,57195,59868,60760,69032,74692,79563,49674,61964,40956,56466,9971,19904,8370,9036,23535,27953,26087,30342,29915,38664,38823,45627,30150,38577,34747,47655,8920,17628,560765,331110,80379,45916,150222,64948,14055
2021-06-11T23:59:59+02:00,22443,23754,56985,59874,56519,59244,59855,68099,74336,79252,49597,61891,40931,56429,9967,19898,8239,8850,23034,27291,25567,29691,29341,38039,37760,44632,29887,38223,34605,47434,8908,17602,555790,326344,79093,45658,150199,63109,13992
2021-06-10T23:59:59+02:00,21901,23190,55871,58952,55594,58428,58611,66935,73804,78847,49527,61783,40907,56377,9954,19870,7980,8606,22175,26354,24614,28764,28238,37126,36382,43479,29538,37752,34331,47002,8841,17527,550288,319512,76904,44959,149947,60826,13412
2021-06-09T23:59:59+02:00,21307,22646,54717,57871,54576,57532,57680,66034,73339,78457,49440,61683,40856,56315,9940,19840,7697,8352,21263,25496,23686,27879,27219,36188,34672,41699,29158,37255,34146,46734,8800,17437,544628,312110,75650,44262,149586,58940,12369
2021-06-08T23:59:59+02:00,20623,21954,53436,56760,53463,56565,56732,65178,72799,78023,49353,61561,40800,56222,9920,19809,7437,8117,20347,24609,22631,27018,26192,35237,33326,40403,28807,36751,33831,46283,8747,17354,538045,305832,74738,43506,149153,56490,11262
2021-06-07T23:59:59+02:00,19967,21344,52020,55512,52208,55598,55580,64199,72251,77628,49269,61456,40754,56156,9907,19781,7192,7900,19507,23792,21612,26208,25162,34376,32402,39630,28532,36365,33587,45861,8696,17262,530865,301259,73848,42696,148732,53944,10185
2021-06-06T23:59:59+02:00,19460,20811,50882,54436,51118,54634,54628,63255,71746,77226,49185,61382,40717,56093,9898,19765,6986,7703,18724,22907,20714,25343,24101,33401,31495,38823,28253,36029,33331,45471,8645,17188,524633,296732,72837,41961,148369,51024,9397
2021-06-05T23:59:59+02:00,19191,20496,50098,53663,50452,54105,54150,62744,71604,77088,49168,61360,40713,56089,9895,19765,6764,7315,18105,21871,20005,24257,23234,32201,30486,37529,27928,35573,33210,45299,8639,17168,520342,290467,72833,41923,148073,47861,9333
2021-06-04T23:59:59+02:00,18752,19933,49073,52676,49657,53252,53513,61979,71262,76765,49141,61329,40695,56073,9893,19758,6548,7004,17495,21031,19340,23280,22321,30944,29292,36213,27642,35214,33097,45127,8627,17149,514034,284157,72513,41855,148047,45155,9157
2021-06-03T23:59:59+02:00,18077,19254,47567,51396,48451,52137,52564,60974,70770,76305,49077,61232,40657,56029,9880,19734,6266,6615,16765,20000,18561,22144,21329,29537,28136,34738,27099,34440,32893,44802,8591,17074,506381,277474,71508,41113,147767,41955,8448
2021-06-02T23:59:59+02:00,17712,18760,46587,50448,47612,51416,51838,60239,70528,76092,49039,61196,40638,56001,9872,19720,6091,6382,16130,19332,17673,21403,20514,28609,27056,33350,26636,33837,32735,44554,8562,17004,500286,271316,71495,41097,147740,39278,8177
2021-06-01T23:59:59+02:00,17037,18043,44743,48726,45977,49964,50315,58793,69842,75487,48946,61083,40577,55929,9859,19673,5819,6077,14985,18441,16178,20453,19328,27388,25855,31979,26094,33153,32488,44209,8515,16901,491167,264961,70168,40536,147199,35906,6460
2021-05-31T23:59:59+02:00,16564,17563,43439,47591,44768,48869,49077,57687,69162,74973,48869,60981,40533,55863,9847,19637,5542,5762,13955,17624,14793,19548,18169,26296,24645,30653,25581,32441,32294,43913,8481,16803,484926,258746,69013,39995,146742,33017,4742
2021-05-30T23:59:59+02:00,16241,17171,42472,46660,43868,47969,48085,56696,68604,74425,48760,60823,40462,55750,9831,19594,5360,5524,13415,16939,14178,18862,17296,25341,23555,29493,24812,31501,32001,43501,8437,16715,478961,252844,67985,39200,146329,30750,4136
2021-05-29T23:59:59+02:00,16118,17055,42118,46343,43534,47709,47842,56505,68539,74362,48754,60815,40456,55747,9831,19594,5199,5287,12912,16130,13538,18013,16456,24183,22455,28204,24656,31271,31938,43408,8434,16708,476997,247291,67884,39200,146309,28169,4132
2021-05-28T23:59:59+02:00,15815,16750,41426,45715,43027,47152,47332,55960,68261,74065,48688,60732,40428,55698,9828,19589,4962,4902,12377,15225,12864,17157,15601,22968,21376,26777,24410,30909,31845,43274,8424,16691,472723,241321,67389,39095,146256,25248,4098
2021-05-27T23:59:59+02:00,15296,16229,40288,44740,42012,46271,46353,55076,67676,73634,48565,60574,40374,55626,9817,19548,4741,4564,11743,14413,12089,16231,14545,21792,20123,25275,23913,30176,31672,43014,8390,16609,466918,234038,65884,38295,145540,23220,3737
2021-05-26T23:59:59+02:00,14889,15808,39200,43821,40981,45395,45330,54203,67067,73119,48411,60395,40293,55462,9796,19500,4552,4371,11190,13655,11369,15384,13549,20667,18736,23698,23340,29395,31457,42675,8337,16507,461811,226811,63863,37442,144553,21186,3443
2021-05-25T23:59:59+02:00,14501,15408,38205,42938,40024,44546,44383,53287,66460,72588,48232,60163,40214,55330,9771,19444,4349,4171,10655,13015,10621,14606,12493,19445,17317,22206,22761,28618,31225,42356,8283,16418,456528,219512,62291,36512,143456,19296,3219
2021-05-24T23:59:59+02:00,14163,15089,37384,42210,39156,43880,43528,52511,65928,72101,48109,59985,40150,55208,9751,19400,4206,4047,10214,12559,9987,14023,11622,18622,16043,20959,22102,27792,31009,42033,8225,16332,451936,212689,61074,35580,142730,18693,2813
2021-05-23T23:59:59+02:00,13992,14918,36920,41845,38708,43477,43077,52109,65656,71875,48034,59893,40112,55164,9744,19376,4018,3911,9760,12090,9372,13428,10692,17813,14859,19909,21636,27232,30757,41750,8179,16249,448765,205781,60708,35502,142698,17643,2729
2021-05-22T23:59:59+02:00,13796,14700,36242,41286,38034,43027,42511,51704,64643,70876,47830,59635,40041,55050,9735,19355,3908,3618,9548,11680,9218,13104,10453,17370,14595,19512,21543,27117,30723,41710,8172,16240,442383,204579,60705,35501,142680,15734,2697
2021-05-21T23:59:59+02:00,13418,14301,35180,40380,36981,42105,41455,50810,63293,69598,47601,59299,39960,54903,9718,19322,3803,3524,9342,11421,9012,12840,10126,17046,14190,19147,21323,26832,30663,41620,8163,16232,432847,202659,60359,35196,142437,14748,2681
2021-05-20T23:59:59+02:00,12625,13581,33749,38935,35573,40703,40063,49613,62010,68447,47312,58954,39815,54722,9697,19272,3658,3343,8823,10822,8373,12138,9425,16210,13440,18192,20515,25725,30470,41326,8125,16147,422691,198332,58666,34356,141408,11738,2306
2021-05-19T23:59:59+02:00,12089,13018,32574,37516,34476,39330,38944,48658,60019,66687,46838,58402,39635,54462,9654,19166,3557,3215,8557,10455,8080,11768,8987,15704,12808,17537,19655,24604,30243,41023,8068,16033,411893,194125,57156,33550,140312,10512,2107
2021-05-18T23:59:59+02:00,11673,12575,31533,36499,33398,38426,37913,47728,57968,64832,46482,57954,39482,54221,9622,19107,3361,3052,8068,9856,7615,11224,8452,15040,12130,16770,18714,23384,30006,40682,8031,15927,403270,190065,55221,32710,139120,7735,1802
2021-05-17T23:59:59+02:00,11423,12304,31021,35958,32913,37872,37329,47102,56065,63133,45779,57133,39204,53826,9585,19034,3277,2944,7809,9573,7323,10929,8057,14631,11569,16167,17798,22257,29774,40363,7996,15851,395707,185717,54130,31964,138327,7120,1517
2021-05-16T23:59:59+02:00,11205,12051,30504,35456,32452,37379,36813,46536,54173,61311,45235,56434,39009,53509,9558,18979,3177,2844,7525,9286,7007,10586,7587,14173,10997,15590,16869,21118,29566,40076,7960,15785,388758,181471,53169,31126,137669,6541,1008
2021-05-15T23:59:59+02:00,11051,11849,30228,35124,32215,37057,36585,46273,52605,59835,44986,56129,38931,53369,9552,18951,3158,2827,7502,9261,6992,10565,7569,14161,10982,15570,16760,20905,29356,39772,7952,15775,382957,180491,53166,31125,137624,6498,993
2021-05-14T23:59:59+02:00,10805,11569,29762,34618,31841,36600,36079,45804,50742,58011,44626,55624,38791,53162,9536,18912,3132,2810,7432,9192,6941,10495,7511,14105,10802,15372,16034,19846,29071,39287,7935,15735,375199,177611,52842,30788,137498,6358,943
2021-05-13T23:59:59+02:00,10521,11243,29126,33981,31247,35996,35411,45144,49276,56494,44195,54994,38618,52917,9509,18867,3064,2765,7309,9091,6854,10402,7409,14002,10480,15028,14983,18614,28688,38646,7892,15660,368121,173837,51827,30229,136754,5984,837
2021-05-12T23:59:59+02:00,10394,11099,28847,33667,30986,35707,35104,44835,48990,56186,44092,54881,38564,52834,9502,18828,3052,2739,7277,9056,6825,10368,7383,13963,10317,14873,14615,18194,28384,38170,7870,15613,365457,171827,51748,30219,136597,5939,714
2021-05-11T23:59:59+02:00,10050,10773,28005,32846,30158,34958,34252,44060,47262,54424,43643,54291,38386,52544,9464,18726,2965,2645,7040,8777,6609,10071,7174,13599,9839,14328,13642,17049,27973,37558,7833,15519,358582,168190,50049,29336,134721,4605,490
2021-05-10T23:59:59+02:00,9744,10502,27263,32148,29387,34262,33484,43298,45961,53163,43259,53781,38195,52239,9414,18612,2925,2600,6913,8653,6514,9954,7038,13421,9581,14024,12950,16198,27546,36952,7807,15440,352340,165401,48935,28963,133056,3771,381
2021-05-09T23:59:59+02:00,9513,10258,26594,31478,28724,33569,32770,42610,44448,51703,42760,53161,37995,51935,9377,18526,2878,2554,6792,8512,6408,9814,6927,13210,9270,13713,12156,15303,27184,36421,7788,15384,345317,162573,47863,28411,131946,3035,295
2021-05-08T23:59:59+02:00,9420,10191,26211,31177,28279,33256,32320,42306,43419,50879,42608,52995,37951,51873,9374,18520,2875,2550,6784,8508,6402,9807,6920,13199,9261,13702,12120,15242,26510,35479,7751,15308,340806,160719,47822,28385,131860,3023,291
2021-05-07T23:59:59+02:00,9278,10045,25746,30805,27833,32883,31823,41961,42390,50056,42340,52655,37838,51712,9363,18493,2828,2524,6731,8468,6348,9754,6869,13149,9089,13484,11491,14433,25577,34109,7704,15226,335728,156660,47514,28020,131706,2831,273
2021-05-06T23:59:59+02:00,8881,9757,24835,30041,26779,32087,30603,41147,40778,48854,41965,52110,37640,51471,9326,18420,2767,2478,6602,8322,6235,9627,6723,12965,8821,13188,10847,13580,24623,32737,7670,15164,327903,152914,46446,27074,130082,2098,263
2021-05-05T23:59:59+02:00,8520,9560,23957,29446,25916,31424,29520,40360,38806,47045,41521,51559,37430,51190,9269,18308,2729,2448,6487,8195,6136,9514,6620,12824,8577,12933,10143,12755,23615,31420,7641,15094,320057,149062,45595,26189,127999,1700,180
2021-05-04T23:59:59+02:00,8278,9332,23163,28805,24951,30685,28449,39525,37300,45584,41051,50971,37154,50843,9221,18186,2692,2427,6415,8122,6055,9449,6548,12748,8345,12714,9418,11906,22668,30180,7607,15032,313413,145370,44634,25387,125377,1495,74
2021-05-03T23:59:59+02:00,8077,9118,22467,28227,24116,30081,27546,38830,36350,44836,40708,50498,36940,50556,9170,18082,2648,2397,6347,8046,5975,9384,6461,12665,8116,12502,8677,11011,21758,28968,7577,14983,308563,141654,43860,24574,123144,1252,35
2021-05-02T23:59:59+02:00,7918,8956,21834,27654,23377,29493,26735,38211,35541,44207,40449,50167,36823,50366,9136,18025,2615,2375,6306,8005,5941,9351,6423,12625,7934,12330,8081,10278,21055,28106,7556,14965,303744,138496,43095,24300,122024,1121,29
2021-05-01T23:59:59+02:00,7766,8775,21462,27202,22895,28919,26090,37503,34717,43310,40185,49794,36725,50213,9131,18008,2610,2369,6280,7996,5928,9344,6405,12610,7916,12315,8046,10215,21017,28050,7552,14961,297655,138210,43094,24293,121917,1082,29
2021-04-30T23:59:59+02:00,7619,8596,21076,26778,22452,28357,25343,36731,33713,42352,39957,49475,36626,50060,9119,17987,2593,2356,6255,7978,5906,9328,6379,12590,7884,12282,8008,10146,20967,27967,7549,14952,291389,137904,43088,24222,121741,991,23
2021-04-29T23:59:59+02:00,7351,8358,20486,26209,21787,27676,24412,35769,32442,41019,38916,48073,36309,49588,9062,17855,2561,2323,6164,7869,5822,9226,6285,12448,7683,12010,7389,9428,20562,27457,7527,14878,282671,135856,42303,23003,120316,751,22
2021-04-28T23:59:59+02:00,7078,8142,19967,25739,21155,27079,23532,34926,31050,39574,37758,46486,35967,49095,8999,17713,2493,2279,6056,7748,5717,9098,6184,12299,7463,11741,6703,8584,20149,26881,7486,14807,274010,133428,41533,21710,118695,528,22
2021-04-27T23:59:59+02:00,6900,7966,19538,25319,20551,26549,22694,34158,29853,38267,36673,45049,35587,48524,8930,17585,2469,2255,5955,7650,5664,9004,6120,12177,7250,11546,6103,7850,19746,26389,7466,14784,266278,131347,40667,20776,117176,283,22
2021-04-26T23:59:59+02:00,6719,7804,19125,24902,20017,26030,21898,33411,28648,37038,35615,43631,35279,48041,8881,17460,2458,2246,5914,7609,5620,8965,6084,12134,7065,11382,5492,7126,19376,25943,7442,14757,258650,129406,39845,19936,115984,251,20
2021-04-25T23:59:59+02:00,6615,7671,18790,24637,19639,25693,21292,32799,27668,36082,34485,42212,34962,47614,8840,17379,2446,2238,5896,7586,5601,8948,6065,12109,7028,11355,5365,6946,19042,25481,7426,14712,251506,128785,39130,19198,115722,241,20
2021-04-24T23:59:59+02:00,6450,7496,18349,24208,19084,25156,20511,32000,26598,35042,34236,41902,34868,47451,8830,17367,2442,2233,5883,7577,5594,8937,6060,12105,7018,11349,5297,6836,18944,25340,7423,14704,245571,128338,39128,19161,114829,223,20
2021-04-23T23:59:59+02:00,6230,7299,17902,23737,18519,24546,19692,31190,25452,33855,33462,40738,34724,47213,8816,17344,2436,2215,5856,7553,5557,8900,6016,12061,6973,11299,5132,6561,18408,24716,7323,14534,238033,126502,38799,18817,113867,201,20
2021-04-22T23:59:59+02:00,6015,7089,17299,23153,17729,23770,18647,30172,24134,32429,32421,39386,34477,46854,8777,17266,2422,2201,5813,7503,5512,8817,5945,11982,6899,11230,4850,6148,17700,23845,7202,14337,229019,124361,37881,17856,112698,169,20
2021-04-21T23:59:59+02:00,5822,6909,16772,22683,17073,23169,17668,29278,22584,30840,31420,38155,34182,46416,8729,17179,2398,2184,5772,7449,5455,8742,5880,11882,6803,11150,4695,5875,17007,22999,7088,14157,220174,122287,37112,17093,111573,136,20
2021-04-20T23:59:59+02:00,5637,6717,16220,22211,16340,22512,16679,28281,21118,29379,30281,36671,33868,45981,8680,17089,2386,2170,5724,7412,5414,8697,5835,11818,6725,11087,4577,5722,16408,22224,6963,13980,211229,120619,36235,16375,110180,128,20
2021-04-19T23:59:59+02:00,5454,6561,15692,21785,15669,21954,15694,27407,19735,27989,28915,35045,33550,45510,8624,16975,2375,2157,5700,7380,5377,8664,5796,11773,6646,11011,4451,5561,15762,21514,6855,13820,202571,118986,35460,15711,108508,125,20
2021-04-18T23:59:59+02:00,5266,6420,15261,21460,15052,21397,14728,26619,18399,26855,27531,33402,33219,45089,8568,16886,2324,2111,5572,7260,5264,8550,5691,11626,6542,10893,4336,5377,15170,20851,6742,13642,194055,117363,34632,14446,107445,122,20
2021-04-17T23:59:59+02:00,5232,6385,15108,21385,14878,21312,14489,26440,18145,26635,27025,32860,33093,44940,8559,16871,2297,2072,5472,7107,5157,8391,5593,11438,6453,10761,4284,5315,14930,20558,6732,13629,192838,115618,34627,14442,105872,109,20
2021-04-16T23:59:59+02:00,5169,6333,14929,21233,14670,21149,14209,26190,17734,26227,25982,31628,32957,44723,8538,16848,2253,2022,5358,6927,5021,8211,5440,11197,6259,10544,4081,5087,14288,19775,6634,13484,189486,112416,34342,14046,104671,99,20
2021-04-15T23:59:59+02:00,5099,6254,14718,21018,14400,20864,13782,25841,17101,25597,24617,30022,32700,44398,8503,16769,2184,1940,5162,6691,4820,7892,5233,10882,6044,10260,3883,4838,13463,18696,6519,13317,184939,108613,33532,13105,103192,86,20
2021-04-14T23:59:59+02:00,5019,6185,14514,20818,14144,20640,13393,25507,16435,24979,23045,28241,32384,43990,8450,16675,1996,1823,4944,6430,4634,7645,5008,10635,5812,9978,3748,4630,12742,17786,6392,13104,180331,105555,32657,11652,101411,80,20
2021-04-13T23:59:59+02:00,4968,6136,14317,20682,13916,20460,13053,25214,15866,24473,21349,26397,32065,43565,8418,16565,1912,1772,4779,6244,4448,7427,4808,10383,5611,9751,3611,4466,12226,17176,6269,12941,176110,103197,31783,10537,99531,70,20
2021-04-12T23:59:59+02:00,4904,6070,14102,20484,13613,20200,12672,24803,15292,23920,19755,24459,31775,43205,8377,16490,1782,1681,4600,6085,4302,7251,4647,10191,5473,9594,3494,4313,11796,16670,6158,12778,171761,101522,30728,9204,97612,69,20
2021-04-11T23:59:59+02:00,4835,5994,13878,20285,13321,19990,12263,24453,14735,23413,18253,22689,31514,42866,8334,16411,1746,1645,4480,5973,4192,7129,4525,10060,5338,9464,3381,4194,11309,16063,6027,12572,167488,99783,29771,8229,95956,67,19
2021-04-10T23:59:59+02:00,4831,5987,13859,20271,13314,19980,12246,24437,14713,23393,17569,21769,31223,42449,8316,16383,1742,1633,4469,5964,4178,7116,4512,10046,5285,9400,3279,4081,10753,15228,5897,12374,166422,97647,29744,8229,94556,63,18
2021-04-09T23:59:59+02:00,4819,5970,13827,20224,13272,19935,12200,24382,14456,23143,16059,19889,30816,41803,8280,16340,1719,1623,4449,5948,4153,7090,4472,10013,5248,9351,3194,3967,9890,14243,5751,12175,163818,95224,29405,7983,92175,62,17
2021-04-08T23:59:59+02:00,4777,5943,13728,20151,13194,19855,12104,24279,14123,22785,14295,17681,30200,40797,8220,16218,1700,1610,4419,5897,4101,7007,4410,9937,5177,9274,3087,3865,9413,13642,5545,11930,160000,93385,28380,7555,89957,61,13
2021-04-07T23:59:59+02:00,4748,5915,13623,20070,13104,19773,12005,24176,13750,22429,12794,15851,29558,39830,8166,16120,1681,1600,4367,5831,4016,6934,4322,9853,5088,9175,3001,3771,8668,12555,5310,11529,155627,90858,27504,6781,88769,50,12
2021-04-06T23:59:59+02:00,4719,5889,13525,20001,13022,19713,11931,24110,13375,22078,11160,13849,28897,38863,8134,16048,1622,1546,4239,5706,3911,6815,4203,9707,4986,9046,2886,3651,7965,11627,5037,11166,151619,88484,26623,5570,87061,48,11
2021-04-05T23:59:59+02:00,4683,5861,13448,19936,12954,19644,11876,24031,13103,21824,9554,11909,28169,37816,8098,15984,1551,1477,4085,5557,3743,6658,4052,9559,4831,8918,2754,3534,7163,10667,4767,10777,148429,86130,25610,3907,84840,45,11
2021-04-04T23:59:59+02:00,4669,5843,13437,19916,12947,19626,11869,24011,13006,21754,8532,10650,27722,37172,8073,15927,1550,1475,4077,5552,3741,6653,4048,9555,4829,8910,2749,3525,6927,10204,4683,10652,146699,85177,25606,3907,82841,38,8
2021-04-03T23:59:59+02:00,4666,5833,13420,19897,12938,19615,11859,24001,12992,21737,7631,9587,26841,35930,8024,15816,1547,1472,4075,5547,3739,6650,4040,9543,4815,8899,2742,3514,6789,9945,4644,10572,144233,84581,25598,3907,80949,38,7
2021-04-02T23:59:59+02:00,4661,5815,13385,19872,12900,19575,11817,23953,12917,21670,7119,8841,25257,33829,7878,15547,1539,1457,4051,5527,3713,6609,4004,9483,4695,8612,2614,3360,6419,9554,4496,10377,139786,82780,25263,3685,79980,38,7
2021-04-01T23:59:59+02:00,4608,5755,13290,19727,12786,19425,11672,23797,12319,21227,6556,8139,23752,31859,7748,15307,1477,1412,3946,5406,3646,6538,3937,9416,4617,8508,2522,3219,5913,8873,4326,10101,135590,80538,24129,3282,78243,32,5
2021-03-31T23:59:59+02:00,4557,5700,13167,19576,12657,19270,11486,23617,12056,20967,6239,7768,22276,29901,7598,15078,1464,1401,3924,5383,3616,6510,3900,9371,4581,8455,2459,3144,5431,8233,4152,9863,131662,78785,23041,3066,77206,32,4
2021-03-30T23:59:59+02:00,4497,5638,13029,19425,12545,19094,11357,23453,11887,20829,6049,7552,20888,28173,7454,14876,1447,1366,3884,5351,3553,6441,3814,9257,4451,8285,2324,2942,5012,7681,4009,9608,128311,76579,22115,2826,76319,19,1
2021-03-29T23:59:59+02:00,4457,5598,12912,19330,12480,19011,11274,23350,11741,20694,5893,7356,19475,26495,7326,14675,1390,1326,3830,5308,3479,6372,3696,9113,4300,8097,2203,2801,4449,7015,3855,9331,124741,73931,21252,2615,76073,18,1
2021-03-28T23:59:59+02:00,4410,5534,12795,19193,12394,18917,11174,23255,11636,20593,5744,7153,18300,24993,7207,14481,1358,1282,3731,5204,3289,6149,3608,8996,4250,8044,2151,2739,3694,6004,3670,9063,121761,70902,20464,2319,75553,10,1
2021-03-27T23:59:59+01:00,4378,5485,12688,19029,12280,18752,11063,23050,11532,20447,5680,7072,18018,24648,7196,14466,1352,1279,3726,5200,3286,6142,3323,8650,4053,7746,2145,2736,3680,5971,3635,9002,119932,69602,20427,2319,75424,4,1
2021-03-26T23:59:59+01:00,4343,5433,12579,18844,12152,18558,10911,22822,11372,20240,5516,6858,17416,23862,7097,14317,1351,1278,3722,5193,3263,6125,3304,8630,3844,7304,1969,2334,3418,5688,3483,8769,116858,67358,20090,2313,75371,3,1
2021-03-25T23:59:59+01:00,4275,5347,12381,18606,11949,18228,10696,22493,11132,19913,5305,6573,16389,22555,6967,14127,1341,1268,3702,5167,3231,6099,3255,8593,3798,7262,1897,2221,2983,5012,3327,8465,112881,65406,19017,2212,75037,2,1
2021-03-24T23:59:59+01:00,4196,5241,12171,18160,11734,17828,10480,22106,10904,19548,5037,6229,15354,21347,6828,13903,1318,1254,3678,5123,3197,6037,3200,8524,3744,7189,1844,2162,2675,4677,3176,8190,109798,64016,17928,1969,73339,2,1
2021-03-23T23:59:59+01:00,4141,5179,12004,17821,11536,17479,10293,21745,10688,19261,4905,6033,14712,20534,6689,13728,1303,1248,3664,5106,3176,6020,3179,8477,3709,7146,1808,2105,2447,4406,2965,7868,107464,62696,17199,1928,72084,2,1
2021-03-22T23:59:59+01:00,4094,5103,11811,17491,11351,17152,10070,21419,10474,18963,4756,5829,14092,19821,6556,13538,1290,1239,3637,5073,3145,5984,3150,8422,3674,7101,1765,2050,2248,4153,2770,7540,105622,61450,16481,1788,70416,2,1
2021-03-21T23:59:59+01:00,4020,4980,11529,17081,11072,16749,9804,20968,10219,18613,4642,5658,13399,19032,6414,13330,1283,1238,3620,5058,3124,5951,3127,8392,3655,7079,1746,2023,2086,3992,2599,7270,103747,60457,15184,1783,68578,2,1
2021-03-20T23:59:59+01:00,3989,4911,11387,16746,10947,16432,9662,20667,10044,18331,4517,5498,12769,18083,6278,13115,1282,1237,3620,5056,3121,5950,3124,8387,3650,7075,1742,2018,2056,3931,2576,7229,101558,60268,15180,1783,66637,2,1
2021-03-19T23:59:59+01:00,3946,4830,11219,16387,10767,16078,9491,20291,9831,17971,4359,5306,11748,16873,6119,12903,1274,1230,3603,5031,3093,5875,3083,8295,3549,6906,1619,1908,1982,3871,2465,7021,98870,59023,14772,1779,64476,2,1
2021-03-18T23:59:59+01:00,3862,4727,10974,15961,10502,15636,9215,19824,9609,17630,4214,5140,11124,16003,5890,12636,1270,1220,3586,4996,3073,5831,3061,8239,3521,6860,1600,1876,1943,3801,2341,6811,97069,58337,13766,1689,62111,2,1
2021-03-17T23:59:59+01:00,3691,4614,10679,15544,10239,15280,8973,19463,9358,17280,4095,4973,10308,14760,5626,12212,1269,1218,3572,4978,3068,5811,3051,8206,3503,6837,1599,1852,1919,3772,2231,6623,94425,57831,12221,1675,60448,2,1
2021-03-16T23:59:59+01:00,3550,4488,10339,15081,9967,14912,8698,19025,9062,16918,3952,4809,9492,13638,5344,11854,1255,1216,3568,4971,3057,5807,3045,8195,3496,6824,1575,1830,1880,3721,2111,6444,92097,57397,11032,1595,57999,2,1
2021-03-15T23:59:59+01:00,3402,4372,10027,14614,9678,14454,8403,18552,8774,16504,3807,4639,8785,12578,5121,11531,1246,1209,3549,4959,3045,5783,3025,8156,3476,6782,1561,1817,1862,3688,1997,6258,90140,56817,9670,1594,55431,2,0
2021-03-14T23:59:59+01:00,3332,4282,9761,14181,9423,14052,8089,18061,8495,16111,3644,4453,7984,11343,4813,11073,1232,1203,3528,4941,3024,5742,3003,8076,3448,6714,1535,1768,1801,3562,1829,5869,87828,56293,8655,980,52614,2,0
2021-03-13T23:59:59+01:00,3258,4052,9469,13544,9191,13505,7871,17522,8303,15704,3539,4356,7796,11052,4764,10984,1232,1203,3528,4941,3024,5742,3002,8076,3447,6712,1531,1767,1799,3558,1828,5868,87178,56276,8655,980,49077,2,0
2021-03-12T23:59:59+01:00,3196,3916,9224,13008,8955,12973,7637,16888,7949,14955,3375,4187,7413,10647,4627,10800,1230,1200,3525,4927,3021,5739,2995,8068,3443,6706,1504,1738,1778,3540,1729,5690,85417,55852,8409,979,45924,2,0
2021-03-11T23:59:59+01:00,3051,3649,8853,12250,8652,12297,7303,16106,7608,14313,3218,3987,6860,9927,4437,10487,1212,1190,3492,4883,2979,5663,2960,7945,3393,6608,1461,1687,1698,3339,1529,5174,82983,55112,7963,100,42052,1,0
2021-03-10T23:59:59+01:00,2986,3540,8353,11744,7979,11815,6986,15618,7311,13723,3058,3828,6298,9236,4266,10212,1201,1176,3462,4825,2948,5588,2924,7805,3339,6487,1425,1646,1640,3241,1409,4894,81172,53933,7411,77,38370,0,0
2021-03-09T23:59:59+01:00,2880,3364,7673,11289,7082,11334,6571,15005,6948,13116,2830,3531,5789,8605,4110,9936,1196,1172,3439,4779,2921,5523,2908,7755,3322,6441,1410,1622,1605,3199,1302,4696,78885,53247,6055,43,35123,0,0
2021-03-08T23:59:59+01:00,2708,3130,7031,10745,6268,10855,6171,14477,6554,12551,2620,3320,5184,7866,3964,9667,1189,1166,3418,4713,2896,5450,2869,7661,3290,6365,1404,1614,1602,3191,1297,4693,76064,52777,4913,41,32134,0,0
2021-03-07T23:59:59+01:00,2597,2998,6698,10247,5857,10316,5876,14029,6314,12169,2524,3231,4419,6807,3747,9384,1186,1163,3415,4708,2891,5438,2865,7645,3282,6352,1399,1601,1582,3151,1282,4651,72822,52571,4082,40,30309,0,0
2021-03-06T23:59:59+01:00,2553,2858,6516,9790,5659,9899,5402,13177,5942,11430,2504,3205,4413,6796,3745,9383,1186,1162,3412,4704,2889,5437,2864,7644,3281,6349,1397,1598,1582,3149,1281,4651,71600,52546,4082,40,27590,0,0
2021-03-05T23:59:59+01:00,2462,2603,6306,9210,5447,9505,5227,12616,5560,10454,2279,2742,4035,6415,3604,9168,1174,1159,3394,4688,2885,5424,2856,7626,3270,6331,1383,1591,1581,3145,1276,4647,69275,52390,3850,40,24508,0,0
2021-03-04T23:59:59+01:00,2386,2396,6092,8781,5287,9166,5047,12193,5386,10076,2188,2571,3482,5594,3438,8828,1162,1145,3353,4591,2852,5358,2825,7529,3237,6257,1364,1585,1567,3131,1268,4636,67233,51820,3410,40,22268,0,0
2021-03-03T23:59:59+01:00,2328,2344,5923,8369,5115,8807,4835,11742,5195,9634,2106,2463,3078,5155,3280,8533,1142,1138,3319,4543,2815,5294,2785,7430,3191,6183,1346,1560,1549,3100,1262,4619,65813,51237,3167,39,19927,0,0
2021-03-02T23:59:59+01:00,2274,2255,5761,8031,4957,8552,4675,11342,5035,9316,2039,2373,2775,4797,3060,8211,1137,1129,3301,4523,2800,5268,2769,7382,3184,6155,1341,1549,1531,3083,1259,4613,64464,50985,2909,39,18080,0,0
2021-03-01T23:59:59+01:00,2249,2228,5657,7816,4858,8407,4591,11191,4936,9143,1986,2297,2480,4472,2873,7899,1131,1126,3287,4505,2789,5239,2753,7336,3169,6127,1335,1546,1525,3074,1256,4609,63209,50768,2688,39,17186,0,0
2021-02-28T23:59:59+01:00,2196,2185,5480,7559,4683,8188,4455,11007,4829,9017,1948,2236,2188,4170,2671,7587,1122,1120,3272,4495,2782,5232,2747,7322,3162,6113,1330,1543,1518,3059,1255,4577,62105,50610,2387,39,15907,0,0
2021-02-27T23:59:59+01:00,2109,1877,5303,7134,4585,7875,4372,10659,4757,8768,1919,2174,2161,4125,2651,7533,1119,1118,3270,4494,2777,5230,2743,7319,3158,6110,1329,1543,1518,3058,1254,4577,61872,50581,2387,36,13743,0,0
2021-02-26T23:59:59+01:00,2053,1800,5158,6898,4440,7616,4221,10395,4548,8486,1791,2068,2100,4089,2545,7353,1099,1105,3253,4460,2766,5191,2730,7266,3136,6056,1323,1532,1514,3050,1253,4575,60556,50274,2381,35,12624,0,0
2021-02-25T23:59:59+01:00,1937,1701,4832,6495,4014,7156,3933,9884,4314,8107,1733,2012,2067,4028,2433,7159,1083,1090,3218,4418,2736,5138,2687,7159,3096,5963,1313,1516,1500,3011,1240,4516,60078,49651,2274,33,9453,0,0
2021-02-24T23:59:59+01:00,1908,1643,4716,6281,3911,6942,3811,9643,4190,7947,1711,1980,2035,3985,2321,6960,1070,1085,3190,4357,2700,5072,2662,7077,3067,5892,1297,1499,1475,2962,1228,4447,59534,49057,2029,23,8421,0,0
2021-02-23T23:59:59+01:00,1682,1497,4346,5794,3631,6548,3590,9265,4035,7664,1682,1951,1991,3938,2208,6776,1051,1074,3151,4328,2672,5015,2638,7001,3032,5833,1277,1479,1449,2927,1218,4396,59081,48532,1983,9,5534,0,0
2021-02-22T23:59:59+01:00,1674,1479,4296,5735,3595,6485,3526,9171,3974,7570,1651,1924,1965,3887,2090,6579,1047,1062,3132,4283,2652,4976,2613,6943,3003,5782,1265,1465,1440,2917,1210,4387,58543,48173,1840,4,5218,0,0
2021-02-21T23:59:59+01:00,1662,1475,4266,5702,3552,6447,3485,9115,3931,7520,1643,1917,1960,3878,1971,6416,1042,1052,3111,4245,2622,4926,2598,6876,2974,5696,1251,1449,1420,2857,1185,4311,58198,47611,1835,4,4907,0,0
2021-02-20T23:59:59+01:00,1661,1474,4261,5699,3550,6447,3485,9114,3930,7519,1638,1916,1958,3874,1970,6416,1042,1052,3109,4243,2622,4926,2597,6875,2974,5696,1251,1448,1419,2857,1185,4311,58184,47603,1835,4,4893,0,0
2021-02-19T23:59:59+01:00,1645,1468,4249,5680,3540,6433,3474,9104,3920,7505,1612,1887,1937,3855,1870,6234,1041,1051,3108,4242,2621,4925,2597,6873,2971,5694,1251,1448,1419,2856,1185,4311,57766,47589,1830,4,4817,0,0
2021-02-18T23:59:59+01:00,1601,1437,4153,5569,3469,6329,3386,8938,3837,7365,1591,1852,1903,3783,1739,6036,996,1008,2967,4019,2496,4654,2486,6539,2865,5435,1220,1405,1388,2771,1157,4162,57116,45564,1740,4,4132,0,0
2021-02-17T23:59:59+01:00,1579,1407,4057,5419,3383,6178,3269,8702,3710,7166,1541,1783,1830,3681,1618,5728,938,959,2815,3800,2377,4344,2359,6131,2737,5124,1173,1344,1341,2664,1109,3998,55893,43209,1729,4,3429,0,0
2021-02-16T23:59:59+01:00,1506,1340,3893,5222,3245,5996,3161,8469,3589,7000,1518,1758,1795,3650,1504,5521,853,928,2684,3644,2279,4134,2233,5812,2606,4871,1118,1252,1194,2365,855,3381,55190,40207,1712,2,2265,0,0
2021-02-15T23:59:59+01:00,1491,1322,3849,5137,3186,5910,3103,8354,3522,6894,1507,1744,1780,3627,1495,5501,819,906,2604,3516,2204,3956,2150,5534,2518,4658,1075,1188,1106,2188,789,3167,54725,38377,1710,1,1987,0,0
2021-02-14T23:59:59+01:00,1425,1294,3764,5060,3143,5800,3047,8200,3478,6785,1487,1713,1727,3500,1437,5251,810,900,2555,3448,2165,3889,2097,5415,2453,4552,1049,1152,1022,2015,717,2928,54479,37166,1095,1,1537,0,0
2021-02-13T23:59:59+01:00,1423,1293,3755,5056,3137,5799,3044,8198,3475,6783,1486,1710,1727,3498,1435,5251,810,900,2555,3448,2165,3889,2096,5415,2452,4552,1048,1152,1022,2015,717,2928,54461,37164,1094,0,1515,0,0
2021-02-12T23:59:59+01:00,1391,1276,3716,5022,3115,5779,3022,8165,3456,6739,1470,1701,1718,3481,1426,5232,803,892,2522,3395,2131,3844,2067,5361,2434,4521,1047,1151,1021,2015,716,2926,54236,36846,1092,0,1381,0,0
2021-02-11T23:59:59+01:00,1344,1232,3605,4851,3024,5607,2924,7857,3356,6527,1411,1643,1650,3301,1341,4904,766,829,2269,2952,1906,3367,1837,4616,2164,3993,963,1081,933,1821,665,2655,53609,32817,123,0,845,0,0
2021-02-10T23:59:59+01:00,1322,1212,3546,4739,2958,5502,2882,7708,3303,6396,1395,1626,1623,3260,1328,4867,694,772,1979,2548,1698,2919,1599,4008,1907,3531,853,934,768,1448,532,2160,52959,28350,121,0,587,0,0
2021-02-09T23:59:59+01:00,1309,1193,3491,4670,2928,5433,2861,7611,3266,6328,1388,1613,1596,3239,1318,4854,646,696,1720,2193,1504,2530,1415,3511,1736,3167,822,900,746,1376,511,2048,52649,25521,116,0,333,0,0
2021-02-08T23:59:59+01:00,1295,1189,3462,4642,2908,5395,2839,7558,3247,6298,1377,1606,1587,3213,1316,4836,633,662,1570,1957,1364,2277,1282,3204,1576,2907,782,879,697,1269,480,1878,52347,23417,90,0,331,0,0
2021-02-07T23:59:59+01:00,1162,1146,3355,4586,2855,5352,2812,7519,3222,6259,1368,1590,1579,3191,1311,4804,488,516,1301,1602,1125,1826,1074,2617,1349,2394,676,753,615,1110,435,1657,52048,19538,63,0,0,0,0
2021-02-06T23:59:59+01:00,1158,1144,3353,4584,2851,5349,2805,7516,3218,6255,1366,1588,1578,3188,1310,4804,364,367,1103,1349,988,1522,930,2204,1183,1975,587,651,588,1093,432,1654,52004,16990,63,0,0,0,0
2021-02-05T23:59:59+01:00,1148,1134,3337,4563,2843,5322,2794,7471,3199,6208,1360,1579,1575,3181,1309,4804,262,205,919,1033,840,1151,756,1752,1005,1566,470,546,561,1073,429,1650,51764,14218,63,0,0,0,0
2021-02-04T23:59:59+01:00,1132,1117,3293,4515,2802,5247,2752,7339,3151,6123,1346,1563,1562,3149,1300,4777,133,80,614,659,548,730,514,1141,664,976,290,364,460,927,389,1498,51127,9987,41,0,0,0,0
2021-02-03T23:59:59+01:00,1110,1111,3264,4469,2772,5200,2730,7284,3119,6062,1336,1554,1537,3108,1294,4731,115,65,488,510,419,591,413,902,510,737,242,286,361,728,301,1169,50641,7837,40,0,0,0,0
2021-02-02T23:59:59+01:00,1089,1098,3223,4437,2742,5145,2704,7207,3085,5995,1313,1526,1503,3049,1267,4636,105,56,406,410,348,515,365,817,457,659,221,263,315,659,278,1053,49980,6927,39,0,0,0,0
2021-02-01T23:59:59+01:00,1073,1088,3201,4381,2711,5082,2672,7080,3055,5898,1293,1498,1479,3013,1250,4573,78,41,310,307,255,391,273,608,323,494,182,212,249,522,215,821,49308,5281,39,0,0,0,0
2021-01-31T23:59:59+01:00,1068,1078,3186,4352,2686,5038,2657,7026,3041,5856,1282,1481,1459,2948,1227,4493,68,40,285,283,230,345,252,567,293,455,162,194,208,427,174,664,48839,4647,39,0,0,0,0
2021-01-30T23:59:59+01:00,1068,1078,3183,4348,2685,5038,2656,7025,3041,5855,1282,1480,1458,2948,1227,4493,68,37,278,270,217,329,247,556,289,449,161,191,207,427,174,664,48829,4564,36,0,0,0,0
2021-01-29T23:59:59+01:00,1067,1077,3182,4345,2685,5036,2656,7023,3038,5853,1282,1480,1458,2947,1227,4493,64,33,259,256,194,309,232,539,278,441,156,189,203,421,173,662,48813,4409,36,0,0,0,0
2021-01-28T23:59:59+01:00,1048,1058,3113,4238,2631,4925,2599,6867,2971,5722,1268,1458,1445,2881,1204,4373,55,18,162,154,128,185,162,354,204,278,124,146,157,263,101,384,47768,2875,33,0,0,0,0
2021-01-27T23:59:59+01:00,1003,1021,3027,4094,2550,4748,2503,6587,2887,5522,1239,1415,1408,2792,1170,4231,26,7,98,71,57,90,83,206,114,145,94,114,113,195,76,275,46174,1764,23,0,0,0,0
2021-01-26T23:59:59+01:00,924,992,2910,3961,2471,4562,2421,6408,2816,5367,1213,1366,1317,2639,956,3830,26,7,93,70,56,89,81,206,112,144,92,113,113,195,76,275,44141,1748,12,0,0,0,0
2021-01-25T23:59:59+01:00,909,975,2830,3831,2425,4414,2360,6212,2757,5216,1195,1345,1303,2612,944,3797,26,7,92,70,54,89,81,206,112,142,92,113,113,195,76,275,43118,1743,7,0,0,0,0
2021-01-24T23:59:59+01:00,899,971,2810,3816,2415,4383,2334,6173,2724,5156,1184,1338,1294,2590,931,3763,26,7,92,70,54,89,81,206,112,142,92,113,113,195,76,275,42776,1743,5,0,0,0,0
2021-01-23T23:59:59+01:00,899,971,2810,3816,2415,4383,2334,6173,2723,5156,1183,1338,1294,2590,931,3763,26,7,92,70,54,89,81,206,112,142,92,113,113,195,76,274,42774,1742,5,0,0,0,0
2021-01-22T23:59:59+01:00,893,964,2778,3770,2381,4318,2303,6098,2702,5109,1182,1337,1293,2589,930,3760,26,7,92,70,54,89,81,206,112,142,92,113,113,195,76,274,42402,1742,5,0,0,0,0
2021-01-21T23:59:59+01:00,878,897,2521,3355,2178,3901,2124,5489,2478,4621,1128,1288,1249,2469,900,3606,22,7,81,64,51,72,67,166,92,132,82,97,96,145,64,212,39077,1450,5,0,0,0,0
2021-01-20T23:59:59+01:00,806,837,2210,2953,1970,3434,1894,4880,2222,4144,1016,1149,1088,2121,784,3136,22,7,81,64,51,71,67,166,92,132,82,97,96,145,64,212,34639,1449,5,0,0,0,0
2021-01-19T23:59:59+01:00,746,758,1922,2511,1728,2973,1659,4223,1981,3672,943,1053,966,1847,684,2785,11,3,48,45,32,43,34,97,43,76,36,38,46,76,39,136,30447,803,4,0,0,0,0
2021-01-18T23:59:59+01:00,677,702,1695,2114,1491,2496,1411,3537,1724,3165,861,969,864,1639,632,2514,5,2,18,11,13,20,17,52,17,33,19,23,25,54,28,76,26489,413,2,0,0,0,0
2021-01-17T23:59:59+01:00,497,543,1378,1711,1210,1962,1155,2802,1446,2544,722,816,717,1358,520,2140,0,1,3,2,0,0,0,0,0,0,0,0,0,0,0,0,21519,6,2,0,0,0,0
2021-01-16T23:59:59+01:00,374,394,1197,1463,1090,1675,1014,2402,1289,2137,635,718,689,1342,518,2139,0,0,0,0,0,0,0,0,0,0,0,0,0,0,0,0,19075,0,1,0,0,0,0
2021-01-15T23:59:59+01:00,268,231,1013,1161,942,1328,845,1954,1109,1736,518,609,651,1309,507,2099,0,0,0,0,0,0,0,0,0,0,0,0,0,0,0,0,16279,0,1,0,0,0,0
2021-01-14T23:59:59+01:00,151,101,697,773,649,856,609,1296,746,1119,333,421,539,1125,454,1874,0,0,0,0,0,0,0,0,0,0,0,0,0,0,0,0,11743,0,0,0,0,0,0
2021-01-13T23:59:59+01:00,127,81,585,604,525,688,492,1040,589,854,280,347,453,958,393,1604,0,0,0,0,0,0,0,0,0,0,0,0,0,0,0,0,9620,0,0,0,0,0,0
2021-01-12T23:59:59+01:00,116,66,504,516,447,591,430,916,519,756,246,298,369,766,328,1255,0,0,0,0,0,0,0,0,0,0,0,0,0,0,0,0,8123,0,0,0,0,0,0
2021-01-11T23:59:59+01:00,87,54,411,418,364,481,344,738,412,583,212,247,309,637,269,1055,0,0,0,0,0,0,0,0,0,0,0,0,0,0,0,0,6621,0,0,0,0,0,0
2021-01-10T23:59:59+01:00,73,46,348,345,298,400,288,641,342,516,186,218,249,506,211,823,0,0,0,0,0,0,0,0,0,0,0,0,0,0,0,0,5490,0,0,0,0,0,0
2021-01-09T23:59:59+01:00,73,44,333,326,273,378,280,625,334,509,185,217,248,504,211,823,0,0,0,0,0,0,0,0,0,0,0,0,0,0,0,0,5363,0,0,0,0,0,0
2021-01-08T23:59:59+01:00,69,37,301,294,227,339,252,585,307,473,168,199,223,447,192,726,0,0,0,0,0,0,0,0,0,0,0,0,0,0,0,0,4839,0,0,0,0,0,0
2021-01-07T23:59:59+01:00,58,25,210,197,158,240,193,418,237,337,138,161,169,290,121,453,0,0,0,0,0,0,0,0,0,0,0,0,0,0,0,0,3405,0,0,0,0,0,0
2021-01-06T23:59:59+01:00,47,16,160,119,112,159,144,291,174,237,108,129,128,224,82,318,0,0,0,0,0,0,0,0,0,0,0,0,0,0,0,0,2448,0,0,0,0,0,0
2021-01-05T23:59:59+01:00,29,8,96,72,57,92,86,209,113,147,98,119,119,206,81,296,0,0,0,0,0,0,0,0,0,0,0,0,0,0,0,0,1828,0,0,0,0,0,0
2021-01-04T23:59:59+01:00,27,8,96,71,54,90,86,209,113,145,98,118,119,206,81,296,0,0,0,0,0,0,0,0,0,0,0,0,0,0,0,0,1817,0,0,0,0,0,0
2021-01-03T23:59:59+01:00,27,8,96,71,54,90,86,209,113,145,98,118,119,206,81,296,0,0,0,0,0,0,0,0,0,0,0,0,0,0,0,0,1817,0,0,0,0,0,0
2021-01-02T23:59:59+01:00,27,8,96,71,54,90,86,209,112,145,98,118,119,206,81,295,0,0,0,0,0,0,0,0,0,0,0,0,0,0,0,0,1815,0,0,0,0,0,0
2021-01-01T23:59:59+01:00,27,8,96,71,54,90,86,209,112,144,98,118,119,206,81,295,0,0,0,0,0,0,0,0,0,0,0,0,0,0,0,0,1814,0,0,0,0,0,0
2020-12-31T23:59:59+01:00,27,8,96,71,54,90,86,209,111,144,98,118,119,206,81,295,0,0,0,0,0,0,0,0,0,0,0,0,0,0,0,0,1813,0,0,0,0,0,0
2020-12-30T23:59:59+01:00,27,8,96,71,53,90,86,209,111,144,98,118,119,206,81,295,0,0,0,0,0,0,0,0,0,0,0,0,0,0,0,0,1812,0,0,0,0,0,0
2020-12-29T23:59:59+01:00,15,2,64,53,31,60,51,137,64,87,47,53,66,120,51,199,0,0,0,0,0,0,0,0,0,0,0,0,0,0,0,0,1100,0,0,0,0,0,0
2020-12-28T23:59:59+01:00,5,2,36,26,19,30,21,66,25,41,20,23,26,48,28,75,0,0,0,0,0,0,0,0,0,0,0,0,0,0,0,0,491,0,0,0,0,0,0
2020-12-27T23:59:59+01:00,0,0,7,5,7,2,1,5,0,2,0,1,2,2,4,6,0,0,0,0,0,0,0,0,0,0,0,0,0,0,0,0,44,0,0,0,0,0,0
