Datum,<24_1_m,<24_1_w,25-34_1_m,25-34_1_w,35-44_1_m,35-44_1_w,45-54_1_m,45-54_1_w,55-64_1_m,55-64_1_w,65-74_1_m,65-74_1_w,75-84_1_m,75-84_1_w,>84_1_m,>84_1_w,<24_2_m,<24_2_w,25-34_2_m,25-34_2_w,35-44_2_m,35-44_2_w,45-54_2_m,45-54_2_w,55-64_2_m,55-64_2_w,65-74_2_m,65-74_2_w,75-84_2_m,75-84_2_w,>84_2_m,>84_2_w,bp_1,bp_2,mo_1,mo_2,az_1,az_2,ja
2021-06-06T23:59:59+02:00,22992,24970,51304,54086,49835,53960,55684,64443,70505,76228,47366,59664,38345,53347,8374,17397,8339,9516,19118,22898,20367,25500,24728,34201,31186,38189,28160,36136,31542,43402,7274,15038,520435,294548,72106,41576,146744,50255,9215
2021-06-05T23:59:59+02:00,22772,24713,50661,53532,49312,53564,55267,64031,70420,76164,47364,59660,38342,53346,8374,17397,8088,9125,18511,21924,19713,24526,23888,33095,30260,37030,27896,35749,31444,43247,7268,15026,516941,288335,72101,41576,146721,47723,9156
2021-06-04T23:59:59+02:00,22297,24127,49745,52651,48615,52768,54654,63312,70182,75942,47342,59634,38329,53335,8372,17391,7826,8759,17904,21089,19059,23548,22962,31848,29166,35822,27646,35420,31345,43106,7256,15009,511216,282221,71784,41515,146709,45042,8987
2021-06-03T23:59:59+02:00,21580,23382,48421,51444,47564,51760,53786,62365,69841,75629,47288,59551,38295,53297,8362,17371,7499,8284,17191,20079,18312,22439,21995,30451,28139,34486,27193,34752,31170,42834,7229,14945,504063,275966,71125,40892,146451,41843,8297
2021-06-02T23:59:59+02:00,21139,22816,47454,50543,46810,51072,53052,61666,69667,75476,47262,59521,38277,53272,8356,17359,7304,7998,16481,19416,17474,21706,21170,29426,27120,33209,26771,34198,31024,42605,7208,14885,498147,269923,71114,40876,146449,39164,8032
2021-06-01T23:59:59+02:00,20348,21975,45612,48846,45252,49724,51550,60236,69181,75072,47188,59425,38225,53207,8344,17317,6973,7636,15261,18531,16042,20747,19987,28207,26011,31891,26266,33573,30817,42296,7169,14793,489302,263696,69922,40346,145944,35824,6334
2021-05-31T23:59:59+02:00,19779,21386,44290,47696,44069,48659,50305,59094,68644,74702,47123,59326,38181,53141,8334,17292,6640,7260,14134,17713,14722,19852,18817,27049,24880,30634,25798,32937,30652,42019,7139,14705,483096,257535,68783,39815,145495,32954,4647
2021-05-30T23:59:59+02:00,19402,20937,43296,46746,43183,47779,49297,58092,68192,74250,47019,59178,38120,53035,8319,17255,6417,6972,13581,17020,14111,19167,17904,26044,23809,29495,25113,32057,30384,41640,7102,14628,477191,251679,67758,39037,145086,30663,4065
2021-05-29T23:59:59+02:00,19259,20796,42919,46415,42856,47531,49064,57890,68138,74203,47013,59169,38114,53033,8319,17255,6222,6654,13055,16224,13471,18300,17009,24842,22808,28311,24964,31848,30335,41564,7099,14621,475194,246145,67659,39037,145057,28081,4064
2021-05-28T23:59:59+02:00,18902,20444,42234,45792,42357,46988,48548,57330,67896,73953,46956,59085,38087,52989,8316,17250,5944,6184,12492,15338,12808,17421,16106,23589,21822,27002,24738,31519,30256,41451,7089,14605,470941,240228,67163,38932,144991,25172,4032
2021-05-27T23:59:59+02:00,18290,19842,41091,44821,41374,46118,47565,56451,67386,73573,46849,58946,38038,52921,8305,17211,5675,5789,11832,14490,12021,16493,15038,22358,20619,25560,24286,30860,30104,41213,7056,14531,465173,232961,65660,38133,144272,23155,3676
2021-05-26T23:59:59+02:00,17805,19367,39989,43908,40384,45259,46519,55567,66866,73121,46708,58780,37967,52771,8288,17165,5444,5562,11258,13695,11287,15628,14006,21192,19287,24035,23752,30132,29913,40908,7008,14437,460085,225738,63673,37291,143319,21128,3387
2021-05-25T23:59:59+02:00,17346,18893,38995,43034,39446,44430,45533,54624,66357,72655,46550,58564,37889,52645,8265,17119,5206,5316,10690,13024,10539,14817,12893,19939,17936,22586,23219,29405,29701,40628,6959,14363,454809,218465,62118,36364,142251,19225,3167
2021-05-24T23:59:59+02:00,16942,18524,38162,42312,38586,43740,44660,53837,65904,72242,46436,58392,37828,52525,8248,17083,5028,5154,10225,12541,9900,14241,11964,19063,16670,21371,22633,28620,29506,40339,6911,14286,450217,211634,60907,35433,141533,18621,2764
2021-05-23T23:59:59+02:00,16750,18323,37677,41942,38146,43354,44217,53440,65652,72041,46374,58304,37792,52484,8242,17061,4809,4985,9763,12054,9259,13634,10962,18224,15587,20365,22172,28078,29291,40087,6874,14210,447066,204750,60544,35355,141509,17569,2680
2021-05-22T23:59:59+02:00,16511,18058,36979,41406,37505,42905,43652,53040,64672,71065,46187,58062,37735,52386,8233,17042,4668,4638,9571,11666,9098,13312,10706,17755,15352,19996,22083,27973,29262,40053,6869,14204,440760,203547,60541,35355,141490,15657,2647
2021-05-21T23:59:59+02:00,16065,17588,35901,40498,36479,42018,42585,52128,63394,69843,45986,57753,37660,52255,8220,17010,4541,4518,9367,11401,8896,13066,10347,17407,14973,19641,21890,27710,29205,39970,6859,14198,431318,201631,60198,35055,141233,14669,2634
2021-05-20T23:59:59+02:00,15168,16780,34443,39001,35106,40708,41180,50902,62233,68772,45717,57447,37530,52086,8202,16966,4354,4289,8828,10813,8264,12347,9619,16541,14209,18647,21163,26705,29033,39699,6826,14125,421249,197310,58536,34225,140195,11666,2261
2021-05-19T23:59:59+02:00,14531,16126,33278,37505,34020,39453,40064,49933,60289,67047,45314,56945,37358,51845,8163,16870,4233,4127,8554,10453,7979,11957,9163,16033,13538,17938,20373,25670,28823,39422,6775,14023,410519,193120,57057,33423,139102,10455,2063
2021-05-18T23:59:59+02:00,14013,15605,32239,36497,32973,38547,39036,48988,58301,65264,45003,56533,37216,51621,8137,16819,3996,3910,8078,9863,7511,11410,8605,15342,12834,17135,19498,24545,28619,39117,6743,13922,401959,189086,55132,32582,137933,7692,1768
2021-05-17T23:59:59+02:00,13695,15284,31743,35962,32517,38002,38438,48343,56388,63538,44367,55771,36973,51268,8110,16759,3887,3766,7827,9591,7216,11115,8192,14924,12249,16493,18651,23498,28418,38834,6712,13853,394447,184818,54056,31837,137170,7086,1485
2021-05-16T23:59:59+02:00,13438,14991,31230,35465,32064,37515,37896,47766,54506,61677,43881,55139,36800,50985,8086,16716,3759,3642,7552,9299,6886,10787,7699,14439,11676,15872,17780,22440,28230,38581,6685,13795,387554,180627,53095,31003,136525,6511,981
2021-05-15T23:59:59+02:00,13255,14753,30975,35148,31815,37190,37669,47520,52923,60167,43667,54871,36730,50861,8083,16689,3738,3624,7531,9276,6872,10770,7684,14427,11662,15852,17632,22190,28056,38315,6679,13788,381777,179655,53095,31003,136478,6472,966
2021-05-14T23:59:59+02:00,12965,14421,30515,34664,31457,36736,37153,47039,51075,58335,43338,54418,36609,50677,8069,16656,3706,3600,7466,9212,6821,10708,7626,14362,11428,15589,16936,21140,27806,37897,6666,13757,374086,176804,52777,30666,136349,6335,915
2021-05-13T23:59:59+02:00,12631,14046,29880,34030,30876,36131,36451,46376,49638,56802,42958,53867,36451,50451,8050,16626,3626,3545,7353,9118,6739,10615,7523,14255,11031,15132,15918,19963,27475,37332,6629,13690,367054,173056,51785,30111,135611,5963,814
2021-05-12T23:59:59+02:00,12481,13875,29602,33725,30615,35849,36153,46061,49381,56518,42859,53764,36400,50373,8044,16589,3605,3518,7326,9084,6714,10583,7501,14222,10836,14957,15542,19494,27210,36929,6612,13646,364434,171070,51707,30100,135457,5918,691
2021-05-11T23:59:59+02:00,12057,13468,28775,32931,29791,35111,35288,45267,47683,54776,42465,53230,36240,50097,8014,16504,3498,3391,7083,8813,6512,10285,7284,13846,10285,14345,14600,18360,26857,36414,6588,13564,357619,167446,50014,29220,133595,4590,469
2021-05-10T23:59:59+02:00,11691,13147,28042,32216,29008,34417,34506,44504,46432,53527,42105,52765,36066,49808,7969,16407,3453,3334,6953,8685,6418,10174,7148,13649,9972,13989,13909,17514,26493,35878,6566,13499,351401,164665,48900,28851,131948,3757,361
2021-05-09T23:59:59+02:00,11410,12852,27360,31533,28363,33745,33763,43808,44953,52059,41667,52221,35884,49527,7940,16331,3396,3276,6828,8542,6319,10031,7042,13443,9561,13600,13177,16633,26176,35418,6550,13453,344459,161846,47825,28300,130857,3024,275
2021-05-08T23:59:59+02:00,11300,12768,26954,31228,27928,33436,33317,43509,43939,51234,41539,52082,35845,49471,7938,16325,3391,3273,6823,8540,6311,10024,7036,13431,9551,13585,13043,16449,25596,34594,6520,13390,339985,159999,47785,28274,130771,3012,272
2021-05-07T23:59:59+02:00,11128,12590,26490,30864,27498,33082,32820,43160,42927,50431,41305,51775,35747,49319,7928,16304,3335,3242,6776,8502,6263,9977,6981,13377,9325,13283,12352,15539,24785,33419,6481,13325,335016,155973,47481,27913,130617,2822,254
2021-05-06T23:59:59+02:00,10673,12242,25533,30097,26460,32301,31591,42329,41403,49262,40959,51262,35573,49095,7893,16241,3266,3183,6646,8361,6153,9847,6823,13193,9019,12917,11613,14548,23982,32275,6455,13269,327236,152241,46416,26973,129018,2092,244
2021-05-05T23:59:59+02:00,10247,12003,24655,29504,25590,31626,30475,41536,39503,47464,40558,50742,35375,48830,7845,16140,3219,3142,6532,8235,6057,9736,6721,13049,8740,12591,10796,13591,23142,31171,6430,13213,319417,148410,45565,26096,126951,1699,160
2021-05-04T23:59:59+02:00,9957,11727,23844,28860,24622,30894,29393,40677,38041,46018,40125,50197,35127,48509,7803,16037,3182,3116,6464,8163,5979,9669,6649,12979,8442,12295,9986,12641,22355,30113,6406,13162,312815,144745,44606,25295,124349,1500,61
2021-05-03T23:59:59+02:00,9712,11464,23103,28273,23804,30301,28457,39947,37162,45307,39790,49765,34932,48229,7762,15944,3132,3081,6393,8085,5905,9607,6556,12893,8162,12016,9149,11604,21605,29118,6385,13124,307980,141051,43833,24485,122117,1257,22
2021-05-02T23:59:59+02:00,9513,11242,22440,27713,23069,29716,27622,39312,36427,44718,39549,49444,34828,48056,7731,15892,3093,3059,6354,8042,5875,9575,6519,12856,7922,11767,8462,10817,21053,28394,6366,13109,303187,137907,43070,24213,120998,1126,17
2021-05-01T23:59:59+02:00,9327,11032,22053,27240,22585,29139,26958,38579,35637,43848,39318,49111,34744,47915,7727,15880,3086,3053,6331,8034,5862,9567,6500,12841,7908,11754,8421,10740,21020,28352,6362,13106,297124,137625,43069,24208,120883,1087,17
2021-04-30T23:59:59+02:00,9141,10815,21665,26808,22125,28583,26176,37795,34713,42931,39101,48809,34660,47785,7715,15860,3067,3037,6310,8019,5841,9552,6474,12818,7878,11721,8381,10662,20975,28284,6360,13100,290903,137329,43063,24139,120702,997,14
2021-04-29T23:59:59+02:00,8823,10534,21078,26231,21447,27886,25205,36816,33456,41562,38123,47499,34380,47353,7666,15747,3029,2996,6215,7909,5764,9448,6372,12671,7641,11404,7759,9954,20624,27818,6341,13037,282225,135287,42281,22929,119287,753,13
2021-04-28T23:59:59+02:00,8513,10286,20551,25748,20797,27288,24282,35902,32069,40055,37036,46023,34071,46900,7613,15627,2956,2944,6106,7790,5663,9327,6274,12511,7373,11084,7084,9112,20264,27311,6303,12973,273571,132889,41510,21640,117667,533,13
2021-04-27T23:59:59+02:00,8300,10077,20113,25324,20177,26751,23429,35116,30883,38681,36022,44695,33741,46387,7557,15519,2929,2913,6003,7689,5612,9237,6201,12384,7127,10838,6481,8386,19914,26874,6288,12956,265953,130816,40646,20713,116160,290,13
2021-04-26T23:59:59+02:00,8084,9877,19695,24908,19631,26218,22598,34338,29682,37413,35036,43384,33474,45944,7516,15403,2912,2901,5967,7648,5570,9199,6163,12343,6892,10600,5883,7674,19583,26488,6268,12933,258393,128882,39826,19871,114970,259,12
2021-04-25T23:59:59+02:00,7952,9721,19353,24645,19254,25880,21956,33700,28669,36384,33995,42065,33188,45556,7482,15332,2899,2891,5950,7627,5550,9181,6142,12318,6854,10565,5725,7457,19289,26070,6252,12891,251298,128266,39112,19133,114710,250,12
2021-04-24T23:59:59+02:00,7748,9505,18908,24211,18698,25347,21123,32851,27678,35409,33767,41770,33109,45419,7472,15321,2895,2885,5936,7619,5543,9173,6137,12314,6840,10546,5645,7338,19209,25956,6249,12883,245401,127827,39111,19098,113812,231,12
2021-04-23T23:59:59+02:00,7493,9278,18447,23733,18134,24728,20258,31995,26557,34211,33067,40694,32982,45217,7460,15300,2887,2866,5906,7596,5507,9129,6094,12276,6791,10488,5447,7034,18687,25337,6174,12750,237902,125993,38786,18754,112854,210,12
2021-04-22T23:59:59+02:00,7229,9037,17819,23110,17336,23941,19175,30942,25251,32753,32117,39455,32759,44895,7424,15230,2870,2848,5862,7543,5460,9046,6027,12199,6707,10407,5107,6570,18020,24504,6086,12596,228911,123864,37866,17798,111684,178,12
2021-04-21T23:59:59+02:00,6987,8835,17278,22605,16662,23345,18161,29996,23724,31168,31182,38278,32494,44510,7380,15152,2850,2828,5822,7492,5405,8972,5964,12100,6608,10328,4897,6229,17366,23705,5998,12446,220101,121806,37095,17040,110549,152,12
2021-04-20T23:59:59+02:00,6773,8608,16705,22121,15912,22656,17120,28959,22265,29663,30131,36889,32209,44144,7336,15070,2833,2813,5778,7454,5365,8926,5914,12035,6532,10262,4748,6014,16773,22975,5907,12300,211200,120153,36219,16322,109130,142,12
2021-04-19T23:59:59+02:00,6556,8422,16155,21684,15232,22087,16092,28023,20836,28243,28885,35358,31924,43722,7288,14971,2820,2798,5757,7421,5330,8896,5871,11987,6452,10183,4586,5803,16149,22287,5828,12180,202560,118531,35443,15667,107463,138,12
2021-04-18T23:59:59+02:00,6342,8257,15702,21341,14596,21519,15036,27192,19476,27033,27635,33836,31629,43345,7243,14890,2759,2745,5624,7296,5224,8785,5770,11838,6351,10071,4427,5580,15579,21635,5741,12042,194045,116917,34613,14403,106402,135,12
2021-04-17T23:59:59+02:00,6297,8220,15543,21265,14428,21434,14773,27000,19199,26762,27171,33334,31521,43221,7237,14878,2726,2694,5524,7140,5111,8625,5671,11643,6262,9959,4364,5493,15358,21368,5734,12033,192833,115173,34608,14399,104830,121,12
2021-04-16T23:59:59+02:00,6218,8158,15361,21097,14216,21286,14467,26725,18692,26226,26248,32237,31403,43027,7216,14860,2671,2631,5404,6960,4990,8446,5505,11402,6075,9747,4125,5228,14752,20607,5659,11930,189476,112002,34323,14008,103626,110,12
2021-04-15T23:59:59+02:00,6134,8065,15142,20879,13944,21000,14006,26345,17922,25444,25044,30794,31178,42729,7190,14791,2591,2528,5204,6707,4787,8143,5297,11084,5863,9472,3909,4944,13943,19547,5568,11806,184927,108218,33516,13066,102152,97,12
2021-04-14T23:59:59+02:00,6036,7981,14932,20673,13684,20762,13596,25995,17093,24658,23638,29175,30897,42368,7144,14706,2376,2391,4996,6446,4604,7894,5069,10830,5642,9204,3761,4699,13220,18658,5474,11635,180318,105180,32635,11617,100373,90,12
2021-04-13T23:59:59+02:00,5969,7917,14735,20532,13461,20579,13218,25677,16356,23957,22118,27529,30629,41984,7116,14607,2275,2322,4829,6252,4426,7689,4863,10577,5456,8986,3623,4520,12687,18050,5383,11504,176115,102846,31759,10504,98498,80,12
2021-04-12T23:59:59+02:00,5889,7827,14503,20332,13161,20324,12813,25238,15639,23230,20681,25767,30374,41672,7082,14539,2129,2210,4654,6097,4278,7504,4705,10393,5318,8832,3494,4360,12255,17530,5296,11377,171775,101171,30704,9170,96580,79,12
2021-04-11T23:59:59+02:00,5797,7739,14284,20134,12870,20107,12375,24868,14953,22570,19324,24166,30148,41374,7046,14467,2085,2172,4538,5984,4165,7381,4582,10270,5193,8716,3367,4216,11768,16923,5188,11209,167530,99441,29752,8227,94928,77,12
2021-04-10T23:59:59+02:00,5792,7731,14268,20124,12861,20096,12358,24854,14870,22478,18654,23251,29904,41018,7028,14444,2079,2160,4529,5974,4153,7370,4569,10254,5132,8638,3262,4103,11210,16089,5076,11030,166464,97316,29725,8227,93530,73,12
2021-04-09T23:59:59+02:00,5778,7714,14241,20075,12821,20048,12312,24804,14492,22036,17209,21455,29552,40477,7000,14410,2054,2151,4511,5956,4127,7345,4525,10221,5095,8587,3147,3965,10346,15095,4966,10870,163879,94896,29387,7982,91147,72,11
2021-04-08T23:59:59+02:00,5729,7684,14144,19998,12745,19971,12206,24695,14038,21471,15490,19340,29015,39581,6949,14302,2030,2135,4484,5901,4075,7265,4460,10143,5027,8515,3038,3845,9842,14481,4799,10663,160054,93067,28365,7557,88931,71,8
2021-04-07T23:59:59+02:00,5694,7649,14040,19922,12659,19892,12115,24585,13560,20994,14045,17526,28450,38746,6902,14211,2008,2122,4431,5832,3992,7189,4371,10053,4942,8428,2938,3740,9072,13334,4606,10341,155708,90555,27489,6777,87786,60,7
2021-04-06T23:59:59+02:00,5658,7618,13944,19851,12579,19836,12033,24519,13070,20502,12446,15519,27870,37928,6885,14145,1936,2058,4301,5713,3893,7064,4251,9908,4839,8306,2823,3616,8329,12355,4389,10051,151703,88193,26608,5574,86085,58,7
2021-04-05T23:59:59+02:00,5617,7585,13872,19785,12509,19770,11979,24438,12673,20121,10848,13564,27261,37019,6853,14093,1859,1978,4136,5558,3729,6908,4095,9766,4697,8182,2672,3479,7487,11339,4187,9752,148513,85848,25596,3914,83871,55,7
2021-04-04T23:59:59+02:00,5603,7566,13861,19764,12504,19753,11971,24421,12534,20002,9810,12264,26865,36457,6832,14048,1857,1973,4130,5556,3727,6903,4091,9759,4696,8178,2666,3466,7232,10846,4122,9663,146780,84898,25594,3914,81876,48,5
2021-04-03T23:59:59+02:00,5599,7555,13846,19747,12495,19745,11961,24410,12513,19952,8784,11053,26111,35384,6791,13954,1854,1970,4128,5551,3725,6899,4083,9747,4681,8168,2660,3455,7077,10567,4104,9605,144318,84308,25589,3914,79989,48,4
2021-04-02T23:59:59+02:00,5593,7535,13807,19722,12459,19702,11918,24362,12420,19868,8103,10075,24680,33478,6679,13745,1843,1955,4102,5530,3703,6856,4043,9668,4554,7888,2527,3317,6694,10141,3986,9445,139868,82508,25253,3692,79021,48,4
2021-04-01T23:59:59+02:00,5530,7452,13715,19587,12344,19556,11770,24200,11795,19391,7376,9157,23348,31728,6583,13555,1770,1884,3998,5430,3641,6790,3973,9599,4483,7784,2425,3166,6165,9410,3856,9239,135667,80280,24126,3289,77291,41,3
2021-03-31T23:59:59+02:00,5473,7388,13589,19436,12212,19408,11591,23999,11515,19141,6864,8520,22060,30015,6461,13370,1756,1872,3977,5407,3608,6762,3938,9549,4446,7732,2353,3080,5650,8718,3727,9072,131743,78530,23040,3073,76256,41,3
2021-03-30T23:59:59+02:00,5406,7312,13455,19279,12102,19241,11458,23837,11350,19004,6472,8094,20847,28470,6353,13202,1737,1835,3936,5372,3540,6693,3849,9429,4319,7562,2211,2864,5208,8155,3621,8859,128388,76327,22116,2835,75378,28,0
2021-03-29T23:59:59+02:00,5353,7263,13348,19190,12040,19157,11364,23735,11207,18860,6132,7651,19601,27009,6258,13050,1673,1790,3887,5331,3457,6619,3736,9279,4164,7368,2100,2731,4609,7440,3510,8642,124828,73685,21252,2625,75138,26,0
2021-03-28T23:59:59+02:00,5292,7189,13232,19048,11960,19076,11271,23631,11105,18758,5793,7266,18598,25669,6164,12892,1635,1736,3778,5225,3255,6379,3673,9187,4112,7317,2036,2665,3806,6352,3390,8463,121853,70663,20466,2329,74625,17,0
2021-03-27T23:59:59+01:00,5255,7126,13124,18882,11839,18909,11161,23420,11000,18628,5720,7161,18336,25351,6156,12883,1629,1733,3774,5220,3252,6373,3353,8784,3951,7074,2031,2661,3787,6315,3361,8406,120018,69368,20431,2329,74502,7,0
2021-03-26T23:59:59+01:00,5206,7061,13013,18700,11723,18716,10995,23189,10847,18432,5524,6901,17755,24583,6081,12775,1628,1731,3768,5214,3231,6356,3331,8763,3720,6579,1881,2322,3491,5989,3244,8220,116955,67139,20093,2323,74453,6,0
2021-03-25T23:59:59+01:00,5127,6959,12809,18446,11524,18395,10777,22857,10608,18116,5270,6574,16764,23306,5980,12630,1617,1720,3746,5184,3199,6331,3282,8727,3668,6537,1801,2180,3035,5285,3126,7980,112991,65190,19023,2223,74128,5,0
2021-03-24T23:59:59+01:00,5028,6821,12597,18005,11320,18007,10550,22467,10396,17787,4949,6166,15759,22148,5876,12448,1591,1706,3722,5136,3164,6266,3224,8657,3619,6466,1744,2123,2703,4905,3003,7754,109913,63798,17936,1980,72475,5,0
2021-03-23T23:59:59+01:00,4957,6722,12429,17674,11135,17661,10357,22106,10196,17526,4813,5932,15093,21361,5772,12305,1574,1700,3709,5118,3143,6249,3204,8608,3585,6422,1710,2069,2454,4610,2820,7466,107600,62497,17207,1939,71232,5,0
2021-03-22T23:59:59+01:00,4896,6620,12231,17335,10955,17339,10145,21772,9984,17256,4654,5704,14470,20649,5671,12156,1558,1691,3684,5082,3112,6211,3171,8558,3551,6375,1667,2015,2240,4330,2643,7170,105773,61253,16496,1800,69568,5,0
2021-03-21T23:59:59+01:00,4804,6465,11944,16921,10680,16940,9891,21329,9736,16932,4523,5517,13785,19858,5553,11978,1549,1690,3667,5065,3091,6178,3150,8527,3532,6351,1649,1994,2063,4144,2492,6933,103900,60275,15199,1795,67757,5,0
2021-03-20T23:59:59+01:00,4765,6374,11802,16572,10550,16645,9750,21011,9560,16665,4398,5360,13154,18907,5436,11783,1548,1689,3667,5063,3088,6177,3147,8522,3527,6347,1643,1989,2031,4080,2473,6895,101716,60086,15195,1795,65821,5,0
2021-03-19T23:59:59+01:00,4709,6269,11628,16213,10380,16287,9570,20625,9353,16333,4211,5141,12140,17701,5313,11613,1540,1683,3650,5029,3057,6104,3108,8426,3424,6175,1526,1895,1960,4021,2363,6691,99031,58858,14787,1791,63668,3,0
2021-03-18T23:59:59+01:00,4612,6132,11358,15775,10116,15859,9303,20155,9141,16012,4068,4973,11489,16823,5126,11379,1534,1667,3635,4996,3035,6060,3089,8369,3398,6135,1507,1862,1921,3947,2237,6488,97232,58176,13779,1701,61310,3,0
2021-03-17T23:59:59+01:00,4414,5996,11065,15342,9862,15511,9061,19776,8902,15692,3940,4788,10648,15527,4909,11040,1531,1664,3622,4976,3031,6042,3078,8332,3381,6113,1505,1842,1897,3916,2126,6303,94587,57669,12239,1687,59647,3,0
2021-03-16T23:59:59+01:00,4254,5844,10708,14874,9612,15142,8767,19338,8624,15347,3798,4630,9807,14360,4678,10750,1516,1661,3618,4970,3022,6035,3072,8324,3371,6098,1484,1819,1860,3867,2007,6127,92268,57240,11049,1608,57216,3,0
2021-03-15T23:59:59+01:00,4088,5691,10392,14398,9324,14676,8464,18862,8360,14960,3648,4453,9069,13260,4506,10497,1505,1653,3600,4956,3011,6012,3053,8286,3351,6055,1468,1807,1844,3834,1894,5943,90314,56662,9685,1607,54649,3,0
2021-03-14T23:59:59+01:00,4008,5575,10110,13945,9068,14281,8147,18375,8099,14591,3470,4247,8229,11979,4258,10125,1491,1646,3575,4937,2989,5963,3033,8208,3326,5992,1434,1755,1786,3698,1731,5562,87996,56137,8672,986,51839,3,0
2021-03-13T23:59:59+01:00,3927,5357,9855,13408,8894,13851,7961,17950,7949,14295,3390,4177,8033,11671,4226,10058,1491,1646,3575,4937,2988,5963,3033,8208,3325,5990,1430,1754,1784,3694,1730,5561,87344,56120,8672,986,48986,3,0
2021-03-12T23:59:59+01:00,3842,5180,9606,12875,8667,13305,7714,17281,7592,13602,3233,4025,7647,11246,4119,9910,1489,1642,3572,4924,2984,5959,3026,8202,3321,5984,1404,1721,1763,3676,1632,5385,85585,55695,8423,986,45836,3,0
2021-03-11T23:59:59+01:00,3667,4812,9240,12150,8369,12633,7361,16490,7280,13016,3077,3824,7058,10475,3976,9675,1465,1626,3544,4882,2938,5870,2990,8084,3271,5895,1362,1665,1683,3462,1436,4878,83156,54950,7975,99,41972,2,0
2021-03-10T23:59:59+01:00,3585,4657,8667,11645,7745,12155,7051,15947,6985,12491,2920,3681,6471,9724,3850,9473,1450,1609,3515,4821,2906,5788,2952,7934,3215,5794,1325,1622,1628,3361,1318,4602,81349,53763,7420,76,38278,1,0
2021-03-09T23:59:59+01:00,3449,4441,7913,11194,6902,11663,6651,15326,6634,11917,2699,3391,5943,9072,3729,9244,1444,1604,3491,4771,2880,5724,2936,7884,3198,5750,1308,1599,1596,3319,1208,4403,79062,53072,6064,42,35042,1,0
2021-03-08T23:59:59+01:00,3246,4154,7181,10663,6164,11181,6249,14770,6253,11395,2499,3192,5315,8294,3623,9034,1436,1592,3469,4702,2851,5655,2899,7793,3170,5680,1305,1590,1592,3311,1204,4401,76246,52608,4919,42,32048,0,0
2021-03-07T23:59:59+01:00,3111,3984,6832,10160,5743,10626,5971,14327,6031,11047,2409,3114,4484,7157,3480,8839,1433,1589,3466,4697,2846,5643,2895,7774,3161,5669,1301,1572,1572,3272,1187,4361,73006,52397,4089,41,30220,0,0
2021-03-06T23:59:59+01:00,3060,3797,6638,9721,5547,10192,5460,13405,5709,10420,2396,3098,4479,7145,3477,8838,1432,1587,3464,4694,2844,5642,2894,7773,3160,5666,1299,1569,1572,3270,1186,4361,71783,52372,4089,41,27510,0,0
2021-03-05T23:59:59+01:00,2953,3479,6415,9174,5346,9784,5284,12827,5309,9436,2196,2704,4082,6728,3368,8667,1419,1580,3447,4680,2839,5629,2886,7755,3149,5648,1286,1565,1572,3265,1181,4357,69461,52217,3857,41,24434,0,0
2021-03-04T23:59:59+01:00,2858,3225,6196,8755,5192,9439,5107,12397,5134,9099,2083,2504,3514,5876,3244,8401,1407,1558,3407,4585,2806,5565,2855,7654,3122,5587,1271,1558,1562,3254,1176,4346,67409,51673,3416,40,22199,0,0
2021-03-03T23:59:59+01:00,2795,3145,6016,8343,5012,9059,4897,11943,4953,8682,1999,2401,3091,5398,3115,8154,1384,1548,3371,4534,2768,5502,2814,7550,3080,5524,1258,1537,1543,3223,1170,4329,65974,51096,3174,39,19855,0,0
2021-03-02T23:59:59+01:00,2733,3038,5846,8007,4855,8791,4735,11538,4815,8390,1921,2314,2781,5026,2923,7866,1378,1536,3352,4517,2752,5474,2801,7502,3072,5495,1254,1529,1524,3204,1168,4325,64642,50844,2918,39,18019,0,0
2021-03-01T23:59:59+01:00,2697,2990,5739,7782,4765,8667,4649,11380,4717,8226,1870,2233,2473,4684,2754,7586,1370,1533,3339,4498,2743,5441,2782,7451,3061,5477,1248,1525,1517,3196,1166,4321,63391,50629,2697,39,17124,0,0
2021-02-28T23:59:59+01:00,2630,2930,5558,7524,4594,8444,4518,11197,4619,8110,1818,2174,2177,4362,2575,7313,1358,1526,3327,4488,2735,5434,2775,7434,3054,5467,1244,1522,1511,3180,1165,4290,62303,50471,2396,39,15844,0,0
2021-02-27T23:59:59+01:00,2515,2552,5401,7139,4493,8137,4441,10845,4552,7879,1791,2121,2150,4319,2557,7261,1355,1523,3325,4488,2730,5432,2771,7430,3050,5465,1243,1521,1510,3180,1165,4290,62073,50442,2396,36,13684,0,0
2021-02-26T23:59:59+01:00,2449,2445,5258,6905,4348,7884,4290,10576,4347,7604,1669,2033,2092,4283,2452,7084,1334,1509,3307,4454,2720,5392,2759,7379,3027,5416,1237,1511,1506,3173,1164,4288,60759,50141,2390,35,12570,0,0
2021-02-25T23:59:59+01:00,2318,2314,4897,6493,3937,7415,4012,10073,4131,7259,1620,1988,2060,4224,2337,6893,1315,1489,3275,4414,2681,5331,2721,7269,2990,5334,1226,1495,1492,3133,1152,4233,60277,49517,2284,33,9410,0,0
2021-02-24T23:59:59+01:00,2278,2242,4776,6268,3843,7197,3882,9835,4016,7117,1600,1963,2030,4180,2223,6697,1301,1478,3245,4349,2647,5264,2696,7191,2960,5267,1210,1477,1469,3084,1141,4168,59732,48924,2039,23,8376,0,0
2021-02-23T23:59:59+01:00,2018,2046,4413,5799,3572,6794,3661,9460,3869,6869,1584,1934,1985,4136,2110,6515,1281,1466,3202,4314,2622,5204,2672,7116,2922,5218,1193,1456,1444,3047,1131,4119,59282,48398,1993,9,5490,0,0
2021-02-22T23:59:59+01:00,2007,2023,4357,5740,3536,6729,3595,9363,3814,6781,1551,1911,1962,4083,1994,6322,1276,1448,3182,4273,2601,5164,2646,7055,2893,5171,1185,1445,1432,3037,1125,4110,58745,48039,1850,4,5173,0,0
2021-02-21T23:59:59+01:00,1996,2016,4324,5706,3493,6695,3556,9299,3774,6739,1541,1905,1956,4074,1877,6157,1268,1432,3160,4236,2573,5113,2632,6988,2863,5088,1172,1429,1409,2975,1102,4038,58398,47474,1846,4,4864,0,0
2021-02-20T23:59:59+01:00,1995,2014,4319,5704,3491,6695,3556,9298,3773,6738,1536,1904,1954,4070,1876,6157,1268,1432,3159,4234,2573,5113,2631,6987,2863,5088,1172,1428,1408,2975,1102,4038,58384,47467,1846,4,4850,0,0
2021-02-19T23:59:59+01:00,1974,2005,4309,5688,3482,6680,3545,9288,3762,6724,1511,1872,1932,4050,1777,5977,1266,1431,3159,4233,2572,5112,2631,6985,2861,5086,1172,1428,1408,2974,1102,4038,57962,47454,1841,4,4773,0,0
2021-02-18T23:59:59+01:00,1929,1961,4206,5581,3419,6576,3449,9110,3685,6602,1495,1838,1897,3976,1647,5781,1215,1369,3011,4006,2452,4824,2519,6652,2761,4869,1142,1380,1376,2889,1078,3897,57310,45436,1751,4,4091,0,0
2021-02-17T23:59:59+01:00,1901,1919,4103,5425,3335,6423,3331,8857,3563,6437,1440,1766,1827,3873,1531,5477,1147,1297,2857,3784,2339,4509,2388,6214,2645,4616,1093,1316,1323,2777,1040,3739,56060,43080,1740,4,3408,0,0
2021-02-16T23:59:59+01:00,1802,1828,3948,5232,3206,6235,3217,8638,3446,6278,1418,1742,1799,3838,1414,5272,1051,1255,2730,3621,2240,4289,2249,5901,2524,4385,1046,1215,1163,2466,795,3144,55332,40072,1723,2,2258,0,0
2021-02-15T23:59:59+01:00,1786,1802,3898,5145,3149,6147,3154,8523,3388,6180,1408,1729,1785,3816,1406,5250,1011,1219,2648,3486,2166,4109,2164,5621,2438,4191,1003,1148,1078,2276,732,2948,54866,38237,1721,1,1979,0,0
2021-02-14T23:59:59+01:00,1711,1767,3817,5068,3108,6031,3099,8363,3345,6085,1388,1698,1732,3675,1349,5011,998,1209,2603,3419,2126,4040,2104,5496,2378,4094,968,1110,999,2091,665,2722,54619,37021,1099,1,1529,0,0
2021-02-13T23:59:59+01:00,1708,1765,3809,5065,3102,6029,3096,8362,3342,6083,1387,1695,1732,3673,1347,5011,998,1209,2603,3419,2126,4040,2103,5496,2376,4094,968,1110,999,2091,665,2722,54601,37019,1098,0,1507,0,0
2021-02-12T23:59:59+01:00,1670,1740,3771,5036,3082,6010,3072,8325,3325,6045,1371,1688,1723,3655,1339,4992,989,1197,2569,3368,2093,3991,2075,5447,2359,4064,967,1110,998,2091,664,2720,54375,36702,1097,0,1372,0,0
2021-02-11T23:59:59+01:00,1615,1676,3665,4871,2982,5830,2972,8019,3234,5856,1316,1628,1659,3469,1256,4674,940,1097,2297,2924,1883,3480,1832,4712,2109,3593,889,1039,905,1883,615,2458,53763,32656,122,0,837,0,0
2021-02-10T23:59:59+01:00,1595,1649,3603,4752,2914,5731,2925,7854,3188,5746,1302,1612,1635,3427,1242,4638,846,1010,2010,2510,1670,3021,1588,4090,1863,3183,792,883,737,1504,489,1982,53112,28178,120,0,581,0,0
2021-02-09T23:59:59+01:00,1577,1623,3551,4686,2885,5659,2902,7754,3151,5682,1300,1603,1605,3406,1234,4624,783,902,1742,2162,1477,2617,1416,3585,1699,2869,763,850,714,1424,470,1880,52797,25353,116,0,329,0,0
2021-02-08T23:59:59+01:00,1557,1619,3527,4655,2866,5617,2877,7702,3136,5656,1290,1595,1597,3378,1232,4610,764,852,1589,1920,1330,2366,1285,3270,1543,2640,734,826,664,1309,441,1722,52496,23255,91,0,327,0,0
2021-02-07T23:59:59+01:00,1407,1570,3436,4598,2815,5576,2849,7660,3113,5622,1283,1579,1588,3356,1228,4579,591,664,1326,1577,1101,1900,1074,2666,1323,2183,630,706,588,1144,399,1515,52195,19387,64,0,0,0,0
2021-02-06T23:59:59+01:00,1403,1567,3434,4596,2809,5573,2844,7656,3109,5619,1281,1576,1586,3354,1228,4579,444,473,1134,1352,969,1570,923,2241,1159,1795,552,623,569,1130,396,1512,52150,16842,64,0,0,0,0
2021-02-05T23:59:59+01:00,1392,1555,3419,4575,2800,5546,2834,7612,3088,5576,1277,1568,1583,3347,1227,4579,326,272,949,1043,817,1193,758,1787,971,1411,452,532,546,1114,394,1508,51914,14073,64,0,0,0,0
2021-02-04T23:59:59+01:00,1373,1533,3370,4523,2760,5462,2793,7483,3041,5499,1264,1555,1569,3313,1220,4554,167,116,643,677,525,752,511,1145,637,875,289,362,447,968,359,1364,51271,9837,41,0,0,0,0
2021-02-03T23:59:59+01:00,1350,1524,3329,4471,2727,5411,2771,7418,3007,5437,1254,1533,1534,3244,1204,4449,146,95,509,523,401,612,422,903,488,673,238,289,358,784,288,1108,50622,7837,41,0,0,0,0
2021-02-02T23:59:59+01:00,1328,1510,3285,4433,2695,5351,2744,7339,2974,5375,1232,1502,1498,3182,1177,4355,130,79,425,427,336,529,380,822,432,608,221,267,312,714,266,994,49940,6942,40,0,0,0,0
2021-02-01T23:59:59+01:00,1311,1493,3260,4381,2665,5278,2710,7206,2945,5286,1216,1480,1471,3144,1163,4294,102,56,317,321,247,401,283,612,308,455,183,217,244,569,205,769,49263,5289,40,0,0,0,0
2021-01-31T23:59:59+01:00,1304,1479,3244,4351,2642,5234,2696,7152,2931,5247,1204,1462,1448,3077,1142,4218,91,53,287,297,226,354,260,569,279,422,162,196,201,463,168,624,48791,4652,40,0,0,0,0
2021-01-30T23:59:59+01:00,1304,1479,3241,4347,2641,5234,2695,7150,2931,5247,1204,1461,1447,3077,1142,4218,91,50,277,283,216,338,255,560,275,414,161,195,200,463,168,624,48781,4570,37,0,0,0,0
2021-01-29T23:59:59+01:00,1302,1478,3241,4343,2641,5233,2694,7148,2929,5245,1203,1461,1447,3076,1142,4218,85,46,256,269,193,313,243,547,263,406,158,193,196,457,167,622,48765,4414,36,0,0,0,0
2021-01-28T23:59:59+01:00,1279,1448,3168,4232,2589,5114,2631,6993,2871,5134,1189,1435,1433,3009,1122,4104,71,24,157,163,129,191,166,362,195,254,128,144,150,285,98,362,47717,2879,34,0,0,0,0
2021-01-27T23:59:59+01:00,1225,1391,3080,4093,2512,4928,2538,6705,2792,4962,1155,1389,1395,2915,1094,3970,36,9,91,77,62,91,80,209,112,138,99,113,110,212,74,256,46120,1769,24,0,0,0,0
2021-01-26T23:59:59+01:00,1139,1352,2960,3947,2439,4749,2453,6517,2720,4831,1135,1332,1299,2762,882,3573,35,9,88,76,61,90,78,209,110,137,97,112,110,212,74,256,44077,1754,13,0,0,0,0
2021-01-25T23:59:59+01:00,1120,1322,2880,3815,2393,4597,2389,6321,2660,4698,1123,1313,1284,2728,872,3546,35,9,87,76,59,90,78,208,110,136,97,112,110,212,74,256,43053,1749,8,0,0,0,0
2021-01-24T23:59:59+01:00,1108,1317,2863,3798,2383,4567,2359,6270,2629,4652,1114,1305,1273,2705,861,3512,35,9,87,76,59,90,78,208,110,136,97,112,110,212,74,256,42710,1749,6,0,0,0,0
2021-01-23T23:59:59+01:00,1108,1317,2863,3798,2383,4567,2359,6270,2627,4652,1114,1305,1273,2705,861,3512,35,9,87,76,59,90,78,208,110,136,97,112,110,212,74,256,42708,1749,6,0,0,0,0
2021-01-22T23:59:59+01:00,1100,1307,2828,3752,2351,4496,2328,6201,2608,4609,1113,1304,1272,2704,860,3509,35,9,87,76,59,90,78,208,110,136,97,112,110,212,74,256,42336,1749,6,0,0,0,0
2021-01-21T23:59:59+01:00,1068,1203,2563,3342,2161,4061,2141,5592,2397,4165,1066,1262,1226,2571,832,3364,30,8,77,68,55,73,65,171,89,125,89,95,91,156,63,199,39008,1454,6,0,0,0,0
2021-01-20T23:59:59+01:00,971,1114,2257,2924,1949,3585,1903,4971,2152,3739,968,1111,1061,2218,723,2912,30,8,77,68,55,72,65,171,89,125,89,95,91,156,63,199,34552,1453,6,0,0,0,0
2021-01-19T23:59:59+01:00,892,995,1965,2492,1705,3092,1673,4307,1925,3329,899,1010,930,1934,631,2576,13,4,49,47,33,40,33,100,39,75,38,35,47,84,37,130,30350,804,5,0,0,0,0
2021-01-18T23:59:59+01:00,814,907,1723,2086,1469,2606,1414,3611,1691,2877,821,928,826,1706,585,2326,7,2,17,12,14,19,17,53,15,34,22,23,24,56,28,75,26387,418,3,0,0,0,0
2021-01-17T23:59:59+01:00,603,701,1408,1694,1193,2046,1157,2856,1419,2319,677,781,690,1416,481,1970,1,0,2,2,0,0,0,0,0,0,0,0,0,0,0,0,21408,5,3,0,0,0,0
2021-01-16T23:59:59+01:00,458,509,1233,1475,1077,1734,1009,2444,1265,1942,600,701,670,1403,479,1969,0,0,0,0,0,0,0,0,0,0,0,0,0,0,0,0,18966,0,2,0,0,0,0
2021-01-15T23:59:59+01:00,335,306,1051,1180,924,1386,847,1986,1076,1565,499,606,636,1371,469,1931,0,0,0,0,0,0,0,0,0,0,0,0,0,0,0,0,16166,0,2,0,0,0,0
2021-01-14T23:59:59+01:00,188,139,733,802,628,886,608,1304,719,1004,329,428,527,1183,422,1718,0,0,0,0,0,0,0,0,0,0,0,0,0,0,0,0,11618,0,0,0,0,0,0
2021-01-13T23:59:59+01:00,162,112,613,627,502,703,495,1031,565,780,274,349,442,1007,366,1454,0,0,0,0,0,0,0,0,0,0,0,0,0,0,0,0,9482,0,0,0,0,0,0
2021-01-12T23:59:59+01:00,146,93,535,538,430,608,439,917,495,695,246,308,367,832,311,1183,0,0,0,0,0,0,0,0,0,0,0,0,0,0,0,0,8143,0,0,0,0,0,0
2021-01-11T23:59:59+01:00,116,73,431,439,352,497,351,730,392,536,214,255,304,698,253,988,0,0,0,0,0,0,0,0,0,0,0,0,0,0,0,0,6629,0,0,0,0,0,0
2021-01-10T23:59:59+01:00,100,60,357,363,290,412,297,637,326,475,186,223,241,555,201,769,0,0,0,0,0,0,0,0,0,0,0,0,0,0,0,0,5492,0,0,0,0,0,0
2021-01-09T23:59:59+01:00,100,58,339,344,267,388,290,623,318,468,185,222,240,553,201,769,0,0,0,0,0,0,0,0,0,0,0,0,0,0,0,0,5365,0,0,0,0,0,0
2021-01-08T23:59:59+01:00,94,52,299,308,226,345,265,592,290,440,169,203,219,487,183,686,0,0,0,0,0,0,0,0,0,0,0,0,0,0,0,0,4858,0,0,0,0,0,0
2021-01-07T23:59:59+01:00,76,33,205,207,162,248,202,427,225,310,140,159,164,317,115,427,0,0,0,0,0,0,0,0,0,0,0,0,0,0,0,0,3417,0,0,0,0,0,0
2021-01-06T23:59:59+01:00,64,21,151,124,115,161,149,304,167,216,108,128,125,245,79,298,0,0,0,0,0,0,0,0,0,0,0,0,0,0,0,0,2455,0,0,0,0,0,0
2021-01-05T23:59:59+01:00,40,11,90,77,62,95,84,212,111,140,103,118,117,227,78,275,0,0,0,0,0,0,0,0,0,0,0,0,0,0,0,0,1840,0,0,0,0,0,0
2021-01-04T23:59:59+01:00,38,11,90,77,59,93,84,211,111,139,103,117,117,227,78,275,0,0,0,0,0,0,0,0,0,0,0,0,0,0,0,0,1830,0,0,0,0,0,0
2021-01-03T23:59:59+01:00,38,11,90,77,59,93,84,211,111,139,103,117,117,227,78,275,0,0,0,0,0,0,0,0,0,0,0,0,0,0,0,0,1830,0,0,0,0,0,0
2021-01-02T23:59:59+01:00,38,11,90,77,59,93,84,211,111,139,103,117,117,227,78,275,0,0,0,0,0,0,0,0,0,0,0,0,0,0,0,0,1830,0,0,0,0,0,0
2021-01-01T23:59:59+01:00,38,11,90,77,59,93,84,211,111,138,103,117,117,227,78,275,0,0,0,0,0,0,0,0,0,0,0,0,0,0,0,0,1829,0,0,0,0,0,0
2020-12-31T23:59:59+01:00,38,11,90,77,59,93,84,211,110,138,103,117,117,227,78,275,0,0,0,0,0,0,0,0,0,0,0,0,0,0,0,0,1828,0,0,0,0,0,0
2020-12-30T23:59:59+01:00,38,11,90,77,58,93,84,211,110,138,103,117,117,227,78,275,0,0,0,0,0,0,0,0,0,0,0,0,0,0,0,0,1827,0,0,0,0,0,0
2020-12-29T23:59:59+01:00,19,5,63,57,35,59,49,137,61,88,47,50,69,138,48,186,0,0,0,0,0,0,0,0,0,0,0,0,0,0,0,0,1111,0,0,0,0,0,0
2020-12-28T23:59:59+01:00,7,4,36,26,20,29,20,68,22,41,23,22,25,51,28,74,0,0,0,0,0,0,0,0,0,0,0,0,0,0,0,0,496,0,0,0,0,0,0
2020-12-27T23:59:59+01:00,1,0,7,5,6,2,1,5,0,2,0,1,2,3,4,5,0,0,0,0,0,0,0,0,0,0,0,0,0,0,0,0,44,0,0,0,0,0,0
