Datum,<15_m,<15_w,15-24_1_m,15-24_1_w,25-34_1_m,25-34_1_w,35-44_1_m,35-44_1_w,45-54_1_m,45-54_1_w,55-64_1_m,55-64_1_w,65-74_1_m,65-74_1_w,75-84_1_m,75-84_1_w,>84_1_m,>84_1_w,<24_2_m,<24_2_w,25-34_2_m,25-34_2_w,35-44_2_m,35-44_2_w,45-54_2_m,45-54_2_w,55-64_2_m,55-64_2_w,65-74_2_m,65-74_2_w,75-84_2_m,75-84_2_w,>84_2_m,>84_2_w,bp_1,bp_2,mo_1,mo_2,az_1,az_2,ja,unb_1,unb_2
2021-08-06T23:59:59+02:00,6647,6332,54195,54975,97113,95376,89644,89423,88003,93783,89102,91751,54117,67369,43042,59608,10386,20913,41814,42616,84353,82233,77893,77175,79219,84658,82768,85720,51363,63899,41258,56901,9896,19719,756414,670713,130803,112046,158041,138320,66431,90,81
2021-08-05T23:59:59+02:00,6586,6272,53911,54753,96853,95136,89425,89225,87831,93617,88950,91635,54062,67292,43013,59566,10377,20896,40625,41491,83664,81585,77151,76407,78659,84119,82430,85435,51245,63753,41197,56810,9881,19689,754935,665320,130680,110436,158030,137793,65665,90,81
2021-08-04T23:59:59+02:00,6519,6230,53703,54592,96645,94952,89276,89080,87715,93493,88852,91558,54016,67245,42983,59529,10375,20888,40183,41029,82501,80562,75843,75281,78188,83688,82130,85202,51115,63618,41145,56734,9866,19666,753786,660245,130593,108937,158017,137353,65165,90,81
2021-08-03T23:59:59+02:00,6459,6174,53463,54415,96430,94771,89125,88935,87587,93357,88723,91448,53950,67169,42949,59481,10368,20883,39756,40630,81266,79434,74441,74100,77598,83130,81603,84721,50916,63420,41046,56587,9854,19633,752509,654507,130496,107237,157999,136653,64593,90,81
2021-08-02T23:59:59+02:00,6402,6113,53243,54233,96194,94579,88942,88785,87452,93230,88606,91345,53881,67106,42920,59438,10366,20864,39303,40176,79982,78344,72922,72906,77003,82573,81083,84253,50755,63226,40974,56472,9838,19601,751212,648563,130361,105481,157981,136058,64055,90,81
2021-08-01T23:59:59+02:00,6342,6038,53001,53985,95954,94324,88742,88621,87261,93101,88454,91247,53830,67031,42888,59392,10360,20858,38802,39692,78708,77270,71539,71815,76128,81835,80510,83805,50580,62997,40896,56373,9829,19578,749736,642475,130176,103589,157963,135453,63464,90,81
2021-07-31T23:59:59+02:00,6308,6003,52887,53898,95840,94236,88642,88554,87174,93032,88411,91212,53819,67022,42882,59388,10360,20857,37862,38691,78268,76831,71010,71264,75746,81506,80396,83709,50561,62963,40878,56362,9829,19575,749280,637860,130018,102716,157962,135358,63175,90,81
2021-07-30T23:59:59+02:00,6255,5970,52726,53768,95689,94071,88494,88411,87052,92923,88330,91144,53782,66993,42870,59371,10358,20855,36874,37653,77580,76196,70268,70538,75235,80986,79998,83389,50488,62875,40846,56302,9823,19564,748447,631763,129713,101587,157959,135151,62853,90,81
2021-07-29T23:59:59+02:00,6207,5913,52504,53592,95446,93856,88294,88211,86890,92761,88196,91027,53728,66932,42848,59340,10351,20837,35641,36449,76541,75328,69222,69588,74437,80247,79462,82969,50357,62713,40780,56208,9806,19537,747299,624104,129257,100039,157945,134595,62342,90,81
2021-07-28T23:59:59+02:00,6171,5861,52311,53431,95248,93662,88157,88035,86775,92623,88089,90937,53672,66863,42816,59292,10342,20808,35041,35876,75395,74361,67955,68484,73681,79537,78972,82516,50220,62513,40712,56106,9790,19500,746192,617847,128821,98632,157926,133820,62064,90,81
2021-07-27T23:59:59+02:00,6123,5822,52080,53212,94992,93460,87984,87853,86620,92475,87972,90840,53622,66794,42772,59232,10328,20760,34397,35154,73956,73135,66513,67274,72826,78689,78432,82010,50051,62305,40633,55986,9767,19457,744824,610677,128401,97184,157904,132590,61722,90,80
2021-07-26T23:59:59+02:00,6066,5772,51870,53012,94757,93274,87793,87689,86464,92341,87845,90744,53561,66714,42743,59178,10321,20739,33654,34360,72459,71819,65158,66053,71789,77720,77847,81493,49884,62093,40555,55844,9747,19413,743516,602772,127985,95653,157888,131534,61404,90,80
2021-07-25T23:59:59+02:00,6029,5730,51677,52822,94510,93054,87631,87509,86315,92213,87737,90651,53511,66652,42716,59137,10311,20710,32950,33623,71122,70624,64061,65046,70788,76814,77382,81048,49769,61911,40491,55758,9741,19379,742190,595888,127722,94089,157870,130744,61043,90,80
2021-07-24T23:59:59+02:00,5944,5675,51407,52538,94208,92750,87386,87296,86142,92060,87640,90572,53482,66618,42705,59115,10311,20704,32468,33154,70276,69941,63394,64496,69916,76118,77178,80896,49716,61869,40470,55733,9741,19377,740361,591554,127668,93162,157869,130621,60565,90,80
2021-07-23T23:59:59+02:00,5889,5620,51144,52273,93825,92480,87100,87083,85962,91881,87507,90478,53449,66571,42697,59097,10308,20698,31967,32543,69227,69103,62618,63836,69010,75275,76777,80571,49640,61771,40438,55696,9734,19363,738361,586033,127601,92003,157862,130446,60148,90,80
2021-07-22T23:59:59+02:00,5820,5556,50736,51882,93375,92046,86723,86762,85659,91589,87292,90300,53364,66479,42668,59039,10299,20673,31284,31844,67941,68123,61579,62965,67395,73930,76134,80067,49489,61567,40348,55586,9713,19325,735403,579708,127369,89256,157836,129686,59564,90,80
2021-07-21T23:59:59+02:00,5769,5506,50385,51513,92952,91642,86427,86472,85411,91351,87124,90120,53282,66398,42610,58973,10288,20646,30696,31226,66612,67091,60503,62074,65363,72249,75230,79326,49199,61259,40189,55398,9689,19270,732691,573480,127136,84969,157811,128604,59141,90,80
2021-07-20T23:59:59+02:00,5710,5445,50006,51130,92500,91186,86067,86153,85151,91105,86908,89927,53192,66266,42567,58916,10282,20621,30058,30602,65169,65925,59366,61122,64180,71191,74620,78774,48995,61027,40083,55241,9667,19209,729804,566503,126922,83316,157761,127584,58555,90,80
2021-07-19T23:59:59+02:00,5631,5371,49546,50684,92035,90722,85705,85830,84904,90893,86704,89753,53099,66150,42531,58840,10265,20585,29528,30045,64019,64881,58454,60259,63030,70160,74029,78262,48821,60833,39993,55099,9640,19164,726592,560783,126698,81524,157727,126403,58141,90,80
2021-07-18T23:59:59+02:00,5563,5305,48728,49883,90994,89701,84992,85228,84438,90473,86415,89465,52995,66003,42468,58744,10255,20554,28982,29469,62855,63819,57536,59349,61859,69137,73485,77766,48676,60673,39935,55016,9628,19136,720264,554998,126374,79505,157711,125606,57765,90,80
2021-07-17T23:59:59+02:00,5389,5119,48379,49555,90852,89568,84800,85069,84284,90338,86306,89383,52975,65977,42457,58732,10254,20551,28605,29102,62217,63226,56992,58923,61101,68404,73179,77525,48567,60555,39895,54958,9618,19125,719095,552015,126201,78539,157706,124988,56896,90,80
2021-07-16T23:59:59+02:00,5292,5028,48060,49276,90589,89351,84557,84868,84082,90155,86168,89273,52934,65946,42438,58718,10251,20546,28118,28614,61288,62319,56148,58240,60048,67370,72676,77109,48408,60368,39850,54890,9613,19116,717735,547101,126032,77220,157694,124250,55981,90,80
2021-07-15T23:59:59+02:00,5157,4900,47593,48875,90202,88986,84204,84492,83784,89879,85952,89108,52856,65857,42385,58650,10241,20520,27395,28009,59983,61273,55033,57264,58652,66072,71954,76528,48186,60112,39764,54764,9597,19061,715336,541374,125614,75039,157661,122598,54940,90,80
2021-07-14T23:59:59+02:00,5051,4787,47257,48503,89911,88706,83923,84186,83536,89644,85751,88953,52768,65749,42329,58562,10224,20490,26883,27471,58906,60286,54077,56431,57783,65229,71344,75947,47921,59834,39662,54592,9575,19017,713232,536042,125258,74125,157614,120918,54136,90,80
2021-07-13T23:59:59+02:00,4938,4670,46864,48131,89525,88353,83622,83886,83275,89392,85553,88791,52661,65647,42275,58499,10218,20471,26241,26823,57541,59109,52887,55451,56796,64320,70623,75312,47647,59514,39535,54416,9546,18967,710938,529761,124889,73027,157567,118890,53287,90,79
2021-07-12T23:59:59+02:00,4771,4501,46329,47626,89134,88021,83240,83575,83030,89145,85367,88633,52581,65554,42227,58435,10206,20456,25625,26184,56040,57766,51598,54398,55574,63185,69884,74695,47277,59087,39361,54195,9505,18902,708286,522532,124521,72002,157523,116553,52411,90,78
2021-07-11T23:59:59+02:00,4373,4133,45393,46711,88714,87594,82827,83193,82726,88860,85177,88490,52495,65465,42202,58380,10195,20439,25029,25625,54666,56513,50301,53361,54531,62155,69296,74148,46934,58705,39238,54019,9481,18860,704389,515941,124050,70998,157483,114769,51355,90,78
2021-07-10T23:59:59+02:00,4361,4118,45066,46380,88264,87114,82498,82885,82624,88763,85109,88432,52476,65442,42193,58366,10194,20435,24548,25101,53596,55583,49446,52781,53938,61590,69081,73962,46564,58289,39138,53916,9476,18851,703729,511677,123587,70915,157308,113453,50006,90,78
2021-07-09T23:59:59+02:00,4343,4105,44644,45950,87653,86565,82122,82547,82375,88578,84997,88339,52441,65413,42186,58353,10190,20426,23857,24332,52279,54348,48513,51900,53158,60739,68661,73564,46205,57883,39052,53827,9468,18839,702345,505535,123011,70511,157140,112109,48641,90,77
2021-07-08T23:59:59+02:00,4318,4079,44101,45471,86798,85865,81603,82041,82123,88339,84804,88187,52376,65346,42154,58307,10181,20409,22890,23417,50348,52798,47142,50752,52026,59619,67982,72935,45692,57331,38917,53665,9440,18770,700272,497872,122125,69249,156848,109582,47167,90,77
2021-07-07T23:59:59+02:00,4295,4052,43533,44903,85977,85106,81064,81568,81839,88049,84602,88027,52298,65248,42114,58245,10174,20389,22031,22530,48412,51129,45639,49618,50797,58445,67296,72405,44961,56594,38728,53428,9409,18712,697819,489788,121131,68138,156599,106486,45845,89,75
2021-07-06T23:59:59+02:00,4260,4032,42995,44389,85132,84382,80458,80980,81474,87721,84429,87853,52209,65166,42077,58182,10165,20364,21205,21682,46438,49345,44259,48366,49527,57106,66552,71686,44135,55825,38543,53189,9391,18656,695221,480861,120108,67059,156295,103534,44556,88,75
2021-07-05T23:59:59+02:00,4237,3996,41857,43422,83639,83300,79731,80373,81025,87304,84159,87594,52092,65029,42029,58104,10151,20337,20035,20642,44496,47756,43235,47404,48503,56151,65858,71069,43378,54965,38371,52966,9368,18617,691977,474922,119050,66192,155932,100450,41332,88,75
2021-07-04T23:59:59+02:00,4210,3975,40514,42235,82008,81992,79015,79766,80556,86882,83890,87399,52002,64903,41983,58053,10138,20308,18691,19436,42709,46245,42539,46666,47701,55294,65280,70501,42634,54120,38208,52776,9350,18570,688942,470301,117900,65264,155506,97834,37393,88,75
2021-07-03T23:59:59+02:00,3748,3559,38957,40710,81151,81340,78531,79277,80116,86405,83676,87230,51933,64802,41965,58001,10135,20302,17884,18748,41796,45555,42119,46285,47297,54898,65114,70336,42047,53392,38146,52676,9343,18560,685256,468369,116592,65166,155419,96244,34483,88,75
2021-07-02T23:59:59+02:00,3191,2991,37409,39233,80438,80612,77863,78578,79596,85898,83436,87030,51882,64715,41936,57953,10123,20289,17130,18039,40660,44600,41387,45595,46468,54117,64595,69890,41097,52187,38016,52487,9327,18541,680257,463342,115190,64707,155259,93759,32379,88,72
2021-07-01T23:59:59+02:00,2546,2448,35700,37590,79474,79759,77032,77752,78891,85260,83120,86751,51761,64558,41874,57849,10104,20261,16269,17147,39132,43372,40174,44532,45164,52991,63859,69319,40210,51053,37866,52280,9310,18509,673991,457014,113483,63060,155031,91001,30137,88,72
2021-06-30T23:59:59+02:00,2505,2417,34697,36590,77652,78260,75326,76251,78233,84711,82837,86458,51630,64396,41814,57755,10092,20234,15249,16187,37454,42147,38978,43418,44005,51937,63107,68692,39668,50374,37752,52085,9288,18474,668155,450915,111748,61722,154811,89128,27056,88,71
2021-06-29T23:59:59+02:00,2472,2385,33870,35712,76055,76777,73710,74834,77446,83996,82294,85971,51449,64177,41739,57624,10075,20198,14421,15292,36142,41006,38060,42597,42781,50888,62397,68109,38964,49441,37616,51868,9267,18431,661851,445769,109880,59884,154537,87184,24428,88,70
2021-06-28T23:59:59+02:00,2432,2351,33067,34920,74441,75370,72035,73436,76424,83212,81690,85475,51270,63949,41662,57517,10062,20164,13681,14549,35090,39993,37236,41869,41663,49897,61750,67567,38092,48358,37449,51648,9247,18384,655426,440972,107914,58375,153944,84993,22105,88,69
2021-06-27T23:59:59+02:00,2418,2336,32338,34182,72873,74001,70632,72233,75029,82093,81017,84927,51070,63734,41597,57401,10052,20135,13052,13923,34134,39244,36583,41267,40732,49050,61215,67125,37234,47333,37297,51471,9232,18353,649256,437105,105976,57612,152992,82739,19756,88,69
2021-06-26T23:59:59+02:00,1786,1730,31309,33089,72521,73684,70165,71768,74735,81782,80921,84842,51048,63705,41583,57390,10051,20132,12862,13717,33476,38705,35943,40849,40214,48714,60222,66127,36246,46200,37130,51258,9218,18320,644490,431159,105039,57561,152985,80802,19645,82,69
2021-06-25T23:59:59+02:00,1167,1132,30199,31930,72036,73159,69551,71070,74314,81339,80545,84521,50987,63618,41549,57347,10046,20119,12542,13332,32624,37908,35075,40029,39275,47878,59011,64895,35731,45503,36938,50958,9195,18276,638207,422759,103851,57114,152976,79745,19513,82,69
2021-06-24T23:59:59+02:00,567,573,28871,30623,71269,72419,68679,70188,73642,80714,80101,84157,50882,63489,41497,57277,10035,20085,11886,12640,31464,36609,33863,38765,38152,46771,57376,63518,35259,44984,36781,50771,9176,18216,630464,413464,102359,55565,152862,77857,19301,82,68
2021-06-23T23:59:59+02:00,540,539,28369,30086,70166,71443,67403,69053,72896,80026,79650,83755,50771,63315,41436,57181,10018,20054,11400,12116,30467,35363,32934,37543,37144,45895,55443,61808,34708,44420,36614,50544,9155,18151,624264,403742,100786,54505,152760,76602,18809,82,68
2021-06-22T23:59:59+02:00,517,523,27858,29507,68994,70418,66204,68023,72219,79323,79235,83389,50665,63187,41388,57097,10009,20029,11056,11719,29547,34429,31971,36659,36186,45007,53481,59975,34323,43944,36477,50303,9126,18094,617959,395238,99329,52933,152625,75487,18590,82,67
2021-06-21T23:59:59+02:00,485,489,27197,28850,67679,69250,65022,66893,71459,78544,78839,82995,50558,63078,41329,57011,9996,19987,10767,11411,28923,33851,31423,36093,35588,44419,51638,58320,33617,43145,36182,49881,9097,18018,611171,387698,97834,51737,152504,74817,18071,81,67
2021-06-20T23:59:59+02:00,400,407,26560,28194,66463,68118,64005,65951,70656,77804,78483,82659,50480,62954,41281,56942,9991,19954,10481,11151,28378,33350,30968,35601,35080,43898,49803,56538,33075,42466,35985,49548,9067,17958,604802,380310,96368,50985,152406,74354,17645,81,65
2021-06-19T23:59:59+02:00,368,373,26182,27834,65736,67549,63486,65457,69860,77152,78329,82531,50460,62929,41265,56927,9990,19954,10352,10958,28132,33032,30714,35283,34858,43639,48363,55150,32819,42121,35903,49412,9059,17930,600877,374939,95428,50973,152404,74168,17592,81,65
2021-06-18T23:59:59+02:00,341,339,25725,27376,64725,66812,62751,64845,68942,76317,77937,82194,50399,62853,41238,56891,9986,19946,10138,10724,27733,32614,30389,34873,34473,43249,46640,53494,32468,41608,35766,49201,9040,17897,595476,368131,94187,50687,152396,73958,17478,80,65
2021-06-17T23:59:59+02:00,312,308,25095,26777,63473,65815,61760,64036,67352,74917,77415,81794,50299,62701,41175,56808,9973,19918,9727,10374,26942,31928,29650,34195,33638,42548,45137,52005,32024,40982,35603,48947,9008,17847,589424,360726,91541,49549,152238,73582,16646,79,64
2021-06-16T23:59:59+02:00,279,270,24577,26204,62176,64692,60652,63054,65077,72998,76570,81137,50088,62490,41084,56695,9954,19887,9411,10124,26292,31263,28943,33574,32914,41920,44547,51443,31755,40623,35457,48749,8987,17806,583208,357049,87037,48844,151790,72089,15772,77,64
2021-06-15T23:59:59+02:00,240,239,23942,25522,60780,63492,59570,62070,63922,71913,76068,80713,49964,62341,41034,56598,9947,19857,9152,9857,25691,30530,28304,32819,32239,41198,42991,49822,31310,40071,35286,48516,8957,17742,576123,350361,85409,47952,151320,70835,15283,77,64
2021-06-14T23:59:59+02:00,218,207,23478,24940,59677,62435,58693,61223,62850,70908,75593,80321,49876,62220,40984,56527,9931,19831,8866,9558,24939,29643,27541,31985,31448,40384,41708,48487,30944,39573,35149,48292,8927,17691,570275,344239,83691,46929,151115,69158,14754,77,64
2021-06-13T23:59:59+02:00,213,192,23062,24476,58748,61528,57919,60440,61744,69940,75124,79890,49787,62103,40935,56468,9920,19802,8591,9262,24231,28805,26826,31149,30687,39533,40165,46916,30482,38968,34948,47988,8897,17602,565269,337221,81827,46153,150883,67387,14235,77,63
2021-06-12T23:59:59+02:00,200,175,22837,24212,58199,61029,57562,60160,61101,69297,74925,79776,49763,62072,40923,56454,9917,19798,8477,9146,23753,28220,26309,30580,30175,38974,39091,45944,30315,38789,34852,47823,8893,17591,562378,333029,80871,46150,150875,65500,14199,77,63
2021-06-11T23:59:59+02:00,182,159,22486,23801,57463,60218,56884,59533,60196,68367,74572,79466,49689,61999,40898,56418,9914,19792,8346,8957,23245,27550,25781,29925,29594,38342,38021,44937,30048,38435,34710,47600,8880,17565,557383,328210,79582,45891,150860,63646,14135,77,62
2021-06-10T23:59:59+02:00,167,142,21959,23245,56337,59293,55955,58715,58940,67194,74039,79058,49618,61892,40874,56366,9901,19764,8086,8710,22381,26608,24821,28990,28478,37418,36633,43776,29697,37960,34432,47168,8813,17490,551851,321339,77378,45185,150615,61347,13538,77,60
2021-06-09T23:59:59+02:00,146,129,21342,22699,55087,58200,54894,57807,57994,66290,73572,78666,49531,61792,40824,56304,9887,19734,7800,8447,21466,25743,23887,28100,27450,36471,34919,41995,29314,37462,34247,46899,8772,17400,546138,313928,75930,44460,150261,59442,12492,77,58
2021-06-08T23:59:59+02:00,124,111,20674,22019,53786,57074,53776,56836,57039,65431,73027,78231,49444,61668,40768,56212,9867,19703,7536,8214,20554,24851,22829,27237,26419,35518,33570,40694,28959,36955,33928,46447,8719,17317,539503,307638,75011,43697,149817,56979,11382,77,57
2021-06-07T23:59:59+02:00,107,93,20033,21422,52351,55823,52512,55862,55882,64448,72477,77831,49359,61562,40722,56148,9854,19675,7290,7994,19712,24029,21804,26423,25387,34649,32637,39914,28674,36567,33684,46021,8668,17226,532264,303027,74116,42880,149405,54420,10299,77,57
2021-06-06T23:59:59+02:00,100,87,19526,20889,51205,54736,51413,54889,54921,63497,71969,77429,49275,61488,40685,56085,9847,19659,7082,7796,18925,23139,20905,25551,24317,33668,31725,39099,28392,36230,33428,45631,8619,17151,525957,298470,73095,42142,149069,51489,9504,75,57
2021-06-05T23:59:59+02:00,94,79,19261,20596,50435,53985,50760,54383,54446,63002,71832,77312,49259,61471,40682,56081,9844,19659,6857,7389,18288,22074,20186,24439,23445,32437,30704,37786,28064,35769,33304,45458,8612,17131,521656,292186,73090,42104,148926,48166,9434,75,57
2021-06-04T23:59:59+02:00,84,72,18818,20017,49391,52984,49949,53514,53799,62220,71487,76983,49230,61435,40662,56066,9842,19652,6640,7080,17670,21225,19512,23455,22521,31172,29498,36459,27777,35407,33192,45285,8600,17112,515198,285802,72769,42036,148908,45458,9255,75,57
2021-06-03T23:59:59+02:00,73,61,18147,19347,47874,51687,48743,52396,52837,61210,70991,76523,49166,61334,40624,56021,9829,19628,6353,6690,16936,20184,18723,22310,21525,29760,28340,34981,27235,34631,32988,44961,8564,17037,507494,279089,71754,41292,148632,42247,8537,74,56
2021-06-02T23:59:59+02:00,68,57,17780,18846,46865,50710,47884,51656,52100,60463,70745,76310,49129,61298,40605,55993,9821,19614,6172,6452,16291,19505,17820,21560,20700,28824,27252,33584,26769,34027,32829,44711,8535,16967,501260,272847,71739,41277,148608,39560,8264,73,53
2021-06-01T23:59:59+02:00,57,51,17112,18127,45010,48973,46240,50198,50580,59018,70064,75711,49039,61186,40545,55920,9808,19566,5898,6143,15135,18607,16317,20602,19499,27589,26036,32196,26219,33337,32582,44364,8489,16863,492139,266401,70399,40712,148056,36172,6540,71,53
2021-05-31T23:59:59+02:00,55,47,16639,17646,43701,47835,45034,49100,49342,57908,69387,75200,48962,61085,40501,55851,9796,19531,5621,5824,14098,17780,14920,19686,18333,26484,24818,30858,25704,32622,32388,44068,8455,16765,485899,260131,69236,40168,147599,33259,4816,70,52
2021-05-30T23:59:59+02:00,48,46,16316,17254,42725,46902,44129,48195,48349,56913,68826,74654,48854,60930,40430,55738,9781,19488,5434,5583,13552,17082,14299,18992,17448,25519,23723,29687,24936,31675,32095,43653,8411,16677,479918,254184,68201,39369,147191,30967,4198,70,50
2021-05-29T23:59:59+02:00,48,46,16186,17138,42367,46586,43787,47930,48108,56724,68767,74596,48848,60923,40424,55735,9781,19488,5271,5343,13044,16271,13654,18144,16605,24354,22614,28388,24780,31444,32032,43560,8408,16670,477957,248599,68080,39369,147181,28373,4194,70,49
2021-05-28T23:59:59+02:00,47,44,15886,16833,41672,45958,43277,47370,47602,56183,68491,74299,48783,60841,40396,55686,9778,19483,5032,4959,12508,15355,12979,17282,15743,23124,21521,26955,24534,31079,31938,43426,8398,16653,473674,242592,67580,39264,147149,25429,4156,70,47
2021-05-27T23:59:59+02:00,44,40,15369,16314,40528,44981,42261,46489,46618,55297,67907,73867,48662,60681,40342,55614,9767,19442,4809,4623,11868,14527,12195,16347,14677,21935,20264,25448,24031,30340,31766,43164,8365,16571,467861,235264,66070,38460,146431,23372,3791,70,45
2021-05-26T23:59:59+02:00,42,39,14962,15889,39433,44064,41229,45607,45594,54421,67300,73358,48510,60503,40262,55446,9746,19394,4618,4428,11311,13767,11474,15498,13676,20803,18870,23862,23448,29560,31550,42824,8313,16470,462748,228013,64045,37603,145442,21319,3494,70,45
2021-05-25T23:59:59+02:00,42,38,14572,15487,38430,43176,40263,44752,44644,53504,66691,72828,48331,60270,40183,55314,9720,19340,4412,4226,10771,13122,10715,14717,12612,19571,17440,22357,22866,28782,31317,42507,8258,16383,457454,220680,62465,36664,144334,19409,3262,70,43
2021-05-24T23:59:59+02:00,41,37,14229,15164,37601,42442,39392,44081,43782,52722,66160,72345,48206,60093,40119,55192,9700,19296,4269,4101,10325,12662,10077,14133,11732,18740,16157,21101,22198,27952,31100,42183,8199,16296,452835,213810,61237,35724,143607,18798,2853,70,42
2021-05-23T23:59:59+02:00,37,37,14061,14991,37131,42069,38942,43678,43332,52318,65890,72118,48132,60003,40081,55146,9693,19272,4079,3962,9865,12189,9458,13527,10794,17928,14966,20040,21733,27387,30848,41896,8152,16215,449653,206848,60861,35644,143579,17739,2768,70,42
2021-05-22T23:59:59+02:00,35,35,13865,14775,36447,41505,38265,43225,42761,51911,64872,71111,47928,59747,40011,55033,9683,19251,3969,3667,9649,11776,9305,13199,10553,17484,14697,19640,21640,27270,30814,41856,8145,16206,443230,205630,60858,35641,143565,15822,2737,70,42
2021-05-21T23:59:59+02:00,34,34,13486,14374,35375,40589,37204,42297,41697,51014,63517,69829,47698,59410,39930,54886,9666,19218,3863,3571,9442,11512,9095,12935,10224,17157,14289,19271,21420,26984,30754,41766,8136,16198,433634,203692,60505,35335,143329,14831,2721,69,40
2021-05-20T23:59:59+02:00,31,34,12692,13650,33936,39135,35783,40889,40295,49817,62234,68678,47409,59068,39786,54706,9645,19167,3715,3390,8917,10911,8450,12227,9526,16312,13535,18312,20607,25871,30561,41470,8098,16113,423442,199348,58804,34491,142298,11794,2344,67,40
2021-05-19T23:59:59+02:00,31,33,12156,13086,32757,37712,34680,39508,39172,48860,60237,66912,46933,58511,39603,54445,9604,19061,3612,3259,8644,10539,8155,11853,9084,15804,12898,17651,19743,24743,30335,41167,8042,15998,412615,195112,57287,33678,141190,10559,2142,67,38
2021-05-18T23:59:59+02:00,28,33,11734,12643,31712,36693,33589,38595,38132,47925,58180,65055,46578,58062,39450,54206,9572,19002,3414,3096,8151,9935,7684,11308,8543,15139,12217,16882,18804,23515,30098,40824,8006,15893,403965,191030,55328,32838,139995,7769,1836,65,38
2021-05-17T23:59:59+02:00,26,32,11483,12367,31195,36138,33097,38035,37542,47291,56278,63347,45877,57240,39173,53809,9535,18928,3332,2987,7889,9652,7391,11009,8142,14727,11648,16279,17887,22384,29866,40505,7971,15819,396386,186660,54205,32091,139189,7153,1549,64,37
2021-05-16T23:59:59+02:00,26,32,11262,12113,30674,35634,32635,37543,37019,46720,54385,61523,45333,56542,38979,53490,9508,18873,3231,2888,7601,9363,7070,10665,7666,14265,11069,15695,16958,21237,29657,40216,7933,15751,389432,182386,53238,31245,138526,6569,1032,63,35
2021-05-15T23:59:59+02:00,26,32,11108,11910,30396,35301,32398,37223,36790,46457,52815,60046,45083,56236,38902,53352,9502,18845,3210,2870,7576,9334,7055,10644,7648,14252,11052,15674,16849,21023,29448,39909,7925,15741,383629,181401,53235,31244,138480,6518,1015,63,34
2021-05-14T23:59:59+02:00,26,32,10862,11629,29928,34795,32019,36762,36279,45984,50945,58218,44721,55735,38762,53145,9486,18805,3183,2852,7506,9263,7001,10572,7589,14194,10870,15476,16119,19957,29162,39423,7908,15701,375846,178495,52908,30905,138351,6379,965,63,34
2021-05-13T23:59:59+02:00,23,31,10579,11304,29280,34156,31419,36158,35607,45319,49476,56701,44291,55108,38592,52902,9459,18759,3115,2806,7379,9162,6914,10478,7486,14086,10544,15130,15062,18724,28776,38780,7865,15627,368757,174701,51890,30343,137600,6004,855,62,33
2021-05-12T23:59:59+02:00,23,29,10450,11162,28999,33839,31153,35865,35296,45006,49191,56393,44192,55003,38539,52822,9452,18721,3103,2780,7345,9126,6884,10443,7459,14047,10378,14974,14690,18294,28473,38301,7843,15580,366091,172662,51809,30333,137441,5960,733,61,33
2021-05-11T23:59:59+02:00,22,26,10104,10839,28146,33013,30322,35112,34435,44225,47457,54625,43738,54410,38363,52531,9414,18619,3016,2684,7101,8846,6661,10144,7244,13677,9898,14426,13713,17145,28060,37684,7806,15485,359181,168998,50104,29441,135548,4612,507,61,33
2021-05-10T23:59:59+02:00,21,26,9798,10562,27401,32313,29546,34411,33666,43458,46152,53360,43356,53899,38173,52226,9364,18506,2974,2639,6974,8723,6566,10027,7105,13496,9635,14119,13019,16287,27634,37074,7780,15405,352931,166191,48987,29062,133864,3776,398,58,31
2021-05-09T23:59:59+02:00,20,26,9566,10317,26720,31631,28880,33710,32944,42762,44631,51890,42856,53278,37973,51922,9327,18421,2927,2593,6851,8580,6460,9885,6993,13284,9319,13808,12221,15389,27271,36539,7760,15349,345858,163345,47912,28507,132737,3036,311,56,31
2021-05-08T23:59:59+02:00,20,26,9473,10249,26335,31330,28434,33396,32491,42458,43599,51062,42704,53115,37932,51860,9325,18415,2924,2589,6843,8575,6454,9877,6985,13273,9310,13796,12183,15327,26595,35590,7723,15273,341342,161479,47870,28480,132651,3023,305,56,31
2021-05-07T23:59:59+02:00,19,26,9332,10101,25864,30952,27989,33022,31986,42111,42561,50236,42433,52775,37819,51700,9313,18388,2877,2563,6790,8534,6398,9822,6934,13221,9137,13576,11552,14515,25657,34211,7676,15191,336228,157396,47563,28111,132493,2830,287,56,31
2021-05-06T23:59:59+02:00,17,25,8934,9812,24947,30183,26930,32222,30759,41295,40944,49028,42054,52230,37624,51458,9275,18315,2813,2517,6660,8388,6283,9694,6786,13034,8867,13279,10904,13654,24697,32831,7643,15130,328387,153622,46489,27158,130845,2094,276,55,31
2021-05-05T23:59:59+02:00,17,24,8568,9612,24067,29585,26067,31558,29671,40505,38968,47216,41611,51677,37415,51176,9218,18203,2772,2486,6543,8260,6182,9580,6684,12893,8622,13022,10198,12828,23686,31509,7614,15059,320541,149750,45638,26272,128732,1694,192,55,31
2021-05-04T23:59:59+02:00,17,23,8325,9385,23271,28938,25095,30819,28600,39670,37457,45753,41143,51092,37137,50830,9172,18082,2734,2465,6471,8188,6099,9514,6610,12814,8386,12802,9469,11974,22741,30267,7580,14996,313896,146038,44673,25466,126098,1490,87,55,30
2021-05-03T23:59:59+02:00,17,22,8122,9171,22572,28358,24257,30214,27693,38975,36500,45002,40795,50620,36923,50540,9122,17978,2689,2434,6401,8111,6021,9449,6521,12730,8158,12590,8727,11075,21827,29053,7549,14946,309034,142308,43897,24647,123849,1250,47,54,30
2021-05-02T23:59:59+02:00,17,22,7959,9007,21935,27781,23519,29623,26876,38353,35686,44368,40536,50291,36810,50354,9088,17921,2651,2411,6359,8070,5986,9414,6482,12690,7976,12417,8127,10339,21119,28186,7528,14928,304208,139127,43128,24372,122717,1116,40,53,29
2021-05-01T23:59:59+02:00,16,22,7807,8825,21562,27324,23037,29048,26233,37644,34862,43473,40273,49917,36713,50201,9082,17904,2645,2405,6333,8060,5971,9405,6464,12676,7959,12402,8091,10275,21080,28129,7524,14924,298113,138836,43127,24365,122610,1074,40,53,29
2021-04-30T23:59:59+02:00,16,20,7659,8647,21175,26895,22592,28483,25485,36868,33855,42510,40044,49597,36616,50048,9070,17883,2627,2392,6309,8042,5949,9388,6437,12656,7927,12368,8051,10205,21030,28046,7521,14915,291828,138525,43120,24292,122429,984,34,52,29
2021-04-29T23:59:59+02:00,15,20,7390,8407,20582,26323,21922,27800,24553,35904,32581,41174,39000,48194,36298,49575,9013,17755,2595,2358,6217,7932,5865,9286,6343,12514,7726,12093,7428,9482,20624,27530,7499,14841,283094,136465,42336,23065,120995,743,34,47,27
2021-04-28T23:59:59+02:00,14,18,7115,8189,20061,25851,21285,27201,23667,35057,31187,39724,37840,46609,35955,49081,8950,17613,2526,2310,6109,7811,5756,9156,6241,12364,7507,11823,6740,8637,20208,26957,7458,14770,274417,134024,41565,21770,119358,519,34,43,27
2021-04-27T23:59:59+02:00,13,18,6933,8011,19628,25427,20669,26664,22814,34281,29977,38404,36752,45167,35574,48511,8880,17486,2502,2285,6006,7714,5703,9059,6175,12241,7292,11625,6139,7901,19803,26460,7438,14747,266616,131930,40702,20828,117814,272,34,43,27
2021-04-26T23:59:59+02:00,12,18,6751,7846,19210,25004,20127,26139,22012,33526,28763,37171,35694,43744,35268,48028,8831,17362,2491,2275,5963,7672,5658,9020,6139,12197,7106,11460,5525,7171,19432,26012,7414,14720,258942,129972,39876,19985,116615,241,31,42,27
2021-04-25T23:59:59+02:00,12,17,6646,7713,18872,24734,19748,25800,21401,32910,27780,36216,34565,42317,34953,47600,8790,17281,2479,2268,5945,7648,5639,9003,6119,12172,7069,11433,5398,6990,19097,25548,7398,14676,251767,129351,39162,19244,116354,231,30,42,27
2021-04-24T23:59:59+02:00,12,17,6482,7537,18430,24302,19189,25263,20617,32109,26699,35168,34315,42004,34859,47435,8780,17269,2475,2262,5932,7638,5631,8992,6114,12168,7059,11426,5325,6879,18999,25407,7395,14668,245810,128897,39157,19205,115448,213,30,42,26
2021-04-23T23:59:59+02:00,12,17,6259,7339,17982,23829,18621,24652,19793,31295,25543,33976,33540,40832,34715,47199,8766,17246,2469,2244,5905,7614,5594,8953,6069,12124,7013,11374,5159,6603,18461,24781,7295,14499,238252,127054,38829,18859,114464,191,30,41,24
2021-04-22T23:59:59+02:00,11,16,6044,7131,17377,23240,17828,23870,18743,30273,24224,32544,32500,39480,34470,46843,8728,17168,2455,2229,5861,7563,5546,8869,5994,12046,6937,11304,4875,6186,17749,23908,7176,14305,229217,124898,37912,17896,113293,157,30,38,23
2021-04-21T23:59:59+02:00,11,15,5845,6951,16846,22769,17167,23267,17763,29376,22670,30953,31495,38249,34173,46407,8680,17080,2431,2212,5819,7508,5488,8794,5928,11946,6842,11224,4716,5911,17051,23061,7060,14124,220348,122811,37142,17127,112161,125,30,36,23
2021-04-20T23:59:59+02:00,10,14,5662,6758,16291,22296,16427,22610,16769,28375,21204,29484,30349,36764,33859,45976,8632,16992,2418,2197,5770,7471,5448,8749,5880,11880,6763,11160,4597,5758,16450,22287,6934,13945,211382,121130,36260,16411,110765,117,29,36,21
2021-04-19T23:59:59+02:00,10,14,5477,6601,15759,21866,15752,22053,15779,27498,19814,28085,28978,35131,33542,45503,8574,16877,2407,2183,5745,7438,5411,8716,5841,11835,6682,11084,4471,5597,15802,21578,6826,13784,202709,119489,35481,15748,109060,114,29,34,21
2021-04-18T23:59:59+02:00,9,14,5290,6460,15326,21542,15135,21492,14809,26711,18477,26947,27592,33484,33211,45085,8518,16791,2356,2137,5614,7317,5297,8603,5734,11684,6577,10965,4355,5410,15209,20912,6713,13605,194187,117851,34652,14479,107991,110,29,34,20
2021-04-17T23:59:59+02:00,9,13,5254,6425,15172,21467,14959,21407,14574,26532,18223,26726,27085,32943,33085,44937,8509,16776,2329,2097,5514,7163,5190,8444,5634,11496,6487,10832,4303,5348,14968,20618,6703,13592,192969,116094,34647,14475,106417,101,29,34,20
2021-04-16T23:59:59+02:00,9,13,5191,6371,14995,21316,14748,21247,14292,26283,17808,26315,26042,31712,32952,44726,8488,16753,2283,2047,5398,6977,5054,8263,5482,11255,6291,10610,4098,5115,14322,19829,6605,13447,189622,112858,34359,14078,105217,92,29,34,20
2021-04-15T23:59:59+02:00,7,12,5122,6294,14782,21103,14480,20958,13863,25933,17173,25685,24681,30105,32695,44403,8453,16675,2213,1963,5202,6741,4852,7942,5275,10938,6075,10326,3900,4865,13493,18747,6490,13280,185074,109038,33550,13135,103737,81,29,34,20
2021-04-14T23:59:59+02:00,7,12,5041,6223,14578,20903,14226,20734,13474,25599,16507,25067,23105,28320,32382,44000,8402,16581,2025,1843,4984,6479,4663,7692,5048,10689,5841,10041,3764,4656,12767,17830,6363,13066,180475,105948,32676,11680,101947,75,29,34,20
2021-04-13T23:59:59+02:00,7,12,4990,6176,14379,20768,13992,20553,13131,25304,15937,24564,21401,26476,32066,43579,8370,16474,1940,1791,4817,6292,4478,7472,4847,10434,5637,9807,3628,4491,12251,17214,6240,12905,176258,103566,31800,10565,100059,65,29,33,20
2021-04-12T23:59:59+02:00,7,11,4926,6111,14163,20571,13687,20290,12746,24892,15359,24011,19808,24535,31776,43219,8330,16400,1810,1700,4637,6133,4330,7296,4685,10242,5500,9649,3511,4336,11820,16705,6129,12742,171905,101886,30747,9229,98128,64,29,33,18
2021-04-11T23:59:59+02:00,7,11,4857,6035,13939,20373,13392,20079,12333,24541,14798,23502,18302,22761,31515,42881,8287,16321,1773,1664,4517,6020,4219,7173,4563,10111,5366,9519,3397,4217,11329,16095,5998,12535,167624,100139,29787,8251,96463,62,28,32,17
2021-04-10T23:59:59+02:00,7,11,4852,6027,13920,20359,13383,20069,12316,24524,14775,23483,17614,21839,31224,42463,8269,16294,1769,1652,4505,6009,4204,7159,4550,10097,5313,9454,3295,4104,10772,15261,5869,12337,166557,97998,29760,8251,95054,59,26,32,17
2021-04-09T23:59:59+02:00,7,11,4839,6010,13884,20310,13339,20022,12269,24470,14515,23231,16097,19953,30819,41817,8235,16251,1745,1642,4483,5994,4178,7132,4509,10063,5276,9405,3210,3985,9906,14273,5721,12139,163944,95561,29419,8003,92661,58,24,31,16
2021-04-08T23:59:59+02:00,7,11,4796,5982,13783,20236,13259,19942,12169,24366,14180,22872,14330,17744,30202,40808,8177,16130,1724,1629,4451,5941,4126,7047,4445,9983,5204,9328,3102,3882,9428,13673,5516,11894,160120,93717,28391,7568,90438,57,16,29,16
2021-04-07T23:59:59+02:00,7,11,4766,5953,13679,20154,13166,19857,12067,24264,13803,22515,12823,15895,29559,39839,8122,16032,1705,1617,4399,5874,4041,6973,4356,9899,5114,9228,3015,3787,8685,12579,5281,11491,155720,91172,27516,6795,89232,47,15,29,16
2021-04-06T23:59:59+02:00,7,11,4737,5927,13582,20087,13085,19796,11991,24199,13428,22164,11190,13890,28898,38868,8090,15961,1645,1563,4271,5747,3933,6849,4237,9751,5011,9099,2900,3666,7980,11651,5009,11126,151708,88791,26634,5574,87526,45,14,29,15
2021-04-05T23:59:59+02:00,7,10,4700,5899,13505,20021,13018,19728,11935,24119,13156,21910,9580,11947,28172,37819,8055,15899,1574,1494,4116,5597,3765,6693,4084,9602,4856,8971,2768,3549,7174,10690,4738,10737,148517,86426,25618,3913,85303,42,13,29,15
2021-04-04T23:59:59+02:00,7,10,4686,5881,13494,20001,13010,19711,11927,24099,13059,21840,8557,10687,27725,37178,8030,15842,1572,1492,4108,5591,3763,6688,4079,9597,4854,8963,2763,3540,6938,10225,4654,10612,146791,85468,25614,3913,83300,36,10,29,13
2021-04-03T23:59:59+02:00,7,10,4683,5871,13477,19981,13000,19701,11917,24089,13045,21822,7653,9619,26843,35936,7981,15730,1568,1488,4106,5586,3761,6685,4071,9585,4840,8950,2756,3529,6800,9964,4615,10532,144316,84866,25606,3913,81406,36,9,28,13
2021-04-02T23:59:59+02:00,7,10,4678,5853,13440,19956,12961,19658,11874,24041,12970,21755,7140,8872,25259,33837,7835,15462,1559,1472,4080,5563,3735,6644,4035,9524,4719,8663,2628,3374,6425,9571,4467,10334,139867,83050,25268,3687,80438,36,8,27,13
2021-04-01T23:59:59+02:00,6,9,4630,5794,13346,19810,12845,19507,11725,23885,12373,21307,6577,8167,23754,31866,7708,15225,1493,1426,3971,5440,3668,6573,3967,9458,4641,8560,2534,3233,5915,8887,4298,10060,135677,80791,24130,3284,78695,31,7,25,12
2021-03-31T23:59:59+02:00,6,9,4579,5739,13222,19657,12714,19353,11537,23705,12110,21047,6258,7796,22279,29913,7558,14997,1480,1415,3949,5417,3636,6545,3927,9411,4604,8507,2471,3158,5433,8244,4124,9822,131752,79029,23043,3068,77654,31,5,25,11
2021-03-30T23:59:59+02:00,6,9,4516,5674,13084,19508,12602,19178,11406,23540,11940,20908,6067,7581,20893,28186,7414,14794,1463,1379,3908,5384,3572,6475,3839,9297,4473,8336,2337,2954,5013,7689,3981,9566,128399,76809,22119,2826,76763,19,2,23,11
2021-03-29T23:59:59+02:00,6,9,4476,5635,12965,19413,12535,19095,11324,23438,11791,20772,5910,7383,19477,26508,7286,14593,1404,1338,3853,5341,3498,6405,3721,9153,4323,8147,2215,2813,4450,7023,3827,9291,124823,74158,21254,2615,76514,18,2,23,10
2021-03-28T23:59:59+02:00,6,9,4429,5571,12844,19276,12450,19001,11223,23342,11685,20671,5759,7178,18300,25002,7167,14398,1371,1294,3755,5234,3305,6180,3634,9036,4273,8091,2161,2749,3691,6003,3642,9024,121830,71106,20466,2317,75991,10,2,22,9
2021-03-27T23:59:59+01:00,6,9,4397,5520,12737,19112,12336,18836,11109,23137,11578,20522,5694,7096,18015,24656,7156,14383,1365,1291,3750,5230,3302,6173,3348,8687,4075,7793,2155,2746,3677,5970,3608,8964,119994,69802,20427,2317,75854,5,2,22,9
2021-03-26T23:59:59+01:00,6,8,4361,5467,12627,18922,12203,18635,10956,22908,11417,20311,5531,6882,17412,23865,7057,14234,1364,1290,3745,5223,3279,6155,3329,8667,3863,7346,1978,2342,3413,5686,3458,8732,116905,67547,20089,2310,75785,4,1,22,9
2021-03-25T23:59:59+01:00,6,8,4294,5379,12429,18684,11998,18306,10742,22580,11176,19984,5319,6598,16384,22559,6929,14045,1355,1280,3724,5197,3245,6127,3278,8630,3817,7302,1906,2229,2979,5004,3300,8428,112928,65581,19017,2209,75452,2,1,22,9
2021-03-24T23:59:59+01:00,6,8,4215,5268,12218,18232,11780,17893,10524,22190,10943,19612,5051,6252,15345,21342,6790,13821,1332,1267,3700,5152,3209,6065,3223,8560,3763,7229,1853,2170,2672,4670,3148,8153,109824,64189,17925,1966,73718,2,1,22,9
2021-03-23T23:59:59+01:00,6,8,4159,5205,12051,17889,11581,17542,10332,21827,10724,19325,4918,6057,14705,20527,6650,13648,1317,1261,3685,5134,3188,6047,3198,8510,3727,7186,1818,2112,2443,4400,2940,7832,107479,62862,17199,1925,72453,2,1,22,9
2021-03-22T23:59:59+01:00,6,8,4112,5127,11855,17557,11393,17214,10107,21501,10509,19022,4768,5851,14087,19814,6517,13462,1304,1252,3658,5101,3157,6011,3169,8454,3691,7141,1774,2056,2244,4150,2745,7500,105629,61611,16482,1785,70777,2,1,21,9
2021-03-21T23:59:59+01:00,6,8,4038,5004,11573,17146,11112,16807,9838,21047,10253,18671,4654,5680,13391,19023,6376,13254,1296,1251,3641,5085,3136,5978,3146,8424,3671,7119,1756,2029,2079,3988,2573,7232,103752,60613,15183,1780,68924,2,1,21,9
2021-03-20T23:59:59+01:00,5,8,4008,4935,11430,16811,10987,16490,9695,20744,10077,18389,4529,5520,12761,18073,6240,13039,1295,1250,3641,5083,3133,5977,3143,8419,3666,7115,1752,2024,2048,3927,2550,7191,101560,60423,15179,1780,66980,2,1,21,9
2021-03-19T23:59:59+01:00,5,7,3964,4855,11263,16451,10805,16134,9521,20364,9865,18030,4370,5325,11738,16861,6079,12828,1286,1243,3623,5056,3104,5901,3099,8326,3564,6941,1627,1914,1974,3865,2438,6983,98865,59157,14770,1776,64809,2,1,20,9
2021-03-18T23:59:59+01:00,5,7,3878,4752,11017,16025,10537,15689,9243,19896,9642,17688,4226,5159,11115,15995,5851,12561,1282,1232,3606,5021,3084,5857,3077,8270,3536,6895,1608,1881,1935,3795,2315,6772,97066,58469,13763,1686,62436,2,1,20,9
2021-03-17T23:59:59+01:00,5,7,3707,4637,10722,15605,10272,15330,9001,19534,9391,17340,4107,4992,10301,14752,5589,12138,1281,1229,3592,5003,3078,5837,3067,8237,3518,6872,1607,1857,1911,3766,2205,6585,94420,57962,12221,1672,60768,2,1,20,9
2021-03-16T23:59:59+01:00,5,7,3565,4512,10383,15142,9998,14960,8726,19091,9095,16977,3964,4827,9485,13629,5308,11779,1267,1226,3588,4996,3067,5833,3061,8226,3511,6858,1583,1834,1872,3715,2085,6407,92089,57526,11032,1592,58312,2,1,19,9
2021-03-15T23:59:59+01:00,5,7,3417,4396,10069,14674,9707,14501,8430,18617,8807,16564,3818,4657,8778,12565,5084,11458,1257,1218,3568,4984,3055,5809,3041,8187,3491,6815,1568,1821,1855,3682,1970,6222,90129,56942,9669,1591,55739,2,0,17,9
2021-03-14T23:59:59+01:00,5,7,3347,4307,9803,14241,9452,14099,8112,18125,8527,16169,3655,4471,7977,11331,4776,11003,1243,1212,3547,4966,3034,5768,3019,8107,3463,6747,1542,1771,1794,3555,1805,5834,87820,56416,8651,981,52922,2,0,14,9
2021-03-13T23:59:59+01:00,5,7,3271,4058,9493,13576,9209,13522,7888,17555,8325,15738,3548,4369,7786,11039,4728,10915,1243,1212,3547,4966,3034,5768,3018,8107,3462,6745,1538,1770,1792,3551,1804,5833,87168,56399,8651,981,49199,2,0,14,9
2021-03-12T23:59:59+01:00,5,7,3209,3922,9247,13036,8971,12991,7655,16919,7969,14987,3385,4199,7403,10632,4591,10730,1240,1209,3542,4952,3031,5765,3011,8099,3458,6739,1511,1741,1771,3533,1704,5655,85401,55971,8405,980,46038,2,0,14,9
2021-03-11T23:59:59+01:00,5,7,3058,3654,8871,12277,8667,12315,7322,16136,7627,14344,3228,3997,6848,9913,4402,10418,1221,1199,3508,4908,2989,5688,2976,7975,3407,6641,1467,1688,1692,3333,1506,5143,82956,55227,7960,105,42160,1,0,13,9
2021-03-10T23:59:59+01:00,5,7,2993,3547,8372,11766,7990,11832,7001,15645,7328,13753,3068,3840,6288,9220,4231,10144,1210,1185,3478,4850,2958,5612,2940,7835,3353,6519,1429,1648,1634,3237,1390,4864,81141,54052,7409,82,38468,0,0,12,9
2021-03-09T23:59:59+01:00,5,6,2888,3371,7688,11315,7093,11345,6582,15033,6964,13146,2840,3540,5780,8589,4075,9868,1205,1181,3456,4804,2931,5547,2923,7783,3335,6473,1414,1624,1599,3194,1285,4666,78848,53366,6053,48,35215,0,0,12,7
2021-03-08T23:59:59+01:00,5,6,2715,3136,7046,10770,6279,10866,6181,14504,6570,12579,2631,3329,5177,7850,3929,9601,1198,1175,3435,4738,2906,5471,2884,7689,3303,6397,1407,1615,1596,3186,1280,4663,76025,52891,4915,46,32223,0,0,11,7
2021-03-07T23:59:59+01:00,5,6,2603,3004,6715,10269,5868,10325,5885,14054,6330,12190,2533,3238,4412,6788,3712,9319,1195,1172,3432,4733,2901,5459,2880,7672,3295,6384,1402,1602,1575,3146,1265,4622,72773,52685,4084,44,30389,0,0,10,7
2021-03-06T23:59:59+01:00,5,5,2558,2862,6531,9815,5669,9908,5409,13198,5956,11451,2512,3211,4406,6777,3711,9318,1195,1171,3429,4728,2899,5458,2879,7671,3294,6381,1400,1599,1575,3144,1264,4622,71547,52659,4084,44,27661,0,0,10,7
2021-03-05T23:59:59+01:00,5,5,2466,2607,6319,9230,5455,9511,5232,12631,5572,10473,2286,2748,4027,6395,3572,9104,1183,1168,3411,4712,2895,5445,2871,7653,3283,6362,1386,1592,1574,3140,1259,4618,69221,52503,3851,44,24556,0,0,10,6
2021-03-04T23:59:59+01:00,5,5,2390,2402,6104,8794,5292,9170,5051,12210,5397,10094,2194,2578,3475,5571,3406,8766,1171,1154,3368,4614,2862,5379,2839,7555,3250,6288,1366,1585,1560,3126,1251,4607,67173,51928,3412,44,22309,0,0,10,4
2021-03-03T23:59:59+01:00,4,5,2333,2351,5934,8380,5121,8810,4838,11758,5207,9648,2112,2470,3072,5133,3247,8472,1151,1146,3334,4566,2825,5314,2799,7456,3204,6215,1346,1560,1541,3095,1245,4590,65748,51343,3169,42,19968,0,0,10,3
2021-03-02T23:59:59+01:00,4,5,2279,2263,5772,8046,4964,8554,4675,11357,5047,9330,2046,2379,2767,4776,3030,8151,1146,1137,3316,4545,2810,5288,2782,7407,3196,6187,1341,1549,1523,3078,1242,4584,64398,51087,2909,42,18128,0,0,10,3
2021-03-01T23:59:59+01:00,4,5,2253,2236,5668,7830,4865,8409,4591,11205,4948,9156,1991,2302,2471,4454,2842,7835,1140,1134,3302,4527,2798,5259,2766,7361,3181,6159,1335,1546,1516,3069,1239,4580,63136,50868,2688,42,17231,0,0,10,3
2021-02-28T23:59:59+01:00,3,5,2201,2193,5490,7571,4689,8188,4455,11019,4841,9030,1954,2240,2176,4151,2639,7526,1131,1128,3287,4517,2791,5252,2760,7347,3174,6145,1330,1543,1509,3053,1238,4548,62027,50709,2385,42,15949,0,0,10,3
2021-02-27T23:59:59+01:00,3,5,2114,1884,5313,7146,4591,7876,4372,10670,4769,8780,1926,2179,2148,4106,2619,7472,1127,1125,3285,4516,2786,5250,2756,7344,3169,6142,1328,1543,1509,3052,1237,4548,61795,50676,2385,39,13783,0,0,10,3
2021-02-26T23:59:59+01:00,3,5,2057,1806,5166,6909,4445,7617,4221,10405,4560,8498,1797,2072,2087,4069,2512,7292,1106,1112,3268,4482,2774,5210,2743,7291,3147,6088,1322,1532,1505,3044,1236,4546,60472,50366,2379,38,12660,0,0,10,3
2021-02-25T23:59:59+01:00,3,5,1940,1707,4840,6507,4017,7157,3935,9891,4325,8117,1739,2014,2054,4008,2402,7098,1090,1097,3231,4439,2744,5158,2697,7184,3107,5995,1312,1516,1491,3005,1223,4487,59996,49738,2272,36,9481,0,0,10,3
2021-02-24T23:59:59+01:00,3,5,1911,1648,4723,6293,3912,6943,3813,9650,4201,7957,1717,1982,2022,3966,2290,6900,1077,1092,3204,4377,2708,5092,2672,7100,3078,5924,1296,1499,1466,2957,1211,4418,59452,49144,2026,25,8448,0,0,10,3
2021-02-23T23:59:59+01:00,3,5,1686,1501,4350,5805,3631,6549,3592,9271,4046,7672,1688,1951,1978,3919,2177,6717,1058,1081,3166,4349,2680,5035,2648,7024,3043,5865,1276,1479,1440,2922,1201,4368,58997,48622,1979,11,5555,0,0,10,3
2021-02-22T23:59:59+01:00,3,5,1677,1482,4299,5746,3595,6486,3528,9178,3985,7577,1656,1924,1952,3868,2060,6520,1054,1068,3145,4304,2660,4996,2623,6965,3014,5812,1264,1465,1431,2912,1193,4359,58456,48257,1837,6,5238,0,0,10,3
2021-02-21T23:59:59+01:00,3,5,1665,1478,4269,5713,3552,6448,3487,9124,3941,7527,1648,1917,1947,3859,1940,6358,1049,1057,3124,4266,2631,4946,2608,6896,2985,5725,1250,1449,1411,2852,1169,4282,58114,47692,1831,6,4926,0,0,10,3
2021-02-20T23:59:59+01:00,3,5,1664,1477,4264,5710,3550,6447,3487,9123,3940,7526,1643,1915,1945,3855,1939,6358,1049,1057,3122,4264,2631,4946,2607,6895,2985,5725,1250,1448,1410,2852,1169,4282,58099,47684,1831,6,4911,0,0,10,3
2021-02-19T23:59:59+01:00,3,5,1647,1470,4251,5690,3539,6433,3476,9113,3930,7511,1617,1886,1924,3836,1839,6178,1048,1056,3121,4263,2630,4945,2607,6893,2982,5723,1250,1447,1410,2851,1169,4282,57680,47669,1826,6,4834,0,0,8,3
2021-02-18T23:59:59+01:00,3,5,1603,1439,4155,5579,3468,6331,3388,8949,3845,7370,1595,1851,1890,3766,1709,5981,1002,1013,2982,4038,2504,4673,2496,6558,2876,5459,1219,1404,1378,2766,1143,4133,57035,45637,1736,6,4148,0,0,8,2
2021-02-17T23:59:59+01:00,3,4,1581,1410,4059,5429,3383,6180,3270,8714,3718,7169,1543,1783,1818,3665,1592,5676,945,963,2829,3816,2387,4361,2369,6147,2747,5147,1171,1344,1332,2659,1096,3971,55825,43276,1725,6,3439,0,0,8,2
2021-02-16T23:59:59+01:00,3,4,1507,1343,3898,5232,3246,5999,3162,8481,3596,7003,1519,1757,1783,3635,1479,5469,859,931,2698,3660,2288,4150,2243,5825,2616,4893,1116,1253,1187,2359,842,3359,55134,40274,1708,3,2268,0,0,6,2
2021-02-15T23:59:59+01:00,3,4,1492,1325,3853,5146,3188,5912,3105,8366,3529,6897,1508,1743,1768,3612,1471,5449,825,909,2617,3531,2212,3970,2159,5547,2528,4680,1073,1189,1101,2185,778,3144,54669,38446,1706,1,1990,0,0,6,1
2021-02-14T23:59:59+01:00,3,4,1426,1297,3768,5069,3145,5803,3049,8212,3485,6788,1488,1712,1716,3485,1416,5202,816,903,2568,3463,2173,3902,2105,5427,2462,4573,1047,1153,1016,2013,707,2909,54426,37235,1095,1,1541,0,0,6,1
2021-02-13T23:59:59+01:00,3,4,1424,1296,3760,5064,3138,5802,3046,8210,3482,6786,1487,1709,1716,3483,1414,5202,816,903,2568,3463,2173,3902,2104,5427,2461,4573,1045,1152,1016,2013,707,2909,54407,37232,1094,0,1519,0,0,6,0
2021-02-12T23:59:59+01:00,3,3,1391,1280,3722,5030,3116,5782,3024,8177,3463,6742,1471,1699,1706,3466,1405,5183,809,895,2535,3410,2139,3857,2074,5373,2443,4542,1044,1151,1015,2013,706,2907,54180,36913,1092,0,1385,0,0,6,0
2021-02-11T23:59:59+01:00,3,3,1344,1237,3609,4858,3025,5608,2926,7866,3363,6530,1411,1639,1639,3288,1321,4859,772,832,2281,2966,1913,3380,1843,4629,2172,4014,961,1082,929,1821,657,2638,53549,32890,128,0,848,0,0,4,0
2021-02-10T23:59:59+01:00,3,3,1323,1215,3550,4748,2959,5503,2884,7716,3310,6400,1394,1622,1612,3248,1308,4822,695,775,1989,2557,1703,2931,1604,4022,1915,3552,851,935,766,1450,529,2148,52902,28422,126,0,589,0,0,3,0
2021-02-09T23:59:59+01:00,3,2,1310,1197,3495,4679,2929,5434,2864,7620,3273,6332,1387,1609,1584,3226,1298,4809,647,697,1729,2201,1509,2542,1419,3523,1743,3188,820,901,744,1378,508,2035,52592,25584,121,0,335,0,0,3,0
2021-02-08T23:59:59+01:00,3,2,1296,1193,3466,4649,2909,5397,2843,7568,3254,6302,1377,1602,1575,3200,1296,4791,634,663,1578,1964,1368,2288,1285,3215,1583,2928,781,880,696,1272,476,1866,52293,23477,95,0,332,0,0,3,0
2021-02-07T23:59:59+01:00,3,2,1164,1150,3359,4593,2854,5355,2816,7529,3229,6265,1367,1586,1567,3178,1291,4759,487,517,1309,1608,1128,1837,1077,2624,1355,2407,675,754,614,1113,431,1650,51997,19586,67,0,0,0,0,3,0
2021-02-06T23:59:59+01:00,3,2,1160,1148,3357,4591,2850,5352,2809,7526,3225,6261,1365,1584,1566,3175,1290,4759,363,368,1109,1356,991,1533,933,2210,1189,1988,586,652,586,1096,428,1647,51953,17035,67,0,0,0,0,3,0
2021-02-05T23:59:59+01:00,3,1,1149,1138,3341,4570,2843,5325,2798,7481,3206,6215,1359,1576,1563,3168,1289,4759,261,206,925,1038,842,1161,758,1758,1011,1579,469,546,559,1076,425,1643,51714,14257,67,0,0,0,0,3,0
2021-02-04T23:59:59+01:00,3,1,1133,1121,3296,4522,2802,5249,2755,7349,3158,6131,1345,1561,1550,3136,1280,4732,133,81,620,664,551,739,516,1147,669,987,288,363,459,930,387,1492,51076,10026,45,0,0,0,0,3,0
2021-02-03T23:59:59+01:00,3,1,1111,1115,3269,4477,2773,5207,2733,7295,3128,6074,1335,1552,1527,3096,1274,4687,115,65,494,513,420,597,415,907,513,743,240,284,359,730,303,1163,50610,7861,44,0,0,0,0,3,0
2021-02-02T23:59:59+01:00,3,1,1090,1102,3230,4446,2743,5154,2707,7219,3094,6010,1312,1524,1493,3039,1248,4596,105,56,411,415,348,519,367,820,460,661,219,261,314,660,279,1044,49965,6939,43,0,0,0,0,3,0
2021-02-01T23:59:59+01:00,3,1,1074,1091,3209,4393,2712,5092,2676,7092,3064,5913,1292,1496,1469,3003,1232,4533,78,41,314,310,256,394,274,611,326,496,180,211,248,523,217,813,49299,5292,43,0,0,0,0,3,0
2021-01-31T23:59:59+01:00,3,1,1069,1081,3194,4364,2688,5048,2661,7036,3050,5869,1281,1479,1449,2939,1209,4455,68,40,288,286,231,347,253,570,296,457,161,193,208,427,176,657,48830,4658,43,0,0,0,0,3,0
2021-01-30T23:59:59+01:00,3,1,1069,1081,3191,4360,2687,5048,2660,7035,3050,5868,1281,1478,1448,2939,1209,4455,68,37,281,272,218,331,248,559,292,451,160,190,207,427,176,657,48820,4574,40,0,0,0,0,3,0
2021-01-29T23:59:59+01:00,3,1,1068,1080,3190,4357,2687,5046,2660,7033,3047,5866,1281,1478,1448,2938,1209,4455,64,33,263,258,195,311,232,542,281,443,155,188,203,421,175,655,48804,4419,40,0,0,0,0,3,0
2021-01-28T23:59:59+01:00,3,1,1048,1061,3123,4252,2633,4935,2603,6877,2980,5735,1267,1456,1434,2872,1187,4335,55,18,166,154,129,187,162,357,206,280,124,145,157,262,102,378,47763,2882,37,0,0,0,0,2,0
2021-01-27T23:59:59+01:00,3,1,1003,1023,3037,4108,2552,4756,2508,6594,2896,5534,1237,1414,1398,2783,1154,4195,26,7,100,71,58,92,83,209,116,147,94,113,113,193,77,270,46167,1769,27,0,0,0,0,2,0
2021-01-26T23:59:59+01:00,2,1,926,994,2921,3973,2473,4571,2426,6414,2825,5379,1211,1365,1307,2630,940,3796,26,7,95,70,57,91,81,209,114,146,92,112,113,193,77,270,44136,1753,16,0,0,0,0,2,0
2021-01-25T23:59:59+01:00,2,1,911,977,2842,3844,2427,4423,2365,6217,2766,5228,1193,1343,1293,2605,930,3763,26,7,94,70,55,91,81,209,114,144,92,112,113,193,77,270,43118,1748,11,0,0,0,0,1,0
2021-01-24T23:59:59+01:00,2,1,901,973,2822,3829,2417,4391,2339,6178,2733,5167,1181,1337,1284,2583,917,3729,26,7,94,70,55,91,81,209,113,144,91,112,113,193,77,270,42775,1746,8,0,0,0,0,1,0
2021-01-23T23:59:59+01:00,2,1,901,973,2822,3828,2417,4391,2339,6178,2732,5167,1179,1336,1284,2583,917,3729,26,7,94,70,55,91,81,209,113,144,91,112,113,193,77,269,42772,1745,7,0,0,0,0,0,0
2021-01-22T23:59:59+01:00,2,1,895,966,2790,3782,2383,4326,2308,6103,2711,5120,1178,1335,1283,2582,916,3726,26,7,94,70,55,91,81,209,113,144,91,112,113,193,77,269,42400,1745,7,0,0,0,0,0,0
2021-01-21T23:59:59+01:00,2,1,880,898,2532,3366,2182,3909,2128,5494,2487,4634,1126,1287,1239,2461,886,3574,22,7,83,64,51,74,68,169,93,133,81,97,96,143,65,208,39079,1454,7,0,0,0,0,0,0
2021-01-20T23:59:59+01:00,2,1,805,836,2220,2960,1975,3443,1896,4885,2231,4157,1014,1147,1081,2115,773,3111,22,7,83,64,51,73,68,169,93,133,81,97,96,143,64,208,34645,1452,7,0,0,0,0,0,0
2021-01-19T23:59:59+01:00,2,1,745,758,1930,2516,1732,2982,1660,4229,1988,3685,941,1052,961,1842,676,2762,11,3,50,45,32,45,35,100,44,77,36,37,46,75,39,133,30456,808,6,0,0,0,0,0,0
2021-01-18T23:59:59+01:00,2,1,675,702,1702,2118,1494,2506,1412,3544,1732,3179,860,967,862,1636,624,2492,5,2,19,11,13,20,17,54,17,33,19,22,25,53,28,75,26505,413,3,0,0,0,0,0,0
2021-01-17T23:59:59+01:00,1,1,495,542,1385,1715,1213,1971,1156,2808,1453,2556,721,815,714,1357,514,2123,0,1,3,2,0,0,0,0,0,0,0,0,0,0,0,0,21538,6,2,0,0,0,0,0,0
2021-01-16T23:59:59+01:00,1,0,372,395,1203,1468,1093,1684,1015,2408,1296,2149,634,717,686,1341,512,2122,0,0,0,0,0,0,0,0,0,0,0,0,0,0,0,0,19095,0,1,0,0,0,0,0,0
2021-01-15T23:59:59+01:00,1,0,266,232,1019,1166,944,1337,846,1960,1116,1748,517,607,648,1308,501,2082,0,0,0,0,0,0,0,0,0,0,0,0,0,0,0,0,16297,0,1,0,0,0,0,0,0
2021-01-14T23:59:59+01:00,0,0,151,102,703,778,652,866,610,1302,751,1130,331,420,539,1126,451,1858,0,0,0,0,0,0,0,0,0,0,0,0,0,0,0,0,11770,0,0,0,0,0,0,0,0
2021-01-13T23:59:59+01:00,0,0,127,81,592,608,528,698,493,1046,593,865,278,346,453,958,394,1590,0,0,0,0,0,0,0,0,0,0,0,0,0,0,0,0,9650,0,0,0,0,0,0,0,0
2021-01-12T23:59:59+01:00,0,0,116,65,511,520,449,596,430,919,522,762,244,297,369,766,328,1242,0,0,0,0,0,0,0,0,0,0,0,0,0,0,0,0,8136,0,0,0,0,0,0,0,0
2021-01-11T23:59:59+01:00,0,0,87,52,417,421,365,485,344,742,415,589,210,246,309,637,269,1045,0,0,0,0,0,0,0,0,0,0,0,0,0,0,0,0,6633,0,0,0,0,0,0,0,0
2021-01-10T23:59:59+01:00,0,0,73,45,352,348,299,404,288,645,345,522,185,218,249,505,212,814,0,0,0,0,0,0,0,0,0,0,0,0,0,0,0,0,5504,0,0,0,0,0,0,0,0
2021-01-09T23:59:59+01:00,0,0,73,43,337,328,275,382,280,629,337,515,184,217,248,503,212,814,0,0,0,0,0,0,0,0,0,0,0,0,0,0,0,0,5377,0,0,0,0,0,0,0,0
2021-01-08T23:59:59+01:00,0,0,69,37,303,296,229,341,253,588,310,476,167,199,223,445,192,716,0,0,0,0,0,0,0,0,0,0,0,0,0,0,0,0,4844,0,0,0,0,0,0,0,0
2021-01-07T23:59:59+01:00,0,0,58,25,213,198,160,242,194,421,239,340,138,160,169,288,121,445,0,0,0,0,0,0,0,0,0,0,0,0,0,0,0,0,3411,0,0,0,0,0,0,0,0
2021-01-06T23:59:59+01:00,0,0,47,16,163,120,113,161,144,294,176,240,108,128,128,222,82,312,0,0,0,0,0,0,0,0,0,0,0,0,0,0,0,0,2454,0,0,0,0,0,0,0,0
2021-01-05T23:59:59+01:00,0,0,29,8,97,72,58,94,86,212,115,149,98,118,119,204,81,291,0,0,0,0,0,0,0,0,0,0,0,0,0,0,0,0,1831,0,0,0,0,0,0,0,0
2021-01-04T23:59:59+01:00,0,0,27,8,97,71,55,92,86,212,115,147,98,117,119,204,81,291,0,0,0,0,0,0,0,0,0,0,0,0,0,0,0,0,1820,0,0,0,0,0,0,0,0
2021-01-03T23:59:59+01:00,0,0,27,8,97,71,55,92,86,212,114,147,97,117,119,204,81,291,0,0,0,0,0,0,0,0,0,0,0,0,0,0,0,0,1818,0,0,0,0,0,0,0,0
2021-01-02T23:59:59+01:00,0,0,27,8,97,71,55,92,86,212,113,147,97,117,119,204,81,290,0,0,0,0,0,0,0,0,0,0,0,0,0,0,0,0,1816,0,0,0,0,0,0,0,0
2021-01-01T23:59:59+01:00,0,0,27,8,97,71,55,92,86,212,113,146,97,117,119,204,81,290,0,0,0,0,0,0,0,0,0,0,0,0,0,0,0,0,1815,0,0,0,0,0,0,0,0
2020-12-31T23:59:59+01:00,0,0,27,8,97,71,55,92,86,212,112,146,97,117,119,204,81,290,0,0,0,0,0,0,0,0,0,0,0,0,0,0,0,0,1814,0,0,0,0,0,0,0,0
2020-12-30T23:59:59+01:00,0,0,27,8,97,71,54,92,86,212,112,146,97,117,119,204,80,290,0,0,0,0,0,0,0,0,0,0,0,0,0,0,0,0,1812,0,0,0,0,0,0,0,0
2020-12-29T23:59:59+01:00,0,0,15,2,65,53,32,61,50,138,64,89,47,51,66,119,51,195,0,0,0,0,0,0,0,0,0,0,0,0,0,0,0,0,1098,0,0,0,0,0,0,0,0
2020-12-28T23:59:59+01:00,0,0,5,2,36,26,19,30,21,67,25,41,20,22,26,47,28,74,0,0,0,0,0,0,0,0,0,0,0,0,0,0,0,0,489,0,0,0,0,0,0,0,0
2020-12-27T23:59:59+01:00,0,0,0,0,7,5,7,2,1,5,0,2,0,1,2,2,4,6,0,0,0,0,0,0,0,0,0,0,0,0,0,0,0,0,44,0,0,0,0,0,0,0,0
