Datum,<15_m,<15_w,15-24_1_m,15-24_1_w,25-34_1_m,25-34_1_w,35-44_1_m,35-44_1_w,45-54_1_m,45-54_1_w,55-64_1_m,55-64_1_w,65-74_1_m,65-74_1_w,75-84_1_m,75-84_1_w,>84_1_m,>84_1_w,<24_2_m,<24_2_w,25-34_2_m,25-34_2_w,35-44_2_m,35-44_2_w,45-54_2_m,45-54_2_w,55-64_2_m,55-64_2_w,65-74_2_m,65-74_2_w,75-84_2_m,75-84_2_w,>84_2_m,>84_2_w,bp_1,bp_2,mo_1,mo_2,az_1,az_2,ja,unb_1,unb_2
2021-09-26T23:59:59+02:00,9827,9541,64959,65010,107058,104594,98086,97713,94681,100062,93820,95737,56096,69735,44021,61129,10663,21593,57961,57961,100533,97214,92413,90868,89925,94599,90067,91838,54330,67479,42846,59216,10256,20641,818476,766794,135238,129417,158555,145140,91967,154,150
2021-09-25T23:59:59+02:00,9790,9500,64853,64891,106957,104503,98011,97653,94625,100013,93789,95709,56092,69727,44019,61126,10662,21593,57861,57849,100434,97126,92335,90801,89887,94536,90031,91817,54318,67468,42842,59212,10256,20641,817939,766277,135179,129365,158554,145113,91752,154,150
2021-09-24T23:59:59+02:00,9730,9440,64697,64716,106793,104340,97866,97511,94506,99911,93719,95653,56077,69710,44011,61112,10662,21591,57653,57634,100260,96949,92214,90660,89781,94431,89948,91752,54299,67447,42839,59207,10255,20638,816928,765141,135111,129299,158554,145051,91362,154,150
2021-09-23T23:59:59+02:00,9638,9320,64395,64390,106538,104102,97679,97283,94349,99743,93614,95546,56033,69654,43992,61091,10657,21567,57373,57372,100027,96728,92036,90456,89650,94287,89850,91657,54254,67401,42822,59185,10254,20619,815173,763668,134996,129196,158548,144979,90784,154,150
2021-09-22T23:59:59+02:00,9567,9240,64073,64084,106345,103898,97496,97079,94195,99608,93489,95451,55992,69587,43964,61052,10648,21547,57197,57197,99858,96568,91870,90324,89537,94174,89746,91585,54224,67360,42798,59157,10248,20608,813482,762683,134888,129120,158544,144897,90310,154,150
2021-09-21T23:59:59+02:00,9480,9156,63858,63849,106147,103729,97328,96925,94084,99499,93409,95380,55943,69536,43946,61009,10641,21535,57014,57031,99676,96420,91735,90200,89452,94087,89657,91513,54186,67304,42776,59120,10239,20590,812064,761682,134813,129027,158541,144834,89945,154,150
2021-09-20T23:59:59+02:00,9419,9099,63583,63551,105962,103551,97167,96763,93980,99403,93344,95303,55904,69493,43926,60966,10635,21519,56833,56887,99505,96286,91588,90048,89311,93988,89580,91444,54142,67268,42751,59086,10233,20574,810668,760718,134740,128948,158536,144704,89533,154,150
2021-09-19T23:59:59+02:00,9369,9056,63316,63391,105739,103360,97020,96597,93843,99302,93245,95229,55875,69439,43916,60941,10632,21509,56603,56707,99280,96116,91410,89890,89133,93819,89468,91362,54104,67208,42732,59052,10232,20561,809374,759584,134659,128834,158533,144441,89122,154,150
2021-09-18T23:59:59+02:00,9339,9012,63229,63294,105633,103272,96916,96518,93777,99233,93215,95201,55867,69430,43912,60936,10630,21508,56489,56588,99180,96020,91294,89810,89063,93755,89434,91332,54094,67203,42725,59049,10230,20556,808838,758960,134573,128771,158531,144429,88889,154,150
2021-09-17T23:59:59+02:00,9261,8927,63048,63140,105460,103121,96746,96366,93645,99136,93142,95124,55851,69402,43901,60930,10624,21502,56292,56363,99007,95875,91150,89699,88953,93651,89358,91271,54079,67176,42717,59042,10230,20553,807751,757901,134490,128682,158527,144413,88467,154,150
2021-09-16T23:59:59+02:00,9174,8822,62785,62856,105197,102875,96518,96134,93462,98961,93042,95034,55799,69347,43888,60903,10617,21488,56049,56107,98752,95654,90964,89495,88781,93496,89257,91186,54032,67126,42695,59021,10223,20541,806010,756456,134403,128541,158517,144351,87880,154,150
2021-09-15T23:59:59+02:00,9104,8769,62450,62576,105000,102662,96310,95942,93327,98804,92939,94949,55762,69292,43850,60872,10612,21462,55891,55962,98565,95496,90795,89341,88676,93383,89157,91126,53998,67080,42669,58986,10219,20525,804285,755442,134349,128423,158513,144315,87442,154,150
2021-09-14T23:59:59+02:00,9062,8717,62173,62376,104775,102452,96123,95762,93196,98664,92824,94865,55717,69236,43826,60833,10606,21446,55703,55789,98393,95315,90635,89179,88546,93273,89074,91056,53962,67040,42647,58960,10214,20510,802783,754430,134280,128331,158504,144219,86993,154,150
2021-09-13T23:59:59+02:00,9028,8684,61885,62121,104548,102232,95952,95594,93052,98530,92739,94768,55667,69182,43809,60801,10599,21434,55503,55617,98206,95129,90485,89028,88419,93166,88988,90982,53926,66995,42628,58931,10209,20494,801295,753373,134196,128218,158494,144176,86547,154,150
2021-09-12T23:59:59+02:00,8977,8636,61587,61886,104311,101991,95748,95372,92892,98400,92644,94687,55617,69134,43793,60770,10594,21423,55310,55462,97972,94923,90323,88866,88284,93051,88893,90906,53884,66941,42606,58902,10204,20476,799811,752380,134099,128092,158490,144104,85968,154,150
2021-09-11T23:59:59+02:00,8930,8602,61469,61759,104174,101876,95646,95264,92806,98322,92605,94656,55602,69120,43788,60758,10594,21422,55167,55372,97827,94821,90223,88769,88185,92985,88858,90880,53874,66922,42602,58892,10204,20475,799145,751797,134042,128015,158490,144085,85622,154,150
2021-09-10T23:59:59+02:00,8833,8492,61237,61499,103982,101673,95477,95076,92664,98196,92511,94585,55570,69092,43774,60740,10594,21420,54931,55171,97637,94638,90037,88587,88051,92858,88773,90810,53852,66901,42589,58873,10204,20471,797788,750656,133979,127901,158488,144069,85066,154,150
2021-09-09T23:59:59+02:00,8737,8395,60940,61246,103719,101370,95254,94788,92491,97979,92376,94472,55533,69029,43753,60710,10584,21399,54687,54959,97395,94395,89824,88359,87893,92704,88636,90724,53809,66853,42568,58842,10198,20465,795905,749284,133876,127720,158486,143997,84414,154,150
2021-09-08T23:59:59+02:00,8682,8347,60740,61028,103522,101141,95072,94569,92334,97818,92262,94344,55498,68964,43719,60670,10571,21375,54540,54807,97222,94196,89673,88172,87738,92563,88514,90616,53768,66791,42531,58799,10186,20428,794498,748288,133769,127571,158476,143911,83819,154,150
2021-09-07T23:59:59+02:00,8631,8298,60521,60823,103301,100911,94886,94383,92193,97679,92161,94270,55464,68914,43690,60614,10561,21353,54356,54646,97004,94003,89489,88008,87613,92457,88418,90529,53727,66745,42505,58767,10181,20411,793052,747227,133666,127444,158472,143783,83369,154,150
2021-09-06T23:59:59+02:00,8593,8257,60326,60663,103110,100745,94756,94229,92082,97555,92078,94199,55411,68856,43669,60587,10554,21320,54193,54479,96820,93845,89328,87853,87489,92333,88322,90448,53676,66698,42484,58723,10171,20386,791877,746146,133577,127307,158461,143700,82981,154,150
2021-09-05T23:59:59+02:00,8539,8209,60124,60469,102960,100568,94612,94067,91961,97441,92003,94129,55385,68815,43658,60566,10549,21312,53992,54286,96634,93650,89142,87696,87350,92208,88241,90363,53627,66647,42465,58700,10166,20370,790737,745006,133505,127133,158458,143605,82573,154,150
2021-09-04T23:59:59+02:00,8489,8180,60016,60365,102877,100471,94512,93983,91907,97377,91969,94103,55376,68804,43652,60556,10549,21311,53870,54175,96520,93524,89027,87597,87282,92129,88194,90330,53613,66636,42458,58689,10166,20369,790167,744363,133455,127012,158454,143587,82327,154,150
2021-09-03T23:59:59+02:00,8412,8109,59836,60192,102710,100322,94368,93847,91806,97262,91896,94052,55349,68778,43644,60542,10547,21305,53665,53998,96324,93314,88835,87403,87139,91955,88101,90251,53581,66604,42447,58671,10162,20366,789102,743127,133404,126784,158446,143551,81931,154,150
2021-09-02T23:59:59+02:00,8296,8024,59600,59956,102468,100093,94181,93629,91624,97105,91780,93956,55304,68720,43621,60507,10541,21283,53407,53748,96040,93045,88602,87132,86918,91752,87960,90135,53537,66523,42416,58620,10152,20331,787517,741511,133298,126431,158434,143433,81344,154,150
2021-09-01T23:59:59+02:00,8234,7944,59393,59745,102282,99926,94032,93479,91507,96978,91678,93884,55261,68670,43603,60484,10533,21265,53155,53536,95818,92832,88412,86915,86744,91591,87821,90027,53472,66437,42378,58576,10142,20311,786283,740089,133227,126175,158418,143315,80875,154,146
2021-08-31T23:59:59+02:00,8156,7869,59190,59518,102101,99751,93863,93324,91388,96865,91555,93803,55215,68621,43577,60445,10523,21249,52908,53291,95561,92592,88200,86683,86589,91433,87662,89923,53427,66367,42351,58523,10134,20292,784969,738620,133149,125871,158405,143205,80395,154,146
2021-08-30T23:59:59+02:00,8060,7792,58993,59341,101934,99615,93749,93195,91273,96763,91489,93727,55181,68594,43560,60411,10518,21233,52670,53107,95321,92363,87998,86453,86413,91291,87536,89800,53372,66289,42311,58459,10117,20263,783883,737214,133094,125556,158398,143056,79957,154,146
2021-08-29T23:59:59+02:00,7984,7720,58717,59102,101704,99424,93569,93025,91134,96644,91402,93638,55136,68544,43536,60381,10516,21224,52320,52804,95013,92082,87715,86198,86182,91098,87382,89676,53303,66214,42281,58419,10110,20246,782547,735347,133006,125224,158384,142912,79367,154,146
2021-08-28T23:59:59+02:00,7927,7655,58584,58992,101599,99318,93467,92942,91050,96568,91357,93609,55122,68531,43528,60376,10515,21222,52145,52659,94856,91953,87580,86090,86073,91010,87314,89633,53286,66193,42272,58411,10108,20245,781936,734539,132969,125123,158380,142887,78981,154,146
2021-08-27T23:59:59+02:00,7863,7571,58398,58808,101435,99158,93331,92818,90943,96463,91270,93553,55099,68502,43519,60359,10514,21217,51900,52421,94568,91681,87362,85889,85902,90857,87206,89533,53244,66157,42258,58386,10103,20242,780978,732983,132907,124925,158338,142851,78502,154,146
2021-08-26T23:59:59+02:00,7777,7473,58168,58567,101218,98943,93117,92597,90764,96285,91166,93455,55051,68441,43486,60331,10508,21205,51568,52145,94210,91335,87032,85577,85660,90604,87051,89403,53184,66069,42211,58343,10096,20230,779540,731096,132811,124525,158314,142719,77791,154,145
2021-08-25T23:59:59+02:00,7706,7383,57952,58384,101051,98808,92968,92413,90648,96163,91059,93378,55012,68393,43452,60287,10504,21182,51277,51902,93914,91084,86809,85331,85463,90416,86918,89277,53116,65984,42162,58275,10091,20199,778374,729397,132731,124214,158304,142650,77239,153,144
2021-08-24T23:59:59+02:00,7657,7333,57740,58174,100874,98639,92804,92252,90539,96042,90975,93308,54974,68339,43426,60244,10498,21157,50963,51648,93573,90800,86513,85080,85260,90226,86767,89118,53031,65891,42113,58208,10082,20176,777267,727596,132640,123917,158298,142431,76675,153,144
2021-08-23T23:59:59+02:00,7602,7282,57546,57979,100707,98486,92676,92098,90447,95957,90900,93224,54938,68296,43397,60218,10494,21139,50648,51385,93236,90528,86265,84808,85068,90061,86635,88994,52953,65799,42077,58158,10075,20158,776159,725730,132569,123635,158288,142255,76275,153,143
2021-08-22T23:59:59+02:00,7536,7226,57356,57800,100517,98333,92519,91967,90351,95842,90822,93158,54904,68251,43383,60194,10488,21125,50282,51036,92840,90132,85957,84511,84833,89831,86466,88871,52877,65695,42041,58095,10061,20126,775169,723410,132470,123328,158276,142039,75762,153,141
2021-08-21T23:59:59+02:00,7483,7188,57225,57678,100385,98230,92416,91865,90252,95783,90767,93124,54884,68230,43375,60177,10486,21122,49954,50737,92678,89988,85787,84355,84685,89708,86381,88809,52845,65672,42031,58080,10060,20120,774504,721902,132395,123097,158275,141998,75401,153,141
2021-08-20T23:59:59+02:00,7432,7135,57070,57509,100216,98078,92264,91729,90136,95663,90693,93064,54862,68207,43365,60160,10484,21117,49633,50410,92417,89726,85524,84118,84468,89505,86250,88700,52813,65631,42008,58056,10053,20113,773559,719975,132347,122889,158271,141931,74912,153,141
2021-08-19T23:59:59+02:00,7365,7075,56838,57284,99960,97855,92065,91546,89978,95504,90570,92963,54821,68149,43340,60129,10477,21103,49197,49981,92001,89336,85122,83717,84161,89195,86036,88517,52742,65524,41970,57995,10043,20095,772257,717319,132220,122445,158265,141727,74185,153,140
2021-08-18T23:59:59+02:00,7302,7020,56661,57125,99781,97685,91922,91390,89842,95382,90468,92869,54754,68085,43311,60083,10467,21083,48856,49625,91628,89017,84806,83389,83882,88941,85847,88347,52626,65407,41900,57903,10028,20065,771128,714958,132133,122054,158257,141489,73617,153,140
2021-08-17T23:59:59+02:00,7240,6969,56480,56973,99589,97510,91761,91246,89721,95250,90372,92777,54717,68037,43286,60056,10465,21068,48373,49216,91182,88594,84405,83034,83553,88651,85644,88146,52523,65282,41842,57828,10022,20041,770029,711970,132031,121647,158244,141201,73118,153,140
2021-08-16T23:59:59+02:00,7180,6903,56301,56807,99399,97337,91617,91091,89584,95135,90259,92680,54666,67976,43257,60006,10457,21054,47820,48654,90719,88159,83938,82641,83225,88360,85416,87944,52419,65167,41784,57750,10013,20005,768887,708498,131939,121201,158237,140974,72551,153,140
2021-08-15T23:59:59+02:00,7115,6855,56083,56624,99218,97162,91461,90957,89460,95028,90170,92621,54628,67935,43237,59977,10453,21047,46709,47552,90079,87477,83386,82109,82830,87975,85131,87738,52312,65045,41741,57691,10004,19985,767835,702767,131827,120574,158228,140794,72046,153,139
2021-08-14T23:59:59+02:00,7085,6823,55963,56535,99077,97064,91359,90881,89374,94960,90119,92576,54613,67919,43232,59970,10452,21046,46562,47411,89853,87301,83174,81902,82707,87877,85062,87694,52284,65014,41732,57680,10003,19983,767317,701969,131771,120253,158224,140742,71641,153,139
2021-08-13T23:59:59+02:00,7042,6777,55811,56411,98923,96940,91232,90746,89272,94848,90041,92514,54584,67870,43218,59948,10450,21040,46264,47102,89387,86910,82781,81529,82445,87642,84896,87555,52241,64947,41711,57656,10000,19972,766510,699781,131714,119707,158217,140664,71133,151,139
2021-08-12T23:59:59+02:00,7007,6726,55611,56253,98721,96765,91059,90584,89127,94707,89947,92434,54547,67818,43192,59914,10442,21023,45858,46718,88760,86347,82208,80984,82068,87319,84666,87379,52167,64846,41660,57597,9990,19954,765472,696870,131610,118875,158204,140413,70498,151,138
2021-08-11T23:59:59+02:00,6972,6671,55424,56086,98520,96589,90906,90449,88994,94597,89838,92333,54496,67759,43161,59875,10432,21008,45447,46266,88155,85695,81634,80476,81733,87014,84400,87140,52080,64706,41588,57472,9971,19904,764367,693723,131515,117933,158180,140083,69957,149,137
2021-08-10T23:59:59+02:00,6911,6625,55243,55928,98314,96446,90747,90299,88866,94485,89753,92256,54451,67712,43145,59836,10428,20995,45022,45807,87516,85079,81033,79938,81326,86633,84155,86925,51958,64598,41529,57387,9957,19873,763327,690423,131421,116988,158161,139772,69440,149,137
2021-08-09T23:59:59+02:00,6860,6567,55074,55763,98124,96295,90597,90163,88727,94390,89642,92194,54412,67664,43120,59803,10421,20980,44468,45257,86686,84404,80345,79353,80913,86285,83863,86702,51846,64466,41472,57287,9943,19829,762330,686632,131349,115927,158151,139425,68875,149,134
2021-08-08T23:59:59+02:00,6791,6498,54853,55578,97926,96113,90425,90003,88591,94274,89548,92119,54358,67617,43094,59768,10414,20959,43869,44656,85637,83478,79454,78545,80374,85811,83539,86403,51712,64313,41409,57196,9931,19803,761148,681571,131235,114747,158131,139115,68323,149,134
2021-08-07T23:59:59+02:00,6746,6448,54713,55455,97788,96000,90295,89901,88498,94216,89486,92079,54339,67591,43090,59758,10411,20954,43043,43788,85306,83150,78984,78104,80017,85460,83356,86259,51649,64230,41388,57160,9926,19794,760487,677905,131171,113602,158127,139009,67891,149,133
2021-08-06T23:59:59+02:00,6691,6398,54525,55311,97561,95822,90145,89772,88373,94100,89389,92007,54299,67563,43081,59732,10408,20950,42130,42910,84849,82693,78392,77550,79628,85077,83165,86112,51596,64165,41362,57128,9918,19780,759539,673973,131075,112324,158120,138872,67301,149,133
2021-08-05T23:59:59+02:00,6626,6327,54211,55069,97269,95553,89893,89557,88159,93912,89218,91873,54234,67473,43051,59679,10399,20931,40904,41765,84126,82027,77620,76755,79033,84514,82807,85808,51465,64005,41301,57027,9903,19748,757904,668448,130950,110705,158107,138329,66381,149,132
2021-08-04T23:59:59+02:00,6545,6276,53976,54888,97029,95345,89723,89391,88019,93772,89101,91774,54181,67421,43014,59632,10395,20921,40441,41283,82929,80985,76294,75609,78543,84066,82488,85560,51325,63867,41243,56940,9887,19722,756629,663285,130842,109201,158093,137875,65747,149,132
2021-08-03T23:59:59+02:00,6480,6212,53721,54695,96798,95156,89552,89230,87878,93627,88955,91653,54101,67340,42977,59573,10387,20913,40004,40874,81681,79850,74872,74416,77938,83499,81944,85068,51111,63663,41142,56784,9874,19686,755266,657484,130738,107500,158069,137169,65083,149,132
2021-08-02T23:59:59+02:00,6418,6149,53484,54495,96542,94937,89335,89057,87713,93483,88814,91540,54019,67270,42944,59522,10384,20893,39541,40407,80373,78745,73322,73203,77315,82930,81401,84586,50942,63461,41067,56664,9857,19652,753854,651458,130589,105740,158047,136569,64418,148,130
2021-08-01T23:59:59+02:00,6354,6062,53217,54232,96281,94668,89100,88883,87507,93340,88651,91431,53955,67185,42907,59470,10377,20886,39025,39916,79081,77660,71916,72101,76426,82177,80816,84121,50754,63221,40979,56559,9846,19628,752259,645284,130398,103841,158023,135962,63734,147,127
2021-07-31T23:59:59+02:00,6318,6023,53099,54142,96164,94574,89000,88817,87417,93270,88607,91395,53944,67175,42901,59466,10377,20885,38079,38909,78637,77217,71382,71549,76045,81851,80700,84024,50735,63188,40963,56548,9846,19625,751784,640642,130233,102969,158021,135867,63444,147,127
2021-07-30T23:59:59+02:00,6265,5988,52929,54000,96008,94400,88846,88670,87285,93156,88524,91325,53907,67144,42888,59448,10375,20883,37082,37866,77947,76574,70634,70814,75531,81323,80298,83700,50661,63099,40930,56488,9840,19613,750899,634492,129918,101836,158018,135659,63115,146,126
2021-07-29T23:59:59+02:00,6214,5929,52696,53820,95756,94178,88633,88463,87118,92982,88383,91199,53847,67079,42865,59411,10367,20862,35841,36649,76902,75702,69580,69856,74728,80571,79758,83272,50528,62936,40863,56393,9822,19586,749667,626753,129445,100284,158002,135102,62598,145,126
2021-07-28T23:59:59+02:00,6177,5877,52499,53657,95554,93974,88482,88279,87001,92844,88274,91103,53790,67004,42831,59363,10357,20831,35236,36068,75743,74728,68301,68748,73969,79855,79263,82816,50389,62735,40793,56291,9806,19547,748508,620444,128997,98873,157984,134314,62318,145,124
2021-07-27T23:59:59+02:00,6128,5836,52267,53435,95291,93766,88303,88094,86843,92694,88152,91006,53737,66930,42788,59300,10343,20782,34586,35336,74292,73493,66851,67531,73105,79007,78718,82301,50216,62524,40713,56170,9781,19504,747105,613210,128572,97419,157959,133077,61969,145,123
2021-07-26T23:59:59+02:00,6071,5784,52054,53232,95046,93573,88108,87929,86684,92556,88022,90905,53677,66851,42759,59246,10336,20760,33831,34536,72780,72158,65490,66297,72056,78022,78128,81772,50045,62309,40635,56023,9759,19459,745774,605195,128148,95892,157942,132008,61639,145,123
2021-07-25T23:59:59+02:00,6033,5742,51854,53039,94792,93344,87937,87740,86529,92426,87915,90808,53626,66788,42730,59203,10326,20724,33127,33791,71436,70954,64374,65277,71054,77114,77656,81322,49927,62125,40570,55936,9753,19424,744404,598245,127874,94328,157920,131214,61268,145,123
2021-07-24T23:59:59+02:00,5945,5684,51581,52747,94488,93033,87689,87528,86351,92269,87815,90729,53596,66754,42718,59180,10326,20718,32642,33315,70582,70266,63703,64719,70177,76414,77451,81171,49873,62082,40548,55911,9753,19422,742537,593873,127819,93398,157918,131089,60786,145,123
2021-07-23T23:59:59+02:00,5892,5628,51312,52476,94098,92754,87398,87313,86171,92088,87679,90635,53563,66706,42710,59162,10323,20712,32137,32697,69528,69418,62919,64056,69271,75564,77048,80845,49798,61985,40516,55872,9746,19408,740511,588317,127746,92237,157912,130913,60360,145,123
2021-07-22T23:59:59+02:00,5821,5564,50902,52077,93644,92316,87013,86982,85866,91791,87461,90451,53478,66612,42681,59102,10315,20686,31449,31992,68230,68425,61873,63175,67651,74210,76404,80333,49646,61779,40425,55756,9725,19368,737502,581931,127513,89479,157888,130145,59769,144,122
2021-07-21T23:59:59+02:00,5769,5514,50540,51701,93215,91906,86710,86679,85610,91546,87291,90264,53394,66528,42623,59035,10304,20658,30852,31361,66896,67382,60787,62279,65610,72522,75497,79590,49357,61469,40264,55568,9701,19311,734724,575655,127274,85174,157862,129057,59336,144,122
2021-07-20T23:59:59+02:00,5711,5451,50155,51315,92757,91445,86346,86358,85342,91292,87071,90068,53302,66393,42576,58975,10297,20633,30201,30733,65440,66206,59648,61324,64425,71463,74886,79036,49150,61237,40158,55410,9678,19250,731788,568638,127055,83513,157806,128032,58747,144,122
2021-07-19T23:59:59+02:00,5634,5377,49692,50863,92285,90974,85980,86028,85092,91080,86863,89892,53209,66273,42540,58896,10279,20598,29666,30167,64284,65154,58728,60461,63271,70427,74288,78520,48976,61040,40066,55264,9649,19205,728538,562880,126830,81709,157770,126840,58326,144,122
2021-07-18T23:59:59+02:00,5565,5309,48869,50054,91230,89943,85257,85417,84616,90655,86571,89600,53102,66125,42477,58799,10269,20567,29118,29590,63116,64087,57802,59549,62093,69399,73738,78019,48828,60878,40008,55181,9637,19177,722144,557064,126498,79689,157753,126035,57939,144,122
2021-07-17T23:59:59+02:00,5391,5123,48519,49726,91086,89809,85061,85258,84459,90519,86462,89517,53080,66098,42466,58787,10268,20564,28740,29222,62478,63494,57254,59125,61335,68662,73433,77778,48718,60760,39968,55122,9627,19166,720966,554078,126321,78720,157747,125417,57067,144,122
2021-07-16T23:59:59+02:00,5292,5032,48201,49443,90822,89589,84814,85055,84256,90333,86324,89410,53038,66066,42448,58773,10265,20559,28250,28733,61549,62589,56408,58439,60279,67626,72931,77359,48558,60572,39921,55054,9622,19157,719589,549147,126153,77398,157736,124682,56151,143,122
2021-07-15T23:59:59+02:00,5156,4900,47726,49035,90435,89217,84457,84675,83956,90057,86104,89241,52958,65976,42393,58704,10255,20532,27523,28120,60240,61540,55289,57456,58878,66312,72199,76771,48329,60311,39832,54923,9606,19102,717141,543364,125736,75206,157701,123023,55095,142,122
2021-07-14T23:59:59+02:00,5051,4787,47380,48659,90132,88925,84172,84363,83705,89817,85901,89086,52869,65869,42335,58615,10238,20500,27005,27577,59150,60548,54318,56612,58003,65468,71588,76189,48061,60032,39725,54749,9584,19058,714980,537960,125375,74293,157653,121336,54293,141,122
2021-07-13T23:59:59+02:00,4938,4671,46979,48279,89739,88569,83866,84057,83439,89558,85694,88920,52761,65765,42281,58549,10232,20479,26358,26925,57782,59365,53123,55624,57012,64555,70865,75554,47785,59709,39595,54571,9552,19006,712635,531644,125006,73194,157594,119295,53438,140,121
2021-07-12T23:59:59+02:00,4769,4502,46442,47769,89345,88232,83473,83739,83193,89301,85506,88761,52680,65669,42233,58486,10220,20464,25738,26278,56276,58016,51831,54563,55784,63414,70120,74934,47411,59280,39419,54349,9511,18941,709955,524368,124636,72165,157532,116948,52558,140,121
2021-07-11T23:59:59+02:00,4373,4130,45498,46852,88921,87800,83058,83353,82884,89011,85311,88614,52593,65578,42208,58430,10209,20447,25141,25714,54897,56758,50534,53519,54739,62378,69528,74384,47065,58898,39294,54174,9486,18899,706008,517745,124167,71156,157493,115159,51502,137,121
2021-07-10T23:59:59+02:00,4361,4115,45169,46515,88466,87321,82724,83042,82782,88912,85243,88556,52572,65555,42199,58416,10208,20443,24656,25188,53815,55820,49675,52939,54141,61810,69311,74196,46695,58479,39194,54069,9481,18888,705340,513448,123702,71072,157317,113839,50141,136,121
2021-07-09T23:59:59+02:00,4342,4102,44751,46080,87857,86768,82346,82700,82531,88727,85128,88465,52537,65525,42192,58402,10204,20434,23960,24420,52498,54584,48737,52059,53363,60956,68889,73795,46334,58070,39107,53979,9473,18876,703937,507280,123124,70668,157150,112492,48782,135,121
2021-07-08T23:59:59+02:00,4315,4076,44204,45597,87001,86065,81821,82190,82278,88485,84933,88310,52470,65458,42160,58356,10193,20418,22987,23502,50563,53022,47360,50908,52222,59831,68200,73157,45816,57509,38969,53815,9445,18807,701833,499571,122240,69395,156857,109954,47290,134,121
2021-07-07T23:59:59+02:00,4291,4048,43635,45027,86177,85302,81278,81714,81993,88190,84727,88147,52392,65359,42118,58293,10186,20398,22124,22613,48617,51343,45846,49770,50983,58653,67500,72621,45080,56765,38774,53577,9413,18749,699352,491427,121246,68283,156603,106849,45943,132,119
2021-07-06T23:59:59+02:00,4259,4028,43092,44511,85331,84572,80669,81126,81624,87860,84552,87971,52303,65278,42080,58230,10177,20373,21294,21761,46637,49556,44460,48520,49709,57318,66756,71902,44251,55992,38588,53337,9395,18693,696726,482480,120224,67206,156306,103887,44651,130,119
2021-07-05T23:59:59+02:00,4236,3991,41951,43538,83835,83486,79937,80511,81168,87441,84279,87709,52187,65141,42031,58152,10163,20345,20120,20716,44690,47960,43435,47556,48678,56360,66059,71284,43490,55130,38415,53113,9371,18654,693436,476498,119164,66338,155942,100797,41430,130,119
2021-07-04T23:59:59+02:00,4209,3969,40601,42344,82198,82170,79217,79900,80696,87018,84008,87510,52093,65014,41985,58100,10150,20316,18775,19513,42899,46440,42732,46813,47865,55502,65476,70717,42745,54285,38248,52919,9351,18606,690351,471845,118009,65405,155520,98169,37489,130,119
2021-07-03T23:59:59+02:00,3745,3554,39043,40814,81338,81516,78731,79405,80251,86541,83792,87340,52025,64913,41967,58048,10147,20310,17969,18824,41984,45749,42314,46432,47460,55103,65311,70552,42156,53558,38186,52820,9344,18596,686638,469914,116699,65304,155436,96579,34578,130,119
2021-07-02T23:59:59+02:00,3185,2984,37497,39335,80620,80790,78058,78703,79731,86039,83550,87138,51973,64828,41938,58000,10135,20297,17212,18114,40839,44792,41579,45738,46627,54318,64790,70104,41204,52351,38056,52631,9328,18577,681626,464864,115295,64843,155283,94086,32469,129,117
2021-07-01T23:59:59+02:00,2544,2440,35787,37688,79651,79929,77223,77871,79025,85403,83235,86860,51852,64671,41875,57896,10117,20268,16349,17224,39306,43560,40363,44670,45321,53187,64052,69531,40315,51213,37906,52424,9311,18545,675335,458511,113581,63194,155058,91318,30233,129,117
2021-06-30T23:59:59+02:00,2502,2409,34786,36684,77822,78432,75517,76374,78369,84857,82950,86568,51721,64513,41815,57799,10105,20241,15331,16263,37623,42335,39166,43561,44159,52129,63300,68905,39771,50529,37791,52228,9289,18509,669489,452399,111849,61856,154845,89441,27153,129,117
2021-06-29T23:59:59+02:00,2469,2376,33955,35800,76222,76942,73897,74958,77579,84139,82405,86079,51538,64294,41738,57668,10088,20205,14499,15365,36308,41194,38247,42739,42935,51074,62587,68321,39063,49593,37655,52010,9267,18465,663151,447231,109971,60018,154577,87487,24525,129,116
2021-06-28T23:59:59+02:00,2429,2343,33148,35002,74603,75534,72215,73555,76556,83351,81799,85581,51359,64066,41661,57562,10075,20171,13755,14620,35249,40173,37419,42006,41810,50078,61936,67774,38191,48507,37488,51789,9247,18418,656692,442397,108010,58503,153983,85289,22197,129,115
2021-06-27T23:59:59+02:00,2415,2328,32415,34261,73036,74163,70808,72348,75155,82232,81120,85028,51161,63848,41596,57444,10065,20142,13123,13992,34290,39419,36761,41400,40875,49228,61396,67330,37331,47479,37336,51610,9232,18387,650494,438499,106072,57739,153031,83031,19841,128,115
2021-06-26T23:59:59+02:00,1783,1721,31384,33164,72687,73848,70343,71885,74861,81919,81025,84946,51141,63820,41582,57434,10064,20139,12932,13784,33626,38876,36117,40978,40355,48892,60402,66328,36340,46343,37169,51397,9218,18354,645731,432525,105135,57687,153027,81090,19729,125,115
2021-06-25T23:59:59+02:00,1165,1123,30271,32003,72201,73322,69729,71189,74435,81475,80648,84624,51079,63733,41548,57391,10059,20125,12607,13399,32772,38074,35247,40153,39416,48056,59189,65093,35825,45645,36977,51096,9195,18312,639434,424104,103946,57239,153019,80032,19597,125,115
2021-06-24T23:59:59+02:00,566,564,28936,30694,71427,72577,68859,70300,73762,80845,80200,84260,50973,63602,41496,57321,10048,20091,11950,12703,31606,36769,34028,38883,38286,46944,57557,63716,35351,45127,36820,50907,9176,18252,631658,414770,102451,55685,152906,78148,19383,124,114
2021-06-23T23:59:59+02:00,539,532,28433,30153,70319,71595,67581,69160,73016,80158,79749,83856,50862,63428,41435,57225,10031,20060,11462,12177,30607,35518,33095,37660,37271,46061,55614,62004,34801,44561,36652,50680,9155,18187,625441,405014,100879,54618,152799,76892,18890,124,113
2021-06-22T23:59:59+02:00,516,516,27920,29576,69143,70567,66375,68132,72338,79452,79338,83491,50754,63301,41387,57141,10022,20034,11118,11779,29684,34582,32131,36770,36310,45171,53645,60167,34415,44086,36513,50439,9126,18129,619127,396489,99420,53045,152664,75769,18669,124,112
2021-06-21T23:59:59+02:00,484,482,27258,28917,67826,69394,65190,67001,71577,78672,78942,83099,50647,63192,41328,57052,10008,19993,10827,11470,29059,34000,31580,36202,35707,44583,51799,58507,33706,43285,36218,50014,9096,18053,612329,388921,97924,51848,152542,75098,18145,123,112
2021-06-20T23:59:59+02:00,399,401,26620,28258,66604,68259,64168,66058,70773,77930,78588,82762,50570,63067,41279,56985,10003,19960,10540,11210,28511,33498,31123,35711,35198,44060,49956,56713,33164,42603,36020,49680,9066,17993,605941,381507,96458,51094,152445,74632,17718,123,108
2021-06-19T23:59:59+02:00,367,367,26243,27892,65873,67684,63644,65561,69976,77276,78435,82637,50549,63042,41263,56970,10002,19960,10408,11017,28263,33179,30868,35389,34976,43799,48509,55317,32905,42257,35936,49543,9058,17965,601995,376104,95515,51082,152444,74443,17665,123,108
2021-06-18T23:59:59+02:00,340,334,25785,27434,64861,66948,62907,64949,69058,76439,78045,82303,50487,62967,41236,56934,9998,19952,10194,10780,27860,32753,30538,34976,34588,43405,46779,53650,32553,41742,35799,49332,9039,17931,596595,369249,94273,50794,152436,74231,17551,123,107
2021-06-17T23:59:59+02:00,311,303,25153,26830,63604,65946,61910,64136,67468,75032,77522,81901,50387,62812,41173,56851,9985,19924,9779,10427,27064,32065,29796,34297,33751,42702,45273,52155,32108,41113,35636,49077,9008,17881,590517,361823,91617,49651,152276,73848,16717,122,106
2021-06-16T23:59:59+02:00,277,264,24635,26252,62304,64820,60805,63157,65199,73114,76675,81247,50175,62602,41082,56739,9966,19892,9460,10175,26411,31389,29086,33671,33019,42065,44680,51588,31838,40750,35490,48878,8987,17840,584285,358116,87116,48941,151846,72336,15839,120,106
2021-06-15T23:59:59+02:00,238,233,23999,25570,60903,63615,59721,62172,64039,72032,76171,80828,50052,62453,41031,56643,9959,19862,9201,9908,25810,30655,28448,32912,32341,41343,43118,49959,31393,40196,35319,48645,8957,17776,577181,351409,85489,48050,151384,71079,15348,120,106
2021-06-14T23:59:59+02:00,215,201,23532,24985,59800,62559,58846,61322,62964,71024,75697,80436,49963,62330,40981,56571,9943,19836,8915,9609,25056,29760,27681,32075,31549,40525,41834,48621,31025,39696,35182,48420,8927,17725,571320,345265,83768,47026,151181,69397,14817,120,105
2021-06-13T23:59:59+02:00,210,186,23117,24519,58870,61655,58071,60539,61854,70054,75231,80013,49874,62214,40931,56511,9931,19806,8636,9309,24343,28917,26964,31232,30785,39673,40283,47035,30559,39087,34981,48116,8897,17635,566314,338209,81907,46241,150954,67617,14292,120,103
2021-06-12T23:59:59+02:00,197,169,22888,24255,58321,61156,57711,60260,61212,69411,75031,79900,49850,62183,40919,56497,9928,19802,8520,9193,23864,28332,26447,30663,30269,39114,39204,46062,30391,38907,34885,47951,8893,17624,563424,334007,80950,46238,150945,65729,14252,120,103
2021-06-11T23:59:59+02:00,179,154,22538,23843,57582,60345,57034,59631,60305,68478,74680,79592,49776,62110,40894,56461,9925,19796,8387,9005,23352,27658,25913,30005,29687,38481,38132,45053,30122,38552,34742,47728,8880,17597,558429,329165,79657,45977,150932,63872,14187,119,102
2021-06-10T23:59:59+02:00,164,137,22009,23282,56454,59416,56106,58811,59049,67306,74146,79189,49704,62002,40870,56410,9911,19767,8125,8757,22484,26711,24947,29068,28567,37548,36741,43884,29768,38073,34462,47295,8813,17521,552892,322259,77450,45267,150692,61566,13581,119,100
2021-06-09T23:59:59+02:00,144,124,21386,22729,55192,58318,55034,57895,58094,66400,73683,78793,49617,61901,40819,56348,9897,19736,7839,8492,21566,25845,24010,28173,27535,36601,35021,42098,29382,37572,34277,47026,8771,17431,547124,314823,76004,44540,150335,59658,12529,119,98
2021-06-08T23:59:59+02:00,122,106,20717,22049,53883,57188,53915,56921,57137,65542,73137,78358,49529,61776,40765,56256,9878,19706,7573,8259,20653,24948,22950,27309,26502,35643,33667,40794,29023,37064,33956,46572,8719,17348,540468,308513,75088,43775,149892,57185,11418,119,96
2021-06-07T23:59:59+02:00,105,89,20074,21450,52447,55936,52652,55944,55977,64556,72585,77956,49443,61670,40719,56192,9865,19678,7324,8040,19808,24121,21924,26493,25467,34769,32732,40008,28739,36670,33708,46143,8668,17257,533211,303882,74192,42953,149483,54612,10333,119,96
2021-06-06T23:59:59+02:00,98,83,19566,20916,51297,54844,51547,54965,55015,63602,72078,77553,49356,61593,40682,56129,9858,19662,7115,7840,19020,23228,21022,25620,24398,33787,31818,39191,28453,36330,33452,45753,8619,17182,526875,299313,73169,42214,149146,51675,9537,117,94
2021-06-05T23:59:59+02:00,92,75,19303,20626,50526,54095,50896,54464,54543,63122,71945,77441,49345,61579,40679,56126,9855,19662,6886,7426,18379,22152,20299,24501,23524,32538,30791,37872,28121,35866,33329,45577,8612,17162,522568,293009,73164,42175,149058,48295,9467,117,94
2021-06-04T23:59:59+02:00,82,69,18859,20046,49478,53090,50087,53596,53896,62338,71603,77112,49317,61542,40659,56112,9853,19656,6668,7113,17756,21301,19617,23509,22596,31265,29577,36536,27834,35501,33217,45401,8600,17141,516109,286566,72841,42106,149041,45583,9287,117,94
2021-06-03T23:59:59+02:00,71,58,18187,19374,47963,51790,48879,52476,52933,61324,71108,76653,49250,61436,40621,56064,9840,19631,6380,6723,17020,20256,18821,22359,21596,29850,28412,35056,27290,34719,33011,45075,8563,17066,508378,279823,71828,41358,148767,42360,8569,116,91
2021-06-02T23:59:59+02:00,66,54,17818,18871,46947,50809,48018,51731,52191,60574,70859,76441,49211,61400,40602,56036,9832,19617,6197,6484,16372,19575,17910,21608,20761,28907,27317,33652,26825,34114,32851,44824,8534,16996,502111,273537,71811,41343,148746,39669,8295,114,87
2021-06-01T23:59:59+02:00,55,48,17150,18152,45091,49072,46373,50275,50677,59132,70182,75842,49119,61290,40542,55963,9819,19568,5924,6175,15214,18673,16403,20646,19549,27665,26090,32258,26274,33421,32601,44476,8488,16892,493000,267046,70468,40778,148199,36270,6571,112,87
2021-05-31T23:59:59+02:00,53,44,16674,17670,43783,47932,45164,49176,49439,58020,69506,75331,49040,61187,40498,55893,9807,19532,5647,5856,14172,17842,15002,19729,18379,26559,24868,30916,25757,32704,32406,44179,8454,16793,486754,260754,69304,40233,147732,33345,4848,111,86
2021-05-30T23:59:59+02:00,46,43,16350,17279,42805,46997,44260,48272,48445,57026,68949,74787,48933,61031,40427,55778,9792,19489,5458,5613,13624,17144,14377,19034,17492,25594,23764,29742,24986,31752,32112,43760,8409,16704,480779,254780,68270,39432,147321,31046,4229,110,81
2021-05-29T23:59:59+02:00,46,43,16219,17163,42446,46681,43917,48008,48204,56837,68890,74731,48927,61025,40420,55774,9792,19488,5295,5372,13112,16333,13728,18181,16649,24428,22652,28442,24829,31520,32048,43667,8406,16697,478823,249179,68146,39432,147312,28451,4220,110,80
2021-05-28T23:59:59+02:00,45,41,15920,16861,41749,46053,43406,47444,47698,56295,68618,74435,48861,60943,40393,55725,9789,19483,5055,4987,12573,15416,13045,17317,15783,23194,21550,27006,24580,31151,31954,43533,8396,16680,474540,243133,67643,39326,147285,25506,4181,110,77
2021-05-27T23:59:59+02:00,42,38,15401,16341,40603,45072,42387,46559,46711,55410,68035,74000,48737,60783,40339,55653,9778,19443,4829,4651,11931,14589,12258,16380,14713,22001,20289,25497,24076,30412,31782,43272,8363,16596,468712,235782,66127,38522,146567,23448,3817,109,73
2021-05-26T23:59:59+02:00,40,37,14994,15917,39505,44155,41350,45677,45684,54531,67429,73491,48583,60604,40258,55486,9757,19395,4636,4455,11374,13827,11534,15529,13709,20867,18893,23906,23488,29629,31565,42927,8310,16495,463583,228510,64103,37658,145579,21387,3519,109,73
2021-05-25T23:59:59+02:00,40,36,14603,15514,38498,43269,40380,44819,44737,53612,66819,72958,48402,60365,40179,55354,9732,19341,4430,4253,10831,13182,10773,14746,12641,19630,17458,22400,22904,28849,31332,42603,8253,16402,458272,221142,62522,36718,144467,19471,3288,109,71
2021-05-24T23:59:59+02:00,40,35,14261,15192,37666,42531,39508,44145,43876,52829,66288,72473,48278,60189,40115,55230,9712,19296,4287,4125,10383,12719,10131,14159,11754,18798,16171,21139,22232,28015,31114,42272,8194,16312,453655,214229,61292,35775,143730,18856,2878,109,70
2021-05-23T23:59:59+02:00,36,35,14092,15019,37197,42158,39058,43741,43427,52424,66019,72245,48200,60098,40076,55183,9705,19272,4097,3985,9917,12242,9508,13551,10812,17982,14973,20075,21764,27444,30862,41983,8143,16227,450468,207228,60910,35694,143707,17786,2791,109,69
2021-05-22T23:59:59+02:00,34,33,13896,14802,36506,41592,38377,43285,42856,52016,64999,71232,47994,59840,40006,55070,9695,19251,3985,3690,9701,11826,9354,13225,10570,17535,14704,19674,21670,27327,30828,41943,8136,16218,444016,206005,60907,35691,143692,15864,2760,109,69
2021-05-21T23:59:59+02:00,33,32,13517,14399,35433,40674,37313,42352,41789,51118,63644,69948,47764,59503,39926,54922,9678,19218,3879,3594,9494,11560,9142,12959,10239,17207,14291,19300,21449,27041,30767,41853,8127,16210,434404,204051,60552,35384,143456,14869,2744,107,67
2021-05-20T23:59:59+02:00,30,32,12724,13675,33993,39215,35889,40944,40382,49916,62359,68798,47473,59162,39783,54740,9657,19168,3731,3412,8968,10958,8494,12247,9541,16359,13537,18334,20632,25923,30574,41555,8088,16123,424186,199684,58850,34537,142433,11825,2366,105,67
2021-05-19T23:59:59+02:00,30,31,12189,13111,32812,37792,34786,39562,39259,48956,60355,67027,46994,58604,39600,54478,9616,19062,3628,3279,8695,10580,8197,11874,9101,15851,12899,17668,19768,24794,30348,41253,8032,16008,413342,195440,57327,33723,141327,10586,2164,104,65
2021-05-18T23:59:59+02:00,28,31,11767,12668,31772,36776,33692,38644,38217,48027,58296,65167,46639,58156,39445,54237,9584,19003,3430,3115,8195,9974,7726,11328,8557,15181,12213,16899,18826,23561,30111,40909,7995,15903,404683,191340,55369,32880,140139,7784,1857,101,65
2021-05-17T23:59:59+02:00,26,30,11516,12392,31251,36218,33195,38084,37627,47391,56396,63458,45936,57332,39168,53839,9547,18930,3348,3006,7932,9696,7432,11031,8157,14768,11643,16296,17908,22429,29878,40590,7960,15829,397097,186973,54243,32134,139328,7167,1569,99,63
2021-05-16T23:59:59+02:00,26,30,11294,12139,30729,35712,32731,37588,37106,46819,54499,61629,45389,56633,38974,53521,9520,18874,3248,2907,7644,9404,7110,10688,7684,14304,11064,15712,16976,21278,29668,40300,7922,15760,390127,182691,53275,31288,138662,6580,1052,97,61
2021-05-15T23:59:59+02:00,26,30,11137,11934,30451,35378,32492,37266,36875,46555,52929,60150,45139,56327,38897,53383,9514,18846,3227,2889,7619,9375,7095,10667,7666,14289,11046,15690,16866,21062,29460,39992,7914,15750,384310,181698,53271,31287,138616,6530,1035,97,60
2021-05-14T23:59:59+02:00,26,30,10889,11654,29979,34870,32108,36802,36361,46081,51058,58318,44778,55826,38757,53176,9498,18806,3200,2870,7547,9300,7039,10594,7607,14228,10862,15489,16132,19994,29175,39505,7897,15710,376506,178771,52942,30947,138487,6389,985,97,60
2021-05-13T23:59:59+02:00,23,29,10605,11329,29331,34227,31508,36194,35687,45413,49584,56801,44348,55200,38586,52932,9471,18760,3132,2824,7421,9198,6952,10500,7503,14119,10535,15142,15074,18757,28790,38861,7854,15636,369402,174971,51925,30383,137732,6014,874,95,59
2021-05-12T23:59:59+02:00,23,27,10476,11186,29049,33905,31240,35900,35373,45098,49300,56492,44252,55093,38535,52853,9464,18722,3120,2797,7387,9161,6921,10465,7472,14079,10365,14986,14697,18324,28486,38378,7832,15589,366726,172909,51843,30373,137574,5969,751,94,59
2021-05-11T23:59:59+02:00,22,24,10129,10863,28194,33079,30409,35146,34510,44315,47564,54722,43797,54496,38361,52563,9426,18619,3033,2699,7140,8880,6696,10164,7256,13709,9886,14440,13714,17177,28070,37759,7794,15494,359808,169232,50137,29480,135677,4619,523,94,59
2021-05-10T23:59:59+02:00,21,24,9824,10586,27446,32374,29630,34444,33740,43546,46257,53455,43417,53987,38176,52259,9376,18506,2991,2653,7012,8755,6600,10044,7115,13527,9619,14133,13015,16316,27640,37149,7768,15414,353553,166409,49019,29097,133994,3781,411,91,55
2021-05-09T23:59:59+02:00,20,24,9590,10338,26763,31686,28962,33743,33017,42847,44729,51974,42915,53367,37976,51956,9339,18421,2943,2607,6889,8611,6494,9901,7001,13314,9306,13823,12220,15416,27277,36612,7748,15358,346449,163561,47944,28541,132862,3040,325,87,55
2021-05-08T23:59:59+02:00,20,24,9497,10269,26378,31385,28514,33428,32561,42543,43696,51144,42763,53203,37936,51894,9337,18415,2940,2603,6881,8606,6488,9893,6993,13302,9296,13811,12183,15354,26597,35663,7711,15282,341926,161690,47902,28514,132773,3027,319,87,55
2021-05-07T23:59:59+02:00,19,24,9355,10121,25904,31004,28059,33052,32054,42192,42655,50316,42490,52861,37825,51736,9325,18388,2893,2577,6827,8562,6432,9837,6942,13250,9125,13590,11552,14542,25655,34275,7663,15200,336785,157591,47595,28142,132615,2835,301,84,55
2021-05-06T23:59:59+02:00,17,23,8954,9833,24985,30235,26995,32249,30824,41369,41039,49098,42108,52315,37632,51493,9287,18315,2829,2531,6694,8416,6315,9709,6794,13062,8853,13290,10903,13678,24690,32892,7629,15139,328924,153800,46518,27189,130961,2095,287,81,55
2021-05-05T23:59:59+02:00,17,22,8588,9632,24101,29637,26132,31585,29738,40577,39056,47285,41663,51765,37426,51212,9230,18203,2788,2500,6575,8287,6212,9595,6692,12919,8605,13031,10193,12845,23675,31568,7600,15068,321075,149905,45664,26300,128847,1695,202,81,53
2021-05-04T23:59:59+02:00,17,21,8346,9405,23305,28987,25157,30848,28664,39740,37542,45820,41192,51181,37150,50865,9183,18082,2749,2478,6501,8215,6127,9525,6617,12835,8370,12811,9464,11988,22728,30322,7566,15005,314416,146170,44696,25493,126215,1491,97,81,52
2021-05-03T23:59:59+02:00,17,20,8142,9192,22605,28408,24319,30241,27756,39042,36586,45069,40844,50709,36935,50577,9133,17978,2703,2445,6430,8138,6047,9459,6527,12752,8142,12596,8719,11088,21813,29105,7535,14955,309549,142424,43919,24673,123968,1251,57,80,51
2021-05-02T23:59:59+02:00,17,20,7978,9029,21965,27827,23576,29651,26936,38419,35772,44433,40585,50380,36822,50390,9099,17921,2665,2422,6389,8096,6010,9424,6486,12711,7960,12423,8119,10349,21105,28237,7514,14936,304712,139236,43148,24397,122832,1117,49,79,49
2021-05-01T23:59:59+02:00,16,20,7824,8846,21592,27368,23093,29076,26291,37704,34948,43538,40322,50004,36724,50238,9093,17904,2659,2416,6363,8086,5994,9415,6468,12698,7943,12406,8082,10285,21066,28180,7510,14932,298601,138944,43146,24390,122727,1074,48,79,49
2021-04-30T23:59:59+02:00,16,19,7675,8668,21203,26938,22644,28507,25539,36922,33938,42573,40093,49683,36628,50084,9081,17881,2641,2403,6338,8068,5972,9398,6440,12678,7911,12373,8042,10215,21015,28097,7507,14923,292290,138633,43138,24317,122545,983,41,78,49
2021-04-29T23:59:59+02:00,15,19,7406,8428,20611,26362,21974,27822,24606,35956,32660,41236,39049,48282,36311,49610,9024,17756,2609,2369,6246,7958,5887,9296,6346,12536,7709,12097,7420,9490,20606,27580,7485,14849,283546,136570,42355,23087,121112,740,41,73,47
2021-04-28T23:59:59+02:00,14,17,7132,8213,20089,25890,21339,27222,23719,35109,31262,39784,37888,46695,35968,49119,8962,17616,2539,2321,6136,7836,5777,9165,6244,12384,7491,11825,6731,8644,20190,27005,7444,14778,274865,134118,41583,21792,119480,514,41,69,47
2021-04-27T23:59:59+02:00,13,17,6947,8035,19654,25465,20715,26684,22860,34330,30046,38458,36802,45251,35588,48551,8892,17489,2513,2296,6033,7739,5724,9066,6178,12260,7277,11629,6129,7906,19784,26506,7424,14755,267035,132020,40721,20847,117931,266,41,69,47
2021-04-26T23:59:59+02:00,12,17,6765,7869,19237,25042,20169,26158,22052,33573,28827,37219,35741,43830,35282,48066,8842,17366,2501,2286,5988,7696,5679,9026,6140,12215,7091,11468,5516,7175,19412,26058,7400,14728,259333,130058,39896,20004,116733,234,38,67,47
2021-04-25T23:59:59+02:00,12,16,6660,7733,18899,24771,19788,25818,21439,32952,27840,36264,34608,42399,34967,47636,8800,17284,2489,2279,5970,7672,5659,9009,6119,12190,7054,11441,5389,6992,19077,25595,7384,14684,252127,129434,39182,19264,116474,224,37,66,46
2021-04-24T23:59:59+02:00,12,16,6496,7558,18455,24337,19229,25279,20654,32149,26758,35213,34356,42084,34873,47471,8790,17272,2485,2273,5957,7662,5648,8998,6114,12186,7044,11434,5315,6881,18979,25453,7381,14676,246154,128976,39177,19224,115568,206,37,66,45
2021-04-23T23:59:59+02:00,12,16,6272,7359,18004,23860,18658,24666,19828,31334,25596,34014,33580,40909,34730,47236,8776,17249,2479,2254,5930,7639,5611,8959,6069,12141,6998,11382,5150,6604,18441,24825,7281,14507,238569,127130,38846,18877,114582,184,37,65,44
2021-04-22T23:59:59+02:00,11,15,6057,7151,17400,23271,17865,23883,18778,30308,24274,32581,32540,39555,34485,46882,8738,17171,2465,2239,5886,7585,5561,8875,5992,12063,6923,11311,4866,6184,17726,23949,7162,14313,229526,124962,37927,17911,113413,150,37,62,42
2021-04-21T23:59:59+02:00,11,14,5858,6970,16868,22800,17204,23280,17792,29409,22717,30989,31535,38320,34187,46442,8689,17083,2441,2222,5843,7528,5502,8800,5926,11962,6829,11231,4705,5912,17025,23101,7046,14130,220633,122868,37156,17141,112281,118,37,61,41
2021-04-20T23:59:59+02:00,10,13,5675,6774,16312,22325,16461,22620,16795,28408,21245,29518,30385,36828,33872,46001,8637,16988,2428,2208,5793,7490,5461,8755,5878,11895,6750,11168,4588,5754,16424,22330,6919,13950,211619,121182,36274,16427,110878,110,36,60,38
2021-04-19T23:59:59+02:00,10,13,5488,6616,15777,21894,15782,22060,15802,27531,19851,28116,29009,35190,33553,45521,8578,16870,2418,2193,5769,7457,5424,8721,5839,11849,6670,11092,4462,5592,15779,21619,6811,13788,202901,119541,35496,15763,109171,107,36,57,38
2021-04-18T23:59:59+02:00,9,13,5300,6475,15343,21570,15164,21498,14827,26741,18510,26978,27624,33540,33221,45100,8519,16781,2367,2147,5637,7334,5309,8608,5734,11700,6564,10974,4344,5407,15190,20954,6696,13606,194354,117901,34666,14496,108101,103,36,56,37
2021-04-17T23:59:59+02:00,9,12,5264,6440,15189,21493,14989,21413,14592,26562,18256,26758,27117,32997,33095,44952,8510,16766,2340,2107,5537,7181,5203,8449,5635,11513,6476,10842,4292,5344,14949,20661,6686,13593,193136,116150,34661,14492,106525,95,36,56,37
2021-04-16T23:59:59+02:00,9,12,5201,6385,15012,21342,14776,21253,14310,26316,17838,26347,26074,31767,32962,44743,8489,16743,2294,2057,5420,6992,5066,8265,5481,11269,6279,10622,4087,5111,14303,19868,6588,13448,189791,112897,34371,14094,105325,88,36,56,37
2021-04-15T23:59:59+02:00,7,11,5132,6308,14796,21130,14506,20964,13882,25966,17201,25716,24711,30157,32705,44421,8453,16663,2224,1973,5224,6754,4864,7943,5274,10951,6063,10337,3888,4860,13473,18784,6473,13281,185230,109067,33563,13151,103845,78,36,55,36
2021-04-14T23:59:59+02:00,7,11,5053,6238,14591,20929,14251,20740,13493,25631,16534,25095,23132,28371,32394,44018,8401,16569,2033,1852,5006,6492,4675,7692,5047,10701,5829,10051,3752,4652,12745,17865,6345,13067,180620,105965,32691,11698,102056,71,36,55,36
2021-04-13T23:59:59+02:00,7,11,5001,6189,14388,20797,14013,20558,13152,25335,15964,24592,21428,26524,32076,43604,8371,16464,1947,1799,4839,6303,4490,7472,4844,10445,5624,9814,3614,4487,12228,17249,6222,12906,176394,103568,31815,10583,100175,62,36,54,36
2021-04-12T23:59:59+02:00,7,10,4937,6122,14172,20599,13709,20295,12766,24919,15385,24041,19831,24581,31788,43242,8328,16390,1817,1708,4656,6143,4340,7296,4681,10252,5488,9654,3496,4333,11794,16738,6111,12743,172030,101880,30762,9242,98240,60,36,54,34
2021-04-11T23:59:59+02:00,7,10,4869,6047,13948,20401,13413,20083,12350,24568,14822,23532,18324,22806,31529,42899,8284,16310,1779,1672,4536,6030,4229,7172,4558,10121,5355,9522,3381,4214,11306,16129,5980,12536,167746,100133,29806,8266,96564,58,34,52,31
2021-04-10T23:59:59+02:00,7,10,4864,6040,13929,20387,13404,20072,12333,24550,14798,23512,17634,21884,31239,42481,8266,16283,1775,1659,4524,6019,4214,7158,4545,10107,5302,9456,3280,4101,10753,15294,5851,12338,166675,97993,29779,8266,95155,56,32,52,31
2021-04-09T23:59:59+02:00,7,10,4850,6023,13892,20337,13360,20023,12286,24494,14539,23258,16113,19992,30834,41837,8232,16240,1751,1648,4501,6003,4188,7131,4503,10072,5264,9407,3196,3982,9889,14304,5702,12140,164053,95552,29437,8018,92757,54,30,50,29
2021-04-08T23:59:59+02:00,7,10,4807,5996,13792,20262,13279,19943,12186,24389,14203,22899,14346,17778,30217,40828,8174,16117,1729,1635,4470,5950,4136,7046,4439,9991,5192,9331,3088,3878,9411,13702,5498,11895,160221,93705,28410,7583,90531,53,23,48,29
2021-04-07T23:59:59+02:00,7,10,4776,5967,13687,20179,13182,19856,12083,24286,13822,22538,12836,15927,29571,39856,8119,16020,1711,1621,4416,5883,4050,6973,4352,9907,5104,9232,3000,3783,8662,12606,5262,11490,155803,91147,27533,6814,89318,44,21,47,28
2021-04-06T23:59:59+02:00,7,10,4747,5941,13588,20112,13100,19795,12008,24222,13447,22187,11202,13918,28908,38885,8087,15949,1650,1567,4286,5754,3941,6849,4232,9756,5001,9102,2885,3662,7960,11675,4990,11125,151789,88764,26652,5584,87607,43,19,46,27
2021-04-05T23:59:59+02:00,7,9,4709,5914,13511,20044,13033,19727,11952,24142,13174,21933,9594,11971,28179,37833,8052,15887,1579,1498,4131,5604,3772,6693,4078,9607,4846,8973,2754,3545,7153,10712,4719,10736,148590,86392,25637,3925,85381,40,18,45,27
2021-04-04T23:59:59+02:00,7,9,4695,5897,13500,20024,13024,19709,11945,24122,13077,21863,8571,10711,27732,37193,8027,15830,1577,1495,4123,5598,3771,6688,4073,9602,4844,8965,2749,3536,6918,10246,4635,10611,146865,85433,25633,3925,83378,35,15,45,25
2021-04-03T23:59:59+02:00,7,9,4692,5887,13483,20003,13012,19699,11935,24112,13063,21845,7666,9644,26850,35952,7978,15718,1573,1491,4121,5593,3769,6685,4065,9590,4830,8952,2742,3523,6780,9980,4596,10530,144389,84823,25625,3925,81483,35,14,44,25
2021-04-02T23:59:59+02:00,7,9,4687,5868,13446,19977,12973,19656,11891,24064,12989,21779,7153,8894,25265,33853,7832,15449,1564,1475,4094,5569,3743,6644,4029,9529,4709,8665,2614,3368,6407,9584,4448,10328,139933,83002,25288,3698,80515,35,12,44,25
2021-04-01T23:59:59+02:00,6,8,4639,5809,13353,19833,12855,19506,11740,23908,12393,21333,6593,8189,23760,31880,7706,15211,1498,1429,3984,5444,3676,6572,3961,9462,4631,8562,2519,3229,5894,8899,4278,10054,135745,80736,24149,3292,78776,31,11,41,24
2021-03-31T23:59:59+02:00,6,8,4588,5755,13228,19677,12721,19351,11552,23729,12133,21073,6273,7817,22284,29930,7556,14982,1485,1418,3959,5421,3645,6544,3921,9415,4592,8509,2455,3153,5410,8250,4103,9814,131814,78960,23064,3074,77736,31,8,41,23
2021-03-30T23:59:59+02:00,6,8,4524,5690,13090,19527,12608,19178,11423,23564,11963,20934,6084,7600,20895,28199,7412,14779,1468,1382,3918,5388,3580,6474,3833,9302,4461,8339,2320,2949,4990,7695,3960,9557,128455,76737,22135,2834,76849,19,5,40,23
2021-03-29T23:59:59+02:00,6,8,4485,5652,12971,19434,12541,19094,11340,23461,11813,20800,5928,7400,19476,26519,7284,14578,1408,1341,3863,5343,3506,6405,3718,9158,4312,8149,2198,2808,4431,7026,3808,9281,124874,74090,21271,2623,76601,18,4,40,22
2021-03-28T23:59:59+02:00,6,8,4438,5587,12850,19295,12455,19001,11238,23365,11707,20699,5777,7196,18300,25015,7165,14383,1375,1297,3765,5234,3312,6178,3630,9041,4262,8093,2144,2744,3675,6007,3623,9013,121885,71034,20480,2326,76077,10,4,39,21
2021-03-27T23:59:59+01:00,6,8,4406,5536,12743,19131,12338,18836,11124,23161,11599,20549,5712,7113,18015,24669,7154,14366,1369,1294,3760,5230,3309,6171,3344,8690,4064,7796,2138,2741,3661,5972,3589,8951,120048,69724,20440,2326,75935,6,4,39,21
2021-03-26T23:59:59+01:00,6,7,4370,5483,12631,18939,12204,18634,10970,22930,11439,20338,5549,6898,17409,23874,7054,14216,1367,1293,3755,5223,3286,6155,3325,8670,3849,7346,1961,2335,3398,5687,3439,8716,116942,67459,20101,2319,75866,5,3,39,21
2021-03-25T23:59:59+01:00,6,7,4302,5395,12433,18700,12000,18306,10758,22602,11198,20011,5336,6614,16380,22567,6926,14026,1358,1283,3734,5197,3252,6127,3272,8633,3803,7302,1890,2222,2966,5003,3281,8411,112962,65491,19031,2218,75532,3,3,39,21
2021-03-24T23:59:59+01:00,6,7,4222,5285,12218,18244,11780,17891,10535,22209,10964,19637,5068,6269,15340,21351,6786,13802,1335,1270,3710,5151,3216,6063,3217,8563,3749,7230,1837,2163,2659,4669,3129,8138,109853,64100,17940,1975,73779,3,3,39,20
2021-03-23T23:59:59+01:00,6,7,4166,5220,12051,17899,11581,17537,10342,21841,10740,19349,4932,6075,14701,20535,6647,13629,1320,1263,3695,5132,3195,6045,3192,8512,3712,7188,1802,2104,2430,4399,2921,7815,107497,62768,17212,1933,72507,3,3,39,20
2021-03-22T23:59:59+01:00,6,7,4117,5141,11852,17567,11392,17211,10115,21514,10526,19044,4782,5867,14083,19820,6514,13444,1307,1254,3666,5099,3163,6008,3164,8455,3675,7144,1759,2048,2231,4149,2726,7483,105635,61514,16495,1792,70831,3,3,38,20
2021-03-21T23:59:59+01:00,6,7,4043,5018,11569,17156,11111,16804,9844,21060,10269,18690,4670,5696,13387,19028,6371,13236,1299,1253,3649,5083,3141,5975,3141,8428,3655,7120,1740,2020,2066,3986,2555,7215,103752,60515,15197,1787,68975,3,3,38,19
2021-03-20T23:59:59+01:00,5,7,4015,4949,11426,16822,10986,16488,9703,20758,10093,18407,4544,5536,12758,18078,6233,13020,1298,1252,3649,5081,3138,5974,3138,8422,3650,7115,1736,2015,2034,3924,2532,7173,101557,60320,15192,1787,67038,3,3,38,19
2021-03-19T23:59:59+01:00,5,6,3970,4869,11259,16460,10805,16134,9528,20377,9877,18046,4385,5341,11736,16866,6072,12809,1289,1245,3631,5052,3108,5896,3093,8329,3547,6940,1611,1902,1958,3860,2421,6965,98859,59040,14781,1783,64866,3,3,36,19
2021-03-18T23:59:59+01:00,5,6,3884,4765,11013,16034,10537,15688,9250,19908,9654,17704,4241,5175,11112,16002,5844,12546,1285,1234,3614,5017,3088,5852,3071,8273,3520,6893,1593,1870,1920,3790,2299,6756,97068,58360,13774,1692,62488,3,3,35,18
2021-03-17T23:59:59+01:00,5,6,3712,4650,10719,15615,10273,15328,9008,19546,9403,17356,4121,5008,10299,14760,5582,12123,1284,1231,3600,4999,3081,5832,3062,8239,3505,6869,1590,1845,1896,3761,2189,6569,94422,57853,12233,1677,60821,2,3,35,18
2021-03-16T23:59:59+01:00,5,6,3569,4526,10380,15152,10000,14958,8732,19102,9105,16992,3978,4841,9481,13636,5301,11764,1270,1228,3596,4992,3070,5828,3056,8228,3498,6855,1565,1820,1857,3711,2069,6390,92090,57414,11042,1597,58359,2,3,34,18
2021-03-15T23:59:59+01:00,5,6,3420,4410,10064,14686,9708,14500,8435,18628,8817,16580,3832,4672,8772,12571,5078,11444,1260,1220,3576,4980,3058,5804,3035,8189,3478,6813,1550,1807,1840,3679,1956,6204,90127,56832,9679,1596,55788,2,2,32,18
2021-03-14T23:59:59+01:00,5,6,3349,4321,9799,14251,9454,14097,8118,18136,8537,16185,3669,4485,7972,11338,4771,10991,1246,1214,3555,4962,3037,5762,3013,8109,3450,6745,1524,1755,1780,3553,1791,5815,87821,56304,8661,988,52973,2,0,29,18
2021-03-13T23:59:59+01:00,5,6,3268,4066,9486,13582,9208,13512,7890,17553,8330,15746,3559,4382,7781,11043,4723,10903,1246,1214,3555,4962,3037,5762,3012,8108,3448,6743,1520,1754,1778,3549,1790,5814,87164,56285,8661,988,49189,2,0,29,18
2021-03-12T23:59:59+01:00,5,6,3207,3930,9239,13042,8970,12983,7657,16917,7972,14994,3395,4212,7398,10633,4585,10715,1242,1211,3550,4948,3034,5759,3005,8100,3444,6737,1493,1725,1757,3533,1692,5637,85389,55861,8415,987,46027,2,0,29,18
2021-03-11T23:59:59+01:00,5,6,3056,3662,8862,12282,8666,12310,7324,16133,7629,14350,3236,4008,6841,9914,4396,10404,1223,1201,3517,4904,2990,5682,2970,7976,3393,6639,1448,1671,1678,3333,1496,5123,82936,55118,7968,110,42152,1,0,28,16
2021-03-10T23:59:59+01:00,5,6,2991,3553,8363,11775,7986,11829,7004,15641,7328,13759,3076,3850,6282,9218,4225,10129,1212,1187,3487,4846,2959,5605,2934,7837,3339,6517,1410,1631,1619,3237,1380,4844,81110,53942,7418,87,38466,0,0,26,16
2021-03-09T23:59:59+01:00,5,5,2886,3379,7679,11322,7090,11342,6584,15026,6964,13151,2846,3551,5774,8587,4069,9853,1207,1183,3465,4801,2931,5540,2917,7785,3321,6471,1396,1607,1584,3194,1275,4647,78815,53258,6057,53,35215,0,0,26,14
2021-03-08T23:59:59+01:00,5,5,2712,3143,7037,10777,6279,10863,6184,14498,6570,12582,2635,3340,5172,7851,3924,9585,1200,1177,3444,4735,2906,5464,2878,7690,3289,6395,1389,1598,1581,3186,1270,4644,75996,52782,4917,51,32224,0,0,25,14
2021-03-07T23:59:59+01:00,5,5,2600,3010,6706,10276,5868,10320,5888,14049,6330,12193,2537,3248,4408,6787,3708,9304,1197,1174,3441,4730,2901,5452,2874,7673,3281,6382,1384,1585,1560,3146,1255,4603,72743,52576,4087,49,30388,0,0,24,14
2021-03-06T23:59:59+01:00,5,5,2555,2868,6522,9822,5668,9903,5412,13191,5955,11453,2516,3220,4402,6776,3707,9301,1197,1173,3438,4724,2899,5451,2873,7672,3280,6379,1382,1582,1560,3144,1254,4603,71511,52550,4087,49,27659,0,0,24,13
2021-03-05T23:59:59+01:00,5,5,2463,2612,6308,9238,5454,9508,5234,12623,5570,10473,2290,2755,4023,6394,3570,9084,1185,1170,3420,4708,2894,5438,2865,7654,3268,6360,1369,1574,1559,3140,1249,4599,69179,52393,3854,49,24552,0,0,24,11
2021-03-04T23:59:59+01:00,5,5,2387,2407,6093,8802,5293,9165,5051,12201,5394,10095,2198,2585,3470,5569,3406,8747,1174,1155,3377,4608,2861,5371,2833,7556,3237,6285,1349,1567,1545,3126,1240,4588,67131,51816,3413,48,22305,0,0,24,9
2021-03-03T23:59:59+01:00,4,5,2329,2355,5923,8387,5122,8802,4837,11750,5204,9648,2115,2478,3068,5131,3247,8455,1154,1147,3342,4560,2824,5306,2793,7457,3189,6211,1329,1542,1526,3095,1234,4570,65704,51228,3169,44,19964,0,0,23,8
2021-03-02T23:59:59+01:00,4,5,2275,2266,5763,8052,4964,8548,4673,11348,5044,9330,2049,2387,2764,4776,3030,8131,1149,1137,3324,4539,2809,5279,2776,7408,3181,6183,1324,1532,1508,3076,1231,4564,64348,50969,2911,44,18127,0,0,23,8
2021-03-01T23:59:59+01:00,4,5,2249,2239,5658,7836,4864,8402,4589,11195,4943,9157,1994,2309,2467,4453,2842,7816,1143,1134,3310,4521,2797,5250,2760,7362,3168,6156,1318,1529,1501,3068,1229,4559,63081,50754,2690,44,17228,0,0,23,8
2021-02-28T23:59:59+01:00,3,5,2197,2196,5479,7574,4688,8181,4451,11009,4833,9028,1954,2245,2173,4150,2640,7509,1134,1128,3295,4511,2790,5243,2755,7349,3161,6142,1313,1526,1494,3051,1228,4528,61967,50598,2389,44,15936,0,0,23,7
2021-02-27T23:59:59+01:00,3,5,2110,1888,5303,7149,4589,7871,4368,10660,4761,8778,1926,2184,2142,4103,2620,7455,1130,1124,3293,4509,2786,5241,2751,7346,3156,6138,1312,1526,1494,3050,1227,4527,61728,50563,2389,41,13775,0,0,23,7
2021-02-26T23:59:59+01:00,3,5,2053,1810,5158,6910,4442,7610,4218,10395,4552,8495,1798,2076,2081,4063,2513,7275,1109,1111,3276,4475,2774,5203,2739,7293,3135,6084,1306,1515,1490,3042,1226,4525,60397,50257,2383,40,12654,0,0,23,7
2021-02-25T23:59:59+01:00,3,5,1938,1710,4834,6507,4014,7150,3934,9879,4319,8114,1740,2018,2048,4002,2403,7082,1093,1095,3237,4432,2743,5152,2693,7186,3096,5993,1296,1499,1474,3002,1213,4466,59921,49627,2276,38,9480,0,0,23,6
2021-02-24T23:59:59+01:00,3,5,1909,1650,4718,6293,3909,6936,3813,9636,4194,7954,1718,1985,2016,3960,2291,6884,1080,1090,3210,4369,2707,5086,2667,7102,3067,5922,1280,1482,1449,2954,1201,4397,59373,49032,2030,27,8448,0,0,23,5
2021-02-23T23:59:59+01:00,3,5,1685,1503,4345,5804,3629,6544,3593,9257,4038,7669,1688,1953,1972,3913,2178,6700,1061,1078,3172,4341,2679,5028,2641,7026,3032,5863,1260,1462,1422,2919,1191,4347,58917,48506,1983,13,5556,0,0,23,4
2021-02-22T23:59:59+01:00,3,5,1676,1484,4295,5745,3593,6481,3528,9162,3976,7574,1656,1926,1946,3862,2060,6503,1057,1065,3151,4296,2659,4989,2616,6966,3003,5810,1248,1448,1412,2909,1183,4338,58373,48139,1840,8,5239,0,0,23,4
2021-02-21T23:59:59+01:00,3,5,1664,1480,4265,5711,3550,6443,3487,9108,3932,7524,1647,1919,1941,3853,1939,6342,1051,1054,3130,4258,2629,4939,2600,6897,2974,5721,1235,1432,1392,2849,1159,4261,58031,47570,1834,8,4926,0,0,22,4
2021-02-20T23:59:59+01:00,3,5,1663,1479,4260,5708,3548,6442,3487,9106,3930,7523,1642,1917,1939,3849,1938,6342,1051,1054,3128,4256,2629,4939,2599,6896,2974,5721,1235,1431,1391,2849,1159,4261,58014,47562,1834,8,4911,0,0,22,4
2021-02-19T23:59:59+01:00,3,5,1645,1472,4248,5689,3537,6428,3476,9096,3920,7508,1615,1888,1918,3831,1838,6163,1050,1053,3127,4255,2628,4938,2599,6894,2971,5719,1235,1430,1391,2847,1159,4261,57596,47547,1828,8,4836,0,0,20,3
2021-02-18T23:59:59+01:00,3,5,1601,1441,4152,5579,3464,6325,3388,8932,3833,7368,1593,1853,1884,3763,1708,5966,1005,1010,2987,4030,2501,4666,2488,6556,2864,5454,1204,1387,1360,2761,1133,4113,56950,45510,1738,8,4150,0,0,20,2
2021-02-17T23:59:59+01:00,3,4,1579,1412,4056,5429,3380,6174,3270,8697,3706,7168,1541,1784,1812,3662,1591,5661,948,960,2834,3807,2384,4353,2361,6144,2735,5142,1154,1325,1315,2654,1087,3952,55742,43146,1727,7,3440,0,0,20,2
2021-02-16T23:59:59+01:00,3,4,1505,1345,3897,5232,3243,5992,3162,8465,3584,7002,1518,1761,1777,3632,1478,5455,862,928,2702,3649,2285,4142,2235,5822,2605,4889,1098,1234,1172,2353,833,3344,55057,40147,1711,4,2269,0,0,18,2
2021-02-15T23:59:59+01:00,3,4,1490,1327,3851,5145,3184,5905,3105,8350,3518,6896,1507,1747,1762,3609,1470,5435,827,906,2621,3520,2209,3962,2151,5544,2517,4677,1055,1170,1086,2179,769,3129,54592,38319,1709,2,1990,0,0,17,1
2021-02-14T23:59:59+01:00,3,4,1424,1299,3766,5068,3141,5796,3049,8196,3474,6787,1487,1716,1710,3482,1415,5189,818,900,2573,3453,2170,3894,2097,5424,2451,4571,1028,1134,1001,2007,698,2894,54350,37110,1099,2,1540,0,0,17,1
2021-02-13T23:59:59+01:00,3,4,1422,1298,3758,5062,3134,5795,3046,8194,3471,6785,1486,1712,1710,3480,1413,5189,818,900,2573,3453,2170,3893,2095,5423,2450,4571,1026,1133,1001,2007,698,2894,54330,37105,1098,0,1517,0,0,17,0
2021-02-12T23:59:59+01:00,3,3,1388,1282,3720,5028,3112,5775,3024,8161,3452,6740,1470,1701,1702,3463,1404,5170,811,892,2539,3399,2136,3848,2066,5370,2432,4540,1025,1132,1000,2006,697,2892,54105,36785,1096,0,1381,0,0,16,0
2021-02-11T23:59:59+01:00,3,3,1341,1239,3607,4857,3021,5603,2926,7851,3353,6528,1410,1643,1635,3285,1320,4844,774,829,2284,2954,1910,3371,1834,4623,2160,4011,942,1065,914,1817,649,2630,53478,32767,131,0,846,0,0,14,0
2021-02-10T23:59:59+01:00,3,3,1321,1216,3548,4749,2957,5499,2884,7701,3299,6397,1392,1626,1608,3246,1307,4807,696,772,1992,2545,1700,2923,1597,4014,1904,3550,833,921,751,1445,521,2142,52830,28306,129,0,591,0,0,13,0
2021-02-09T23:59:59+01:00,3,2,1308,1198,3493,4680,2927,5430,2864,7608,3262,6329,1385,1612,1580,3223,1297,4794,648,694,1731,2189,1506,2534,1412,3513,1734,3186,801,888,729,1372,500,2029,52522,25466,124,0,336,0,0,13,0
2021-02-08T23:59:59+01:00,3,2,1294,1194,3464,4650,2908,5392,2843,7556,3243,6299,1374,1606,1571,3198,1295,4776,635,660,1580,1953,1365,2280,1280,3205,1576,2926,762,868,683,1267,468,1860,52225,23368,98,0,333,0,0,12,0
2021-02-07T23:59:59+01:00,3,2,1162,1151,3357,4594,2854,5349,2816,7518,3218,6261,1364,1589,1563,3176,1290,4744,488,516,1312,1598,1125,1831,1070,2613,1349,2406,659,742,602,1107,423,1645,51932,19486,71,0,0,0,0,8,0
2021-02-06T23:59:59+01:00,3,2,1158,1149,3355,4592,2850,5347,2809,7515,3214,6257,1363,1587,1563,3174,1289,4743,364,368,1113,1348,989,1528,930,2206,1184,1990,572,645,575,1090,421,1642,51891,16965,71,0,0,0,0,8,0
2021-02-05T23:59:59+01:00,3,1,1147,1138,3339,4571,2843,5320,2797,7472,3196,6211,1357,1579,1560,3168,1288,4743,262,206,928,1033,841,1159,755,1755,1010,1582,460,541,549,1070,418,1638,51654,14207,71,0,0,0,0,8,0
2021-02-04T23:59:59+01:00,3,1,1131,1120,3294,4523,2802,5245,2754,7341,3148,6127,1343,1564,1546,3136,1278,4716,133,81,624,660,550,740,514,1148,669,988,283,360,452,925,380,1490,51016,9997,48,0,0,0,0,8,0
2021-02-03T23:59:59+01:00,3,1,1110,1114,3269,4478,2773,5203,2732,7289,3118,6070,1334,1555,1522,3096,1272,4670,115,65,496,509,418,597,413,906,512,743,234,280,353,725,297,1159,50557,7822,45,0,0,0,0,7,0
2021-02-02T23:59:59+01:00,3,1,1089,1101,3232,4446,2743,5149,2706,7213,3084,6006,1311,1527,1488,3039,1247,4581,105,56,413,413,346,519,365,818,459,661,213,257,308,655,272,1038,49915,6898,44,0,0,0,0,7,0
2021-02-01T23:59:59+01:00,3,1,1073,1090,3213,4393,2712,5088,2674,7086,3054,5910,1291,1499,1463,3003,1231,4518,78,41,314,308,254,395,273,612,326,498,175,209,244,519,211,807,49252,5264,44,0,0,0,0,6,0
2021-01-31T23:59:59+01:00,3,1,1068,1080,3198,4364,2687,5044,2658,7030,3040,5866,1281,1482,1443,2940,1208,4440,68,40,288,284,228,348,252,569,296,459,156,191,204,423,170,651,48783,4627,44,0,0,0,0,6,0
2021-01-30T23:59:59+01:00,3,1,1067,1080,3195,4360,2686,5044,2657,7029,3040,5865,1281,1481,1442,2940,1208,4440,68,37,281,270,216,332,247,558,292,453,155,188,203,423,170,651,48772,4544,41,0,0,0,0,6,0
2021-01-29T23:59:59+01:00,3,1,1066,1079,3194,4356,2686,5042,2656,7027,3037,5863,1281,1481,1442,2939,1208,4440,64,33,263,256,193,312,231,541,281,445,149,184,199,417,169,649,48754,4386,41,0,0,0,0,6,0
2021-01-28T23:59:59+01:00,3,1,1046,1059,3127,4250,2631,4931,2598,6871,2969,5732,1267,1459,1428,2873,1186,4320,54,18,166,154,127,188,162,357,207,281,118,141,153,259,96,372,47709,2853,38,0,0,0,0,4,0
2021-01-27T23:59:59+01:00,3,1,1001,1021,3041,4106,2550,4751,2503,6589,2885,5531,1236,1415,1392,2784,1153,4180,26,7,100,71,57,93,83,209,117,147,88,109,109,190,71,264,46110,1741,28,0,0,0,0,4,0
2021-01-26T23:59:59+01:00,2,1,924,991,2925,3971,2471,4566,2421,6410,2815,5376,1210,1365,1302,2632,940,3785,26,7,95,70,56,92,81,209,115,146,87,108,109,190,71,264,44086,1726,17,0,0,0,0,4,0
2021-01-25T23:59:59+01:00,2,1,908,974,2846,3842,2425,4419,2361,6213,2756,5225,1192,1343,1288,2607,930,3752,26,7,94,70,54,91,81,209,115,144,87,108,109,190,71,264,43069,1720,12,0,0,0,0,3,0
2021-01-24T23:59:59+01:00,2,1,898,970,2826,3827,2415,4387,2335,6174,2723,5164,1179,1337,1279,2585,917,3718,26,7,94,70,54,91,81,209,114,144,86,108,109,190,71,264,42725,1718,9,0,0,0,0,3,0
2021-01-23T23:59:59+01:00,2,1,898,970,2826,3826,2415,4387,2334,6173,2722,5164,1177,1336,1279,2585,917,3718,26,7,94,70,54,91,81,209,114,144,86,108,109,190,71,262,42720,1716,8,0,0,0,0,2,0
2021-01-22T23:59:59+01:00,2,1,892,963,2794,3780,2381,4322,2303,6098,2701,5117,1175,1334,1278,2583,916,3715,26,7,94,70,54,91,81,209,114,144,86,108,109,190,71,262,42347,1716,8,0,0,0,0,0,0
2021-01-21T23:59:59+01:00,2,1,876,895,2537,3364,2180,3905,2122,5491,2478,4633,1124,1288,1234,2462,886,3563,22,7,83,64,50,74,68,169,94,133,77,95,96,143,64,210,39033,1449,8,0,0,0,0,0,0
2021-01-20T23:59:59+01:00,2,1,801,833,2225,2958,1973,3439,1890,4883,2224,4156,1012,1148,1076,2117,773,3101,22,7,83,64,50,73,68,169,93,133,77,95,96,143,63,210,34604,1446,8,0,0,0,0,0,0
2021-01-19T23:59:59+01:00,2,1,741,755,1934,2512,1731,2977,1656,4223,1981,3684,939,1053,956,1842,676,2752,11,3,50,45,31,45,35,100,44,77,34,36,48,76,39,137,30408,811,7,0,0,0,0,0,0
2021-01-18T23:59:59+01:00,2,1,672,699,1705,2113,1494,2505,1408,3539,1728,3179,860,967,861,1639,624,2491,5,2,19,11,13,20,17,54,17,33,17,21,25,52,28,75,26483,409,4,0,0,0,0,0,0
2021-01-17T23:59:59+01:00,1,1,492,539,1389,1710,1215,1971,1153,2804,1449,2558,721,816,713,1358,515,2122,0,1,3,2,0,0,0,0,0,0,0,0,0,0,0,0,21524,6,3,0,0,0,0,0,0
2021-01-16T23:59:59+01:00,1,0,370,392,1207,1463,1095,1684,1013,2406,1293,2151,635,718,686,1342,513,2121,0,0,0,0,0,0,0,0,0,0,0,0,0,0,0,0,19088,0,2,0,0,0,0,0,0
2021-01-15T23:59:59+01:00,1,0,265,229,1022,1163,946,1337,845,1958,1114,1750,518,609,648,1309,502,2082,0,0,0,0,0,0,0,0,0,0,0,0,0,0,0,0,16297,0,1,0,0,0,0,0,0
2021-01-14T23:59:59+01:00,0,0,150,101,706,777,653,867,610,1300,750,1132,332,422,539,1127,452,1859,0,0,0,0,0,0,0,0,0,0,0,0,0,0,0,0,11777,0,0,0,0,0,0,0,0
2021-01-13T23:59:59+01:00,0,0,126,80,595,607,529,699,493,1043,592,867,280,348,454,960,395,1591,0,0,0,0,0,0,0,0,0,0,0,0,0,0,0,0,9659,0,0,0,0,0,0,0,0
2021-01-12T23:59:59+01:00,0,0,115,64,511,520,449,597,429,914,521,763,245,299,370,768,329,1243,0,0,0,0,0,0,0,0,0,0,0,0,0,0,0,0,8137,0,0,0,0,0,0,0,0
2021-01-11T23:59:59+01:00,0,0,86,51,415,422,364,486,344,740,414,591,211,248,310,640,270,1046,0,0,0,0,0,0,0,0,0,0,0,0,0,0,0,0,6638,0,0,0,0,0,0,0,0
2021-01-10T23:59:59+01:00,0,0,72,44,350,348,298,405,288,643,344,524,185,219,250,507,213,815,0,0,0,0,0,0,0,0,0,0,0,0,0,0,0,0,5505,0,0,0,0,0,0,0,0
2021-01-09T23:59:59+01:00,0,0,72,42,335,328,273,383,280,627,336,517,184,218,249,505,213,815,0,0,0,0,0,0,0,0,0,0,0,0,0,0,0,0,5377,0,0,0,0,0,0,0,0
2021-01-08T23:59:59+01:00,0,0,68,36,301,295,227,342,252,586,309,478,166,198,224,447,192,715,0,0,0,0,0,0,0,0,0,0,0,0,0,0,0,0,4836,0,0,0,0,0,0,0,0
2021-01-07T23:59:59+01:00,0,0,57,24,211,198,159,242,193,419,240,341,137,159,170,290,121,447,0,0,0,0,0,0,0,0,0,0,0,0,0,0,0,0,3408,0,0,0,0,0,0,0,0
2021-01-06T23:59:59+01:00,0,0,47,15,161,120,112,161,143,293,177,241,107,127,129,224,82,314,0,0,0,0,0,0,0,0,0,0,0,0,0,0,0,0,2453,0,0,0,0,0,0,0,0
2021-01-05T23:59:59+01:00,0,0,29,7,96,72,58,94,85,210,116,149,97,118,120,206,81,293,0,0,0,0,0,0,0,0,0,0,0,0,0,0,0,0,1831,0,0,0,0,0,0,0,0
2021-01-04T23:59:59+01:00,0,0,27,7,96,71,55,92,85,210,116,147,97,117,120,206,81,293,0,0,0,0,0,0,0,0,0,0,0,0,0,0,0,0,1820,0,0,0,0,0,0,0,0
2021-01-03T23:59:59+01:00,0,0,27,7,96,71,55,92,85,210,115,147,96,117,120,206,81,293,0,0,0,0,0,0,0,0,0,0,0,0,0,0,0,0,1818,0,0,0,0,0,0,0,0
2021-01-02T23:59:59+01:00,0,0,27,7,96,71,55,92,85,210,114,147,96,117,120,206,81,292,0,0,0,0,0,0,0,0,0,0,0,0,0,0,0,0,1816,0,0,0,0,0,0,0,0
2021-01-01T23:59:59+01:00,0,0,27,7,96,71,55,92,85,210,113,146,96,117,120,206,81,292,0,0,0,0,0,0,0,0,0,0,0,0,0,0,0,0,1814,0,0,0,0,0,0,0,0
2020-12-31T23:59:59+01:00,0,0,27,7,96,71,55,92,85,210,112,146,96,117,120,206,81,292,0,0,0,0,0,0,0,0,0,0,0,0,0,0,0,0,1813,0,0,0,0,0,0,0,0
2020-12-30T23:59:59+01:00,0,0,27,7,96,71,54,92,85,210,112,146,96,117,120,206,80,292,0,0,0,0,0,0,0,0,0,0,0,0,0,0,0,0,1811,0,0,0,0,0,0,0,0
2020-12-29T23:59:59+01:00,0,0,15,2,64,53,32,61,49,136,64,89,46,50,67,121,51,197,0,0,0,0,0,0,0,0,0,0,0,0,0,0,0,0,1097,0,0,0,0,0,0,0,0
2020-12-28T23:59:59+01:00,0,0,5,2,36,26,19,30,21,67,25,41,19,22,26,47,28,74,0,0,0,0,0,0,0,0,0,0,0,0,0,0,0,0,488,0,0,0,0,0,0,0,0
2020-12-27T23:59:59+01:00,0,0,0,0,7,5,7,2,1,5,0,2,0,1,2,2,4,6,0,0,0,0,0,0,0,0,0,0,0,0,0,0,0,0,44,0,0,0,0,0,0,0,0
