Datum,<15_1_m,<15_1_w,15-24_1_m,15-24_1_w,25-34_1_m,25-34_1_w,35-44_1_m,35-44_1_w,45-54_1_m,45-54_1_w,55-64_1_m,55-64_1_w,65-74_1_m,65-74_1_w,75-84_1_m,75-84_1_w,>84_1_m,>84_1_w,<15_2_m,<15_2_w,15-24_2_m,15-24_2_w,25-34_2_m,25-34_2_w,35-44_2_m,35-44_2_w,45-54_2_m,45-54_2_w,55-64_2_m,55-64_2_w,65-74_2_m,65-74_2_w,75-84_2_m,75-84_2_w,>84_2_m,>84_2_w,bp_1,bp_2,mo_1,mo_2,az_1,az_2,ja,unb_1,unb_2
2021-11-10T23:59:59+01:00,13270,12544,75077,74310,116739,112482,104883,103600,99888,104779,97190,98691,57574,71315,44823,62238,11110,22609,10676,10285,66958,67027,107918,104039,97742,96400,94058,98894,93006,94583,55775,69160,43636,60445,10655,21472,884475,822491,138727,133161,158862,145928,100884,257,265
2021-11-09T23:59:59+01:00,13162,12430,74594,73971,116278,112163,104613,103343,99660,104578,97045,98567,57523,71263,44802,62206,11107,22601,10571,10198,66799,66893,107763,103892,97609,96297,93984,98812,92951,94530,55749,69127,43628,60428,10652,21466,881465,821281,138627,133110,158858,145914,100780,257,264
2021-11-08T23:59:59+01:00,13045,12342,74106,73645,115873,111797,104314,103055,99438,104387,96921,98449,57469,71204,44778,62172,11102,22588,10532,10147,66663,66775,107618,103764,97521,96188,93918,98724,92903,94459,55715,69084,43621,60406,10649,21462,878480,820270,138513,133041,158850,145908,100666,257,264
2021-11-07T23:59:59+01:00,12949,12239,73698,73362,115473,111433,103993,102772,99229,104204,96790,98329,57417,71150,44750,62145,11100,22579,10482,10105,66534,66653,107467,103611,97414,96058,93842,98631,92840,94395,55681,69042,43599,60384,10645,21454,875659,819156,138381,132971,158844,145895,100551,257,264
2021-11-06T23:59:59+01:00,12859,12166,73450,73114,115163,111222,103777,102573,99060,104074,96714,98262,57404,71128,44743,62132,11099,22579,10457,10081,66448,66566,107353,103540,97343,95998,93801,98582,92812,94376,55677,69033,43596,60377,10643,21453,873735,818583,138315,132943,158841,145895,100451,257,264
2021-11-05T23:59:59+01:00,12744,12055,73197,72881,114892,110967,103542,102357,98873,103915,96610,98170,57387,71100,44735,62118,11098,22576,10377,10011,66339,66458,107245,103432,97261,95910,93730,98506,92765,94337,55667,69017,43592,60372,10642,21451,871610,817711,138245,132899,158838,145892,100346,257,264
2021-11-04T23:59:59+01:00,12636,11950,73011,72638,114633,110734,103333,102149,98690,103757,96505,98075,57350,71061,44725,62091,11095,22568,10283,9925,66202,66325,107124,103269,97166,95780,93641,98417,92694,94264,55636,68985,43579,60337,10638,21443,869553,816462,138177,132835,158834,145888,100259,257,264
2021-11-03T23:59:59+01:00,12574,11894,72855,72490,114397,110538,103178,102015,98587,103631,96418,98003,57322,71033,44712,62070,11092,22557,10239,9886,66056,66213,107008,103142,97066,95678,93564,98364,92639,94210,55618,68954,43562,60305,10632,21427,868041,815447,138132,132782,158832,145886,100184,256,264
2021-11-02T23:59:59+01:00,12536,11857,72654,72353,114143,110338,102978,101880,98435,103525,96329,97920,57296,70997,44699,62053,11088,22542,10118,9794,65880,66080,106852,103001,96967,95562,93481,98286,92578,94147,55592,68923,43549,60270,10628,21410,866486,814195,138059,132711,158830,145878,100070,256,264
2021-11-01T23:59:59+01:00,12453,11783,72437,72196,113905,110152,102763,101735,98270,103408,96247,97864,57275,70962,44686,62032,11085,22534,10058,9731,65722,65933,106710,102863,96851,95464,93400,98200,92516,94092,55568,68888,43536,60250,10625,21399,864873,813096,137968,132633,158827,145873,99940,256,264
2021-10-31T23:59:59+01:00,12416,11761,72312,72113,113749,110077,102611,101646,98181,103351,96208,97834,57263,70956,44684,62028,11085,22533,10025,9711,65633,65893,106625,102807,96787,95426,93362,98176,92493,94076,55560,68883,43534,60248,10622,21395,864054,812700,137926,132600,158826,145869,99823,256,264
2021-10-30T23:59:59+02:00,12385,11742,72198,72033,113554,109988,102475,101558,98070,103250,96146,97806,57251,70939,44679,62022,11084,22530,9995,9704,65554,65837,106541,102751,96717,95377,93318,98128,92468,94065,55554,68878,43533,60244,10619,21392,863108,812288,137889,132548,158825,145866,99709,256,264
2021-10-29T23:59:59+02:00,12346,11704,72018,71907,113304,109816,102251,101411,97911,103153,96061,97754,57238,70928,44674,62012,11084,22526,9958,9672,65424,65725,106394,102649,96606,95289,93228,98052,92411,94022,55540,68865,43530,60239,10619,21392,861778,811498,137822,132493,158823,145864,99496,256,264
2021-10-28T23:59:59+02:00,12255,11646,71804,71729,113009,109568,102021,101244,97739,103006,95956,97671,57216,70896,44664,61996,11082,22520,9888,9615,65228,65517,106198,102444,96447,95120,93109,97933,92328,93975,55514,68814,43522,60220,10618,21385,860068,810121,137740,132416,158819,145858,99216,256,264
2021-10-27T23:59:59+02:00,12203,11587,71644,71568,112818,109371,101856,101105,97618,102895,95868,97613,57191,70855,44644,61971,11080,22515,9806,9549,65073,65356,106066,102316,96336,95024,93020,97843,92271,93919,55482,68775,43510,60197,10612,21373,858690,809037,137660,132323,158817,145848,99056,256,264
2021-10-26T23:59:59+02:00,12131,11502,71420,71354,112590,109172,101672,100975,97479,102788,95795,97549,57158,70829,44632,61953,11079,22507,9736,9464,64881,65163,105895,102165,96206,94887,92924,97760,92198,93853,55459,68738,43495,60165,10609,21361,857163,807734,137567,132249,158811,145847,98865,256,264
2021-10-25T23:59:59+02:00,12089,11480,71301,71263,112473,109070,101582,100901,97399,102722,95761,97517,57152,70821,44631,61945,11076,22504,9721,9449,64801,65097,105830,102118,96172,94855,92885,97734,92175,93840,55453,68731,43494,60163,10609,21357,856395,807377,137530,132226,158810,145844,98773,256,264
2021-10-24T23:59:59+02:00,12017,11418,71120,71095,112210,108894,101405,100739,97249,102595,95681,97439,57124,70784,44619,61937,11075,22501,9660,9394,64607,64908,105635,101961,96027,94729,92781,97633,92119,93782,55421,68694,43486,60139,10607,21353,854933,806177,137465,132139,158810,145841,98515,256,264
2021-10-23T23:59:59+02:00,11992,11391,71017,71011,112087,108796,101310,100657,97189,102547,95636,97416,57112,70771,44618,61936,11075,22501,9625,9355,64528,64820,105541,101900,95966,94675,92726,97580,92088,93755,55404,68683,43485,60136,10606,21353,854249,805634,137419,132083,158809,145839,98406,256,264
2021-10-22T23:59:59+02:00,11918,11349,70858,70879,111870,108642,101153,100541,97075,102449,95576,97363,57101,70754,44616,61928,11075,22499,9536,9270,64358,64642,105364,101758,95836,94559,92630,97495,92035,93701,55391,68672,43482,60123,10605,21351,853118,804525,137358,132006,158809,145832,98181,256,264
2021-10-21T23:59:59+02:00,11790,11223,70669,70725,111700,108461,100989,100377,96927,102338,95491,97300,57078,70721,44601,61905,11070,22486,9440,9152,64140,64423,105175,101543,95683,94362,92508,97384,91962,93628,55366,68636,43469,60094,10603,21341,851576,802928,137292,131897,158805,145822,97998,256,264
2021-10-20T23:59:59+02:00,11746,11177,70549,70598,111556,108327,100881,100292,96839,102258,95431,97246,57048,70685,44586,61886,11065,22470,9320,9056,63947,64240,105051,101382,95571,94224,92412,97277,91888,93576,55337,68582,43443,60061,10587,21312,850530,801464,137242,131837,158804,145817,97884,256,264
2021-10-19T23:59:59+02:00,11645,11085,70409,70465,111429,108203,100797,100214,96771,102200,95377,97194,57025,70649,44576,61866,11061,22455,9226,8963,63729,64038,104886,101222,95457,94102,92333,97181,91838,93519,55305,68540,43425,60020,10577,21297,849477,800060,137191,131752,158800,145810,97773,256,263
2021-10-18T23:59:59+02:00,11597,11048,70293,70378,111303,108105,100707,100138,96718,102150,95330,97148,57000,70622,44559,61843,11054,22443,9175,8913,63585,63890,104767,101059,95362,93987,92267,97100,91780,93462,55279,68508,43412,59994,10573,21294,848671,798976,137109,131680,158795,145807,97681,256,263
2021-10-17T23:59:59+02:00,11553,11008,70145,70250,111180,107995,100606,100064,96669,102096,95294,97097,56977,70600,44553,61828,11052,22438,9121,8861,63353,63636,104606,100917,95237,93853,92171,97017,91724,93400,55256,68476,43403,59976,10569,21288,847790,797638,137062,131584,158794,145800,97579,256,263
2021-10-16T23:59:59+02:00,11534,10987,70089,70202,111126,107951,100582,100039,96636,102069,95276,97088,56976,70597,44552,61826,11050,22438,9092,8829,63259,63549,104541,100862,95189,93791,92140,96986,91703,93382,55251,68470,43401,59973,10569,21287,847460,797146,137052,131534,158794,145799,97532,256,263
2021-10-15T23:59:59+02:00,11479,10947,69978,70117,111015,107861,100514,99965,96580,102016,95248,97056,56969,70595,44552,61820,11049,22438,9042,8753,63122,63364,104431,100748,95097,93691,92062,96904,91655,93344,55242,68448,43396,59962,10569,21285,846768,796164,137029,131462,158793,145797,97429,256,263
2021-10-14T23:59:59+02:00,11377,10851,69800,69938,110882,107719,100400,99872,96487,101937,95195,96998,56948,70560,44539,61796,11046,22433,8916,8615,62824,63080,104279,100537,94953,93493,91941,96773,91581,93267,55204,68397,43378,59935,10565,21277,845532,794295,136953,131340,158786,145791,97326,256,263
2021-10-13T23:59:59+02:00,11278,10784,69658,69827,110775,107616,100313,99780,96407,101856,95146,96944,56914,70519,44524,61766,11041,22417,8878,8578,62662,62931,104146,100398,94848,93349,91856,96687,91521,93196,55166,68354,43357,59905,10556,21267,844532,793161,136884,131265,158784,145782,97184,256,263
2021-10-12T23:59:59+02:00,11137,10675,69480,69694,110678,107503,100220,99689,96348,101798,95105,96898,56900,70487,44514,61751,11037,22411,8816,8531,62502,62769,104016,100270,94732,93229,91768,96617,91462,93140,55114,68320,43345,59883,10552,21255,843475,792011,136819,131204,158780,145776,97070,255,260
2021-10-11T23:59:59+02:00,11066,10613,69336,69578,110566,107400,100135,99611,96287,101723,95050,96858,56872,70460,44495,61731,11032,22398,8778,8498,62327,62601,103890,100145,94638,93131,91696,96530,91411,93093,55077,68277,43330,59857,10543,21247,842527,790951,136751,131117,158777,145766,96975,255,260
2021-10-10T23:59:59+02:00,10995,10562,69180,69467,110430,107263,100042,99521,96220,101646,95005,96822,56854,70439,44489,61718,11024,22394,8742,8464,62140,62452,103730,99986,94534,92997,91606,96425,91334,93051,55051,68253,43321,59844,10540,21238,841593,789813,136702,131057,158773,145756,96822,255,260
2021-10-09T23:59:59+02:00,10970,10544,69095,69409,110365,107219,100004,99481,96184,101614,94990,96808,56848,70433,44488,61717,11024,22394,8707,8423,62051,62374,103645,99910,94477,92939,91564,96380,91313,93030,55045,68242,43316,59836,10539,21237,841216,789272,136673,130998,158771,145752,96746,255,260
2021-10-08T23:59:59+02:00,10896,10489,68953,69312,110229,107114,99934,99388,96120,101565,94943,96762,56836,70417,44485,61714,11024,22393,8646,8336,61881,62186,103512,99760,94364,92821,91480,96286,91265,92990,55028,68229,43310,59827,10537,21236,840388,788169,136625,130911,158770,145745,96609,255,260
2021-10-07T23:59:59+02:00,10817,10412,68753,69133,110050,106937,99798,99245,96032,101446,94870,96695,56814,70380,44472,61693,11020,22380,8516,8212,61599,61933,103318,99541,94216,92605,91373,96151,91192,92917,54996,68180,43295,59795,10530,21226,838996,786365,136555,130787,158768,145737,96446,255,260
2021-10-06T23:59:59+02:00,10749,10356,68582,68988,109921,106794,99703,99137,95948,101385,94825,96646,56777,70338,44460,61673,11017,22366,8473,8162,61415,61762,103183,99394,94105,92489,91298,96051,91117,92841,54965,68139,43281,59768,10525,21209,837936,785180,136489,130722,158767,145726,96289,255,260
2021-10-05T23:59:59+02:00,10644,10268,68410,68849,109775,106649,99591,99008,95885,101306,94780,96593,56759,70310,44451,61637,11012,22353,8439,8119,61217,61588,103033,99207,93990,92339,91203,95966,91056,92770,54938,68095,43267,59751,10523,21196,836769,783919,136419,130655,158766,145721,96142,255,260
2021-10-04T23:59:59+02:00,10606,10238,68237,68680,109613,106497,99498,98901,95791,101220,94726,96535,56723,70264,44437,61607,11011,22331,8406,8086,61062,61406,102890,99068,93857,92218,91113,95872,90994,92720,54902,68053,43243,59717,10517,21176,835702,782816,136347,130595,158764,145710,95919,254,260
2021-10-03T23:59:59+02:00,10542,10183,68028,68498,109445,106341,99375,98794,95704,101121,94661,96481,56692,70230,44429,61582,11011,22326,8345,8051,60861,61250,102702,98892,93719,92059,91016,95761,90919,92663,54866,68009,43226,59692,10515,21168,834537,781555,136274,130509,158760,145701,95689,254,260
2021-10-02T23:59:59+02:00,10516,10157,67925,68399,109356,106271,99311,98732,95653,101073,94639,96460,56681,70212,44429,61581,11010,22324,8305,8017,60744,61135,102629,98818,93652,91993,90969,95712,90893,92641,54859,67992,43225,59688,10514,21168,833990,780964,136211,130462,158758,145681,95587,254,260
2021-10-01T23:59:59+02:00,10431,10055,67771,68232,109171,106128,99187,98619,95572,101004,94583,96419,56664,70194,44426,61569,11008,22322,8193,7908,60545,60905,102460,98663,93522,91850,90863,95603,90831,92584,54842,67963,43222,59679,10513,21165,832905,779676,136153,130375,158756,145642,95358,254,260
2021-09-30T23:59:59+02:00,10353,9984,67544,68009,108963,105893,99012,98425,95435,100860,94490,96316,56628,70148,44408,61538,11004,22307,8084,7787,60292,60640,102255,98453,93335,91639,90723,95454,90742,92490,54815,67914,43207,59646,10503,21150,831287,777988,136063,130257,158750,145593,95031,254,260
2021-09-29T23:59:59+02:00,10275,9927,67345,67819,108767,105694,98859,98262,95310,100749,94406,96245,56587,70093,44392,61503,10999,22288,8027,7728,60111,60471,102067,98274,93199,91472,90610,95346,90671,92408,54781,67866,43188,59600,10500,21135,829872,776741,135998,130178,158746,145558,94718,254,259
2021-09-28T23:59:59+02:00,10191,9851,67157,67612,108563,105529,98711,98107,95200,100639,94321,96166,56547,70054,44380,61465,10992,22261,7977,7681,59923,60287,101878,98121,93066,91338,90487,95217,90592,92339,54750,67829,43171,59572,10491,21120,828485,775568,135936,130092,158744,145525,94395,254,259
2021-09-27T23:59:59+02:00,10062,9719,66911,67363,108352,105357,98577,97957,95111,100527,94243,96094,56519,70007,44366,61435,10987,22250,7939,7627,59716,60099,101692,97985,92926,91197,90385,95104,90520,92262,54713,67773,43149,59546,10483,21109,827078,774491,135850,130012,158743,145483,93980,254,259
2021-09-26T23:59:59+02:00,9941,9625,66671,67131,108122,105164,98410,97812,94992,100403,94159,96013,56481,69973,44352,61412,10982,22237,7886,7581,59473,59902,101488,97803,92780,91032,90277,94986,90447,92185,54684,67745,43135,59518,10478,21094,825640,773347,135770,129917,158737,145424,93547,254,259
2021-09-25T23:59:59+02:00,9903,9585,66552,67008,108019,105074,98336,97752,94935,100350,94128,95984,56477,69965,44350,61409,10981,22237,7846,7542,59359,59785,101386,97710,92699,90962,90235,94920,90411,92163,54672,67734,43131,59514,10478,21094,825086,772794,135709,129865,158737,145396,93327,254,259
2021-09-24T23:59:59+02:00,9842,9524,66391,66825,107848,104902,98189,97603,94814,100246,94060,95930,56462,69948,44342,61396,10981,22235,7748,7430,59139,59555,101201,97516,92571,90814,90125,94813,90327,92097,54651,67712,43128,59509,10477,21091,824062,771598,135638,129799,158737,145334,92914,254,259
2021-09-23T23:59:59+02:00,9750,9401,66067,66490,107582,104648,97996,97373,94654,100082,93957,95820,56416,69889,44318,61367,10975,22206,7632,7310,58843,59273,100957,97284,92382,90605,89990,94660,90230,91992,54602,67663,43106,59481,10476,21068,822263,770049,135517,129689,158731,145265,92292,254,259
2021-09-22T23:59:59+02:00,9680,9321,65733,66165,107376,104432,97799,97167,94498,99947,93828,95722,56369,69820,44284,61323,10964,22184,7576,7269,58665,59093,100778,97115,92203,90468,89874,94541,90122,91916,54568,67618,43078,59449,10470,21053,820508,769018,135404,129612,158726,145182,91785,254,259
2021-09-21T23:59:59+02:00,9593,9233,65504,65918,107168,104252,97626,97009,94383,99838,93748,95652,56319,69769,44265,61280,10957,22170,7538,7232,58472,58910,100586,96958,92061,90336,89786,94452,90031,91842,54530,67561,43057,59411,10461,21035,819053,767967,135322,129517,158723,145119,91397,254,259
2021-09-20T23:59:59+02:00,9532,9176,65220,65610,106969,104069,97467,96841,94276,99739,93682,95576,56279,69726,44244,61238,10952,22159,7481,7177,58281,58757,100402,96813,91910,90183,89645,94352,89951,91771,54484,67524,43030,59375,10455,21019,817632,766971,135243,129435,158717,144972,90973,254,259
2021-09-19T23:59:59+02:00,9481,9132,64940,65435,106740,103876,97318,96673,94136,99638,93579,95500,56250,69673,44234,61214,10950,22148,7443,7135,58040,58562,100158,96638,91725,90016,89461,94181,89834,91688,54447,67463,43012,59341,10454,21006,816306,765771,135160,129317,158713,144709,90548,254,259
2021-09-18T23:59:59+02:00,9448,9087,64846,65332,106621,103780,97207,96585,94069,99568,93545,95472,56242,69664,44230,61209,10948,22147,7403,7094,57918,58442,100052,96539,91603,89935,89391,94118,89798,91658,54437,67458,43005,59338,10452,21002,815732,765137,135069,129252,158711,144697,90298,254,259
2021-09-17T23:59:59+02:00,9369,9000,64649,65171,106444,103622,97038,96432,93940,99470,93473,95396,56226,69637,44219,61203,10942,22141,7312,6995,57711,58206,99863,96378,91448,89816,89274,94012,89721,91596,54422,67432,42997,59331,10452,20999,814628,764004,134980,129155,158707,144680,89867,254,259
2021-09-16T23:59:59+02:00,9279,8892,64370,64870,106165,103365,96803,96195,93753,99293,93371,95305,56175,69582,44206,61175,10935,22127,7221,6884,57459,57935,99592,96148,91254,89603,89099,93850,89619,91509,54376,67381,42974,59310,10447,20988,812821,762496,134891,129018,158697,144617,89261,254,257
2021-09-15T23:59:59+02:00,9209,8837,64017,64576,105965,103153,96596,96002,93619,99132,93270,95219,56138,69525,44171,61145,10930,22100,7172,6835,57283,57776,99399,95987,91084,89446,88995,93738,89515,91444,54344,67335,42949,59278,10443,20968,811077,761444,134836,128901,158693,144583,88806,254,257
2021-09-14T23:59:59+02:00,9167,8788,63728,64367,105727,102936,96399,95822,93487,98993,93154,95133,56092,69467,44146,61108,10925,22084,7130,6799,57080,57594,99220,95801,90916,89283,88862,93627,89435,91372,54307,67295,42927,59251,10438,20953,809543,760403,134766,128810,158685,144484,88337,254,256
2021-09-13T23:59:59+02:00,9131,8754,63432,64102,105498,102705,96230,95655,93343,98858,93068,95036,56041,69413,44129,61074,10918,22072,7098,6762,56873,57410,99022,95610,90763,89127,88729,93521,89349,91298,54270,67249,42907,59222,10435,20936,808036,759307,134676,128696,158675,144442,87880,254,256
2021-09-12T23:59:59+02:00,9078,8706,63122,63857,105251,102457,96019,95427,93182,98730,92971,94955,55990,69363,44112,61043,10914,22061,7060,6732,56673,57249,98779,95402,90594,88958,88597,93405,89252,91222,54227,67192,42885,59193,10431,20919,806501,758279,134577,128567,158671,144371,87297,254,256
2021-09-11T23:59:59+02:00,9031,8673,63002,63724,105107,102339,95916,95318,93096,98651,92932,94923,55975,69348,44107,61031,10914,22060,7007,6706,56525,57158,98628,95297,90495,88861,88498,93339,89214,91196,54217,67172,42881,59183,10431,20918,805816,757685,134522,128487,158670,144352,86947,254,255
2021-09-10T23:59:59+02:00,8937,8562,62761,63459,104907,102127,95744,95128,92951,98525,92837,94851,55941,69319,44093,61013,10914,22058,6927,6628,56278,56949,98430,95112,90313,88677,88365,93209,89128,91125,54195,67151,42868,59164,10431,20914,804428,756521,134458,128370,158668,144337,86381,254,255
2021-09-09T23:59:59+02:00,8839,8462,62445,63181,104630,101807,95507,94839,92775,98300,92702,94735,55901,69254,44072,60984,10904,22037,6824,6525,56024,56725,98177,94863,90083,88445,88205,93055,88985,91041,54152,67102,42847,59135,10425,20908,802451,755106,134353,128184,158664,144263,85714,254,254
2021-09-08T23:59:59+02:00,8779,8411,62222,62946,104406,101570,95315,94616,92607,98130,92586,94603,55866,69187,44038,60944,10891,22013,6793,6495,55864,56568,97987,94655,89923,88250,88046,92912,88866,90936,54114,67040,42811,59094,10413,20874,800955,754091,134245,128036,158654,144176,85084,254,254
2021-09-07T23:59:59+02:00,8728,8358,61983,62728,104182,101332,95131,94426,92463,97989,92485,94526,55832,69137,44009,60889,10881,21990,6747,6459,55668,56401,97770,94460,89737,88087,87916,92802,88769,90846,54072,66994,42786,59062,10408,20855,799464,753005,134139,127908,158649,144048,84625,254,253
2021-09-06T23:59:59+02:00,8687,8315,61775,62552,103975,101159,94990,94265,92345,97857,92396,94450,55774,69078,43987,60860,10874,21957,6704,6422,55496,56233,97567,94295,89567,87929,87789,92675,88670,90765,54019,66945,42765,59017,10398,20831,798214,751895,134048,127773,158639,143963,84203,254,253
2021-09-05T23:59:59+02:00,8626,8265,61560,62347,103807,100972,94834,94095,92222,97744,92319,94382,55746,69037,43977,60839,10869,21950,6651,6366,55290,56030,97369,94096,89379,87766,87647,92548,88587,90679,53971,66896,42748,58994,10393,20815,797019,750726,133967,127602,158636,143867,83777,254,253
2021-09-04T23:59:59+02:00,8575,8235,61441,62236,103717,100874,94732,94008,92164,97676,92284,94357,55736,69026,43970,60829,10869,21949,6623,6322,55165,55915,97248,93970,89262,87667,87579,92467,88538,90645,53956,66885,42742,58983,10393,20814,796417,750075,133919,127479,158632,143849,83518,254,253
2021-09-03T23:59:59+02:00,8497,8160,61247,62051,103543,100716,94580,93860,92058,97563,92212,94306,55708,68999,43962,60814,10867,21941,6556,6256,54956,55730,97048,93753,89071,87472,87434,92296,88445,90567,53924,66851,42731,58964,10389,20811,795290,748823,133865,127252,158624,143813,83113,254,253
2021-09-02T23:59:59+02:00,8376,8068,60986,61803,103285,100470,94378,93637,91869,97394,92093,94206,55660,68941,43939,60779,10862,21919,6457,6174,54686,55471,96749,93470,88823,87197,87210,92086,88301,90451,53879,66769,42700,58913,10379,20774,793613,747156,133754,126895,158612,143692,82493,254,253
2021-09-01T23:59:59+02:00,8311,7986,60773,61589,103086,100299,94229,93483,91749,97268,91987,94131,55616,68891,43921,60755,10854,21901,6400,6111,54429,55249,96521,93248,88627,86983,87032,91921,88160,90341,53814,66679,42662,58869,10369,20753,792351,745700,133678,126635,158596,143573,82011,254,249
2021-08-31T23:59:59+02:00,8229,7910,60563,61334,102881,100113,94050,93323,91626,97150,91860,94049,55570,68839,43895,60715,10843,21885,6338,6041,54174,54986,96249,93001,88409,86748,86874,91761,87997,90236,53770,66606,42636,58814,10361,20734,790964,744199,133598,126328,158585,143464,81495,254,249
2021-08-30T23:59:59+02:00,8133,7834,60357,61147,102700,99966,93928,93187,91507,97047,91791,93970,55537,68810,43879,60681,10838,21869,6266,5976,53921,54791,96005,92766,88193,86517,86694,91618,87870,90111,53712,66526,42595,58751,10344,20705,789843,742757,133540,126015,158578,143316,81026,254,247
2021-08-29T23:59:59+02:00,8057,7756,60081,60905,102461,99769,93743,93013,91369,96930,91701,93880,55492,68760,43855,60651,10836,21860,6158,5865,53569,54481,95686,92474,87903,86259,86460,91422,87717,89984,53644,66451,42565,58711,10338,20688,788480,740846,133449,125679,158563,143170,80433,254,247
2021-08-28T23:59:59+02:00,8000,7689,59941,60793,102353,99660,93640,92929,91284,96855,91655,93850,55478,68747,43847,60647,10835,21858,6119,5798,53391,54331,95524,92341,87769,86148,86349,91334,87648,89941,53627,66430,42556,58704,10336,20687,787855,740025,133410,125574,158559,143144,80043,254,247
2021-08-27T23:59:59+02:00,7934,7603,59757,60599,102181,99492,93499,92802,91172,96749,91568,93791,55456,68718,43838,60630,10834,21855,6040,5727,53148,54083,95228,92063,87546,85941,86173,91176,87540,89842,53585,66394,42541,58678,10331,20684,786863,738441,133348,125373,158521,143107,79552,254,247
2021-08-26T23:59:59+02:00,7848,7504,59515,60350,101950,99272,93279,92577,90992,96568,91462,93694,55406,68654,43805,60603,10828,21843,5968,5660,52806,53795,94859,91710,87208,85631,85931,90916,87383,89710,53520,66305,42495,58635,10324,20672,785372,736509,133250,124964,158498,142974,78836,254,245
2021-08-25T23:59:59+02:00,7775,7414,59284,60153,101778,99131,93127,92394,90872,96446,91353,93614,55367,68602,43771,60559,10823,21820,5896,5600,52500,53545,94555,91454,86983,85385,85733,90728,87250,89584,53453,66221,42447,58567,10318,20642,784153,734776,133168,124654,158487,142905,78282,253,244
2021-08-24T23:59:59+02:00,7725,7362,59064,59935,101592,98958,92961,92232,90760,96318,91268,93543,55329,68548,43744,60516,10817,21795,5851,5533,52176,53283,94203,91170,86682,85135,85524,90538,87098,89424,53368,66126,42399,58501,10310,20620,783014,732960,133077,124350,158480,142684,77703,253,244
2021-08-23T23:59:59+02:00,7669,7308,58856,59726,101422,98800,92830,92070,90665,96233,91192,93458,55291,68505,43715,60490,10813,21777,5788,5471,51853,53012,93861,90888,86437,84859,85329,90367,86962,89297,53288,66035,42365,58451,10303,20602,781855,731056,133004,124062,158470,142509,77298,253,243
2021-08-22T23:59:59+02:00,7597,7252,58661,59542,101218,98639,92671,91934,90570,96117,91113,93391,55255,68458,43701,60466,10807,21763,5707,5388,51482,52660,93458,90487,86128,84553,85092,90140,86792,89172,53209,65930,42333,58390,10295,20581,780824,728738,132901,123748,158458,142293,76779,253,239
2021-08-21T23:59:59+02:00,7544,7214,58525,59418,101082,98534,92565,91830,90471,96056,91055,93356,55235,68436,43693,60449,10805,21760,5515,5200,51146,52358,93290,90338,85957,84395,84945,90014,86706,89109,53178,65906,42323,58374,10294,20575,780145,727206,132825,123519,158457,142251,76408,253,239
2021-08-20T23:59:59+02:00,7492,7162,58369,59243,100910,98380,92416,91696,90356,95931,90977,93294,55213,68411,43683,60432,10803,21755,5389,5098,50810,52009,93028,90065,85693,84161,84730,89809,86572,88997,53147,65865,42300,58350,10287,20568,779191,725230,132775,123310,158451,142185,75914,252,239
2021-08-19T23:59:59+02:00,7425,7101,58118,59008,100634,98153,92209,91504,90197,95765,90849,93191,55170,68352,43658,60401,10796,21741,5272,4973,50367,51569,92596,89660,85287,83754,84418,89494,86357,88814,53076,65757,42261,58288,10277,20550,777824,722518,132641,122865,158444,141978,75171,252,238
2021-08-18T23:59:59+02:00,7361,7046,57930,58847,100447,97972,92062,91341,90058,95643,90748,93095,55103,68288,43629,60356,10786,21721,5177,4873,50012,51196,92217,89330,84962,83422,84139,89244,86166,88641,52962,65642,42190,58196,10262,20521,776662,720111,132552,122474,158437,141738,74591,251,238
2021-08-17T23:59:59+02:00,7299,6995,57741,58688,100253,97796,91895,91191,89936,95511,90651,93003,55064,68241,43605,60328,10784,21706,5057,4740,49515,50771,91766,88908,84560,83064,83809,88947,85959,88438,52859,65517,42132,58119,10256,20497,775541,717080,132448,122064,158424,141448,74084,250,238
2021-08-16T23:59:59+02:00,7239,6929,57556,58509,100050,97621,91747,91031,89795,95393,90536,92906,55012,68179,43575,60277,10777,21692,4847,4556,48945,50188,91291,88452,84091,82663,83476,88652,85729,88233,52755,65403,42073,58041,10247,20459,774364,713525,132357,121620,158417,141222,73496,250,238
2021-08-15T23:59:59+02:00,7173,6881,57333,58318,99865,97437,91589,90888,89670,95287,90448,92847,54975,68138,43555,60248,10773,21685,4448,4157,47823,49042,90647,87762,83534,82118,83082,88264,85441,88027,52647,65280,42029,57982,10238,20440,773276,707702,132245,120990,158409,141042,72990,250,237
2021-08-14T23:59:59+02:00,7141,6848,57210,58229,99722,97336,91482,90811,89582,95218,90397,92802,54959,68121,43550,60241,10772,21684,4419,4134,47667,48898,90415,87588,83318,81909,82957,88163,85371,87983,52619,65249,42020,57971,10237,20438,772743,706881,132188,120666,158404,140992,72580,250,237
2021-08-13T23:59:59+02:00,7094,6803,57054,58095,99563,97208,91352,90673,89476,95102,90316,92738,54929,68070,43536,60217,10770,21677,4360,4073,47359,48575,89932,87181,82915,81531,82693,87928,85199,87842,52576,65181,41998,57946,10234,20426,771904,704638,132129,120107,158397,140912,72055,248,237
2021-08-12T23:59:59+02:00,7059,6753,56848,57931,99348,97031,91176,90506,89329,94958,90221,92657,54892,68017,43510,60183,10762,21660,4308,4010,46938,48180,89281,86610,82332,80980,82314,87600,84970,87661,52502,65078,41945,57887,10224,20408,770831,701649,132025,119269,158385,140662,71412,248,236
2021-08-11T23:59:59+02:00,7023,6698,56660,57760,99137,96850,91018,90366,89197,94841,90110,92555,54841,67956,43478,60144,10752,21645,4234,3961,46519,47717,88650,85957,81747,80470,81977,87292,84699,87418,52414,64936,41873,57762,10205,20359,769698,698458,131927,118312,158362,140326,70859,245,235
2021-08-10T23:59:59+02:00,6962,6650,56473,57593,98915,96700,90861,90215,89069,94727,90026,92478,54797,67909,43462,60104,10748,21632,4169,3896,46079,47239,88002,85325,81139,79926,81566,86911,84453,87199,52293,64827,41813,57679,10191,20328,768631,695093,131832,117369,158343,140008,70330,245,235
2021-08-09T23:59:59+02:00,6910,6591,56300,57432,98722,96543,90705,90077,88929,94629,89916,92414,54757,67860,43437,60069,10741,21617,4100,3818,45509,46670,87168,84648,80450,79338,81152,86560,84161,86975,52180,64694,41757,57578,10177,20286,767597,691245,131759,116307,158333,139661,69776,244,232
2021-08-08T23:59:59+02:00,6839,6522,56076,57243,98510,96353,90522,89911,88791,94507,89821,92339,54702,67812,43411,60035,10734,21597,4044,3757,44904,46055,86097,83707,79547,78526,80606,86082,83828,86674,52046,64540,41693,57488,10164,20260,766371,686104,131644,115122,158313,139348,69213,243,231
2021-08-07T23:59:59+02:00,6795,6471,55932,57119,98369,96237,90392,89809,88696,94449,89759,92298,54683,67785,43408,60025,10731,21592,3583,3382,44062,45162,85757,83366,79069,78085,80244,85730,83647,86529,51983,64456,41672,57452,10159,20251,765698,682363,131582,113975,158309,139244,68777,243,230
2021-08-06T23:59:59+02:00,6739,6422,55741,56967,98137,96051,90239,89678,88569,94334,89661,92227,54643,67757,43399,59998,10728,21588,3199,2983,43140,44268,85285,82897,78483,77529,79854,85344,83456,86382,51931,64391,41646,57420,10151,20238,764727,678382,131483,112696,158302,139108,68182,243,229
2021-08-05T23:59:59+02:00,6672,6350,55421,56717,97833,95780,89974,89457,88354,94141,89490,92091,54578,67667,43370,59946,10719,21570,2682,2535,41890,43094,84546,82211,77697,76727,79256,84778,83097,86080,51800,64232,41586,57317,10136,20205,763056,672779,131355,111054,158289,138562,67246,243,228
2021-08-04T23:59:59+02:00,6591,6300,55175,56526,97567,95566,89784,89289,88212,94002,89371,91992,54525,67616,43332,59899,10715,21560,2610,2475,41403,42597,83302,81160,76347,75584,78765,84321,82777,85832,51659,64094,41528,57229,10120,20179,761753,667559,131247,109540,158275,138092,66563,243,228
2021-08-03T23:59:59+02:00,6525,6234,54917,56331,97332,95372,89606,89123,88068,93857,89224,91870,54448,67536,43295,59841,10707,21552,2555,2433,40962,42164,82056,80021,74921,74393,78155,83753,82229,85339,51445,63891,41427,57073,10107,20143,760368,661718,131142,107839,158250,137388,65894,243,228
2021-08-02T23:59:59+02:00,6463,6171,54678,56129,97069,95148,89382,88948,87896,93715,89081,91758,54365,67463,43262,59788,10704,21532,2504,2369,40478,41660,80725,78908,73366,73183,77524,83188,81686,84854,51275,63687,41352,56952,10090,20109,758931,655605,130992,106079,158228,136782,65218,242,226
2021-08-01T23:59:59+02:00,6396,6086,54408,55863,96801,94879,89145,88772,87691,93569,88916,91648,54296,67377,43225,59736,10697,21525,2425,2316,39957,41161,79430,77826,71952,72080,76628,82436,81100,84389,51085,63449,41264,56847,10079,20085,757320,649414,130796,104176,158202,136167,64530,239,222
2021-07-31T23:59:59+02:00,6360,6048,54285,55769,96679,94784,89042,88705,87600,93497,88871,91612,54284,67367,43219,59732,10697,21524,1901,1866,38995,40132,78979,77384,71415,71525,76244,82108,80985,84293,51066,63415,41248,56835,10079,20082,756834,644722,130626,103302,158199,136072,64234,239,222
2021-07-30T23:59:59+02:00,6306,6013,54106,55622,96520,94606,88883,88556,87468,93382,88788,91542,54247,67336,43206,59714,10695,21522,1434,1416,37981,39069,78270,76726,70655,70790,75730,81581,80583,83968,50989,63326,41214,56775,10073,20070,755928,638505,130310,102163,158194,135862,63899,238,221
2021-07-29T23:59:59+02:00,6255,5954,53867,55438,96259,94378,88670,88347,87296,93206,88648,91415,54187,67272,43183,59675,10686,21501,947,950,36729,37825,77210,75853,69603,69839,74922,80819,80045,83539,50857,63161,41148,56679,10056,20043,754678,630715,129828,100607,158176,135307,63375,237,221
2021-07-28T23:59:59+02:00,6218,5901,53663,55268,96050,94171,88518,88165,87183,93065,88535,91318,54129,67197,43149,59627,10676,21471,906,900,36115,37215,76039,74874,68323,68737,74159,80102,79553,83078,50715,62959,41080,56574,10040,20002,753492,624355,129382,99191,158159,134515,63091,237,219
2021-07-27T23:59:59+02:00,6168,5859,53427,55045,95789,93961,88334,87979,87025,92910,88411,91220,54076,67121,43108,59564,10662,21423,845,844,35455,36443,74574,73624,66869,67518,73292,79256,79010,82557,50541,62746,41001,56453,10015,19960,752071,617020,128951,97737,158136,133284,62744,237,218
2021-07-26T23:59:59+02:00,6111,5806,53206,54837,95544,93770,88138,87809,86861,92773,88282,91118,54016,67041,43079,59507,10655,21401,790,786,34684,35601,73054,72291,65497,66278,72245,78262,78417,82025,50369,62530,40922,56303,9993,19915,750720,608923,128527,96206,158118,132205,62410,236,218
2021-07-25T23:59:59+02:00,6073,5762,52998,54631,95289,93540,87961,87615,86703,92641,88174,91020,53965,66977,43051,59463,10645,21366,678,677,33980,34836,71705,71081,64386,65265,71246,77349,77941,81570,50250,62342,40857,56215,9987,19880,749308,601937,128252,94647,158096,131404,62039,236,218
2021-07-24T23:59:59+02:00,5986,5704,52722,54334,94979,93227,87715,87406,86527,92484,88074,90939,53936,66943,43039,59440,10645,21360,629,626,33469,34337,70835,70383,63719,64707,70367,76649,77737,81419,50195,62299,40835,56190,9987,19878,747429,597499,128198,93711,158095,131275,61558,236,218
2021-07-23T23:59:59+02:00,5933,5648,52448,54062,94575,92939,87412,87188,86345,92306,87932,90846,53901,66895,43031,59422,10642,21354,576,581,32937,33674,69768,69520,62938,64037,69461,75798,77335,81090,50120,62201,40803,56151,9980,19864,745364,591842,128124,92552,158089,131100,61122,236,218
2021-07-22T23:59:59+02:00,5863,5585,52029,53660,94092,92490,87025,86850,86034,92007,87721,90658,53816,66801,43002,59362,10634,21328,501,518,32221,32938,68452,68524,61890,63158,67843,74440,76679,80576,49968,61993,40711,56036,9959,19824,742301,585359,127890,89798,158063,130333,60524,235,217
2021-07-21T23:59:59+02:00,5810,5531,51656,53274,93656,92073,86715,86550,85779,91762,87547,90470,53731,66716,42943,59295,10623,21300,451,460,31600,32277,67117,67481,60798,62264,65802,72746,75773,79830,49678,61684,40551,55848,9935,19768,739486,579053,127651,85471,158032,129240,60082,235,217
2021-07-20T23:59:59+02:00,5751,5467,51266,52878,93193,91604,86348,86223,85511,91506,87324,90273,53639,66582,42894,59237,10616,21275,404,416,30935,31612,65650,66285,59668,61299,64625,71684,75156,79272,49472,61453,40445,55689,9911,19707,736512,571980,127429,83787,157977,128210,59489,235,217
2021-07-19T23:59:59+02:00,5674,5393,50794,52417,92722,91125,85977,85890,85262,91293,87118,90094,53546,66461,42858,59157,10598,21240,360,363,30386,31024,64485,65227,58751,60440,63472,70648,74554,78755,49298,61256,40354,55542,9883,19663,733236,566185,127200,81978,157941,127019,59062,235,217
2021-07-18T23:59:59+02:00,5604,5323,49968,51601,91646,90070,85245,85276,84781,90859,86824,89802,53440,66314,42795,59061,10588,21209,324,319,29838,30434,63293,64156,57827,59522,62296,69619,74004,78256,49150,61093,40296,55458,9871,19634,726759,560338,126869,79949,157924,126213,58675,234,215
2021-07-17T23:59:59+02:00,5430,5136,49615,51267,91503,89935,85050,85117,84622,90721,86716,89720,53420,66287,42784,59049,10587,21206,272,264,29448,30046,62649,63554,57267,59098,61542,68883,73696,78015,49039,60975,40257,55400,9861,19623,725580,557301,126691,78981,157920,125598,57794,234,215
2021-07-16T23:59:59+02:00,5329,5045,49289,50970,91239,89710,84802,84919,84423,90537,86578,89613,53378,66254,42766,59035,10584,21201,237,229,28945,29538,61706,62639,56421,58410,60488,67846,73195,77594,48877,60786,40210,55331,9856,19614,724195,552324,126518,77660,157913,124856,56867,233,215
2021-07-15T23:59:59+02:00,5193,4911,48810,50556,90837,89326,84443,84540,84120,90259,86355,89444,53295,66163,42712,58965,10574,21173,188,196,28216,28905,60389,61569,55289,57423,59075,66532,72457,77004,48644,60523,40121,55199,9840,19559,721709,546482,126099,75454,157878,123181,55797,232,215
2021-07-14T23:59:59+02:00,5087,4796,48453,50180,90533,89029,84152,84225,83871,90021,86155,89286,53206,66056,42654,58876,10557,21143,169,173,27680,28330,59290,60572,54320,56577,58198,65680,71848,76415,48376,60245,40015,55024,9817,19515,719535,541039,125740,74530,157834,121481,54979,231,215
2021-07-13T23:59:59+02:00,4975,4679,48043,49796,90136,88673,83846,83916,83601,89760,85949,89118,53095,65951,42599,58812,10551,21122,153,163,27009,27646,57917,59383,53127,55586,57209,64767,71122,75776,48098,59920,39886,54845,9785,19463,717156,534675,125367,73413,157778,119424,54129,230,214
2021-07-12T23:59:59+02:00,4804,4509,47487,49275,89740,88332,83450,83596,83351,89498,85759,88957,53015,65856,42551,58749,10539,21107,144,155,26373,26981,56414,58030,51840,54524,55986,63621,70377,75154,47723,59491,39710,54622,9743,19398,714423,527366,124999,72391,157717,117072,53244,230,213
2021-07-11T23:59:59+02:00,4410,4135,46538,48347,89309,87899,83035,83209,83041,89209,85563,88809,52928,65763,42525,58693,10528,21090,132,147,25768,26414,55036,56770,50543,53477,54946,62588,69784,74603,47375,59109,39585,54447,9718,19356,710454,520736,124528,71384,157677,115282,52184,226,212
2021-07-10T23:59:59+02:00,4397,4122,46206,47999,88856,87417,82704,82898,82935,89109,85497,88752,52907,65740,42516,58679,10527,21086,129,139,25278,25874,53944,55822,49681,52892,54346,62020,69569,74417,47007,58691,39485,54342,9713,19345,709781,516407,124060,71299,157501,113959,50817,225,212
2021-07-09T23:59:59+02:00,4377,4110,45782,47555,88234,86855,82326,82553,82686,88919,85383,88660,52871,65711,42509,58666,10523,21077,123,124,24573,25097,52616,54589,48736,52012,53566,61170,69146,74011,46648,58281,39397,54252,9706,19333,708352,510218,123472,70893,157337,112608,49449,224,212
2021-07-08T23:59:59+02:00,4347,4083,45229,47051,87371,86142,81791,82036,82433,88675,85190,88506,52803,65644,42477,58619,10512,21061,115,107,23576,24147,50671,53006,47350,50859,52426,60041,68456,73374,46127,57722,39260,54088,9678,19265,706215,502446,122578,69614,157048,110067,47930,223,211
2021-07-07T23:59:59+02:00,4324,4056,44647,46454,86527,85377,81234,81553,82148,88378,84981,88342,52725,65544,42434,58555,10504,21041,103,92,22677,23228,48718,51316,45832,49722,51183,58859,67751,72839,45388,56979,39065,53850,9645,19207,703682,494236,121577,68503,156793,106952,46554,220,209
2021-07-06T23:59:59+02:00,4291,4035,44099,45929,85659,84639,80618,80959,81777,88047,84804,88166,52636,65464,42396,58493,10495,21016,94,82,21835,22348,46712,49534,44444,48471,49900,57519,67007,72119,44556,56204,38880,53611,9627,19152,701015,485235,120557,67423,156493,103986,45242,218,209
2021-07-05T23:59:59+02:00,4269,3999,42936,44929,84140,83535,79891,80339,81319,87623,84527,87901,52521,65328,42345,58415,10481,20988,83,70,20641,21272,44749,47926,43424,47510,48872,56556,66308,71501,43792,55342,38705,53386,9602,19112,697671,479225,119502,66551,156128,100895,41971,216,209
2021-07-04T23:59:59+02:00,4242,3976,41570,43698,82496,82225,79164,79736,80846,87199,84253,87697,52429,65203,42302,58363,10468,20959,80,63,19285,20062,42956,46409,42724,46765,48059,55702,65728,70931,43048,54489,38542,53195,9582,19065,694534,474558,118347,65615,155705,98278,38026,216,208
2021-07-03T23:59:59+02:00,3775,3561,39986,42130,81625,81565,78679,79250,80402,86722,84036,87525,52361,65102,42284,58311,10465,20953,76,62,18475,19367,42035,45714,42307,46388,47653,55302,65564,70765,42460,53760,38479,53096,9575,19055,690753,472617,117039,65516,155620,96686,35106,216,208
2021-07-02T23:59:59+02:00,3217,2989,38427,40624,80889,80839,78011,78543,79882,86219,83794,87321,52310,65016,42256,58264,10453,20940,67,54,17702,18630,40876,44749,41571,45689,46818,54520,65043,70314,41506,52554,38349,52908,9559,19036,685687,467522,115636,65046,155470,94182,32988,215,207
2021-07-01T23:59:59+02:00,2568,2442,36702,38952,79907,79966,77172,77710,79177,85582,83479,87045,52185,64860,42193,58162,10435,20910,56,42,16810,17689,39330,43510,40357,44628,45515,53387,64299,69733,40614,51413,38199,52699,9542,19004,679325,461068,113908,63395,155249,91406,30752,215,206
2021-06-30T23:59:59+02:00,2526,2412,35684,37926,78063,78463,75474,76221,78531,85033,83194,86752,52053,64699,42132,58065,10423,20883,47,32,15767,16698,37651,42284,39158,43523,44359,52322,63544,69101,40070,50726,38081,52499,9520,18968,673447,454906,112169,62054,155035,89516,27670,215,204
2021-06-29T23:59:59+02:00,2490,2380,34848,37016,76458,76973,73861,74807,77731,84316,82648,86259,51870,64480,42056,57934,10406,20847,34,23,14931,15785,36335,41139,38247,42697,43138,51267,62827,68516,39358,49788,37945,52280,9498,18924,667067,449702,110293,60221,154766,87565,25041,215,203
2021-06-28T23:59:59+02:00,2449,2346,34018,36190,74840,75561,72178,73410,76709,83529,82045,85760,51695,64252,41979,57828,10393,20815,25,18,14178,15020,35278,40113,37425,41967,42011,50271,62173,67968,38481,48701,37778,52057,9478,18879,660568,444839,108333,58707,154170,85359,22713,215,203
2021-06-27T23:59:59+02:00,2434,2331,33278,35437,73274,74191,70772,72203,75313,82409,81367,85205,51498,64036,41914,57710,10383,20786,20,18,13538,14380,34317,39353,36768,41367,41074,49421,61631,67525,37616,47668,37626,51878,9463,18848,654352,440918,106401,57939,153217,83095,20358,214,201
2021-06-26T23:59:59+02:00,1797,1723,32232,34321,72912,73869,70306,71739,75021,82098,81273,85127,51478,64010,41900,57700,10382,20783,20,17,13343,14168,33648,38810,36121,40944,40552,49086,60639,66516,36619,46531,37458,51665,9449,18815,649537,434919,105463,57884,153213,81151,20247,212,200
2021-06-25T23:59:59+02:00,1177,1127,31103,33131,72409,73336,69693,71046,74593,81650,80893,84802,51416,63922,41867,57657,10377,20769,17,16,13005,13775,32794,38016,35253,40124,39599,48246,59425,65282,36104,45831,37266,51364,9426,18774,643168,426484,104269,57435,153207,80086,20113,212,199
2021-06-24T23:59:59+02:00,565,569,29753,31801,71621,72576,68819,70163,73919,81017,80445,84439,51308,63793,41815,57587,10366,20736,14,13,12332,13058,31612,36720,34032,38856,38461,47130,57787,63907,35624,45314,37109,51174,9407,18715,635310,417104,102783,55874,153095,78197,19894,211,196
2021-06-23T23:59:59+02:00,538,536,29243,31237,70505,71592,67549,69022,73169,80328,79995,84035,51196,63619,41757,57491,10350,20704,12,12,11832,12520,30616,35480,33096,37633,37436,46249,55842,62187,35071,44748,36941,50948,9386,18650,629055,407300,101202,54813,152992,76944,19407,211,195
2021-06-22T23:59:59+02:00,515,519,28718,30631,69330,70557,66342,67994,72491,79623,79582,83664,51089,63493,41710,57406,10341,20678,10,11,11480,12098,29700,34549,32141,36739,36476,45344,53862,60346,34686,44272,36803,50706,9357,18592,622693,398733,99738,53239,152858,75824,19184,211,192
2021-06-21T23:59:59+02:00,483,485,28045,29938,68012,69376,65154,66864,71734,78843,79187,83271,50982,63382,41652,57318,10327,20637,9,11,11184,11777,29076,33963,31592,36170,35868,44753,52016,58687,33976,43469,36506,50283,9328,18516,615849,391145,98237,52043,152735,75145,18660,210,191
2021-06-20T23:59:59+02:00,398,404,27409,29266,66783,68236,64138,65930,70928,78102,78837,82933,50905,63254,41603,57251,10322,20604,5,10,10893,11507,28524,33460,31135,35679,35354,44230,50168,56889,33433,42787,36309,49949,9298,18456,609451,383704,96777,51292,152636,74673,18230,210,187
2021-06-19T23:59:59+02:00,366,369,27020,28889,66050,67666,63611,65423,70129,77448,78686,82809,50884,63228,41587,57235,10321,20604,5,9,10757,11306,28270,33139,30879,35353,35129,43968,48720,55495,33173,42439,36225,49809,9290,18428,605482,378286,95835,51280,152636,74478,18163,210,187
2021-06-18T23:59:59+02:00,338,335,26557,28411,65032,66925,62872,64811,69206,76611,78297,82477,50821,63154,41560,57199,10317,20596,5,9,10538,11062,27872,32714,30548,34941,34737,43569,46978,53814,32819,41923,36088,49599,9271,18394,600042,371408,94593,50990,152630,74252,18045,210,186
2021-06-17T23:59:59+02:00,308,304,25909,27788,63760,65928,61872,64002,67616,75203,77773,82072,50720,63000,41497,57118,10304,20569,5,9,10116,10697,27081,32015,29805,34261,33899,42864,45462,52315,32369,41290,35924,49343,9240,18344,593922,363939,91936,49844,152468,73862,17209,209,185
2021-06-16T23:59:59+02:00,273,265,25370,27178,62455,64794,60763,63035,65350,73274,76929,81416,50507,62792,41406,57006,10285,20536,5,7,9790,10428,26429,31340,29101,33638,33169,42228,44866,51748,32097,40924,35778,49144,9219,18303,587624,360221,87422,49136,152053,72343,16329,207,185
2021-06-15T23:59:59+02:00,234,234,24715,26451,61045,63565,59685,62053,64195,72187,76421,80996,50383,62642,41356,56911,10278,20507,5,7,9517,10144,25824,30603,28465,32882,32488,41504,43306,50114,31645,40367,35606,48910,9189,18238,580434,353479,85795,48237,151599,71088,15825,206,185
2021-06-14T23:59:59+02:00,211,202,24233,25843,59936,62518,58811,61209,63118,71182,75946,80605,50295,62519,41306,56840,10263,20482,4,7,9220,9842,25074,29714,27705,32046,31700,40689,42016,48769,31274,39866,35470,48689,9159,18186,574545,347319,84080,47219,151394,69413,15295,206,184
2021-06-13T23:59:59+02:00,206,187,23819,25372,58993,61612,58040,60421,62011,70214,75481,80183,50205,62404,41255,56780,10252,20452,4,7,8934,9535,24363,28870,26996,31206,30942,39833,40455,47180,30807,39252,35269,48383,9129,18096,569528,340243,82225,46438,151168,67636,14761,206,183
2021-06-12T23:59:59+02:00,193,169,23554,25082,58430,61104,57681,60141,61366,69577,75280,80071,50180,62373,41243,56766,10249,20448,4,7,8813,9415,23886,28292,26474,30630,30412,39271,39355,46206,30638,39074,35174,48218,9125,18085,566557,335988,81269,46435,151160,65757,14716,206,183
2021-06-11T23:59:59+02:00,174,154,23178,24639,57678,60285,57006,59512,60457,68646,74934,79766,50105,62298,41217,56730,10247,20442,4,6,8667,9217,23369,27618,25941,29973,29825,38631,38276,45194,30372,38717,35031,47997,9112,18058,561502,331120,79979,46176,151147,63894,14636,205,182
2021-06-10T23:59:59+02:00,159,137,22634,24049,56535,59347,56078,58695,59194,67472,74394,79367,50033,62191,41193,56681,10232,20413,4,6,8400,8961,22496,26675,24979,29032,28703,37692,36886,44028,30015,38236,34751,47563,9045,17982,555906,324201,77768,45468,150907,61585,14019,205,181
2021-06-09T23:59:59+02:00,139,122,21998,23444,55275,58241,55000,57781,58243,66562,73932,78974,49945,62092,41141,56619,10218,20382,4,5,8099,8698,21563,25808,24049,28151,27668,36737,35164,42235,29625,37734,34564,47293,9003,17891,550089,316742,76306,44735,150556,59680,12954,204,180
2021-06-08T23:59:59+02:00,117,104,21315,22718,53964,57109,53883,56799,57284,65707,73387,78540,49856,61968,41086,56528,10200,20352,3,4,7832,8447,20670,24920,22995,27289,26630,35774,33800,40928,29269,37228,34244,46834,8952,17807,543385,310431,75370,43963,150116,57212,11842,204,178
2021-06-07T23:59:59+02:00,100,87,20657,22078,52521,55850,52624,55820,56129,64719,72834,78135,49770,61860,41040,56465,10187,20326,2,3,7573,8222,19832,24102,21974,26480,25596,34900,32864,40142,28985,36833,33995,46408,8901,17716,536076,305794,74466,43144,149707,54663,10749,204,178
2021-06-06T23:59:59+02:00,93,82,20143,21543,51373,54738,51513,54841,55164,63766,72323,77729,49682,61781,41004,56402,10179,20310,2,3,7358,8025,19049,23207,21074,25607,24526,33913,31947,39324,28697,36491,33741,46017,8850,17642,529734,301237,73440,42403,149370,51739,9919,203,175
2021-06-05T23:59:59+02:00,87,74,19866,21229,50587,53979,50859,54337,54691,63290,72194,77617,49671,61768,41000,56399,10176,20310,2,3,7126,7612,18406,22144,20351,24495,23654,32658,30908,38004,28362,36025,33616,45842,8843,17622,525363,294939,73434,42365,149295,48355,9839,203,175
2021-06-04T23:59:59+02:00,77,68,19411,20641,49517,52962,50038,53471,54035,62502,71853,77290,49643,61731,40980,56384,10174,20305,2,2,6899,7292,17780,21295,19662,23496,22714,31376,29683,36662,28073,35657,33502,45666,8831,17601,518868,288458,73105,42296,149279,45637,9628,202,174
2021-06-03T23:59:59+02:00,67,57,18725,19939,47993,51660,48818,52337,53060,61474,71349,76830,49575,61628,40942,56336,10161,20280,2,2,6605,6892,17043,20245,18861,22348,21708,29945,28514,35174,27530,34872,33296,45338,8794,17526,511068,281706,72091,41541,149006,42411,8866,200,171
2021-06-02T23:59:59+02:00,62,53,18340,19416,46969,50665,47934,51571,52307,60711,71098,76617,49536,61594,40923,56307,10153,20266,1,2,6415,6655,16405,19551,17937,21587,20859,28993,27419,33764,27065,34265,33135,45087,8765,17456,504756,275420,72072,41527,148987,39740,8510,197,164
2021-06-01T23:59:59+02:00,52,47,17652,18668,45104,48930,46279,50113,50788,59249,70419,76017,49443,61482,40865,56235,10141,20218,1,1,6134,6336,15250,18651,16425,20621,19642,27738,26191,32366,26506,33567,32885,44735,8719,17354,495635,268909,70703,40955,148440,36367,6732,192,159
2021-05-31T23:59:59+02:00,50,43,17167,18169,43798,47783,45063,48999,49549,58122,69735,75506,49360,61380,40820,56169,10129,20180,1,1,5856,6000,14207,17816,15016,19696,18462,26620,24959,31022,25985,32848,32690,44437,8685,17253,489379,262598,69539,40410,147973,33449,4940,191,157
2021-05-30T23:59:59+02:00,44,42,16832,17773,42831,46842,44155,48095,48542,57123,69181,74961,49254,61225,40748,56053,10113,20137,1,1,5663,5755,13658,17107,14387,18996,17559,25646,23858,29850,25213,31896,32392,44018,8640,17164,483429,256621,68508,39608,147563,31165,4261,190,149
2021-05-29T23:59:59+02:00,44,41,16697,17645,42466,46522,43811,47829,48302,56932,69123,74908,49248,61218,40741,56049,10113,20136,1,1,5499,5511,13149,16306,13741,18148,16715,24478,22741,28549,25054,31662,32327,43923,8637,17157,481443,251018,68385,39608,147557,28575,4251,189,147
2021-05-28T23:59:59+02:00,43,39,16394,17336,41757,45894,43299,47262,47792,56399,68845,74614,49182,61135,40714,55999,10110,20131,1,1,5253,5124,12614,15391,13061,17284,15852,23241,21638,27109,24802,31295,32232,43790,8627,17141,477133,244962,67878,39504,147533,25636,4212,189,142
2021-05-27T23:59:59+02:00,40,36,15863,16782,40603,44904,42280,46367,46803,55507,68267,74176,49060,60975,40660,55928,10099,20092,1,1,5010,4775,11971,14569,12276,16350,14781,22048,20378,25596,24298,30557,32060,43529,8593,17058,471229,237601,66364,38698,146814,23566,3848,187,138
2021-05-26T23:59:59+02:00,38,35,15449,16341,39504,43978,41242,45493,45773,54629,67660,73664,48908,60793,40576,55763,10077,20044,1,1,4816,4573,11415,13808,11558,15502,13769,20916,18978,24000,23712,29769,31843,43183,8539,16956,466061,230322,64343,37826,145826,21503,3550,187,138
2021-05-25T23:59:59+02:00,38,34,15043,15922,38497,43089,40274,44643,44821,53704,67041,73132,48725,60553,40497,55628,10052,19991,1,1,4596,4366,10874,13164,10793,14733,12696,19676,17544,22494,23124,28989,31606,42856,8482,16861,460715,222946,62763,36882,144716,19590,3303,187,135
2021-05-24T23:59:59+02:00,38,33,14695,15594,37659,42350,39406,43969,43961,52914,66506,72648,48601,60375,40434,55504,10032,19946,1,1,4448,4237,10430,12696,10157,14152,11805,18842,16255,21225,22449,28154,31388,42524,8423,16772,456090,216022,61524,35939,143973,18972,2892,186,134
2021-05-23T23:59:59+02:00,34,33,14528,15414,37193,41975,38954,43567,43511,52508,66235,72420,48517,60283,40395,55457,10025,19922,1,1,4259,4096,9963,12220,9537,13548,10858,18024,15056,20159,21975,27582,31134,42232,8372,16686,452889,209004,61142,35857,143951,17905,2804,185,133
2021-05-22T23:59:59+02:00,32,31,14331,15198,36499,41409,38267,43111,42936,52094,65217,71402,48310,60024,40323,55343,10015,19901,1,1,4147,3799,9747,11802,9383,13224,10616,17578,14784,19757,21881,27465,31100,42190,8365,16677,446411,207771,61138,35854,143936,15986,2773,185,133
2021-05-21T23:59:59+02:00,31,30,13943,14785,35429,40500,37207,42190,41867,51190,63860,70111,48080,59688,40243,55194,9998,19868,1,1,4036,3700,9540,11537,9168,12956,10280,17247,14368,19385,21660,27179,31038,42099,8356,16669,436798,205805,60777,35548,143700,14982,2756,183,129
2021-05-20T23:59:59+02:00,28,30,13130,14040,33989,39054,35788,40794,40463,49989,62564,68961,47786,59348,40096,55012,9977,19818,1,1,3878,3522,9013,10929,8516,12248,9579,16397,13614,18420,20839,26057,30843,41801,8317,16582,426560,201427,59074,34701,142679,11928,2373,181,128
2021-05-19T23:59:59+02:00,28,29,12586,13462,32811,37645,34689,39416,39332,49027,60557,67189,47305,58791,39909,54747,9934,19712,1,1,3772,3382,8733,10556,8220,11875,9139,15890,12976,17756,19972,24926,30616,41497,8260,16467,415696,197180,57559,33887,141566,10679,2169,179,124
2021-05-18T23:59:59+02:00,26,29,12157,13000,31770,36632,33609,38503,38291,48093,58491,65321,46949,58345,39754,54506,9902,19652,1,1,3569,3214,8236,9961,7751,11334,8588,15218,12295,16987,19029,23692,30379,41154,8222,16361,407005,193069,55605,33045,140374,7884,1870,176,124
2021-05-17T23:59:59+02:00,24,28,11901,12715,31250,36076,33115,37941,37697,47460,56593,63611,46245,57521,39476,54107,9865,19579,1,1,3482,3104,7969,9684,7453,11036,8185,14803,11720,16380,18105,22557,30144,40833,8187,16286,399409,188679,54476,32299,139565,7254,1580,174,118
2021-05-16T23:59:59+02:00,24,28,11681,12459,30721,35574,32652,37449,37175,46886,54695,61779,45696,56824,39282,53789,9837,19523,1,1,3383,3001,7679,9388,7130,10694,7715,14336,11138,15792,17175,21404,29934,40542,8148,16217,392432,184385,53507,31448,138898,6664,1065,172,116
2021-05-15T23:59:59+02:00,24,28,11520,12251,30442,35241,32414,37129,36946,46623,53125,60299,45445,56519,39205,53650,9831,19495,1,1,3361,2981,7653,9358,7115,10673,7696,14321,11119,15767,17063,21188,29723,40232,8140,16207,386612,183379,53503,31447,138852,6611,1048,172,114
2021-05-14T23:59:59+02:00,24,28,11267,11960,29966,34728,32033,36667,36426,46147,51240,58459,45083,56016,39065,53444,9815,19455,1,1,3332,2955,7582,9285,7054,10598,7632,14259,10936,15566,16326,20117,29437,39742,8123,16167,378768,180424,53171,31108,138716,6470,997,171,114
2021-05-13T23:59:59+02:00,22,27,10973,11620,29315,34078,31428,36063,35746,45470,49760,56942,44650,55389,38893,53197,9788,19408,1,1,3252,2904,7451,9179,6964,10503,7528,14148,10602,15218,15263,18872,29050,39101,8080,16092,371604,176594,52155,30545,137964,6081,878,168,111
2021-05-12T23:59:59+02:00,21,25,10839,11472,29027,33755,31160,35768,35428,45154,49476,56629,44554,55281,38841,53120,9781,19369,1,0,3238,2877,7417,9143,6932,10467,7496,14106,10431,15060,14882,18435,28743,38614,8058,16045,368902,174507,52067,30534,137807,6036,757,167,111
2021-05-11T23:59:59+02:00,20,22,10473,11137,28165,32935,30337,35010,34565,44367,47735,54852,44097,54680,38667,52832,9743,19266,1,0,3146,2780,7174,8864,6703,10165,7279,13737,9951,14512,13890,17285,28324,37995,8020,15951,361945,170806,50356,29635,135906,4695,530,166,111
2021-05-10T23:59:59+02:00,19,22,10161,10847,27422,32233,29560,34315,33795,43596,46428,53577,43711,54172,38479,52530,9693,19152,1,0,3102,2733,7044,8739,6606,10045,7134,13557,9682,14208,13187,16417,27894,37379,7995,15870,355680,167966,49236,29252,134215,3851,417,164,107
2021-05-09T23:59:59+02:00,18,22,9916,10591,26732,31541,28900,33620,33073,42899,44888,52092,43210,53548,38281,52225,9656,19066,1,0,3054,2685,6917,8601,6501,9906,7019,13343,9370,13895,12388,15516,27526,36837,7975,15814,348555,165095,48165,28701,133068,3115,331,159,106
2021-05-08T23:59:59+02:00,18,22,9823,10518,26350,31240,28445,33300,32604,42591,43834,51262,43057,53385,38242,52165,9653,19060,1,0,3049,2681,6907,8595,6496,9897,7010,13331,9360,13882,12351,15453,26845,35884,7938,15738,343979,163216,48125,28673,132981,3098,325,159,106
2021-05-07T23:59:59+02:00,17,22,9675,10367,25875,30856,27987,32920,32097,42237,42788,50432,42786,53042,38132,52009,9641,19033,1,0,2980,2651,6843,8549,6439,9842,6958,13278,9186,13659,11718,14643,25897,34491,7891,15656,338817,159092,47817,28300,132822,2879,305,155,106
2021-05-06T23:59:59+02:00,15,21,9265,10070,24960,30086,26923,32118,30869,41407,41171,49215,42401,52491,37937,51767,9603,18959,1,0,2904,2602,6713,8405,6319,9712,6809,13090,8912,13354,11063,13772,24928,33105,7856,15594,330947,155274,46740,27341,131151,2129,289,151,106
2021-05-05T23:59:59+02:00,15,20,8885,9868,24076,29481,26068,31466,29784,40616,39188,47397,41953,51942,37729,51483,9546,18846,1,0,2860,2569,6592,8273,6219,9598,6706,12944,8666,13093,10347,12937,23910,31777,7827,15522,323082,151356,45888,26451,129034,1722,208,151,104
2021-05-04T23:59:59+02:00,15,19,8643,9624,23293,28834,25093,30728,28712,39776,37661,45928,41480,51355,37452,51138,9495,18723,1,0,2817,2546,6519,8201,6134,9528,6628,12857,8428,12870,9610,12072,22963,30528,7793,15459,316402,147589,44916,25645,126396,1512,105,150,103
2021-05-03T23:59:59+02:00,15,18,8428,9409,22597,28255,24260,30125,27804,39076,36702,45176,41132,50885,37236,50847,9443,18621,1,0,2768,2510,6447,8123,6054,9459,6538,12774,8200,12653,8850,11170,22041,29308,7762,15408,311529,143811,44142,24821,124145,1268,67,146,99
2021-05-02T23:59:59+02:00,15,18,8259,9244,21960,27678,23528,29533,26987,38455,35883,44538,40874,50556,37124,50660,9408,18564,1,0,2731,2486,6405,8082,6015,9424,6495,12732,8019,12479,8248,10429,21329,28438,7741,15389,306704,140612,43375,24544,123007,1135,58,140,94
2021-05-01T23:59:59+02:00,14,18,8102,9057,21584,27227,23048,28962,26344,37736,35055,43644,40607,50179,37025,50507,9402,18547,1,0,2725,2479,6380,8071,5998,9415,6477,12719,8003,12462,8211,10364,21290,28381,7737,15385,300586,140317,43373,24537,122902,1093,57,140,94
2021-04-30T23:59:59+02:00,14,17,7951,8873,21196,26803,22598,28392,25588,36947,34037,42671,40376,49857,36927,50353,9390,18524,1,0,2701,2465,6354,8053,5976,9395,6448,12698,7970,12429,8170,10295,21240,28299,7734,15375,294240,140004,43366,24461,122719,996,50,139,92
2021-04-29T23:59:59+02:00,13,17,7667,8631,20599,26225,21931,27712,24659,35982,32760,41328,39331,48454,36610,49880,9332,18396,1,0,2665,2427,6262,7943,5887,9294,6353,12557,7766,12154,7543,9566,20829,27782,7710,15300,285477,137926,42579,23228,121287,746,50,134,89
2021-04-28T23:59:59+02:00,12,16,7382,8413,20079,25761,21292,27117,23776,35134,31359,39874,38164,46861,36268,49386,9270,18254,1,0,2593,2378,6146,7821,5776,9160,6249,12401,7545,11878,6847,8715,20411,27199,7670,15229,276790,135445,41801,21921,119646,518,50,131,85
2021-04-27T23:59:59+02:00,11,16,7191,8232,19654,25331,20668,26580,22917,34350,30141,38546,37068,45413,35886,48816,9200,18127,1,0,2566,2354,6045,7722,5723,9062,6181,12275,7331,11683,6240,7979,20010,26697,7650,15206,268944,133350,40933,20972,118091,271,50,129,82
2021-04-26T23:59:59+02:00,10,16,7007,8063,19234,24908,20120,26056,22106,33592,28925,37307,36007,43990,35578,48328,9149,17999,1,0,2552,2343,5999,7680,5678,9023,6143,12230,7143,11521,5627,7245,19635,26252,7627,15178,261231,131384,40108,20126,116885,239,46,125,82
2021-04-25T23:59:59+02:00,10,15,6899,7927,18898,24636,19740,25716,21495,32967,27934,36346,34868,42557,35259,47898,9107,17917,1,0,2537,2334,5981,7653,5659,9004,6123,12203,7104,11494,5499,7061,19298,25787,7611,15133,254005,130746,39391,19382,116624,227,45,124,82
2021-04-24T23:59:59+02:00,10,15,6732,7746,18456,24211,19187,25180,20709,32165,26846,35291,34618,42243,35166,47733,9097,17905,1,0,2533,2327,5969,7643,5648,8994,6118,12199,7094,11487,5424,6946,19202,25645,7608,15125,248032,130285,39386,19341,115723,211,45,124,81
2021-04-23T23:59:59+02:00,10,15,6502,7543,18009,23733,18619,24566,19880,31349,25682,34089,33836,41072,35022,47500,9083,17882,1,0,2527,2308,5942,7622,5610,8954,6071,12153,7048,11435,5260,6668,18662,25014,7508,14955,240434,128431,39055,18993,114734,189,45,124,80
2021-04-22T23:59:59+02:00,9,14,6285,7334,17401,23145,17826,23785,18831,30324,24355,32648,32794,39716,34777,47142,9043,17803,1,0,2511,2292,5894,7569,5559,8868,5992,12074,6971,11364,4973,6245,17944,24138,7387,14759,231375,126245,38129,18020,113562,154,45,121,77
2021-04-21T23:59:59+02:00,9,13,6084,7150,16872,22674,17168,23179,17840,29422,22801,31053,31786,38476,34479,46700,8994,17714,1,0,2487,2275,5850,7511,5499,8793,5926,11972,6875,11284,4812,5972,17243,23285,7271,14576,222467,124144,37354,17246,112428,122,45,120,75
2021-04-20T23:59:59+02:00,8,12,5897,6953,16309,22200,16418,22526,16840,28418,21325,29579,30632,36981,34161,46254,8940,17614,1,0,2473,2261,5801,7472,5456,8747,5879,11903,6797,11220,4695,5815,16639,22509,7144,14395,213421,122450,36465,16528,111018,114,44,119,71
2021-04-19T23:59:59+02:00,8,12,5710,6791,15780,21775,15741,21973,15841,27541,19930,28172,29244,35332,33842,45768,8880,17496,1,0,2462,2244,5777,7438,5419,8714,5840,11857,6716,11143,4566,5654,15992,21791,7036,14233,204682,120796,35684,15861,109312,111,44,114,71
2021-04-18T23:59:59+02:00,7,12,5521,6649,15347,21450,15120,21410,14867,26744,18593,27033,27852,33680,33506,45342,8818,17407,1,0,2412,2197,5645,7312,5303,8601,5734,11705,6610,11025,4446,5468,15402,21125,6920,14051,196109,119146,34851,14591,108242,107,44,112,69
2021-04-17T23:59:59+02:00,7,11,5484,6613,15193,21374,14945,21325,14632,26566,18337,26812,27346,33134,33381,45194,8809,17392,1,0,2385,2158,5545,7158,5198,8445,5634,11518,6522,10894,4393,5405,15156,20831,6910,14037,194885,117391,34846,14587,106668,99,44,112,69
2021-04-16T23:59:59+02:00,7,11,5419,6557,15010,21221,14733,21164,14344,26319,17920,26399,26300,31904,33245,44985,8789,17369,1,0,2341,2108,5431,6970,5058,8264,5484,11275,6320,10670,4190,5170,14505,20038,6813,13892,191518,114138,34560,14188,105462,92,44,112,68
2021-04-15T23:59:59+02:00,6,10,5347,6477,14795,21009,14465,20879,13911,25968,17280,25768,24930,30286,32986,44660,8754,17287,1,0,2268,2023,5235,6734,4862,7948,5278,10955,6106,10384,3988,4918,13672,18955,6698,13725,186936,110312,33749,13244,103978,83,44,111,67
2021-04-14T23:59:59+02:00,6,10,5266,6407,14589,20808,14211,20655,13526,25634,16612,25145,23347,28496,32673,44260,8699,17193,1,0,2076,1901,5015,6473,4676,7699,5052,10706,5872,10095,3853,4711,12939,18035,6570,13511,182325,107206,32876,11791,102183,77,44,109,67
2021-04-13T23:59:59+02:00,6,10,5211,6357,14383,20678,13969,20473,13182,25335,16038,24640,21631,26638,32354,43843,8669,17084,1,0,1989,1848,4846,6283,4489,7474,4852,10451,5664,9856,3710,4542,12419,17420,6444,13348,178070,104784,31997,10674,100281,67,44,109,67
2021-04-12T23:59:59+02:00,6,9,5149,6288,14164,20483,13665,20211,12792,24918,15457,24089,20019,24691,32063,43480,8627,17009,1,0,1861,1753,4663,6123,4337,7297,4690,10258,5527,9697,3590,4385,11985,16909,6332,13186,173683,103089,30942,9332,98344,65,44,107,64
2021-04-11T23:59:59+02:00,6,9,5078,6211,13943,20285,13367,19999,12373,24564,14890,23575,18507,22908,31802,43138,8582,16927,1,0,1822,1714,4543,6011,4226,7171,4567,10127,5391,9566,3474,4264,11491,16298,6199,12978,169380,101327,29982,8351,96658,63,42,102,60
2021-04-10T23:59:59+02:00,6,9,5073,6202,13925,20269,13357,19987,12355,24545,14864,23553,17815,21984,31511,42719,8564,16900,1,0,1817,1700,4528,6000,4210,7156,4554,10113,5338,9498,3369,4149,10935,15467,6068,12780,168298,99172,29954,8351,95245,61,39,102,60
2021-04-09T23:59:59+02:00,6,9,5058,6182,13883,20221,13308,19932,12304,24486,14599,23298,16291,20089,31105,42072,8530,16857,1,0,1791,1681,4505,5984,4183,7129,4510,10075,5301,9450,3282,4028,10066,14478,5919,12581,165652,96709,29613,8101,92829,59,37,99,58
2021-04-08T23:59:59+02:00,6,9,5012,6153,13782,20146,13227,19851,12200,24382,14259,22937,14514,17871,30484,41066,8467,16733,1,0,1766,1666,4475,5930,4132,7043,4445,9994,5227,9373,3173,3923,9587,13870,5713,12334,161795,94844,28580,7666,90597,58,30,97,54
2021-04-07T23:59:59+02:00,6,9,4979,6121,13670,20061,13130,19761,12093,24274,13876,22572,12987,16013,29836,40082,8413,16632,1,0,1747,1652,4421,5861,4045,6969,4356,9910,5138,9272,3082,3828,8826,12771,5473,11927,157314,92261,27700,6888,89378,50,28,95,52
2021-04-06T23:59:59+02:00,6,9,4948,6097,13570,19995,13047,19704,12015,24210,13498,22222,11348,14005,29175,39111,8381,16561,1,0,1683,1597,4290,5732,3935,6846,4237,9760,5033,9140,2966,3708,8118,11837,5198,11560,153296,89868,26821,5647,87666,48,26,93,52
2021-04-05T23:59:59+02:00,6,8,4909,6067,13496,19928,12977,19634,11958,24130,13223,21969,9732,12051,28448,38058,8346,16498,1,0,1613,1529,4136,5579,3766,6689,4084,9609,4878,9010,2835,3591,7301,10868,4927,11168,150076,87483,25806,3982,85446,45,22,88,52
2021-04-04T23:59:59+02:00,6,8,4891,6049,13485,19903,12967,19615,11951,24110,13124,21896,8706,10788,27997,37417,8321,16441,1,0,1610,1526,4128,5573,3765,6684,4079,9605,4876,9001,2830,3582,7063,10400,4844,11042,148331,86519,25801,3981,83436,39,20,87,50
2021-04-03T23:59:59+02:00,6,8,4888,6039,13467,19884,12955,19605,11941,24100,13110,21878,7797,9720,27116,36172,8271,16329,1,0,1606,1522,4126,5568,3764,6681,4071,9593,4862,8987,2823,3568,6921,10133,4805,10960,145853,85903,25793,3981,81535,38,19,86,50
2021-04-02T23:59:59+02:00,6,8,4883,6019,13431,19857,12916,19560,11895,24051,13037,21811,7284,8973,25527,34068,8126,16059,1,0,1596,1506,4101,5543,3739,6641,4035,9532,4740,8702,2694,3411,6546,9733,4656,10754,141392,84073,25452,3753,80564,38,17,86,49
2021-04-01T23:59:59+02:00,5,8,4833,5959,13336,19714,12798,19408,11747,23897,12437,21366,6720,8262,24019,32097,8000,15818,1,0,1532,1458,3989,5423,3673,6569,3967,9465,4662,8597,2597,3269,6030,9049,4478,10477,137194,81795,24314,3344,78817,34,16,83,47
2021-03-31T23:59:59+02:00,5,8,4781,5902,13212,19559,12663,19252,11558,23717,12177,21104,6398,7888,22535,30140,7848,15588,1,0,1519,1447,3964,5399,3640,6541,3930,9418,4622,8540,2533,3193,5540,8400,4299,10238,133249,80003,23219,3127,77771,34,13,83,47
2021-03-30T23:59:59+02:00,5,8,4715,5834,13075,19409,12551,19071,11429,23552,12009,20966,6208,7673,21144,28406,7703,15382,1,0,1502,1411,3923,5365,3575,6469,3839,9305,4490,8370,2394,2989,5116,7841,4155,9982,129878,77767,22291,2884,76883,22,8,80,46
2021-03-29T23:59:59+02:00,5,8,4674,5791,12954,19314,12484,18987,11348,23443,11857,20832,6049,7474,19714,26721,7576,15179,1,0,1444,1370,3868,5318,3501,6400,3720,9161,4335,8178,2271,2849,4550,7167,3998,9705,126271,75094,21424,2670,76628,21,7,80,44
2021-03-28T23:59:59+02:00,5,8,4626,5722,12832,19172,12400,18894,11246,23343,11749,20727,5897,7266,18530,25213,7456,14982,1,0,1411,1328,3769,5210,3307,6173,3632,9043,4282,8121,2218,2784,3793,6149,3812,9434,123259,72033,20628,2372,76097,14,7,77,41
2021-03-27T23:59:59+01:00,5,8,4593,5672,12723,19008,12284,18732,11129,23139,11640,20580,5830,7180,18241,24865,7445,14964,1,0,1404,1325,3764,5206,3304,6166,3347,8692,4083,7823,2212,2781,3780,6114,3775,9369,121418,70718,20588,2372,75949,10,7,76,39
2021-03-26T23:59:59+01:00,5,7,4554,5615,12611,18816,12149,18532,10977,22909,11477,20366,5664,6966,17631,24072,7346,14813,1,0,1402,1323,3759,5199,3280,6148,3327,8672,3870,7373,2033,2375,3517,5828,3623,9130,118312,68442,20247,2365,75870,8,6,75,39
2021-03-25T23:59:59+01:00,5,7,4478,5522,12414,18574,11948,18210,10768,22581,11237,20040,5448,6678,16600,22765,7218,14622,1,0,1393,1311,3740,5174,3246,6121,3275,8634,3823,7331,1960,2262,3081,5143,3461,8822,114341,66463,19172,2265,75522,6,6,74,38
2021-03-24T23:59:59+01:00,5,7,4395,5410,12193,18120,11729,17796,10544,22189,11004,19666,5177,6329,15555,21548,7076,14394,1,0,1370,1297,3715,5130,3210,6057,3221,8562,3771,7257,1905,2205,2772,4808,3308,8548,111223,65067,18079,2023,73755,6,6,74,35
2021-03-23T23:59:59+01:00,5,7,4338,5341,12025,17778,11526,17442,10353,21821,10777,19375,5037,6130,14912,20730,6936,14219,1,0,1353,1289,3699,5109,3189,6040,3195,8511,3731,7214,1867,2146,2540,4533,3096,8219,108841,63705,17346,1981,72485,5,6,74,35
2021-03-22T23:59:59+01:00,5,7,4286,5264,11825,17444,11338,17118,10129,21497,10563,19072,4886,5920,14292,20015,6804,14035,1,0,1340,1279,3668,5077,3157,6003,3168,8454,3694,7169,1822,2091,2343,4279,2898,7881,106973,62440,16625,1840,70823,4,6,73,34
2021-03-21T23:59:59+01:00,5,7,4213,5139,11543,17030,11056,16716,9859,21042,10305,18715,4772,5748,13596,19223,6660,13828,1,0,1331,1278,3651,5061,3136,5970,3145,8427,3675,7145,1802,2061,2174,4116,2726,7609,105086,61433,15325,1835,68968,4,5,73,31
2021-03-20T23:59:59+01:00,4,7,4185,5069,11400,16701,10933,16402,9718,20746,10130,18433,4644,5588,12967,18277,6519,13611,1,0,1330,1277,3650,5059,3133,5969,3142,8422,3669,7140,1798,2056,2142,4054,2700,7566,102890,61233,15320,1835,67046,4,5,73,31
2021-03-19T23:59:59+01:00,4,6,4140,4987,11232,16339,10748,16049,9541,20365,9910,18074,4486,5392,11939,17071,6356,13400,1,0,1321,1270,3633,5030,3103,5891,3097,8327,3565,6963,1672,1945,2066,3988,2588,7357,100185,59946,14910,1831,64869,4,5,70,31
2021-03-18T23:59:59+01:00,4,6,4052,4881,10984,15913,10485,15603,9260,19898,9685,17731,4340,5226,11312,16200,6125,13133,1,0,1317,1259,3616,4995,3083,5847,3076,8271,3538,6914,1652,1912,2030,3921,2461,7146,98377,59261,13902,1739,62485,4,5,69,30
2021-03-17T23:59:59+01:00,4,6,3876,4765,10686,15501,10226,15245,9017,19535,9431,17382,4219,5059,10495,14958,5861,12708,1,0,1316,1256,3603,4978,3076,5827,3066,8237,3521,6891,1649,1888,2006,3891,2349,6961,95718,58752,12356,1725,60826,4,5,69,30
2021-03-16T23:59:59+01:00,4,6,3731,4639,10350,15037,9957,14875,8741,19090,9134,17015,4078,4891,9674,13831,5580,12350,1,0,1303,1253,3599,4971,3066,5822,3060,8225,3513,6877,1622,1862,1967,3840,2228,6779,93385,58303,11161,1647,58366,4,4,67,30
2021-03-15T23:59:59+01:00,4,6,3584,4519,10036,14576,9665,14418,8443,18615,8844,16605,3931,4723,8956,12764,5352,12024,1,0,1293,1245,3578,4959,3054,5798,3038,8186,3493,6835,1607,1848,1948,3808,2111,6590,91408,57711,9797,1644,55795,4,3,62,30
2021-03-14T23:59:59+01:00,4,6,3512,4427,9778,14147,9414,14021,8123,18123,8562,16211,3769,4536,8148,11525,5041,11559,1,0,1279,1238,3557,4941,3033,5756,3016,8107,3465,6767,1580,1794,1887,3680,1943,6191,89077,57179,8774,1021,52994,4,1,60,30
2021-03-13T23:59:59+01:00,4,6,3429,4169,9463,13482,9166,13439,7894,17538,8351,15771,3657,4429,7953,11228,4989,11467,1,0,1279,1238,3557,4941,3032,5755,3015,8106,3462,6765,1577,1793,1885,3676,1942,6190,88400,57159,8773,1021,49201,4,1,60,29
2021-03-12T23:59:59+01:00,4,6,3364,4020,9215,12949,8928,12913,7660,16901,7991,15018,3492,4257,7565,10818,4849,11277,1,0,1275,1235,3552,4927,3029,5750,3008,8098,3458,6759,1550,1764,1863,3660,1845,6009,86605,56730,8522,1019,46040,4,1,59,29
2021-03-11T23:59:59+01:00,4,6,3205,3747,8834,12192,8622,12239,7326,16114,7643,14367,3329,4052,7002,10096,4653,10970,1,0,1256,1224,3520,4883,2984,5671,2973,7975,3406,6660,1504,1710,1779,3455,1641,5474,84137,55969,8066,118,42144,3,1,53,25
2021-03-10T23:59:59+01:00,4,6,3136,3639,8344,11688,7944,11762,7007,15620,7344,13772,3172,3892,6435,9400,4476,10693,1,0,1245,1210,3490,4826,2951,5594,2937,7837,3352,6537,1462,1668,1717,3357,1519,5187,82293,54771,7510,95,38478,0,1,52,23
2021-03-09T23:59:59+01:00,4,5,3028,3460,7669,11244,7065,11286,6589,15008,6978,13166,2936,3592,5922,8760,4318,10409,1,0,1240,1207,3467,4780,2924,5529,2920,7785,3333,6491,1448,1644,1681,3315,1407,4981,79971,54071,6141,60,35274,0,1,52,21
2021-03-08T23:59:59+01:00,4,5,2854,3221,7039,10702,6256,10807,6187,14487,6580,12595,2722,3381,5315,8022,4168,10137,1,0,1234,1200,3445,4716,2899,5452,2881,7690,3301,6416,1441,1635,1678,3306,1402,4978,77143,53595,4992,58,32297,0,1,49,21
2021-03-07T23:59:59+01:00,4,5,2741,3087,6710,10206,5848,10265,5893,14040,6335,12203,2622,3289,4553,6960,3952,9853,1,0,1230,1197,3441,4711,2894,5440,2877,7673,3293,6402,1435,1621,1655,3265,1385,4934,73886,53377,4161,55,30474,0,1,44,21
2021-03-06T23:59:59+01:00,4,5,2696,2944,6526,9759,5649,9849,5418,13181,5958,11467,2600,3261,4547,6949,3949,9850,1,0,1230,1196,3437,4705,2892,5439,2876,7672,3292,6399,1434,1618,1655,3263,1384,4934,72655,53351,4161,55,27753,0,1,42,20
2021-03-05T23:59:59+01:00,4,5,2597,2684,6313,9182,5434,9456,5240,12614,5579,10483,2371,2793,4166,6567,3811,9629,1,0,1216,1193,3421,4689,2887,5426,2867,7654,3280,6380,1420,1610,1654,3259,1379,4930,70314,53192,3925,55,24646,0,1,42,18
2021-03-04T23:59:59+01:00,4,5,2515,2474,6100,8752,5275,9116,5058,12189,5402,10106,2275,2624,3607,5741,3641,9283,1,0,1204,1177,3377,4591,2855,5358,2835,7557,3249,6305,1400,1602,1640,3245,1369,4919,68246,52614,3478,54,22401,0,1,41,15
2021-03-03T23:59:59+01:00,3,5,2456,2417,5928,8340,5106,8751,4842,11739,5214,9661,2192,2518,3199,5300,3480,8987,1,0,1183,1167,3342,4545,2818,5292,2793,7458,3200,6229,1380,1575,1620,3214,1363,4901,66810,52017,3233,50,20054,0,1,40,13
2021-03-02T23:59:59+01:00,3,5,2399,2323,5771,8008,4948,8497,4677,11340,5050,9341,2122,2428,2894,4940,3261,8661,1,0,1178,1156,3323,4523,2803,5265,2776,7409,3192,6201,1375,1565,1602,3194,1360,4896,65434,51757,2973,49,18221,0,0,40,13
2021-03-01T23:59:59+01:00,3,5,2372,2292,5665,7792,4848,8352,4591,11187,4948,9166,2065,2350,2594,4616,3070,8341,1,0,1172,1153,3308,4505,2791,5236,2759,7363,3177,6173,1369,1562,1595,3185,1357,4890,64157,51534,2749,49,17313,0,0,38,13
2021-02-28T23:59:59+01:00,2,5,2319,2247,5483,7531,4675,8132,4453,11001,4837,9036,2025,2285,2297,4314,2866,8025,1,0,1163,1147,3294,4495,2784,5229,2754,7349,3170,6159,1364,1559,1587,3165,1356,4857,63029,51372,2444,49,16022,0,0,38,12
2021-02-27T23:59:59+01:00,2,5,2229,1935,5310,7107,4576,7824,4371,10653,4764,8786,1997,2224,2266,4268,2844,7973,1,0,1159,1143,3292,4493,2779,5227,2750,7346,3165,6155,1363,1559,1586,3162,1355,4856,62789,51333,2444,46,13863,0,0,38,12
2021-02-26T23:59:59+01:00,2,5,2162,1856,5165,6871,4429,7565,4219,10387,4554,8500,1868,2116,2206,4228,2735,7790,1,0,1138,1130,3276,4459,2767,5187,2739,7294,3144,6101,1357,1548,1582,3154,1354,4854,61454,51028,2438,45,12728,0,0,38,12
2021-02-25T23:59:59+01:00,2,5,2029,1752,4841,6465,4002,7114,3934,9870,4320,8118,1809,2057,2175,4170,2618,7594,1,0,1119,1112,3236,4413,2735,5136,2693,7188,3105,6008,1346,1532,1565,3113,1340,4795,60971,50383,2332,43,9535,0,0,37,11
2021-02-24T23:59:59+01:00,2,5,1995,1686,4724,6251,3898,6902,3813,9628,4197,7959,1786,2024,2144,4127,2503,7394,1,0,1106,1107,3206,4351,2700,5071,2667,7103,3076,5937,1330,1515,1541,3063,1328,4726,60421,49787,2087,31,8493,0,0,37,10
2021-02-23T23:59:59+01:00,2,5,1765,1542,4354,5765,3617,6516,3591,9248,4041,7677,1755,1991,2099,4079,2389,7209,1,0,1087,1095,3170,4323,2672,5013,2642,7027,3040,5878,1310,1495,1514,3028,1318,4671,59955,49257,2040,17,5613,0,0,37,10
2021-02-22T23:59:59+01:00,2,5,1755,1523,4304,5706,3581,6455,3524,9152,3980,7582,1721,1964,2073,4028,2268,7010,1,0,1081,1081,3148,4279,2652,4974,2617,6968,3010,5825,1298,1481,1503,3017,1310,4662,59406,48887,1899,10,5292,0,0,36,10
2021-02-21T23:59:59+01:00,2,5,1743,1517,4274,5673,3537,6417,3484,9099,3936,7531,1711,1956,2068,4018,2144,6843,1,0,1073,1070,3127,4239,2622,4923,2602,6900,2981,5738,1285,1465,1479,2956,1281,4581,59050,48305,1893,8,4980,0,0,35,10
2021-02-20T23:59:59+01:00,2,5,1739,1516,4267,5670,3534,6415,3484,9097,3933,7530,1706,1954,2066,4014,2143,6843,1,0,1073,1070,3125,4237,2622,4923,2601,6899,2981,5738,1285,1464,1478,2956,1281,4581,59031,48297,1893,8,4960,0,0,34,10
2021-02-19T23:59:59+01:00,2,5,1710,1506,4253,5651,3524,6401,3473,9087,3924,7514,1679,1925,2045,3996,2043,6660,1,0,1072,1068,3124,4236,2621,4922,2601,6896,2978,5736,1285,1463,1478,2954,1281,4581,58607,48280,1887,8,4871,0,0,33,9
2021-02-18T23:59:59+01:00,2,5,1658,1473,4159,5539,3452,6297,3385,8922,3836,7371,1656,1890,2012,3924,1910,6460,1,0,1023,1026,2984,4018,2494,4654,2491,6557,2870,5471,1252,1420,1446,2867,1252,4426,57950,46236,1797,8,4173,0,0,31,8
2021-02-17T23:59:59+01:00,2,4,1635,1443,4062,5390,3368,6144,3267,8687,3710,7169,1602,1820,1934,3819,1784,6145,0,0,965,977,2836,3796,2378,4345,2367,6147,2741,5159,1201,1357,1398,2754,1202,4248,56710,43856,1787,7,3459,0,0,29,8
2021-02-16T23:59:59+01:00,2,4,1558,1376,3900,5200,3233,5963,3158,8454,3588,7006,1579,1796,1899,3790,1663,5933,0,0,878,946,2704,3641,2281,4135,2242,5826,2611,4907,1144,1263,1251,2449,935,3618,56014,40821,1771,4,2291,0,0,26,6
2021-02-15T23:59:59+01:00,2,4,1539,1357,3851,5114,3173,5877,3101,8340,3522,6901,1567,1781,1884,3767,1654,5910,0,0,842,923,2624,3512,2207,3956,2162,5548,2523,4697,1099,1198,1158,2270,864,3388,55544,38964,1767,2,2008,0,0,25,5
2021-02-14T23:59:59+01:00,2,4,1474,1328,3769,5040,3130,5772,3046,8187,3479,6792,1547,1749,1830,3636,1595,5651,0,0,833,917,2574,3444,2167,3888,2108,5428,2457,4591,1071,1159,1068,2093,788,3138,55302,37718,1138,2,1566,0,0,25,4
2021-02-13T23:59:59+01:00,2,4,1470,1327,3760,5034,3123,5771,3042,8185,3476,6790,1546,1745,1830,3634,1593,5651,0,0,833,917,2574,3444,2167,3887,2106,5427,2456,4591,1068,1158,1067,2093,788,3138,55279,37713,1137,0,1542,0,0,25,1
2021-02-12T23:59:59+01:00,2,3,1432,1308,3723,5001,3100,5751,3020,8153,3457,6746,1530,1735,1820,3617,1584,5630,0,0,825,910,2541,3391,2133,3842,2076,5374,2438,4560,1067,1157,1066,2092,787,3136,55054,37394,1134,0,1400,0,0,24,1
2021-02-11T23:59:59+01:00,2,3,1378,1260,3608,4831,3008,5576,2922,7844,3358,6535,1470,1675,1750,3433,1492,5284,0,0,785,845,2285,2945,1905,3368,1845,4628,2166,4029,977,1085,968,1893,728,2853,54414,33305,140,0,853,0,0,22,0
2021-02-10T23:59:59+01:00,2,3,1352,1237,3546,4727,2945,5471,2879,7694,3304,6402,1451,1657,1722,3395,1478,5245,0,0,702,785,1992,2536,1694,2924,1608,4019,1908,3570,865,939,797,1513,583,2329,53763,28764,138,0,589,0,0,20,0
2021-02-09T23:59:59+01:00,2,2,1340,1218,3490,4658,2916,5402,2858,7602,3267,6333,1443,1641,1694,3372,1468,5232,0,0,652,705,1730,2188,1502,2538,1423,3519,1737,3209,833,906,772,1435,561,2213,53451,25923,133,0,334,0,0,20,0
2021-02-08T23:59:59+01:00,2,2,1326,1214,3461,4627,2897,5363,2837,7551,3247,6304,1431,1634,1684,3346,1466,5213,0,0,637,668,1579,1952,1361,2281,1291,3211,1579,2946,793,885,724,1328,528,2038,53149,23801,107,0,331,0,0,18,0
2021-02-07T23:59:59+01:00,2,2,1193,1171,3357,4572,2843,5320,2810,7513,3222,6266,1421,1617,1675,3322,1459,5180,0,0,493,522,1312,1595,1120,1832,1079,2622,1350,2422,689,756,643,1167,482,1810,52852,19894,79,0,0,0,0,14,0
2021-02-06T23:59:59+01:00,2,2,1189,1169,3355,4570,2839,5318,2803,7510,3218,6263,1420,1615,1674,3318,1458,5179,0,0,370,371,1112,1348,984,1528,937,2215,1184,2006,601,657,615,1149,480,1807,52809,17364,79,0,0,0,0,14,0
2021-02-05T23:59:59+01:00,2,1,1177,1158,3340,4548,2832,5291,2793,7468,3200,6217,1414,1607,1671,3312,1457,5179,0,0,270,212,927,1033,838,1158,762,1766,1009,1596,486,552,589,1129,477,1803,52574,14607,79,0,0,0,0,14,0
2021-02-04T23:59:59+01:00,2,1,1161,1139,3294,4497,2792,5216,2751,7339,3152,6133,1400,1592,1657,3278,1447,5151,0,0,141,85,626,665,548,740,523,1160,668,998,305,371,484,982,432,1639,51932,10367,56,0,0,0,0,14,0
2021-02-03T23:59:59+01:00,2,1,1139,1133,3267,4454,2763,5175,2728,7290,3122,6077,1390,1581,1631,3238,1440,5098,0,0,120,69,496,514,416,597,418,914,512,751,252,291,379,767,334,1275,51465,8105,51,0,0,0,0,13,0
2021-02-02T23:59:59+01:00,2,1,1117,1119,3231,4423,2731,5122,2703,7216,3087,6014,1365,1553,1595,3182,1414,5002,0,0,111,60,414,415,345,519,368,824,459,669,232,268,333,694,306,1139,50815,7156,50,0,0,0,0,12,0
2021-02-01T23:59:59+01:00,2,1,1101,1108,3211,4371,2703,5061,2672,7090,3056,5919,1345,1524,1569,3144,1397,4937,0,0,83,45,314,310,253,392,276,617,328,504,193,219,262,554,238,892,50150,5480,50,0,0,0,0,11,0
2021-01-31T23:59:59+01:00,2,1,1094,1098,3196,4341,2678,5017,2656,7035,3043,5875,1333,1507,1546,3078,1369,4852,0,0,73,43,288,286,228,345,254,573,298,464,172,200,216,453,195,724,49660,4812,50,0,0,0,0,11,0
2021-01-30T23:59:59+01:00,2,1,1093,1098,3193,4337,2677,5017,2655,7034,3043,5874,1333,1506,1545,3078,1369,4852,0,0,72,39,279,272,215,330,249,562,294,458,171,197,215,453,195,724,49649,4725,47,0,0,0,0,11,0
2021-01-29T23:59:59+01:00,2,1,1092,1096,3192,4334,2677,5015,2655,7032,3040,5872,1333,1506,1545,3077,1369,4852,0,0,65,35,261,257,192,310,233,545,283,448,165,193,211,447,194,722,49632,4561,47,0,0,0,0,11,0
2021-01-28T23:59:59+01:00,2,1,1070,1077,3125,4232,2623,4906,2597,6876,2974,5742,1317,1484,1529,3009,1346,4726,0,0,55,18,165,153,128,187,164,360,208,284,132,150,165,284,117,433,48583,3003,44,0,0,0,0,9,0
2021-01-27T23:59:59+01:00,2,1,1024,1038,3042,4090,2542,4728,2503,6594,2890,5541,1285,1439,1488,2915,1309,4574,0,0,26,6,101,70,59,92,85,211,119,150,101,118,121,214,90,313,46962,1876,34,0,0,0,0,9,0
2021-01-26T23:59:59+01:00,1,1,947,1010,2925,3956,2463,4544,2421,6415,2820,5386,1258,1389,1398,2762,1085,4169,0,0,25,6,96,69,58,91,83,211,117,149,99,117,120,214,90,313,44921,1858,22,0,0,0,0,7,0
2021-01-25T23:59:59+01:00,1,1,929,993,2844,3828,2419,4397,2361,6220,2761,5236,1239,1367,1384,2735,1072,4133,0,0,25,6,94,69,56,89,83,211,117,147,99,116,120,214,90,313,43899,1849,15,0,0,0,0,6,0
2021-01-24T23:59:59+01:00,1,1,919,989,2824,3812,2408,4365,2335,6181,2728,5175,1226,1360,1375,2711,1058,4099,0,0,25,6,94,69,56,88,83,210,116,147,98,116,120,214,90,313,43550,1845,11,0,0,0,0,6,0
2021-01-23T23:59:59+01:00,1,1,919,989,2824,3811,2408,4364,2334,6180,2727,5175,1223,1359,1374,2711,1058,4099,0,0,25,6,94,69,56,88,83,210,116,147,98,116,120,214,90,311,43545,1843,9,0,0,0,0,3,0
2021-01-22T23:59:59+01:00,1,1,912,982,2793,3765,2374,4299,2302,6105,2706,5128,1221,1357,1373,2709,1057,4096,0,0,25,6,94,69,56,88,83,210,116,147,98,116,120,214,90,311,43171,1843,9,0,0,0,0,1,0
2021-01-21T23:59:59+01:00,1,1,896,914,2536,3354,2173,3884,2121,5494,2482,4645,1164,1311,1323,2589,1021,3938,0,0,21,6,83,63,52,72,70,170,96,134,88,100,100,154,74,235,39837,1518,9,0,0,0,0,1,0
2021-01-20T23:59:59+01:00,1,1,815,849,2226,2947,1967,3423,1890,4886,2227,4170,1050,1171,1151,2235,886,3414,0,0,21,6,83,63,52,71,69,170,95,134,88,100,100,154,72,235,35300,1513,9,0,0,0,0,0,0
2021-01-19T23:59:59+01:00,1,1,752,770,1932,2500,1727,2966,1656,4226,1984,3696,976,1074,1023,1946,778,3032,0,0,10,3,50,45,33,44,35,100,44,77,40,37,50,83,44,152,31033,847,7,0,0,0,0,0,0
2021-01-18T23:59:59+01:00,1,1,677,710,1702,2104,1489,2493,1410,3542,1731,3192,890,988,917,1730,722,2749,0,0,5,2,19,11,13,21,17,54,17,33,20,22,26,56,31,82,27044,429,4,0,0,0,0,0,0
2021-01-17T23:59:59+01:00,0,1,499,549,1386,1702,1211,1962,1156,2809,1449,2569,749,831,763,1438,598,2354,0,0,0,1,4,2,0,0,0,0,0,0,1,0,0,0,0,0,22023,8,3,0,0,0,0,0,0
2021-01-16T23:59:59+01:00,0,0,379,399,1204,1458,1091,1676,1016,2412,1292,2162,662,734,735,1421,596,2353,0,0,0,0,0,0,0,0,0,0,0,0,0,0,0,0,0,0,19588,0,2,0,0,0,0,0,0
2021-01-15T23:59:59+01:00,0,0,276,238,1019,1160,942,1331,848,1967,1115,1760,543,623,696,1386,583,2312,0,0,0,0,0,0,0,0,0,0,0,0,0,0,0,0,0,0,16798,0,1,0,0,0,0,0,0
2021-01-14T23:59:59+01:00,0,0,159,105,706,778,650,863,613,1310,751,1139,353,434,571,1199,523,2061,0,0,0,0,0,0,0,0,0,0,0,0,0,0,0,0,0,0,12215,0,0,0,0,0,0,0,0
2021-01-13T23:59:59+01:00,0,0,133,85,596,611,526,697,496,1052,594,874,297,358,482,1014,450,1756,0,0,0,0,0,0,0,0,0,0,0,0,0,0,0,0,0,0,10021,0,0,0,0,0,0,0,0
2021-01-12T23:59:59+01:00,0,0,123,69,512,521,450,596,430,921,523,768,262,309,394,817,376,1371,0,0,0,0,0,0,0,0,0,0,0,0,0,0,0,0,0,0,8442,0,0,0,0,0,0,0,0
2021-01-11T23:59:59+01:00,0,0,94,56,416,427,365,485,345,745,419,595,228,258,327,684,307,1158,0,0,0,0,0,0,0,0,0,0,0,0,0,0,0,0,0,0,6909,0,0,0,0,0,0,0,0
2021-01-10T23:59:59+01:00,0,0,79,48,352,354,298,402,292,648,349,527,199,227,262,544,245,903,0,0,0,0,0,0,0,0,0,0,0,0,0,0,0,0,0,0,5729,0,0,0,0,0,0,0,0
2021-01-09T23:59:59+01:00,0,0,78,46,336,333,274,381,284,632,341,520,198,226,261,542,245,903,0,0,0,0,0,0,0,0,0,0,0,0,0,0,0,0,0,0,5600,0,0,0,0,0,0,0,0
2021-01-08T23:59:59+01:00,0,0,72,38,301,298,229,340,255,589,314,480,180,206,236,482,224,799,0,0,0,0,0,0,0,0,0,0,0,0,0,0,0,0,0,0,5043,0,0,0,0,0,0,0,0
2021-01-07T23:59:59+01:00,0,0,58,24,211,197,160,241,196,424,244,343,150,167,181,317,150,513,0,0,0,0,0,0,0,0,0,0,0,0,0,0,0,0,0,0,3576,0,0,0,0,0,0,0,0
2021-01-06T23:59:59+01:00,0,0,46,14,164,118,113,160,145,297,179,244,118,135,139,250,107,367,0,0,0,0,0,0,0,0,0,0,0,0,0,0,0,0,0,0,2596,0,0,0,0,0,0,0,0
2021-01-05T23:59:59+01:00,0,0,28,7,98,71,59,93,88,214,118,152,108,125,130,231,106,341,0,0,0,0,0,0,0,0,0,0,0,0,0,0,0,0,0,0,1969,0,0,0,0,0,0,0,0
2021-01-04T23:59:59+01:00,0,0,26,7,97,70,56,90,88,214,118,150,108,123,129,231,106,341,0,0,0,0,0,0,0,0,0,0,0,0,0,0,0,0,0,0,1954,0,0,0,0,0,0,0,0
2021-01-03T23:59:59+01:00,0,0,26,7,97,70,56,89,88,213,117,150,107,123,129,231,106,341,0,0,0,0,0,0,0,0,0,0,0,0,0,0,0,0,0,0,1950,0,0,0,0,0,0,0,0
2021-01-02T23:59:59+01:00,0,0,26,7,97,70,56,89,87,213,116,150,107,123,129,231,106,340,0,0,0,0,0,0,0,0,0,0,0,0,0,0,0,0,0,0,1947,0,0,0,0,0,0,0,0
2021-01-01T23:59:59+01:00,0,0,26,7,97,70,56,89,87,213,115,149,107,123,129,231,106,340,0,0,0,0,0,0,0,0,0,0,0,0,0,0,0,0,0,0,1945,0,0,0,0,0,0,0,0
2020-12-31T23:59:59+01:00,0,0,26,7,97,70,56,89,87,213,114,149,107,123,129,231,106,340,0,0,0,0,0,0,0,0,0,0,0,0,0,0,0,0,0,0,1944,0,0,0,0,0,0,0,0
2020-12-30T23:59:59+01:00,0,0,26,7,97,70,55,89,86,213,114,149,107,123,129,231,105,340,0,0,0,0,0,0,0,0,0,0,0,0,0,0,0,0,0,0,1941,0,0,0,0,0,0,0,0
2020-12-29T23:59:59+01:00,0,0,14,2,65,53,33,60,50,138,64,91,53,54,74,142,65,232,0,0,0,0,0,0,0,0,0,0,0,0,0,0,0,0,0,0,1190,0,0,0,0,0,0,0,0
2020-12-28T23:59:59+01:00,0,0,5,2,36,25,20,30,21,67,25,41,23,22,27,51,34,82,0,0,0,0,0,0,0,0,0,0,0,0,0,0,0,0,0,0,511,0,0,0,0,0,0,0,0
2020-12-27T23:59:59+01:00,0,0,1,0,8,5,8,2,1,5,0,2,1,1,2,2,4,6,0,0,0,0,0,0,0,0,0,0,0,0,0,0,0,0,0,0,48,0,0,0,0,0,0,0,0
