Datum,<15_m,<15_w,15-24_1_m,15-24_1_w,25-34_1_m,25-34_1_w,35-44_1_m,35-44_1_w,45-54_1_m,45-54_1_w,55-64_1_m,55-64_1_w,65-74_1_m,65-74_1_w,75-84_1_m,75-84_1_w,>84_1_m,>84_1_w,<24_2_m,<24_2_w,25-34_2_m,25-34_2_w,35-44_2_m,35-44_2_w,45-54_2_m,45-54_2_w,55-64_2_m,55-64_2_w,65-74_2_m,65-74_2_w,75-84_2_m,75-84_2_w,>84_2_m,>84_2_w,bp_1,bp_2,mo_1,mo_2,az_1,az_2,ja,unb_1,unb_2
2021-09-08T23:59:59+02:00,35246,32892,271355,260849,377935,348089,394201,386979,458452,467652,511579,512913,349612,390274,245022,313885,72098,132059,244457,235283,354433,322590,373439,362694,437341,443353,491529,492508,338913,377982,237618,303669,69243,126065,3964574,3736003,519718,496822,808065,761189,269356,493,404
2021-09-07T23:59:59+02:00,34888,32572,270375,259948,377151,347338,393586,386329,457936,467147,511156,512537,349431,390079,244930,313729,72070,132003,243611,234526,353666,321936,372822,362164,436862,442871,491111,492142,338724,377780,237540,303544,69219,126018,3958735,3731238,519488,496505,808053,761020,267550,493,404
2021-09-06T23:59:59+02:00,34499,32168,269278,258869,376229,346405,392910,385557,457357,466525,510724,512110,349213,389839,244843,313609,72044,131935,242860,233788,352939,321291,372218,361584,436413,442384,490708,491775,338516,377578,237464,303420,69192,125964,3951640,3726519,519351,496273,808010,760905,265734,493,404
2021-09-05T23:59:59+02:00,34351,32021,268874,258453,375914,346062,392621,385243,457124,466296,510545,511938,349142,389749,244803,313547,72028,131914,242427,233387,352541,320912,371875,361280,436153,442144,490512,491574,338421,377466,237422,303358,69175,125936,3949085,3723931,519258,496014,807984,760775,264919,493,404
2021-09-04T23:59:59+02:00,34293,31984,268712,258327,375790,345933,392489,385137,457047,466210,510493,511892,349131,389731,244796,313535,72028,131913,242268,233245,352377,320753,371729,361163,436061,442043,490447,491526,338399,377446,237413,303346,69175,125935,3948375,3723157,519205,495881,807979,760755,264503,493,404
2021-09-03T23:59:59+02:00,33975,31677,267828,257529,375053,345282,391902,384551,456469,465733,510036,511558,348963,389555,244733,313429,72005,131879,241269,232410,351592,320059,371067,360520,435422,441471,489966,491118,338207,377250,237330,303242,69155,125908,3944050,3718960,518537,494425,807949,760683,262241,493,404
2021-09-02T23:59:59+02:00,33618,31349,266790,256669,374211,344467,391176,383814,455796,465113,509507,511139,348702,389309,244610,313256,71980,131802,240255,231622,350725,319305,370345,359829,434725,440858,489406,490666,337962,376995,237227,303094,69131,125835,3938225,3713900,518259,493956,807913,760366,259531,493,404
2021-09-01T23:59:59+02:00,33293,30987,265957,255846,373476,343804,390664,383278,455338,464646,509129,510803,348530,389119,244525,313142,71956,131742,239186,230586,349880,318477,369684,359145,434129,440267,488896,490201,337741,376742,237105,302944,69107,125783,3932893,3707285,518078,493428,807882,760154,258002,493,401
2021-08-31T23:59:59+02:00,32898,30648,265100,254952,372764,343108,390105,382709,454845,464171,508693,510442,348339,388931,244431,312999,71925,131703,238245,229715,349096,317749,369036,358524,433590,439770,488388,489810,337542,376539,237020,302806,69076,125729,3927475,3702107,517889,493047,807856,759745,256162,493,401
2021-08-30T23:59:59+02:00,32357,30169,263819,253797,371790,342210,389301,381909,454104,463474,508137,509953,348114,388720,244338,312849,71890,131635,237105,228751,348116,316874,368264,357801,432901,439203,487839,489310,337299,376305,236899,302632,69038,125655,3920141,3696230,517774,492612,807812,759495,253457,493,401
2021-08-29T23:59:59+02:00,32171,29981,263257,253301,371321,341801,388924,381580,453812,463189,507909,509732,348019,388612,244289,312785,71880,131611,236397,228124,347517,316338,367771,357342,432481,438834,487534,489052,337162,376153,236839,302562,69021,125631,3917101,3692424,517658,492217,807786,759240,252246,493,401
2021-08-28T23:59:59+02:00,32082,29889,263034,253124,371147,341649,388769,381460,453689,463072,507836,509682,347996,388591,244278,312773,71879,131608,236081,227868,347272,316148,367553,357180,432300,438671,487412,488961,337122,376114,236819,302537,69020,125627,3916078,3690870,517618,492102,807780,759215,251699,493,401
2021-08-27T23:59:59+02:00,31855,29641,262384,252561,370641,341141,388302,381016,453241,462680,507474,509404,347869,388459,244221,312689,71861,131588,235480,227378,346669,315654,367089,356760,431857,438323,487116,488718,336993,376000,236768,302476,69011,125620,3912331,3687723,517550,491890,807716,759159,250046,493,401
2021-08-26T23:59:59+02:00,31479,29255,261393,251589,369805,340334,387559,380285,452569,462015,506938,508928,347638,388206,244098,312574,71832,131527,234033,226044,345467,314493,366010,355782,431004,437545,486468,488153,336717,375693,236610,302311,68984,125576,3906232,3679599,517309,491256,807669,758806,247429,493,400
2021-08-25T23:59:59+02:00,31123,28927,260487,250746,369071,339576,386917,379596,451944,461431,506392,508486,347405,387955,243975,312418,71797,131460,232033,224209,344011,313118,364849,354604,430022,436597,485686,487447,336344,375308,236463,302081,68941,125491,3900645,3667893,517184,490850,807641,758658,244852,492,397
2021-08-24T23:59:59+02:00,30824,28671,259774,249993,368480,338963,386392,379036,451474,460940,506000,508132,347203,387740,243868,312261,71770,131390,230838,223161,343060,312211,364077,353868,429361,435963,485136,486910,336075,375006,236334,301924,68918,125428,3895914,3660833,516899,490410,807623,758358,243091,492,392
2021-08-23T23:59:59+02:00,30309,28151,258395,248695,367459,338055,385568,378259,450704,460267,505359,507572,346928,387461,243731,312073,71743,131331,229366,221856,341757,311157,363133,353022,428510,435222,484443,486344,335777,374676,236201,301737,68892,125369,3888581,3653521,516757,489940,807589,758078,239747,492,392
2021-08-22T23:59:59+02:00,30169,28039,257993,248333,367115,337736,385299,377997,450472,460025,505176,507427,346836,387368,243692,312015,71727,131305,228652,221185,341079,310506,362601,352526,428079,434818,484125,486083,335619,374501,236139,301635,68873,125332,3886411,3649191,516618,489485,807550,757780,238758,492,392
2021-08-21T23:59:59+02:00,29922,27836,257502,247874,366803,337418,385048,377741,450269,459852,505029,507290,346783,387312,243670,311977,71724,131296,227915,220535,340599,310112,362206,352122,427715,434513,483898,485893,335535,374434,236113,301592,68867,125320,3883891,3646247,516478,488286,807543,757724,238047,492,392
2021-08-20T23:59:59+02:00,29734,27639,256847,247219,366070,336802,384381,377222,449680,459362,504561,506973,346642,387157,243615,311882,71708,131263,226121,218926,339208,308934,361097,351173,426768,433721,483185,485348,335297,374187,236013,301474,68843,125291,3880469,3638081,516162,487137,807531,757358,235207,492,392
2021-08-19T23:59:59+02:00,29409,27330,255885,246382,365095,336033,383613,376541,448974,458745,504009,506495,346408,386899,243508,311736,71675,131192,223376,216503,336917,307122,359405,349707,425382,432464,482039,484396,334883,373766,235822,301235,68809,125221,3875083,3623833,515809,485385,807500,756891,232149,491,391
2021-08-18T23:59:59+02:00,29129,27072,255094,245684,364408,335430,383044,375974,448386,458259,503539,506093,346141,386663,243391,311589,71644,131127,220920,213995,334880,305371,357780,348068,423873,431151,480907,483370,334371,373221,235593,300946,68762,125128,3870055,3610680,515638,481496,807476,756514,230109,491,391
2021-08-17T23:59:59+02:00,28815,26797,254313,244980,363801,334764,382491,375433,447911,457791,503116,505680,345945,386459,243277,311461,71618,131076,218173,211254,332817,303548,356103,346612,422449,429890,479789,482393,333894,372686,235366,300665,68712,125054,3865136,3595745,515340,478727,807449,756084,228413,491,390
2021-08-16T23:59:59+02:00,28534,26540,253625,244338,363237,334214,382034,374978,447482,457355,502702,505317,345763,386255,243182,311301,71587,131036,215019,208197,330536,301444,354597,345176,421254,428767,478850,481557,333513,372253,235185,300396,68674,124968,3860794,3578476,515189,478030,807426,755737,226680,491,389
2021-08-15T23:59:59+02:00,28340,26379,253141,243899,362819,333830,381681,374646,447188,457105,502465,505129,345652,386141,243135,311221,71576,131015,211021,204149,328654,299840,353344,343964,420239,427836,478070,480903,333184,371921,235067,300220,68650,124918,3857999,3560947,515053,477121,807393,755414,225526,491,388
2021-08-14T23:59:59+02:00,28275,26322,252900,243701,362589,333655,381507,374498,447033,456976,502349,505023,345603,386109,243117,311198,71573,131011,209954,203054,327842,299080,352633,343295,419750,427379,477686,480583,333045,371794,235029,300163,68641,124901,3856838,3554297,514983,476758,807389,755339,224838,491,388
2021-08-13T23:59:59+02:00,28021,26080,252200,243115,362092,333232,381075,374073,446600,456617,502014,504768,345475,385960,243052,311123,71561,130983,208076,201274,326424,297773,351373,342111,418708,426443,476937,479947,332804,371506,234916,300021,68623,124849,3853052,3542410,514913,476162,807379,755148,223311,486,388
2021-08-12T23:59:59+02:00,27825,25857,251480,242482,361477,332651,380550,373595,446072,456180,501597,504419,345295,385762,242951,311021,71549,130935,205492,199012,323548,295252,349371,340322,417209,425209,475722,478891,332363,370979,234673,299745,68583,124767,3849139,3525085,514728,474999,807345,754126,221099,486,386
2021-08-11T23:59:59+02:00,27593,25608,250758,241803,360862,332081,380032,373123,445617,455763,501192,503997,345070,385525,242838,310889,71522,130884,202459,196035,320373,292321,347207,338263,415716,423808,474446,477607,331828,370345,234427,299346,68535,124646,3844369,3503321,514516,473936,807306,753191,219581,484,385
2021-08-10T23:59:59+02:00,27352,25352,249930,241079,360165,331542,379500,372580,445125,455292,500746,503605,344882,385331,242753,310752,71499,130840,198271,191924,315720,288130,344238,335500,413606,421868,472864,476158,331155,369679,234139,298944,68480,124530,3839346,3473306,514238,472859,807272,752044,218084,484,385
2021-08-09T23:59:59+02:00,27160,25154,249311,240512,359597,331074,379070,372205,444723,454955,500408,503326,344726,385185,242687,310643,71479,130805,193740,187345,310025,283388,341487,333016,411704,420103,471250,474701,330525,368995,233875,298577,68424,124398,3835724,3443018,514061,470117,807244,750960,216606,484,384
2021-08-08T23:59:59+02:00,26992,25000,248834,240114,359211,330727,378732,371925,444430,454706,500170,503136,344621,385082,242626,310564,71462,130772,192400,185983,308408,282061,340186,331866,410844,419352,470690,474192,330270,368729,233752,298412,68399,124348,3833226,3433989,513909,468763,807195,750484,215389,484,384
2021-08-07T23:59:59+02:00,26842,24826,248310,239664,358817,330394,378397,371643,444137,454471,499945,502963,344550,384989,242591,310515,71454,130761,188737,182397,306368,280215,338473,330349,409516,418091,469767,473403,329918,368359,233622,298224,68365,124312,3830383,3414429,513802,467432,807185,750270,214514,484,381
2021-08-06T23:59:59+02:00,26619,24592,247441,239002,358043,329787,377732,371068,443483,453950,499414,502574,344315,384784,242492,310400,71443,130739,185006,178854,302916,277425,336355,328523,407919,416760,468473,472439,329540,367974,233462,298070,68341,124266,3827833,3395193,512443,465708,807175,749177,211042,484,380
2021-08-05T23:59:59+02:00,26299,24269,246270,238072,357156,328929,376921,370348,442750,453278,498752,502040,344034,384486,242378,310226,71402,130676,180544,174913,297546,273047,332253,324983,405125,414282,466226,470656,328874,367275,233201,297701,68282,124156,3821543,3367382,512187,461016,807115,745481,208055,484,380
2021-08-04T23:59:59+02:00,25926,23926,245128,237087,356165,328023,376148,369640,442130,452683,498183,501520,343762,384218,242259,310056,71376,130606,177077,171616,293787,269925,327849,321084,402876,412194,464529,469111,328183,366580,232930,297354,68224,124055,3815098,3340295,511843,459255,807080,743734,205432,476,379
2021-08-03T23:59:59+02:00,25461,23506,243766,235908,355269,327202,375446,368957,441483,452027,497589,500990,343470,383920,242133,309881,71333,130539,173597,168177,289693,266288,322746,316486,400141,409643,462207,467021,327356,365720,232583,296890,68158,123918,3807200,3308293,511687,457384,807043,741664,203566,476,379
2021-08-02T23:59:59+02:00,25144,23199,242717,234946,354425,326449,374754,368364,440920,451489,497073,500543,343210,383646,242018,309731,71307,130480,169964,164586,285004,262329,316883,311539,397394,407092,459980,465032,326585,364888,232289,296493,68096,123801,3800890,3274892,511441,455400,806987,739137,201712,476,378
2021-08-01T23:59:59+02:00,24991,23012,242090,234344,353835,325946,374318,367978,440488,451171,496730,500266,343073,383483,241943,309614,71294,130453,168416,163139,282519,260336,312256,307824,395537,405521,458505,463786,326160,364408,232123,296276,68069,123742,3797245,3257028,511141,453258,806900,736692,200356,476,376
2021-07-31T23:59:59+02:00,24881,22907,241749,234025,353556,325725,374080,367812,440301,451019,496624,500167,343040,383445,241923,309601,71293,130448,164648,159302,279699,257795,310173,305833,394141,404238,457358,462798,325842,364032,231989,296104,68043,123696,3795647,3234141,510952,452321,806896,735901,199714,476,376
2021-07-30T23:59:59+02:00,24594,22650,240959,233311,352983,325196,373596,367350,439842,450620,496266,499877,342902,383305,241879,309522,71280,130432,160909,155537,276301,254691,307152,303023,391916,402128,455519,461218,325334,363503,231780,295812,68010,123639,3791588,3209107,510594,451121,806879,732709,198116,476,376
2021-07-29T23:59:59+02:00,24247,22311,239420,232044,351827,324124,372635,366444,438994,449830,495458,499253,342572,382995,241744,309342,71243,130367,156063,151065,270926,250515,301255,298248,387573,398647,452473,458818,324501,362661,231470,295404,67949,123541,3784044,3175256,509924,446276,806797,727609,194697,475,376
2021-07-28T23:59:59+02:00,23946,22026,238273,231011,350947,323288,371891,365762,438364,449169,494893,498766,342320,382698,241613,309159,71209,130296,152309,147422,266442,246866,296825,294302,384311,395801,450390,456976,323845,361906,231209,295019,67884,123418,3777349,3144601,509393,444358,806717,724977,192785,474,373
2021-07-27T23:59:59+02:00,23677,21802,237266,230042,350106,322552,371198,365176,437781,448555,494367,498311,342079,382397,241480,308965,71174,130198,147288,142301,260528,241729,291526,289546,380300,392108,447217,454174,322864,360807,230846,294516,67794,123262,3771095,3103056,508843,442065,806661,721240,191141,473,372
2021-07-26T23:59:59+02:00,23445,21563,236295,229070,349322,321851,370602,364628,437226,448071,493917,497947,341851,382158,241353,308809,71151,130141,142939,137913,254984,236946,286356,285075,375841,388157,443704,451149,321911,359845,230518,294038,67720,123125,3765454,3063671,508217,439812,806582,716893,189758,472,372
2021-07-25T23:59:59+02:00,23086,21262,234952,227917,348381,321088,369926,363968,436654,447534,493461,497545,341655,381945,241266,308679,71130,130078,141093,136163,252305,234733,283859,282984,373707,386388,441631,449369,321402,359334,230319,293810,67695,123048,3758405,3048713,507840,437638,806518,712543,188374,472,372
2021-07-24T23:59:59+02:00,22837,21066,234023,227059,347662,320437,369351,363447,436125,447096,493100,497268,341538,381848,241224,308617,71127,130067,138199,133364,249573,232414,281298,280776,371451,384533,440395,448386,321055,358998,230175,293632,67676,123014,3754396,3030388,507072,434631,806502,712206,186531,472,372
2021-07-23T23:59:59+02:00,22420,20679,232520,225723,346340,319503,368306,362586,435249,446309,492403,496737,341303,381578,241135,308504,71106,130031,132720,128521,244206,228119,276824,276991,367763,381341,437750,446189,320357,358276,229921,293322,67622,122933,3746954,2994892,506601,432859,806447,710070,183037,472,371
2021-07-22T23:59:59+02:00,21916,20203,230418,223751,344594,317968,366805,361300,433938,445169,491424,495843,340883,381130,240966,308260,71061,129951,128381,124473,238214,223612,270446,271932,360876,375853,432295,441694,319188,357025,229494,292805,67528,122782,3734541,2952886,505015,426881,806321,703761,180305,471,371
2021-07-21T23:59:59+02:00,21408,19684,228540,221938,342903,316444,365187,359731,432363,443783,490204,494679,340334,380609,240719,307976,71008,129856,124623,120908,232761,219377,264926,267409,352750,368930,427692,437955,318071,355876,229034,292240,67447,122603,3723577,2917426,501267,416007,806098,698982,177022,471,368
2021-07-20T23:59:59+02:00,21105,19405,227073,220470,341671,315280,364226,358862,431509,442996,489489,494040,339995,380241,240574,307755,70981,129767,120290,116675,226414,214208,259102,262239,345637,362831,423002,433649,316979,354622,228621,291658,67352,122422,3714313,2873694,500862,408794,805968,694597,174892,471,367
2021-07-19T23:59:59+02:00,20789,19110,225344,218780,340362,314031,363195,357889,430701,442224,488818,493424,339699,379880,240425,307524,70937,129670,117541,114078,222040,210618,254492,258287,341927,359660,420386,431472,316259,353895,228330,291268,67279,122298,3703765,2848702,500443,403416,805880,690278,173309,471,367
2021-07-18T23:59:59+02:00,20636,18979,224049,217509,338753,312606,362132,356971,429887,441503,488280,492883,339466,379595,240296,307347,70915,129608,116045,112692,219388,208440,252136,256193,339677,357813,418355,429783,315778,353412,228170,291050,67258,122231,3694357,2836442,499906,399146,805806,686585,171939,471,365
2021-07-17T23:59:59+02:00,20242,18557,222896,216455,338176,312067,361545,356460,429369,441054,487868,492594,339362,379478,240254,307292,70912,129598,113974,110591,216932,206138,249677,254000,337255,355681,416908,428521,315443,353022,228035,290883,67234,122191,3688799,2818950,499703,396426,805793,685800,170478,468,365
2021-07-16T23:59:59+02:00,19699,18044,220345,214313,336436,310772,360040,355169,427903,439849,486770,491731,338957,379108,240081,307134,70887,129561,110862,107789,212169,202207,245145,250362,332961,351985,413564,425802,314524,352096,227685,290467,67180,122109,3678596,2791282,498945,394074,805632,681987,164216,468,364
2021-07-15T23:59:59+02:00,19057,17418,217563,211889,334529,309070,358455,353732,426571,438666,485830,490881,338559,378682,239879,306878,70845,129457,106959,104580,203815,195970,237658,244762,326366,346755,406503,419369,312796,350290,227142,289801,67109,121911,3663569,2744781,498344,385652,805513,674569,161120,468,364
2021-07-14T23:59:59+02:00,18210,16693,215124,209565,332834,307539,357055,352393,425354,437467,484803,489925,338108,378220,239641,306566,70791,129371,103356,101251,197354,190818,231951,240098,322078,343282,402335,415744,311487,348980,226739,289243,67029,121757,3648669,2711220,497761,380121,805384,667772,158427,467,361
2021-07-13T23:59:59+02:00,17560,16036,212935,207537,331233,306166,355722,351172,424182,436379,483841,489066,337671,377747,239438,306321,70756,129279,99602,97716,190873,185423,224823,234041,315407,337222,393945,407891,309698,347058,226138,288454,66919,121557,3634847,2668486,497204,367450,805227,658305,156343,465,356
2021-07-12T23:59:59+02:00,16542,15104,209657,204359,329173,304439,354145,349705,422940,435178,482862,488165,337256,377279,239259,306091,70716,129202,96510,94998,185595,181128,217845,228367,308576,331193,388851,403620,307973,345196,225548,287722,66820,121388,3616398,2630220,496649,360319,805047,649896,154557,464,355
2021-07-11T23:59:59+02:00,16034,14629,208301,203087,328437,303728,353484,349083,422377,434676,482417,487824,337069,377076,239199,305986,70695,129162,95091,93712,182829,178822,214853,226082,305889,329042,386025,401234,305507,342574,225170,287253,66767,121290,3610179,2615259,496011,358332,804920,639414,152736,459,354
2021-07-10T23:59:59+02:00,15560,14170,206456,201307,326975,302469,352350,348110,421653,434083,481942,487427,336901,376911,239133,305900,70685,129142,93792,92441,180299,176712,211818,223598,303369,326881,384862,400199,304860,341903,224990,287065,66751,121263,3601601,2598460,495381,358102,804683,637663,150086,458,354
2021-07-09T23:59:59+02:00,15237,13891,204551,199467,325369,301021,351281,347151,420751,433371,481372,486951,336696,376690,239036,305780,70669,129108,91007,89717,176771,173487,207477,219451,298348,322279,381423,397222,303765,340678,224687,286698,66714,121199,3592464,2569489,494518,356042,804492,630074,147490,458,353
2021-07-08T23:59:59+02:00,14771,13463,201057,196481,322054,298351,348911,345166,419043,431920,479938,485885,336259,376247,238859,305534,70624,129033,86703,85954,169529,167837,199351,213058,290983,316176,374485,391020,301053,337766,223916,285765,66597,120941,3577129,2523338,490466,347399,803972,619725,142597,458,353
2021-07-07T23:59:59+02:00,14270,13010,197321,192621,318892,295495,346606,343125,417487,430450,478743,484785,335783,375687,238670,305263,70587,128928,83023,82509,162238,162133,190318,205890,283011,309618,367463,384209,297748,334164,223015,284665,66459,120695,3555874,2475409,489104,333976,803589,609741,139722,455,351
2021-07-06T23:59:59+02:00,13811,12638,193886,189241,315635,292764,344128,340835,415767,428890,477477,483651,335281,375132,238473,304973,70534,128842,79453,78932,155565,156620,182908,199687,274074,301668,360977,378124,294554,330923,222132,283574,66350,120464,3536025,2422931,486038,326996,803171,600234,137287,453,351
2021-07-05T23:59:59+02:00,13414,12301,189502,185002,311596,289436,341620,338510,414101,427348,476337,482580,334809,374615,238298,304729,70501,128757,76394,76112,150452,152542,178145,195559,267164,295407,354868,372586,291282,327479,221249,282457,66241,120295,3513230,2383902,484882,322506,802682,589875,133219,451,349
2021-07-04T23:59:59+02:00,13237,12144,185661,181138,308964,287415,340311,337439,413223,426569,475756,482095,334588,374362,238208,304605,70475,128704,74210,74244,147363,149993,175817,193520,264724,293347,351762,370382,287981,324091,220670,281792,66186,120176,3501008,2370155,483594,320213,802117,578367,128731,450,347
2021-07-03T23:59:59+02:00,12042,11089,179234,175145,304706,283962,337985,335274,411410,424761,474548,481036,334189,373916,238033,304358,70451,128661,72431,72671,144944,148118,173381,191439,261664,290622,349481,368528,286230,322110,220402,281431,66154,120127,3474668,2354444,482193,320014,801933,573879,122550,450,347
2021-07-02T23:59:59+02:00,10944,9998,175522,171686,302296,281767,336238,333574,410161,423573,473773,480349,333929,373603,237918,304177,70423,128613,69738,69987,141027,144835,168951,187404,255610,285182,344263,363823,282980,318386,219762,280660,66106,120043,3456586,2321271,480715,317230,801748,561302,120033,449,328
2021-07-01T23:59:59+02:00,9851,9069,171858,168254,298262,278482,333751,331309,408368,422000,472678,479388,333510,373143,237717,303905,70376,128535,64864,65271,134729,139511,161677,180901,245365,276335,333476,354054,278203,313116,217910,278407,65927,119730,3434067,2265026,478629,304884,801402,543593,116894,449,324
2021-06-30T23:59:59+02:00,9362,8677,168592,165177,292647,273856,330084,327973,406599,420471,471656,478420,333090,372662,237526,303606,70342,128447,61740,62430,129096,134831,155038,174905,235325,267195,320085,340790,273000,307578,216020,276087,65759,119412,3408999,2210068,476464,292078,801109,524768,113147,448,323
2021-06-29T23:59:59+02:00,8826,8154,164800,161406,288119,269601,326528,324678,404501,418391,470116,477008,332503,372027,237275,303251,70287,128338,58956,59442,124154,130428,149021,169383,223483,256510,311538,332439,266544,300394,214053,273632,65556,119067,3381524,2150886,474475,287425,800786,507376,109550,447,320
2021-06-28T23:59:59+02:00,8421,7774,161485,157954,283089,265286,323230,321827,402360,416465,468629,475697,331983,371418,237042,302940,70243,128244,56688,57099,120261,126922,144681,165306,214264,248103,305755,327041,261602,295097,212289,271401,65410,118803,3357624,2115215,470500,278827,800132,490858,106348,447,317
2021-06-27T23:59:59+02:00,8273,7651,159983,156431,280986,263479,321430,320294,400666,415105,467738,474986,331691,371126,236939,302778,70224,128195,55491,55992,118141,125212,142119,163181,210161,244721,302399,324187,257800,291100,209833,268493,65299,118615,3347632,2099788,468427,275345,799082,474736,103351,447,317
2021-06-26T23:59:59+02:00,7120,6554,156720,153089,278880,261595,319022,318060,399476,413953,467038,474286,331421,370843,236833,302621,70200,128165,54942,55407,116809,124063,140697,161946,207915,242719,299869,321775,256268,289442,209500,268083,65272,118545,3328514,2083016,465610,275256,799076,472240,103218,416,290
2021-06-25T23:59:59+02:00,5900,5438,152410,148810,275491,258639,316964,316099,398173,412707,466040,473463,331131,370510,236706,302466,70172,128115,53655,53783,114336,121368,136620,157379,199158,234271,294190,315905,254547,287323,208910,267284,65201,118427,3303572,2040545,464182,273565,799022,465667,102997,416,290
2021-06-24T23:59:59+02:00,5046,4651,147969,144682,270677,254706,312691,312326,395992,410839,464670,472331,330712,370048,236538,302230,70139,128028,51013,51193,109226,116659,129302,150746,187134,223827,282782,305686,249169,281489,207080,264940,64998,118027,3272444,1978567,462183,261809,798854,451920,101327,416,289
2021-06-23T23:59:59+02:00,4826,4444,144807,141569,266983,251553,307450,307530,393498,408496,463266,471016,330185,369430,236309,301921,70091,127923,49072,49113,105432,112750,123640,145072,177249,215171,270826,293705,244564,276684,205748,263242,64837,117667,3244919,1922318,458664,251955,798695,441231,99553,414,288
2021-06-22T23:59:59+02:00,4576,4215,141734,138444,263274,248178,301329,302097,390865,405939,461726,469535,329640,368825,236090,301571,70043,127817,47386,47375,101827,109451,118852,140502,164667,204037,259925,283416,240504,272218,203829,260834,64585,117197,3212893,1864027,456736,244250,798509,430277,98285,412,280
2021-06-21T23:59:59+02:00,4317,3970,138470,135505,258577,244288,296087,297235,387829,403073,460256,468189,329123,368267,235867,301260,70003,127704,46153,46147,99447,107234,116118,137804,158455,198272,253047,276776,235153,266390,199902,256324,64400,116821,3181205,1833070,454699,238735,798302,410517,96334,411,280
2021-06-20T23:59:59+02:00,4173,3852,136964,134001,254345,240817,293509,294998,386438,401760,459466,467446,328899,367986,235755,301128,69983,127642,45036,45228,97195,105447,113850,135820,155429,195739,248746,272713,232155,262863,198915,255071,64319,116695,3163784,1812782,452939,235185,798149,402657,94804,411,274
2021-06-19T23:59:59+02:00,3756,3501,134816,131905,251593,238497,291730,293351,384598,400191,458624,466718,328678,367734,235651,300988,69962,127610,44497,44579,95926,104193,112379,134357,153929,194305,245529,269700,231438,262016,198744,254808,64297,116642,3147445,1796847,450122,233608,798139,402379,94704,411,273
2021-06-18T23:59:59+02:00,2807,2588,131539,128764,248070,235452,287721,289945,382202,398067,457286,465555,328303,367335,235496,300752,69935,127561,43709,43664,94347,102416,110093,131692,150383,190276,238676,262431,229717,260015,198259,254170,64222,116508,3121654,1767578,445689,233073,798113,395686,94429,410,273
2021-06-17T23:59:59+02:00,2573,2365,127832,125476,242059,231016,282505,285560,377420,394084,454963,463723,327712,366616,235254,300397,69870,127448,41470,41842,90297,98945,105203,126948,142523,182604,227290,251052,224518,254084,196610,252016,63962,116089,3086911,1711949,442712,228935,797858,384788,89969,336,265
2021-06-16T23:59:59+02:00,2302,2132,124597,122073,237162,226684,277811,281299,372247,389594,452381,461591,326974,365821,234966,299987,69804,127334,39643,40248,86765,95922,100859,123129,134299,175271,215198,239152,218296,246987,194690,249692,63710,115601,3053443,1652234,437173,223335,797349,376707,87367,334,264
2021-06-15T23:59:59+02:00,1915,1800,119681,117207,231181,221538,272465,276316,367187,384964,449540,459181,326107,364852,234619,299473,69722,127151,38025,38640,83445,92879,96895,119082,127255,168902,202864,227144,212274,240203,192735,247265,63399,115032,3008771,1595017,435246,217502,796786,369039,84657,334,261
2021-06-14T23:59:59+02:00,1653,1525,115627,113047,225954,216628,267104,271343,361903,380223,446428,456590,325326,363997,234307,299085,69660,127031,37044,37752,81167,90792,94191,116567,123146,165157,196273,220654,209165,236698,191601,245794,63181,114643,2966654,1565467,432893,215230,796528,361384,81911,332,260
2021-06-13T23:59:59+02:00,1579,1440,114133,111672,223509,214528,264562,269082,359647,378268,445260,455562,325050,363693,234172,298916,69628,126957,36180,37021,79310,89124,92181,114755,120321,162561,192409,216949,206083,233263,190570,244427,62949,114232,2951673,1551497,430455,207963,796227,353181,79854,332,258
2021-06-12T23:59:59+02:00,1430,1303,111482,108927,221616,212800,263180,267807,358211,376870,444363,454794,324763,363384,234081,298813,69610,126929,35811,36617,78324,88029,90931,113460,118745,161001,188849,213646,205050,232137,189169,242769,62939,114200,2935504,1538358,429476,207954,796210,345796,79723,331,257
2021-06-11T23:59:59+02:00,1282,1167,108941,106413,218724,210179,259518,264618,355077,374141,442648,453322,324329,362934,233944,298607,69583,126874,35138,35506,76320,84657,88697,109933,114643,155860,182155,206204,202953,229767,188566,242001,62877,114102,2911100,1510889,426683,207258,796030,332350,79032,331,256
2021-06-10T23:59:59+02:00,1120,1013,104183,102007,212655,205420,252465,258795,348986,368850,438152,449553,323474,361965,233623,298160,69500,126722,33557,34023,72322,80485,83779,104431,107976,147653,169819,192567,196885,222886,186838,239862,62624,113700,2867493,1463791,419590,205517,795184,305343,74900,329,251
2021-06-09T23:59:59+02:00,972,883,100264,98302,206697,200690,245648,253087,342332,362900,434478,446530,322801,361222,233355,297782,69436,126590,32025,32766,69090,77835,80084,101264,103259,143377,158682,181818,186271,210902,184976,237616,62352,113205,2828519,1409796,411059,201541,794679,294077,70250,306,247
2021-06-08T23:59:59+02:00,790,702,95735,93759,200066,195126,238690,247077,334083,355625,429373,441865,321967,360223,232983,297298,69355,126454,30951,31909,66502,75536,76803,98543,98681,139460,151090,174332,177565,201192,183172,235370,62119,112839,2776569,1370626,405297,196628,794096,283220,65732,306,236
2021-06-07T23:59:59+02:00,632,560,92519,90660,194006,190424,232134,241837,326250,349454,426329,439421,321425,359591,232769,296975,69301,126358,30085,31063,64039,73581,73850,96387,94919,136526,143011,166547,173520,196577,181744,233559,61896,112456,2737585,1343530,399137,193336,793533,272122,60905,304,235
2021-06-06T23:59:59+02:00,594,524,90945,89343,190719,187878,228780,239067,321973,346052,424896,438345,321157,359298,232661,296817,69277,126311,29483,30507,62267,71902,71770,94376,91728,133459,137323,160751,170984,193947,180634,232158,61667,112076,2722179,1331680,391754,183648,793053,261673,58159,302,234
2021-06-05T23:59:59+02:00,514,444,89002,87329,185852,183663,226316,236934,320156,344426,423899,437432,320872,358979,232513,296648,69263,126279,29029,29750,61064,69950,70372,92230,90052,131191,132568,155418,167978,190278,180149,231500,61633,112010,2698703,1308057,391623,183182,792921,256276,57777,301,233
2021-06-04T23:59:59+02:00,414,359,86648,84801,182190,180056,222309,232987,316564,340785,421535,435239,320415,358444,232316,296419,69225,126216,28562,29078,59946,68298,69093,90150,88260,128576,129203,151761,163745,185508,179156,230233,61585,111924,2669451,1289234,387799,182408,792803,246192,57362,301,232
2021-06-03T23:59:59+02:00,321,285,83361,81732,176458,175395,215050,226893,308855,334088,413781,428382,319384,357267,231946,295970,69170,126085,27672,28067,58053,66110,66699,87404,84629,124462,122451,145095,157399,177903,177585,228207,61472,111687,2620530,1260041,377558,177090,792383,233448,54430,299,226
2021-06-02T23:59:59+02:00,271,226,81283,79565,172378,171672,211406,223737,305275,330742,411736,426552,318977,356815,231793,295764,69142,126034,27206,27588,56926,64994,65104,86131,82573,122524,117477,140213,149523,168943,176866,227252,61387,111518,2591774,1227851,376173,175119,792355,229829,53536,296,220
2021-06-01T23:59:59+02:00,172,158,77019,75740,164097,165107,202045,216006,296179,322866,403536,418718,317468,355210,231254,295028,69030,125806,25655,26172,52614,62043,60266,82841,77156,118022,110049,132997,138426,155538,174764,224518,61178,111094,2533105,1177721,364533,171008,791596,218047,46657,294,215
2021-05-31T23:59:59+02:00,150,141,74273,73258,158440,160793,194738,210039,288790,316488,397798,413753,316474,354102,230869,294508,68940,125635,24742,25113,49990,59825,57100,80304,73551,114743,105552,128551,134279,150631,173399,222797,61008,110762,2492699,1155295,355142,168671,790965,207649,40825,293,213
2021-05-30T23:59:59+02:00,139,133,73223,72191,155964,158762,192114,207685,286011,313972,395913,412012,316113,353691,230708,294272,68902,125555,24140,24325,48399,58097,55359,78450,71324,112178,102896,125687,132125,148105,172606,221861,60915,110551,2476886,1145524,352622,167364,790338,196269,37953,292,209
2021-05-29T23:59:59+02:00,136,131,72613,71599,154453,157361,189814,205654,284171,312385,395076,411239,315892,353446,230628,294194,68891,125537,23817,23800,47481,56601,54020,76573,69399,109333,100579,122887,129321,144684,171954,220953,60888,110499,2462991,1131916,352462,167298,790271,185732,37933,292,208
2021-05-28T23:59:59+02:00,132,128,71525,70483,152062,155104,186153,202115,280902,309249,393219,409473,315485,352943,230481,293980,68872,125480,23286,22798,45873,54474,52193,74014,67357,105379,96252,116994,124945,139632,170979,219644,60842,110385,2439186,1109298,351413,167085,790062,171198,37554,291,205
2021-05-27T23:59:59+02:00,121,118,68213,67466,145578,150167,177964,195864,274514,304093,386904,403791,314226,351501,230023,293450,68801,125298,21964,21114,42620,51424,48315,70194,62806,99364,89898,109482,121013,135008,168181,215941,60669,110072,2394627,1080864,343797,164343,788255,151113,31827,291,201
2021-05-26T23:59:59+02:00,117,115,66059,65289,140625,146084,171865,190797,267763,298427,380166,397103,312709,349899,229537,292754,68699,125087,21222,20198,40798,49286,45962,67461,59769,95572,85305,104368,116031,129286,164389,210605,60460,109645,2357359,1048940,330599,162766,786445,139635,29096,290,200
2021-05-25T23:59:59+02:00,116,108,64028,63298,136421,142595,166813,186506,260698,292148,374745,391720,311430,348493,229133,292114,68615,124910,20644,19534,39399,47767,44127,65445,57293,92570,81226,99993,111094,123599,158852,203361,60290,109338,2319832,1017413,323091,159343,783910,130401,27459,286,194
2021-05-24T23:59:59+02:00,113,106,62787,62084,133666,140489,163531,184092,253748,286160,369814,387045,310604,347575,228847,291729,68543,124781,20301,19128,38380,46694,42782,63958,55615,90558,78989,97482,109672,121943,158246,202570,60178,109136,2296097,1008053,311984,158044,782118,123711,25911,285,190
2021-05-23T23:59:59+02:00,108,106,62289,61568,132566,139594,162336,183058,252505,285139,368227,385615,309987,346918,228676,291503,68523,124745,20069,18941,37829,46138,42026,63259,54451,89562,77499,96118,108496,120547,157268,201348,60107,108994,2284598,999875,311401,154963,782074,122116,25784,285,188
2021-05-22T23:59:59+02:00,105,104,61595,60947,131078,138522,159963,181435,249535,282851,365748,383391,309457,346324,228499,291237,68497,124695,19750,18521,37218,45537,41385,62730,53794,88836,76728,94974,106946,118745,156495,200379,60080,108940,2266630,993172,311386,154959,782035,118689,24320,285,188
2021-05-21T23:59:59+02:00,101,100,60263,59507,128171,135928,156676,178112,244301,278089,359653,377703,308524,345233,228203,290840,68437,124587,19390,18155,36605,44767,40733,61678,52842,87443,75006,92670,103705,114794,155355,198928,59988,108765,2230569,980146,309746,154633,780460,112091,24037,282,186
2021-05-20T23:59:59+02:00,94,98,57212,56713,122436,131056,149751,171801,233993,269346,350629,369425,305992,342494,227437,289832,68305,124369,18093,17220,34428,42520,38278,58780,50028,83670,71074,88172,99581,110147,152896,195914,59808,108409,2172618,960854,303090,152685,774505,94414,21141,274,186
2021-05-19T23:59:59+02:00,93,96,54998,54520,117429,126378,142582,165188,223455,259988,340078,358529,303349,339628,226690,288789,68155,124093,17513,16435,33202,40932,36872,56718,48019,80889,67832,84593,95698,105669,149274,191190,59546,107918,2106716,937456,296835,150708,771526,84906,19312,274,173
2021-05-18T23:59:59+02:00,88,91,52901,52558,112643,122117,136205,159618,211888,249619,330206,348736,300681,336663,225813,287593,68003,123839,16995,15830,31991,39470,35517,54924,46212,78477,64945,81367,91694,101138,146081,187130,59333,107483,2046874,917226,287472,147850,767931,76260,17329,270,173
2021-05-17T23:59:59+02:00,85,88,51866,51565,110309,120060,133395,156963,205362,243604,322636,341653,298892,334693,225227,286770,67896,123627,16539,15381,30940,38424,34349,53633,44730,76678,62684,78974,86861,95280,144618,185246,59183,107168,2020078,905534,275175,140385,764507,69574,15270,269,171
2021-05-16T23:59:59+02:00,84,85,51078,50909,108866,118736,131655,155302,202392,240922,315203,334703,297874,333565,224920,286286,67844,123530,16255,15009,30190,37643,33477,52712,43665,75365,61351,77504,83445,91206,143828,184170,59096,107028,2004761,899451,264750,133617,761264,65434,13516,267,167
2021-05-15T23:59:59+02:00,84,85,50541,50275,107868,117748,130642,154192,200458,238988,311633,331493,297253,332879,224724,286015,67824,123466,16115,14845,29936,37337,33192,52281,43178,74719,60502,76522,82848,90389,143312,183502,59060,106981,1988570,894212,264732,133470,760394,64306,12806,265,166
2021-05-14T23:59:59+02:00,83,85,49281,48853,105616,115654,127053,150739,192251,231918,305322,325610,296273,331740,224439,285567,67777,123371,15617,14416,29151,36517,32422,51091,42099,72936,58938,74571,80945,87902,142699,182515,59020,106895,1951317,884564,263034,132599,755842,58883,11761,263,165
2021-05-13T23:59:59+02:00,79,84,47363,46907,101774,112425,122345,146632,182235,223341,294723,315796,293306,328321,223630,284428,67677,123164,14754,13969,28295,35820,31660,50189,41156,71841,57432,73004,77168,83551,139938,178907,58910,106679,1899760,872018,254424,125550,749611,55031,10744,259,162
2021-05-12T23:59:59+02:00,77,82,46452,46201,99855,110996,120285,144973,179689,221232,289993,310470,292144,327055,223390,284109,67639,123079,14589,13819,27975,35601,31258,49899,40711,71466,56891,72437,75828,81925,139160,177773,58824,106519,1876704,866282,252260,123758,749122,54760,9944,254,161
2021-05-11T23:59:59+02:00,73,76,44207,44726,95828,107921,114484,140246,166322,209965,278344,299710,288742,323145,222435,282708,67489,122779,14161,13251,26966,34175,30126,48096,39407,69187,55176,70171,72742,78340,137805,175942,58665,106161,1817859,854008,242563,121068,740610,46893,8468,250,159
2021-05-10T23:59:59+02:00,72,72,42955,43752,93226,105919,111227,137618,157937,202940,270472,292605,286566,320697,221862,281846,67365,122537,13819,12808,26205,33190,29332,46837,38411,67330,53949,68442,70654,75783,136659,174432,58545,105873,1782318,845141,236519,120015,733635,39690,7494,246,152
2021-05-09T23:59:59+02:00,71,72,41832,42981,90545,104164,108563,135850,152930,199523,264951,287663,285327,319315,221487,281319,67299,122391,13504,12590,25512,32520,28602,46034,37618,66368,53012,67496,69423,74381,136063,173597,58490,105742,1763009,840560,229419,119036,727646,34921,6504,242,150
2021-05-08T23:59:59+02:00,70,72,41541,42680,89700,103435,107469,134995,151485,198309,262390,285600,284826,318774,221368,281140,67283,122359,13402,12529,25385,32428,28458,45905,37429,66174,52672,67178,68458,73458,134995,172233,58443,105649,1750981,835951,228908,118292,727423,34143,6491,225,136
2021-05-07T23:59:59+02:00,68,71,40617,41963,87767,102097,104646,132785,146864,194503,256140,280095,283488,317175,221020,280683,67230,122236,12655,12046,24561,31691,27694,44845,36566,64911,51485,65667,66209,70772,132770,169413,58353,105471,1725214,826284,225699,116023,723300,27346,5537,222,134
2021-05-06T23:59:59+02:00,64,70,37972,40240,83020,98641,98652,128032,136678,185996,239692,265685,278364,311382,219735,278994,67055,121920,11968,11529,23622,30587,26698,43493,35210,62908,49748,63691,63721,67646,130657,166651,58239,105253,1659664,815188,215786,112914,712409,18976,4623,212,133
2021-05-05T23:59:59+02:00,62,67,36084,39045,79365,96058,94052,124386,128857,179466,224937,251645,272179,304244,218161,277004,66809,121397,11734,11254,23083,29862,26095,42571,34284,61509,48595,62278,61108,64538,127715,162952,58141,105003,1593467,802911,210712,109347,706372,14997,3549,212,129
2021-05-04T23:59:59+02:00,62,65,34980,37940,76644,93739,90551,121346,123295,174732,214318,241374,266691,297800,216720,275161,66600,120929,11572,11050,22678,29322,25637,41798,33567,60422,47486,61005,58388,61360,125350,160019,57991,104767,1544439,791036,205595,106711,700294,11851,2897,210,127
2021-05-03T23:59:59+02:00,61,63,34112,36885,74358,91923,87674,118997,118854,171087,207662,235373,263413,293935,215922,274079,66479,120634,11327,10777,22284,28744,25153,41098,32880,59456,46464,59866,55603,58023,121575,155126,57734,104330,1512694,775194,202484,104999,695364,9092,1239,208,124
2021-05-02T23:59:59+02:00,61,63,33760,36567,73182,91020,86206,117904,116428,169222,204565,232860,262455,292847,215638,273671,66413,120526,11255,10705,22095,28531,24923,40812,32538,59050,46011,59390,54414,56562,118510,151447,57650,104200,1502104,770178,199692,99443,691488,8190,369,207,120
2021-05-01T23:59:59+02:00,60,63,33443,36193,72421,90226,85135,116864,114960,167858,201483,229830,261765,292024,215428,273391,66402,120487,11241,10689,22042,28501,24863,40774,32476,58993,45928,59314,54172,56270,118351,151251,57641,104183,1487019,768869,199688,99403,691223,8141,363,206,120
2021-04-30T23:59:59+02:00,57,61,32900,35593,71214,89003,83674,115132,111182,164296,194085,222714,259772,289656,214980,272783,66342,120381,10920,10494,21681,28222,24587,40351,32151,58430,45465,58681,53275,55106,117399,150064,57586,104063,1454132,765191,199362,97412,690424,5798,164,203,117
2021-04-29T23:59:59+02:00,55,59,31400,34645,68293,86975,80039,112531,106077,160186,181271,211170,251841,280558,213783,271151,66207,120035,10614,10280,21205,27774,24157,39852,31566,57689,44656,57747,51441,52912,115551,147829,57486,103868,1399253,756361,192085,94731,685054,3482,143,194,115
2021-04-28T23:59:59+02:00,54,57,30165,34033,66425,85664,77559,110710,102651,157333,171585,202002,240985,267958,212504,269466,66010,119707,10429,10121,20907,27422,23793,39382,31142,57034,43929,56922,49317,50295,112971,144595,57363,103656,1346618,746817,188719,90181,679679,2258,113,187,111
2021-04-27T23:59:59+02:00,51,56,29406,33349,64849,84201,75551,108903,99895,154934,166863,197277,232482,258150,211356,267851,65890,119485,10304,10010,20626,27133,23557,39051,30782,56538,43245,56231,47312,47751,110332,141163,57246,103456,1312592,737011,186413,86171,671690,1539,112,182,106
2021-04-26T23:59:59+02:00,50,56,28977,32965,63747,83318,74050,107737,97610,153222,158247,189264,228295,253307,210649,266859,65798,119287,10209,9921,20411,26946,23321,38834,30486,56199,42625,55654,45506,45601,108438,138684,57150,103302,1283655,729043,184969,83074,664961,1159,108,178,104
2021-04-25T23:59:59+02:00,50,55,28726,32727,62972,82795,72988,107002,95882,151996,152863,184394,223963,248424,210059,266079,65732,119164,10154,9887,20333,26870,23235,38752,30377,56074,42465,55495,45094,45107,107757,137777,57122,103232,1270903,727385,178830,81312,656284,1028,105,177,102
2021-04-24T23:59:59+02:00,50,54,28384,32300,62033,81574,71803,105557,94336,150340,147962,179248,221176,245092,209589,265405,65698,119114,10139,9869,20292,26828,23183,38686,30296,55988,42316,55359,44850,44799,107507,137483,57101,103204,1246052,726300,178801,80612,655004,984,104,177,100
2021-04-23T23:59:59+02:00,48,54,27638,31675,60464,80065,70015,103538,91745,147697,143183,174857,216626,239546,208934,264416,65635,118999,10086,9806,20184,26741,23052,38536,30062,55780,41953,55028,44232,44042,106445,136197,56945,102929,1221187,722950,177621,78135,646464,932,103,174,97
2021-04-22T23:59:59+02:00,46,53,27023,31075,58927,78628,67551,101324,87624,144208,135150,167371,207592,228546,206895,261787,65437,118602,9961,9710,19934,26442,22697,38103,29546,55266,41198,54390,43064,42718,104454,133749,56716,102531,1179670,715474,170177,74197,638129,808,103,169,95
2021-04-21T23:59:59+02:00,46,51,26530,30553,57601,77525,65670,99693,84585,141572,127964,160560,194524,213211,204746,258899,65211,118176,9830,9624,19702,26194,22411,37778,29194,54816,40646,53860,42216,41700,102266,130965,56462,102120,1128205,708933,167294,70116,631756,736,103,163,94
2021-04-20T23:59:59+02:00,45,50,26105,30083,56443,76381,63995,98113,82039,138997,122884,155497,183049,199753,202322,255763,64974,117745,9727,9533,19483,26006,22118,37509,28783,54404,40106,53327,41400,40767,100048,127978,56125,101583,1085580,701387,163811,66864,624984,656,101,161,87
2021-04-19T23:59:59+02:00,45,49,25738,29726,55471,75561,62710,96935,79913,137071,119364,152115,177295,192910,200616,253528,64791,117412,9618,9440,19252,25786,21873,37235,28467,54012,39594,52798,40603,39858,96950,124013,55720,100871,1061033,691041,161981,64442,618377,618,100,155,87
2021-04-18T23:59:59+02:00,44,44,25430,29466,54702,75016,61587,95990,78061,135644,115999,149721,172189,187355,199606,252300,64679,117218,9544,9365,19063,25612,21696,37069,28249,53735,39334,52547,40274,39470,95734,122466,55537,100572,1047054,687165,160311,62510,607820,603,100,154,86
2021-04-17T23:59:59+02:00,43,43,25321,29374,54331,74821,61071,95638,77407,135045,115153,148980,167937,182470,199071,251574,64645,117153,9499,9306,18925,25424,21507,36839,28022,53460,39069,52279,39975,39148,94970,121538,55472,100488,1036172,683145,160283,62196,603755,591,100,154,86
2021-04-16T23:59:59+02:00,43,43,24947,29126,53343,74214,59785,94759,75782,133714,111005,144836,160297,173697,197415,249369,64536,116944,9291,9131,18531,24993,20926,36263,26909,52555,37043,50674,36654,36213,91781,118014,55069,99833,1010258,668060,159492,55275,594236,556,100,153,84
2021-04-15T23:59:59+02:00,39,39,24471,28674,52090,73045,57824,93030,72512,130870,105537,139555,152431,164715,192761,243496,64239,116325,9117,8968,18162,24568,20433,35604,26231,51760,35649,49442,34538,34171,88666,114278,54561,98976,978039,654950,157439,49682,576304,505,99,151,82
2021-04-14T23:59:59+02:00,37,35,24131,28349,51153,72106,56485,91644,70125,128713,101548,135786,143233,154331,185022,233614,63898,115657,8710,8695,17688,24062,19897,34959,25317,50881,34359,48319,32494,32013,85686,110631,54070,98115,940174,640053,154768,45452,561055,406,98,146,81
2021-04-13T23:59:59+02:00,37,35,23894,28132,50455,71571,55541,90819,68490,127303,97820,132352,131402,141211,178631,225285,63560,115069,8475,8523,17342,23655,19476,34421,24653,50087,33291,47303,31111,30652,83530,108248,53713,97571,906930,630725,150252,41059,544555,283,98,144,79
2021-04-12T23:59:59+02:00,36,34,23685,27944,49900,71061,54676,90086,67021,126013,95188,130027,124290,133175,175404,221336,63289,114578,8238,8337,16979,23358,19105,33986,24181,49550,32623,46677,29584,29113,81869,106308,53387,97050,890516,622290,148710,37802,528648,269,96,141,77
2021-04-11T23:59:59+02:00,35,34,23511,27784,49376,70638,53946,89632,65877,125208,93331,128549,118808,127162,171485,216731,63119,114280,8104,8203,16683,23079,18787,33677,23824,49170,32175,46290,28947,28447,80848,105062,53178,96731,883046,617001,144298,35974,512296,251,92,139,74
2021-04-10T23:59:59+02:00,35,34,23450,27727,49209,70503,53746,89474,65550,124938,92807,128112,116725,124635,170045,214880,63077,114180,7517,7599,15793,22293,17828,32837,22703,48138,31065,45293,28284,27735,78753,102455,52911,96295,876054,601680,143443,35594,509767,246,87,139,74
2021-04-09T23:59:59+02:00,34,34,23203,27477,48709,70012,53106,88791,64553,123814,90982,126203,107897,113695,166662,210472,62879,113824,6558,6699,14265,20970,16107,31277,20562,46174,28859,43284,26506,25910,75252,98281,52366,95456,856641,574233,136387,34080,499462,234,79,133,70
2021-04-08T23:59:59+02:00,34,34,22907,27231,48129,69521,52351,88091,63245,122731,88564,124033,97587,101704,161123,203628,62553,113260,5915,6112,13078,19951,14849,29938,18923,44455,26359,40950,23482,22941,70602,92508,51225,93706,837983,542678,127487,32138,481410,204,69,131,70
2021-04-07T23:59:59+02:00,32,33,22595,27006,47326,69064,51424,87479,61855,121751,85421,121593,88401,91409,154119,194841,62259,112700,5535,5791,12418,19278,14031,29110,17880,43403,24448,39053,20945,20416,66644,87743,50229,92090,817594,519213,121890,29655,459984,174,62,127,69
2021-04-06T23:59:59+02:00,31,33,22384,26845,46798,68683,50833,86956,60822,120974,83311,119849,80639,82602,147757,186881,61916,112072,5341,5632,12067,18921,13678,28677,17345,42839,23585,38244,19818,19384,63483,83646,49306,90708,798326,505838,118676,26709,442548,163,57,123,66
2021-04-05T23:59:59+02:00,31,32,22285,26720,46487,68338,50447,86558,60277,120283,82130,118699,76162,77506,142752,180780,61715,111756,5202,5493,11806,18669,13384,28365,17021,42466,23140,37783,19354,18914,60600,80093,48607,89641,788892,496502,116924,23915,427307,158,54,121,66
2021-04-04T23:59:59+02:00,31,32,22237,26661,46366,68070,50277,86243,59996,119780,81621,118067,74720,75800,142048,179807,61678,111674,5198,5486,11788,18656,13373,28349,17002,42449,23042,37711,18947,18591,59163,78246,48401,89330,786355,491710,116817,23913,422108,151,50,118,64
2021-04-03T23:59:59+02:00,31,32,22175,26580,46243,67962,50114,86068,59680,119468,81053,117487,73375,74164,140931,178270,61595,111525,5189,5477,11775,18638,13350,28329,16968,42402,22936,37637,18811,18440,58813,77684,48312,89184,779990,489924,116775,23913,420160,151,49,117,64
2021-04-02T23:59:59+02:00,31,32,22097,26497,46083,67796,49895,85820,59210,119018,80175,116674,71820,72280,138650,175290,61398,111166,5170,5440,11727,18595,13295,28247,16879,42254,22662,37159,18453,18077,56472,74802,47499,88083,770875,481441,115000,23269,418232,151,45,115,62
2021-04-01T23:59:59+02:00,28,30,21902,26293,45667,67275,49249,85078,58334,118078,78293,115003,68556,68849,134568,170115,61081,110599,5023,5296,11455,18331,13072,28011,16556,41945,22158,36716,17634,17332,51625,68768,45820,85626,759236,463383,108903,21898,411037,138,40,112,61
2021-03-31T23:59:59+02:00,28,30,21575,26075,45265,66752,48755,84429,57605,117141,77134,113761,66510,66529,129808,164003,60679,109876,4945,5245,11357,18212,12911,27860,16315,41675,21563,36205,16504,16429,46410,62350,44440,83643,749483,445040,101739,20950,404918,134,35,109,56
2021-03-30T23:59:59+02:00,28,29,21397,25852,44865,66133,48250,83632,56894,116089,75995,112383,64668,64506,125427,158251,60211,108977,4878,5160,11253,18086,12719,27671,15989,41352,20987,35656,15671,15626,43655,58939,43324,81848,739288,433185,97518,19586,396973,105,31,104,55
2021-03-29T23:59:59+02:00,27,29,21199,25614,44404,65584,47774,82941,56158,115015,74766,110949,62178,61759,118686,149610,59441,107584,4781,5087,11148,17972,12565,27505,15742,41029,20529,35187,15019,15084,41066,55955,42216,80026,718752,421978,94093,18907,391066,90,29,103,54
2021-03-28T23:59:59+02:00,27,29,20993,25324,43905,64898,47257,82200,55478,114008,73825,109842,60917,60325,113979,143634,58997,106827,4726,5028,11002,17826,12306,27206,15551,40782,20362,34954,14780,14840,39985,54534,41868,79487,712216,417654,86779,17580,383663,70,29,102,51
2021-03-27T23:59:59+01:00,27,29,20873,25167,43613,64532,46892,81671,54978,113319,73152,109104,59760,59239,112493,141925,58930,106747,4713,5016,10975,17807,12288,27176,15190,40353,19962,34518,14487,14628,39498,53845,41393,78669,706937,413595,86077,16925,379627,65,29,102,51
2021-03-26T23:59:59+01:00,27,28,20621,24653,42808,62827,45923,79646,53639,110296,71134,105489,57746,57354,109740,138683,58602,106231,4694,4983,10951,17755,12218,27084,15112,40243,19621,33922,14017,13976,36425,50004,39336,75423,695534,399073,82756,16706,367346,52,26,101,51
2021-03-25T23:59:59+01:00,27,26,20189,23980,41935,61061,44827,77095,52126,106770,68743,101725,55151,54718,106429,134712,58031,105240,4648,4928,10860,17652,12096,26938,14928,40024,19344,33615,13542,13485,32575,44955,36340,70888,684110,380729,78562,16108,350304,47,23,99,51
2021-03-24T23:59:59+01:00,27,26,19787,23533,41151,59791,43811,75558,50748,104845,66645,99395,52368,51805,102174,129613,57392,104163,4593,4862,10767,17509,11928,26735,14696,39740,18976,33196,13084,13031,30005,41743,33226,66050,671306,365166,73688,15007,338033,40,18,98,50
2021-03-23T23:59:59+01:00,27,26,19539,23231,40592,58877,43087,74466,49712,103331,64983,97536,50077,49459,99417,126400,56832,103323,4534,4792,10668,17384,11782,26551,14450,39427,18558,32809,12581,12524,27570,38646,29558,60156,663176,347604,70346,14418,327590,39,17,95,50
2021-03-22T23:59:59+01:00,27,26,19316,22817,39952,57994,42421,73426,48767,101944,63508,95903,48242,47572,97017,123654,56361,102552,4476,4745,10581,17268,11651,26373,14291,39186,18317,32507,12269,12150,25733,36293,25600,53773,656869,331379,67539,13865,317289,36,17,92,49
2021-03-21T23:59:59+01:00,27,26,19178,22558,39460,57241,41872,72581,48113,100788,62564,94668,47193,46547,95370,121803,55991,101973,4461,4736,10545,17220,11604,26287,14231,39096,18235,32408,12149,12018,25304,35845,25246,53215,654294,329182,65511,13451,308343,36,16,90,47
2021-03-20T23:59:59+01:00,26,26,19118,22413,39249,56746,41631,72020,47802,100151,62124,94064,46538,45781,92771,118572,55703,101486,4452,4728,10536,17208,11576,26270,14188,39059,18153,32333,11990,11857,24663,35070,24484,52129,647825,325467,65062,13262,303527,36,16,90,47
2021-03-19T23:59:59+01:00,25,25,18764,21848,38116,54621,40350,70025,46065,98064,59240,91304,42092,41906,87552,112809,55001,100406,4431,4714,10503,17157,11511,26158,14096,38888,17918,32034,11636,11574,22995,33010,22800,49569,630061,316132,57849,12900,290497,30,16,84,47
2021-03-18T23:59:59+01:00,25,24,18369,21200,36939,52466,38810,67234,43908,93591,55394,85507,38057,38104,82820,107323,53913,98746,4411,4686,10437,17054,11433,26003,13947,38701,17702,31831,11404,11391,21748,31496,21087,46970,613117,308053,52103,12288,267398,27,16,84,46
2021-03-17T23:59:59+01:00,25,23,17947,20847,36214,51547,38044,66280,42827,92239,53605,83679,35382,35317,78796,102498,52969,97273,4388,4660,10375,16959,11360,25869,13834,38512,17503,31638,11166,11166,20506,30083,19497,44570,596454,300547,47698,11579,261542,24,16,83,46
2021-03-16T23:59:59+01:00,24,23,17589,20428,35468,50477,37231,65084,41729,90562,51765,81690,33177,33297,74763,97551,52088,95959,4338,4611,10302,16831,11269,25717,13735,38275,17370,31395,10996,10987,19222,28562,18015,42244,583191,292765,43007,11145,252888,24,12,81,46
2021-03-15T23:59:59+01:00,24,23,17309,20064,34758,49498,36439,63894,40824,89082,50505,80089,31453,31456,71480,93457,51391,94826,4316,4576,10235,16708,11202,25516,13619,37987,17221,31123,10830,10829,18488,27596,16756,40382,572063,286939,39682,10496,245014,24,1,79,46
2021-03-14T23:59:59+01:00,24,22,17040,19637,33902,48287,35539,62574,39766,87256,49249,78359,30285,30221,69485,90894,50946,94150,4292,4557,10190,16631,11145,25373,13559,37765,17130,30959,10758,10743,18308,27315,16494,39821,564950,285738,37803,9363,235070,15,0,75,46
2021-03-13T23:59:59+01:00,24,22,16225,18572,32403,46251,33962,60437,37726,84180,47115,75805,28930,28867,67470,88269,50677,93759,4292,4557,10188,16625,11142,25366,13550,37758,17124,30950,10721,10711,17559,26429,15448,38369,548592,281486,37518,9362,224755,15,0,75,46
2021-03-12T23:59:59+01:00,23,22,15124,17195,29959,43602,31296,57296,34862,79325,43902,71340,26091,25674,63162,82964,49695,92354,4279,4524,10169,16563,11124,25315,13504,37640,17033,30819,10444,10484,16673,25181,14376,36845,520552,275681,36206,9351,207288,12,0,73,45
2021-03-11T23:59:59+01:00,22,22,14082,15735,27708,40907,28976,54106,32273,74932,40145,66443,22686,22195,57144,75641,47761,89513,4238,4484,10089,16444,11013,25090,13386,37329,16867,30515,10139,10271,16037,24339,13708,35570,488479,271674,34614,7910,187340,9,0,72,42
2021-03-10T23:59:59+01:00,22,22,13487,15037,26298,39290,27320,52285,30705,72614,37623,63315,19936,19641,51226,68496,46209,87174,4203,4440,9989,16277,10895,24841,13238,36909,16668,30142,9902,10088,15293,23566,13049,34544,462045,266941,32566,7166,176230,8,0,69,42
2021-03-09T23:59:59+01:00,21,21,13205,14569,25174,38248,25902,51098,29641,70959,36244,61480,18752,18516,47714,64055,45084,85385,4179,4414,9904,16110,10791,24581,13085,36591,16492,29905,9777,9986,14627,22729,12553,33770,448435,263225,30035,6333,167726,8,0,69,40
2021-03-08T23:59:59+01:00,20,21,12874,13961,24092,37138,24628,49960,28705,69475,35010,59861,17672,17635,43591,59065,43856,83401,4164,4378,9843,15912,10689,24320,12952,36233,16363,29640,9693,9902,14133,22124,12239,33331,432962,260043,28029,5942,160099,3,0,68,39
2021-03-07T23:59:59+01:00,20,21,12641,13668,23498,36288,23929,49084,28103,68604,34401,59102,17410,17384,42522,57614,43489,82837,4152,4365,9821,15870,10662,24247,12920,36063,16306,29526,9671,9873,13935,21870,12103,33129,428196,258983,26214,5602,156327,0,0,67,38
2021-03-06T23:59:59+01:00,20,20,12528,13376,23096,35554,23398,48297,27054,67076,33301,57338,17022,17055,41876,56724,43188,82368,4149,4351,9810,15844,10644,24213,12910,36021,16288,29495,9653,9832,13888,21832,12000,32918,424128,258603,26150,5318,149133,0,0,67,37
2021-03-05T23:59:59+01:00,20,20,12115,12774,22414,34351,22715,47066,26299,65445,32065,54918,16375,16220,38414,52416,41031,78922,4122,4304,9740,15744,10592,24065,12842,35825,16201,29288,9557,9762,13702,21617,11629,32307,408928,256902,24698,4469,140067,0,0,67,35
2021-03-04T23:59:59+01:00,18,20,11355,11765,21226,32623,21496,45016,24942,62793,30370,52561,15644,15501,34408,47247,37950,74234,4073,4213,9627,15452,10488,23707,12709,35292,16056,28887,9378,9608,13544,21406,11544,32162,390478,253845,22621,4376,126180,0,0,67,32
2021-03-03T23:59:59+01:00,16,20,11046,11269,20537,31402,20722,43652,24033,61041,29325,50919,15167,14998,31795,43924,34864,69464,4033,4150,9546,15282,10409,23455,12603,34870,15878,28542,9194,9481,13418,21191,11398,31892,375028,251207,21826,4211,117451,0,0,62,30
2021-03-02T23:59:59+01:00,16,20,10784,10843,19891,30432,20007,42632,23248,59653,28353,49643,14540,14351,29116,40550,30978,63243,3985,4079,9484,15116,10340,23190,12499,34437,15777,28235,9068,9379,13280,21002,11321,31747,356830,248803,20315,4210,111260,0,0,61,30
2021-03-01T23:59:59+01:00,14,19,10613,10583,19379,29628,19444,41748,22659,58582,27637,48521,14125,13897,27044,37959,26720,56353,3969,4029,9429,14961,10277,22891,12418,34061,15671,27912,8986,9319,13097,20732,11205,31564,339602,246384,19201,4210,106223,0,0,61,30
2021-02-28T23:59:59+01:00,13,19,10445,10381,18910,28979,18909,41010,22180,57729,27149,47727,13917,13655,26435,37299,26314,55751,3953,4015,9404,14928,10258,22840,12401,33991,15644,27866,8959,9295,12965,20553,11142,31414,337142,245528,18341,4174,101438,0,0,61,29
2021-02-27T23:59:59+01:00,13,18,10266,9866,18582,28111,18650,40223,21895,56744,26820,46933,13641,13354,25765,36493,25391,54331,3941,4003,9383,14907,10226,22792,12362,33909,15599,27792,8937,9279,12946,20531,11121,31394,333224,245171,17618,4025,96351,0,0,61,29
2021-02-26T23:59:59+01:00,12,17,9469,9079,17679,26667,17866,38014,20965,53890,25360,44109,13174,12952,24176,34504,23864,52025,3860,3935,9305,14746,10152,22536,12280,33543,15482,27497,8857,9198,12879,20463,11080,31325,324100,243262,17364,3951,82450,0,0,61,27
2021-02-25T23:59:59+01:00,12,17,8310,8226,16357,25060,16596,35750,19729,50999,23649,41324,12700,12552,22896,32912,22366,49739,3738,3790,9143,14433,9931,21931,12024,32691,15155,26842,8660,9046,12617,20137,10940,31056,316473,239117,16594,3094,66214,0,0,60,25
2021-02-24T23:59:59+01:00,11,16,7945,7702,15701,24024,15966,34511,19016,49482,22856,40124,12303,12216,21588,31412,20685,47112,3666,3723,9003,14141,9754,21476,11821,32065,14892,26304,8519,8909,12474,19964,10875,30845,308217,236343,15628,2162,58909,0,0,60,25
2021-02-23T23:59:59+01:00,11,16,7462,7225,14883,22846,15281,33290,18295,48072,22138,39054,11996,11891,20248,29835,19071,44554,3625,3647,8883,13938,9616,21078,11632,31485,14591,25802,8348,8767,12346,19753,10805,30613,300098,233505,14828,1498,51323,0,0,59,24
2021-02-22T23:59:59+01:00,10,14,7355,7019,14498,22228,14930,32562,17829,47064,21644,38322,11797,11641,19498,28826,17755,42600,3595,3545,8746,13646,9452,20576,11377,30742,14216,25204,8100,8573,12146,19500,10699,30310,294224,230189,14219,311,47230,0,0,57,24
2021-02-21T23:59:59+01:00,10,14,7265,6894,14175,21782,14509,31979,17413,46412,21205,37828,11690,11539,19335,28613,17508,42265,3556,3505,8662,13523,9376,20360,11306,30450,14095,24935,8038,8511,12090,19393,10628,30147,293080,228349,13847,297,43588,0,0,55,24
2021-02-20T23:59:59+01:00,10,14,7148,6844,14050,21702,14393,31844,17294,46261,21047,37647,11591,11455,18552,27695,16450,40795,3554,3499,8652,13515,9366,20339,11292,30425,14082,24924,8033,8502,12025,19329,10574,30079,288821,227966,13650,296,42397,0,0,55,23
2021-02-19T23:59:59+01:00,8,13,6846,6592,13696,21263,14022,31175,16820,45463,20340,36777,10989,11054,17505,26364,15291,39185,3474,3476,8576,13487,9323,20282,11254,30333,14023,24830,7990,8441,11804,19058,10381,29748,282432,226259,13275,294,37771,0,0,52,22
2021-02-18T23:59:59+01:00,8,13,6449,6117,13069,20119,13382,29801,16004,43591,19467,35198,10758,10835,16913,25609,14714,38302,3288,3339,8241,12947,9029,19532,10902,29290,13654,24002,7785,8132,11217,18105,9884,28597,278855,217723,12693,294,28874,0,0,52,21
2021-02-17T23:59:59+01:00,8,12,6283,5774,12623,19238,12892,28611,15303,41869,18820,33871,10529,10583,16155,24795,13937,37113,3039,3179,7901,12431,8728,18741,10532,28245,13262,23151,7550,7897,10660,17252,9446,27778,274187,209569,11961,292,22335,0,0,52,21
2021-02-16T23:59:59+01:00,8,12,5957,5473,12084,18403,12388,27535,14758,40489,18227,32836,10375,10479,15485,23964,13428,36324,2856,3059,7599,11979,8422,18017,10136,27155,12797,22253,7280,7602,9941,16078,8719,26228,270651,200052,11465,136,16176,0,0,50,21
2021-02-15T23:59:59+01:00,8,12,5851,5292,11788,17759,12121,26752,14410,39495,17878,32066,10248,10368,14924,23308,13067,35785,2766,2978,7406,11656,8203,17510,9834,26309,12447,21569,6999,7316,9240,15020,8204,24946,267546,192381,10862,90,12793,0,0,48,20
2021-02-14T23:59:59+01:00,8,12,5581,5177,11538,17488,11897,26316,14176,39048,17687,31789,10203,10317,14690,22968,12902,35392,2716,2940,7292,11491,8074,17304,9658,25977,12268,21267,6903,7192,9018,14636,8016,24410,266542,189141,9926,88,10791,0,0,46,20
2021-02-13T23:59:59+01:00,8,12,5521,5139,11488,17451,11866,26284,14148,39016,17667,31770,10189,10289,14663,22936,12890,35374,2712,2937,7287,11484,8062,17282,9642,25941,12241,21224,6873,7158,8864,14423,7664,23784,266297,187636,9925,9,10560,0,0,45,19
2021-02-12T23:59:59+01:00,8,11,5004,4821,10917,17087,11548,25732,13829,38372,17337,31126,10078,10181,14479,22722,12810,35265,2662,2904,7192,11326,7961,17051,9492,25548,12024,20778,6691,6925,8502,13861,7071,22444,264600,182492,9914,7,6883,0,0,44,19
2021-02-11T23:59:59+01:00,8,10,4542,4520,10329,16407,11135,24926,13349,37108,16847,30267,9762,9918,14197,22273,12530,34579,2494,2630,6592,10133,7273,15314,8630,22931,10972,18695,6036,6209,7455,12240,6255,20122,261369,164041,8271,4,3139,0,0,40,16
2021-02-10T23:59:59+01:00,8,10,4296,4352,9994,15954,10825,24385,13037,36223,16431,29518,9548,9780,14015,22068,12438,34372,2132,2337,5654,8669,6466,13270,7639,20013,9845,16657,5489,5623,6468,10576,5478,18059,258716,144439,7772,3,837,0,0,38,4
2021-02-09T23:59:59+01:00,8,9,4232,4254,9871,15686,10715,23983,12864,35603,16219,29044,9369,9642,13820,21857,12296,34150,1736,1982,4873,7400,5693,11477,6720,17498,8756,14660,4910,4993,5418,9023,4747,15960,256267,125906,6994,1,432,0,0,37,4
2021-02-08T23:59:59+01:00,8,9,4198,4199,9777,15474,10607,23623,12745,35142,16078,28686,9277,9575,13618,21572,12187,33957,1571,1787,4315,6403,5031,9901,5898,14970,7734,12803,4350,4460,4428,7435,3984,13880,253894,109005,6480,1,426,0,0,37,4
2021-02-07T23:59:59+01:00,8,9,4033,4132,9620,15338,10505,23459,12666,34879,15966,28492,9236,9530,13472,21388,12113,33814,1356,1540,3895,5730,4615,9021,5472,13810,7247,11844,4094,4199,4198,7041,3824,13284,252795,101223,5934,1,0,0,0,34,3
2021-02-06T23:59:59+01:00,8,9,4024,4123,9609,15322,10492,23423,12644,34829,15949,28435,9216,9516,13454,21353,12008,33616,1204,1344,3662,5423,4429,8596,5252,13220,6966,11286,3957,4062,4072,6892,3545,12826,252450,96787,5649,1,0,0,0,34,2
2021-02-05T23:59:59+01:00,8,8,3951,4055,9537,15179,10425,23172,12559,34459,15834,28154,9132,9442,13381,21278,11658,33019,1063,1115,3381,4978,4169,8016,4935,12439,6580,10557,3696,3815,3909,6661,3039,11935,250562,90336,4756,0,0,0,0,34,2
2021-02-04T23:59:59+01:00,8,8,3893,3930,9416,14862,10248,22624,12370,33663,15618,27592,9009,9332,13155,20985,11543,32815,799,782,2556,3725,3234,6272,3982,9890,5254,8342,3014,3102,3290,5683,2651,10446,246609,73057,4531,0,0,0,0,32,2
2021-02-03T23:59:59+01:00,8,8,3824,3858,9313,14639,10144,22288,12238,33155,15468,27174,8900,9217,13013,20808,11468,32648,663,614,1928,2810,2500,4843,3009,7594,4020,6290,2200,2235,2403,4211,1924,7828,243881,55101,4359,0,0,0,0,32,2
2021-02-02T23:59:59+01:00,8,8,3756,3763,9213,14446,10045,21907,12096,32590,15266,26721,8775,9103,12890,20597,11386,32384,527,486,1458,2075,1911,3643,2262,5776,2999,4701,1557,1537,1640,2774,1338,5209,240664,39913,4357,0,0,0,0,32,2
2021-02-01T23:59:59+01:00,7,8,3716,3673,9134,14216,9939,21522,11957,31954,15081,26217,8655,8956,12782,20454,11335,32208,392,352,1015,1432,1261,2426,1475,3783,1863,2978,986,980,971,1695,769,3022,237526,25409,4357,0,0,0,0,30,2
2021-01-31T23:59:59+01:00,7,8,3698,3638,9080,14108,9870,21318,11891,31657,14977,26020,8599,8897,12731,20343,11290,32079,362,331,893,1242,1071,2053,1273,3230,1630,2610,888,888,868,1511,698,2716,236037,22271,4242,0,0,0,0,29,2
2021-01-30T23:59:59+01:00,7,8,3697,3635,9070,14095,9856,21295,11878,31637,14965,26006,8595,8892,12662,20274,11223,32002,346,307,833,1158,1014,1929,1209,3040,1555,2473,860,862,849,1471,683,2663,235716,21258,4149,0,0,0,0,29,2
2021-01-29T23:59:59+01:00,7,8,3637,3620,9009,14065,9827,21243,11846,31562,14917,25938,8571,8869,12475,20049,11043,31759,279,224,712,985,870,1569,1054,2650,1344,2148,770,770,800,1416,665,2610,234496,18870,4020,0,0,0,0,26,2
2021-01-28T23:59:59+01:00,7,8,3519,3534,8804,13679,9607,20730,11614,30981,14590,25440,8434,8767,12038,19428,10687,31178,132,57,293,360,378,611,462,1150,612,964,407,426,469,815,382,1580,229707,9101,3411,0,0,0,0,24,1
2021-01-27T23:59:59+01:00,7,8,3288,3399,8511,13263,9306,20106,11231,30146,14203,24704,8217,8556,11487,18621,10262,30414,80,33,202,222,244,415,307,803,433,662,309,312,349,608,287,1158,222996,6426,2800,0,0,0,0,24,1
2021-01-26T23:59:59+01:00,6,8,3122,3301,8229,12925,9043,19536,10926,29389,13806,24071,7981,8334,10909,17705,9614,29262,75,29,187,212,228,381,291,751,402,601,294,286,322,545,260,1028,216276,5894,1957,0,0,0,0,24,1
2021-01-25T23:59:59+01:00,6,8,3034,3207,7946,12443,8753,18830,10540,28387,13325,23307,7699,8133,10290,16888,9158,28361,67,21,167,191,194,325,252,631,350,496,257,241,268,467,211,840,209971,4980,410,0,0,0,0,22,1
2021-01-24T23:59:59+01:00,6,8,2990,3186,7861,12365,8679,18705,10431,28227,13196,23124,7656,8097,10225,16776,9110,28265,66,20,163,187,192,311,249,610,341,482,248,237,266,460,207,825,208665,4866,307,0,0,0,0,22,1
2021-01-23T23:59:59+01:00,6,8,2989,3185,7860,12362,8675,18695,10429,28213,13190,23119,7649,8094,10101,16610,8782,27678,65,20,163,187,191,310,247,610,339,482,248,237,266,460,207,823,207406,4857,305,0,0,0,0,21,1
2021-01-22T23:59:59+01:00,6,8,2927,3139,7736,12249,8592,18553,10319,28042,13109,23004,7618,8059,9903,16307,8263,26654,65,20,162,187,191,310,247,610,338,482,248,237,266,460,207,823,204253,4855,304,0,0,0,0,18,1
2021-01-21T23:59:59+01:00,6,8,2845,2969,7237,11335,8107,17406,9783,26413,12502,21787,7335,7734,9267,15361,7745,25604,59,18,147,173,174,279,221,534,301,442,222,210,235,380,177,691,193207,4265,304,0,0,0,0,16,1
2021-01-20T23:59:59+01:00,6,8,2486,2622,6356,9923,7360,15450,8829,23582,11391,19714,6733,7082,8170,13592,6929,23379,57,18,146,168,171,277,213,520,289,420,210,203,229,355,163,653,173370,4094,301,0,0,0,0,16,1
2021-01-19T23:59:59+01:00,6,8,2046,2267,5456,8535,6500,13558,7808,20796,10123,17480,5977,6201,6785,11406,5907,20326,41,11,97,124,115,172,150,357,190,292,133,115,141,237,114,486,151015,2775,220,0,0,0,0,16,1
2021-01-18T23:59:59+01:00,5,8,1773,1977,4699,7151,5545,11318,6609,17198,8694,14764,5093,5318,5399,9153,4834,16844,22,6,38,46,52,80,66,163,76,146,59,54,66,131,62,220,126332,1287,96,0,0,0,0,16,1
2021-01-17T23:59:59+01:00,4,8,1499,1687,4186,6356,5036,10187,6072,15629,8052,13499,4753,4968,5025,8479,4505,15835,8,2,8,15,15,29,20,51,29,56,23,23,20,31,13,47,115729,389,91,0,0,0,0,15,1
2021-01-16T23:59:59+01:00,4,7,1332,1484,3969,6035,4856,9747,5813,14964,7722,12806,4563,4740,4812,8203,4150,15231,0,0,0,1,1,3,1,1,2,2,0,1,1,0,0,1,110468,13,8,0,0,0,0,14,1
2021-01-15T23:59:59+01:00,4,7,1181,1258,3715,5613,4602,9182,5522,14123,7314,12007,4271,4446,4625,7895,3614,14184,0,0,0,0,0,0,0,0,1,0,0,0,0,0,0,0,103594,0,4,0,0,0,0,14,1
2021-01-14T23:59:59+01:00,3,4,907,945,2969,4424,3737,7365,4578,11375,5918,9659,3469,3576,3884,6666,3127,12365,0,0,0,0,0,0,0,0,1,0,0,0,0,0,0,0,84995,0,0,0,0,0,0,14,1
2021-01-13T23:59:59+01:00,3,3,772,791,2496,3692,3153,6141,3805,9433,4824,7781,2596,2663,2935,5083,2394,9459,0,0,0,0,0,0,0,0,1,0,0,0,0,0,0,0,68043,0,0,0,0,0,0,13,1
2021-01-12T23:59:59+01:00,2,3,640,660,2089,3028,2596,4989,3046,7593,3804,6113,1864,1842,2007,3446,1695,6461,0,0,0,0,0,0,0,0,1,0,0,0,0,0,0,0,51904,0,0,0,0,0,0,1,1
2021-01-11T23:59:59+01:00,1,1,496,524,1741,2451,2083,3987,2359,5770,2824,4432,1199,1140,1203,2024,934,3678,0,0,0,0,0,0,0,0,1,0,0,0,0,0,0,0,36868,0,0,0,0,0,0,1,1
2021-01-10T23:59:59+01:00,1,1,439,455,1480,2026,1743,3264,1950,4785,2348,3714,1057,1015,1058,1776,833,3225,0,0,0,0,0,0,0,0,1,0,0,0,0,0,0,0,31182,0,0,0,0,0,0,1,1
2021-01-09T23:59:59+01:00,1,1,408,410,1356,1849,1598,2974,1796,4336,2163,3383,982,944,999,1722,815,3182,0,0,0,0,0,0,0,0,1,0,0,0,0,0,0,0,28929,0,0,0,0,0,0,1,1
2021-01-08T23:59:59+01:00,1,1,311,281,1107,1505,1320,2305,1477,3556,1793,2766,848,836,911,1599,767,3027,0,0,0,0,0,0,0,0,1,0,0,0,0,0,0,0,24419,0,0,0,0,0,0,1,1
2021-01-07T23:59:59+01:00,1,0,146,76,398,507,481,789,596,1371,783,1206,467,483,562,963,466,1912,0,0,0,0,0,0,0,0,1,0,0,0,0,0,0,0,11210,0,0,0,0,0,0,0,1
2021-01-06T23:59:59+01:00,1,0,111,44,268,285,308,513,400,929,533,826,359,363,425,749,359,1445,0,0,0,0,0,0,0,0,1,0,0,0,0,0,0,0,7921,0,0,0,0,0,0,0,1
2021-01-05T23:59:59+01:00,1,0,87,31,189,230,241,427,321,819,450,704,343,347,408,716,352,1391,0,0,0,0,0,0,0,0,1,0,0,0,0,0,0,0,7060,0,0,0,0,0,0,0,1
2021-01-04T23:59:59+01:00,1,0,69,25,172,193,199,334,257,636,356,512,268,254,288,518,235,933,0,0,0,0,0,0,0,0,1,0,0,0,0,0,0,0,5252,0,0,0,0,0,0,0,1
2021-01-03T23:59:59+01:00,1,0,67,21,166,188,194,319,255,621,346,495,260,252,284,505,233,916,0,0,0,0,0,0,0,0,1,0,0,0,0,0,0,0,5125,0,0,0,0,0,0,0,1
2021-01-02T23:59:59+01:00,1,0,67,21,166,188,194,319,252,621,343,495,260,252,284,505,233,915,0,0,0,0,0,0,0,0,1,0,0,0,0,0,0,0,5118,0,0,0,0,0,0,0,1
2021-01-01T23:59:59+01:00,1,0,66,21,165,188,194,318,251,621,340,493,260,252,284,504,233,915,0,0,0,0,0,0,0,0,1,0,0,0,0,0,0,0,5108,0,0,0,0,0,0,0,1
2020-12-31T23:59:59+01:00,1,0,66,21,165,186,194,317,250,620,339,492,260,252,284,504,233,915,0,0,0,0,0,0,0,0,1,0,0,0,0,0,0,0,5101,0,0,0,0,0,0,0,1
2020-12-30T23:59:59+01:00,1,0,65,21,165,185,192,314,250,618,339,490,260,252,284,504,232,915,0,0,0,0,0,0,0,0,1,0,0,0,0,0,0,0,5089,0,0,0,0,0,0,0,1
2020-12-29T23:59:59+01:00,1,0,46,12,117,140,143,212,182,444,239,376,179,164,196,375,171,715,0,0,0,0,0,0,0,0,1,0,0,0,0,0,0,0,3713,0,0,0,0,0,0,0,1
2020-12-28T23:59:59+01:00,1,0,25,8,64,77,80,122,101,253,119,231,98,93,103,200,103,388,0,0,0,0,0,0,0,0,1,0,0,0,0,0,0,0,2067,0,0,0,0,0,0,0,1
2020-12-27T23:59:59+01:00,0,0,12,3,17,26,36,47,36,90,38,94,32,29,40,73,32,145,0,0,0,0,0,0,0,0,0,0,0,0,0,0,0,0,750,0,0,0,0,0,0,0,0
