Datum,<24_1_m,<24_1_w,25-34_1_m,25-34_1_w,35-44_1_m,35-44_1_w,45-54_1_m,45-54_1_w,55-64_1_m,55-64_1_w,65-74_1_m,65-74_1_w,75-84_1_m,75-84_1_w,>84_1_m,>84_1_w,<24_2_m,<24_2_w,25-34_2_m,25-34_2_w,35-44_2_m,35-44_2_w,45-54_2_m,45-54_2_w,55-64_2_m,55-64_2_w,65-74_2_m,65-74_2_w,75-84_2_m,75-84_2_w,>84_2_m,>84_2_w,bp_1,bp_2,mo_1,mo_2,az_1,az_2,ja
2021-05-23T23:59:59+02:00,70974,72474,133117,138759,161742,185721,261537,294675,363770,381687,295626,333934,213670,277182,56168,106502,22419,22325,36994,45121,40767,63385,55009,90301,77021,92016,109240,122689,152209,198269,49009,92616,2251484,977463,305494,151927,766358,115656,24436
2021-05-22T23:59:59+02:00,70198,71792,131621,137721,159308,184034,258603,292396,361576,379691,295153,333383,213529,276958,56145,106461,22048,21839,36401,44569,40135,62877,54390,89532,76330,90957,107350,120489,151855,197797,48991,92571,2233956,970964,305477,151927,766335,112297,23035
2021-05-21T23:59:59+02:00,68764,70198,128826,135230,156143,180850,253429,287647,356429,374666,294432,332513,213276,276608,56097,106375,21663,21417,35835,43845,39523,61844,53417,88105,74645,88717,104545,117095,151106,196819,48917,92431,2199012,959664,303993,151622,765896,105914,22816
2021-05-20T23:59:59+02:00,65458,67157,123318,130504,149145,174600,244202,279581,348407,367206,292345,330250,212648,275774,56001,106196,20385,20388,33854,41934,37377,59228,50679,84573,70992,84657,101012,113124,148990,194243,48782,92159,2143192,942119,299399,149865,760216,90266,20219
2021-05-19T23:59:59+02:00,62973,64727,118362,125870,141539,167811,234482,270722,338117,356521,290431,328124,212025,274886,55877,105963,19785,19646,32748,40588,36094,57401,48727,81997,67883,81299,97404,108954,145682,189881,48569,91757,2079421,919631,293401,148147,757420,82307,18422
2021-05-18T23:59:59+02:00,60607,62516,113631,121663,134990,162066,223200,260509,328979,347364,288201,325593,211271,273838,55750,105762,19227,18936,31622,39204,34831,55684,46926,79635,64901,78031,93802,104798,142796,186230,48397,91388,2021135,900316,284371,145330,754064,74250,16604
2021-05-17T23:59:59+02:00,59379,61371,111300,119626,132169,159318,216566,254369,321861,340725,286665,323876,210768,273105,55670,105599,18711,18398,30626,38228,33703,54440,45454,77877,62709,75645,89048,99043,141666,184725,48271,91138,1994899,889312,272333,137944,750790,67939,14579
2021-05-16T23:59:59+02:00,58527,60620,109880,118323,130427,157641,213485,251615,314653,333921,285846,322925,210495,272675,55624,105522,18371,17979,29903,37463,32867,53545,44370,76560,61429,74214,85644,94993,141071,183894,48204,91024,1979908,883462,261999,131276,747641,64020,12865
2021-05-15T23:59:59+02:00,57926,59924,108888,117355,129407,156480,211353,249532,311357,330955,285306,322314,210322,272427,55610,105468,18213,17796,29650,37157,32595,53112,43875,75893,60617,73287,85001,94143,140655,183327,48175,90988,1963917,878345,261987,131136,746785,62926,12169
2021-05-14T23:59:59+02:00,56480,58308,106573,115241,125750,152913,202821,242222,305797,325710,284515,321352,210072,272047,55569,105394,17654,17322,28888,36340,31858,51908,42772,74058,59036,71399,83242,91738,140143,182534,48146,90918,1927209,868975,260339,130290,742276,57610,11173
2021-05-13T23:59:59+02:00,54253,56064,102784,112076,121001,148770,192360,233247,295820,316330,282049,318473,209387,271064,55490,105223,16682,16824,28104,35668,31116,51015,41852,73016,57479,69729,79081,86923,138051,179760,48055,90734,1876421,856758,251881,123364,736138,53876,10183
2021-05-12T23:59:59+02:00,53225,55227,100911,110707,119006,147168,189882,231152,290912,310703,281350,317728,209176,270783,55459,105149,16497,16665,27814,35453,30750,50731,41445,72648,56921,69131,77781,85297,137399,178827,47980,90599,1853886,851296,249741,121643,735664,53612,9479
2021-05-11T23:59:59+02:00,50704,53547,96786,107542,113235,142377,175941,219458,280129,300475,278524,314409,208375,269568,55340,104901,15993,15967,26818,34035,29660,48957,40140,70338,55153,66924,74801,81778,136241,177250,47859,90291,1796025,839342,240155,119009,727317,45900,8046
2021-05-10T23:59:59+02:00,49271,52434,94206,105520,110062,139777,167124,212068,272929,293799,276668,312293,207869,268790,55238,104700,15619,15445,26116,33102,28939,47728,39163,68442,53904,65265,72794,79270,135248,175923,47759,90050,1761104,830692,234171,118000,720477,38939,7228
2021-05-09T23:59:59+02:00,47948,51513,91566,103822,107418,138035,161957,208496,267666,288992,275727,311216,207534,268320,55185,104570,15246,15173,25448,32452,28239,46928,38410,67506,52921,64336,71646,77889,134744,175210,47714,89944,1742188,826269,227135,117048,714622,34330,6251
2021-05-08T23:59:59+02:00,47598,51160,90701,103108,106380,137178,160434,207233,265296,287044,275294,310756,207428,268159,55173,104543,15130,15104,25328,32363,28093,46806,38217,67297,52512,63983,70638,76860,133844,174045,47675,89865,1730433,821735,226634,116312,714404,33560,6245
2021-05-07T23:59:59+02:00,46549,50331,88739,101785,103519,134887,155407,203136,259699,281931,274174,309407,207148,267752,55127,104447,14303,14535,24533,31646,27366,45730,37322,66013,51271,62429,68272,74071,132014,171683,47602,89731,1705175,812384,223484,114096,710296,26820,5313
2021-05-06T23:59:59+02:00,43683,48363,83932,98277,97530,130122,143969,193599,244727,268338,269884,304545,206080,266311,54984,104195,13528,13928,23627,30571,26388,44348,35940,64037,49507,60434,65736,70848,130259,169388,47510,89536,1640783,801628,213750,111039,699830,18604,4406
2021-05-05T23:59:59+02:00,41600,46984,80220,95673,92919,126388,135206,186228,230723,254679,264621,298320,204741,264619,54791,103755,13259,13590,23124,29875,25792,43415,35013,62625,48348,59008,62952,67535,127773,166220,47431,89338,1575646,789778,208736,107537,693958,14721,3354
2021-05-04T23:59:59+02:00,40332,45692,77491,93388,89421,123320,129224,181022,220089,244181,260104,292919,203522,263056,54621,103360,13072,13350,22741,29338,25335,42653,34284,61500,47181,57661,60148,64267,125784,163739,47317,89147,1527593,778312,203663,104947,687988,11626,2724
2021-05-03T23:59:59+02:00,39320,44488,75137,91542,86570,120986,124447,177095,213660,238201,257318,289593,202849,262110,54523,103106,12799,13036,22350,28774,24860,41931,33603,60520,46089,56464,56984,60324,122600,159658,47110,88781,1496350,762736,200575,103258,683151,8887,1094
2021-05-02T23:59:59+02:00,38906,44088,73922,90665,85105,119889,121826,175077,210795,235821,256533,288658,202604,261744,54464,103010,12719,12961,22163,28561,24633,41630,33268,60122,45604,55928,55220,58296,120251,156717,47038,88673,1485916,757839,197825,97790,679354,8011,236
2021-05-01T23:59:59+02:00,38531,43668,73135,89843,84021,118848,120333,173665,207769,232822,255952,287950,202428,261492,54455,102981,12701,12945,22115,28533,24578,41592,33201,60066,45522,55844,54968,57983,120117,156559,47030,88658,1470980,756552,197823,97753,679081,7967,232
2021-04-30T23:59:59+02:00,37892,42958,71924,88611,82545,117139,115886,169598,200971,226019,254308,285982,202037,260972,54406,102891,12338,12731,21792,28259,24313,41161,32890,59491,45042,55238,53999,56720,119311,155555,46989,88562,1438496,752971,197501,95780,678291,5659,73
2021-04-29T23:59:59+02:00,36187,41868,68975,86605,78994,114529,110368,165157,187699,213631,247709,278377,201085,259598,54299,102594,12006,12480,21321,27823,23904,40651,32297,58754,44222,54281,52042,54367,117739,153646,46905,88394,1384450,744343,190330,93135,673061,3392,54
2021-04-28T23:59:59+02:00,34798,41173,67102,85273,76498,112691,106822,162170,177429,203630,237882,266902,199993,258164,54140,102327,11808,12294,21021,27477,23560,40189,31874,58089,43449,53421,49750,51524,115507,150844,46805,88211,1332402,735050,187008,88654,667772,2179,31
2021-04-27T23:59:59+02:00,33919,40369,65526,83810,74547,110930,103990,159725,172665,198660,229799,257577,199090,256838,54041,102146,11674,12164,20739,27193,23342,39862,31491,57583,42729,52665,47528,48732,113204,147822,46713,88051,1299124,725381,184736,84696,659959,1475,31
2021-04-26T23:59:59+02:00,33407,39918,64430,82942,73067,109770,101516,157894,163671,190044,226358,253558,198529,256016,53968,101971,11572,12068,20543,27020,23113,39653,31190,57248,42063,52019,45580,46373,111614,145714,46636,87928,1270616,717606,183310,81694,653322,1096,29
2021-04-25T23:59:59+02:00,33103,39639,63638,82423,71993,109028,99722,156639,157099,183676,223537,250312,198007,255345,53914,101865,11511,12029,20471,26953,23030,39568,31085,57130,41898,51850,45112,45803,111027,144912,46613,87867,1258119,715988,177200,79965,644810,969,28
2021-04-24T23:59:59+02:00,32687,39119,62693,81205,70823,107575,98119,154959,151821,178091,221313,247591,197625,254785,53884,101824,11497,12012,20426,26910,22980,39506,30996,57044,41743,51694,44860,45492,110810,144657,46596,87841,1233575,714930,177179,79273,643549,925,27
2021-04-23T23:59:59+02:00,31811,38384,61118,79687,69065,105526,95380,152259,146878,173366,217322,242671,197044,253950,53838,101725,11444,11949,20309,26827,22845,39352,30760,56833,41379,51348,44184,44672,109827,143449,46472,87629,1209085,711624,176015,76846,635111,874,26
2021-04-22T23:59:59+02:00,31082,37671,59548,78223,66563,103258,90739,148397,138881,165553,208963,232438,195364,251762,53668,101392,11300,11820,20074,26550,22499,38926,30248,56324,40616,50708,42958,43273,107978,141126,46301,87319,1168185,704284,168660,73038,626842,763,26
2021-04-21T23:59:59+02:00,30517,37090,58175,77077,64673,101648,87563,145603,131167,157977,196667,217958,193613,249372,53476,101027,11165,11719,19843,26312,22222,38602,29888,55881,40071,50184,42024,42154,105916,138465,46108,86984,1117438,697890,165797,69011,620552,701,26
2021-04-20T23:59:59+02:00,30016,36541,56995,75934,62997,100026,84885,142934,125681,152341,185759,205066,191618,246814,53285,100667,11055,11626,19625,26116,21938,38331,29469,55454,39552,49682,41145,41075,103776,135630,45850,86545,1075550,690522,162347,65786,613845,626,25
2021-04-19T23:59:59+02:00,29614,36130,56016,75118,61702,98836,82658,140903,121975,148713,180312,198490,190180,244934,53132,100387,10921,11520,19413,25901,21695,38060,29145,55054,39054,49162,40266,40060,100800,131776,45537,85964,1051363,680386,160535,63417,607384,590,25
2021-04-18T23:59:59+02:00,29259,35832,55233,74569,60551,97869,80663,139425,118518,146122,175534,193246,189333,243866,53045,100225,10837,11432,19221,25730,21526,37897,28934,54779,38808,48924,39890,39619,99625,130275,45395,85733,1037559,676607,158968,61504,596945,579,25
2021-04-17T23:59:59+02:00,29133,35737,54830,74359,60054,97517,79984,138799,117452,145084,171558,188643,188882,243279,53019,100170,10781,11356,19087,25544,21330,37674,28700,54488,38552,48678,39579,39264,98901,129396,45347,85667,1026820,672657,158946,61191,592916,561,25
2021-04-16T23:59:59+02:00,28695,35434,53821,73738,58785,96625,78279,137394,113051,140597,164357,180244,187512,241449,52934,100010,10549,11152,18691,25138,20768,37103,27536,53543,36490,47057,36341,36364,96010,126137,45026,85130,1001388,658131,158190,54432,583529,536,25
2021-04-15T23:59:59+02:00,28142,34908,52526,72534,56778,94847,74855,134383,107228,134862,156723,171433,183547,236379,52693,99489,10357,10956,18316,24699,20276,36469,26817,52712,35076,45804,34190,34276,93094,122548,44627,84440,969498,645338,156144,48901,565865,482,25
2021-04-14T23:59:59+02:00,27740,34517,51616,71610,55415,93444,72422,132155,102856,130676,147589,160987,176643,227476,52419,98937,9900,10644,17865,24198,19745,35838,25854,51797,33820,44697,32015,31972,90359,119131,44240,83746,932141,630784,153470,44716,551071,386,24
2021-04-13T23:59:59+02:00,27460,34258,50906,71053,54497,92620,70673,130661,98465,126512,136093,148025,171080,220166,52144,98448,9637,10441,17524,23781,19328,35307,25166,50994,32763,43690,30618,30574,88382,116931,43969,83304,899388,621863,148992,40346,534861,265,24
2021-04-12T23:59:59+02:00,27220,34028,50343,70535,53642,91884,69135,129294,95536,123805,128836,139794,168642,217114,51918,98029,9375,10223,17169,23488,18964,34860,24684,50467,32057,43051,29059,28985,86827,115069,43711,82877,883189,613563,147475,37111,519270,255,24
2021-04-11T23:59:59+02:00,27002,33846,49828,70122,52918,91417,67941,128449,93448,122053,122542,132899,165992,213873,51786,97782,9224,10073,16865,23208,18664,34558,24309,50084,31640,42688,28385,28281,85861,113876,43542,82612,875848,608350,143110,35340,503120,243,23
2021-04-10T23:59:59+02:00,26923,33777,49674,69998,52711,91263,67608,128167,92867,121522,120040,129864,165097,212668,51749,97692,8552,9392,15969,22451,17724,33701,23151,49032,30599,41747,27707,27553,83836,111318,43317,82230,868908,593127,142265,34975,500626,239,23
2021-04-09T23:59:59+02:00,26632,33491,49199,69518,52058,90571,66547,126977,90802,119267,110977,118560,162433,209174,51586,97405,7465,8387,14438,21092,15980,32138,20924,47022,28561,39834,25873,25698,80479,107233,42889,81551,849682,565919,135252,33483,490443,225,21
2021-04-08T23:59:59+02:00,26307,33218,48606,69017,51318,89859,65163,125852,88160,116731,100442,106262,157650,203230,51323,96925,6716,7722,13255,20051,14712,30782,19222,45272,26055,37483,22909,22684,75940,101624,42003,80134,831222,534864,126412,31565,472613,199,17
2021-04-07T23:59:59+02:00,25935,32954,47802,68575,50412,89244,63654,124781,84608,113820,91220,95778,151530,195485,51078,96445,6294,7350,12577,19359,13885,29957,18159,44169,24055,35494,20373,20159,72120,96925,41215,78824,811071,511706,120851,29106,451581,167,16
2021-04-06T23:59:59+02:00,25681,32766,47298,68198,49848,88719,62533,123962,82253,111736,82972,86337,146154,188681,50809,95912,6078,7171,12223,19008,13548,29513,17596,43592,23175,34716,19250,19070,68933,92772,40494,77715,792001,498558,117661,26204,434378,156,16
2021-04-05T23:59:59+02:00,25563,32624,46991,67846,49463,88310,61949,123239,80890,110408,77983,80624,141988,183474,50634,95646,5926,7013,11947,18758,13264,29204,17272,43223,22742,34270,18774,18566,65968,89097,40003,76920,782645,489385,115872,23473,419294,153,15
2021-04-04T23:59:59+02:00,25514,32556,46863,67568,49289,87995,61677,122726,80325,109750,76541,78866,141385,182636,50606,95579,5923,7004,11934,18751,13253,29189,17257,43204,22604,34181,18387,18216,64492,87202,39870,76717,780139,484630,115775,23473,414141,145,15
2021-04-03T23:59:59+02:00,25442,32470,46741,67455,49131,87820,61326,122383,79773,109148,75071,77105,140436,181299,50538,95457,5915,6995,11918,18735,13231,29166,17217,43159,22500,34099,18243,18069,64135,86629,39808,76606,773820,482873,115737,23473,412218,144,14
2021-04-02T23:59:59+02:00,25357,32378,46579,67292,48898,87558,60817,121909,78880,108286,73335,74948,138419,178653,50384,95171,5893,6956,11874,18694,13178,29086,17121,42978,22224,33637,17865,17713,61685,83601,39176,75713,764766,474477,113967,22839,410311,144,13
2021-04-01T23:59:59+02:00,25122,32116,46155,66786,48253,86803,59929,120954,76961,106597,69362,70600,135181,174499,50138,94718,5717,6771,11620,18457,12955,28863,16798,42663,21715,33183,17016,16924,56704,77282,37842,73708,753182,456684,107940,21473,403231,129,11
2021-03-31T23:59:59+02:00,24769,31855,45744,66271,47777,86161,59183,119955,75784,105363,67040,67896,130817,168863,49806,94117,5633,6714,11516,18333,12806,28717,16538,42364,21096,32661,15840,16006,51409,70629,36751,72138,743532,438561,100866,20533,397182,126,10
2021-03-30T23:59:59+02:00,24577,31588,45339,65645,47282,85355,58450,118866,74642,104001,64931,65576,126774,163452,49435,93363,5563,6620,11411,18212,12608,28535,16199,42030,20522,32100,14985,15194,48590,67081,35865,70626,733416,426914,96677,19200,389363,98,7
2021-03-29T23:59:59+02:00,24349,31301,44881,65100,46813,84654,57700,117746,73377,102565,61918,62040,120673,155622,48816,92209,5467,6548,11317,18106,12448,28371,15955,41694,20054,31633,14332,14643,45853,63845,35010,69149,713047,415841,93289,18574,383608,81,7
2021-03-28T23:59:59+02:00,24102,30955,44387,64416,46309,83919,57012,116741,72444,101455,59994,59847,116682,150450,48456,91586,5408,6480,11172,17962,12196,28065,15786,41473,19887,31406,14090,14408,44727,62344,34756,68746,706590,411607,86018,17306,376327,64,7
2021-03-27T23:59:59+01:00,23965,30763,44101,64052,45930,83380,56505,116052,71715,100708,58891,58760,115300,148853,48407,91524,5395,6468,11142,17941,12177,28035,15379,40983,19519,31015,13810,14211,44135,61469,34409,68138,701384,407591,85322,16655,372379,51,7
2021-03-26T23:59:59+01:00,23672,30095,43262,62383,44980,81310,55116,112872,69706,97377,56750,56773,112819,145833,48152,91106,5375,6430,11120,17891,12107,27943,15296,40876,19155,30385,13332,13597,40620,57015,32893,65592,690108,393210,82029,16440,360245,48,7
2021-03-25T23:59:59+01:00,23219,29278,42364,60592,43907,78727,53545,109268,67363,93852,54064,54076,109768,142076,47703,90301,5324,6369,11027,17783,11987,27805,15117,40644,18865,30076,12830,13077,36213,51149,30658,62141,678772,375244,77861,15848,343646,44,6
2021-03-24T23:59:59+01:00,22747,28736,41609,59327,42911,77200,52087,107311,65299,91594,51165,51050,105803,137219,47187,89404,5262,6298,10930,17641,11819,27603,14879,40337,18504,29677,12374,12614,33114,47145,28182,58229,666078,359891,73010,14751,331739,41,2
2021-03-23T23:59:59+01:00,22472,28355,41029,58436,42221,76102,51021,105763,63644,89766,48852,48602,103172,134236,46756,88698,5198,6224,10832,17509,11670,27422,14623,40019,18093,29273,11861,12135,30178,43271,25162,53278,658120,342619,69713,14164,321469,40,1
2021-03-22T23:59:59+01:00,22188,27874,40411,57559,41572,75065,50069,104335,62183,88165,46992,46703,100926,131613,46389,88055,5126,6170,10757,17384,11538,27258,14460,39786,17850,28956,11559,11768,27814,40171,21843,47782,651924,326643,66920,13616,311431,38,1
2021-03-21T23:59:59+01:00,22024,27544,39911,56805,41042,74209,49409,103176,61241,86987,45914,45646,99369,129830,46089,87566,5111,6161,10722,17334,11490,27170,14403,39695,17766,28853,11436,11646,27358,39670,21544,47298,649377,324490,64902,13204,302655,38,1
2021-03-20T23:59:59+01:00,21954,27361,39700,56287,40801,73679,49091,102510,60790,86411,45200,44828,96867,126673,45845,87137,5103,6154,10711,17324,11463,27153,14358,39656,17672,28769,11276,11484,26637,38805,20891,46326,642953,320804,64460,13015,297892,38,1
2021-03-19T23:59:59+01:00,21530,26633,38539,54217,39533,71693,47254,100366,57825,83640,40729,40930,91985,121146,45291,86252,5082,6141,10680,17265,11399,27048,14270,39483,17422,28468,10939,11217,24679,36377,19543,44186,625318,311585,57279,12653,285134,36,1
2021-03-18T23:59:59+01:00,21071,25808,37294,52065,38000,68784,44983,95713,53976,78179,36716,37108,87469,115854,44427,84877,5056,6104,10614,17164,11319,26896,14120,39289,17204,28284,10699,11033,23172,34451,18143,42044,608541,303588,51552,12046,262397,32,1
2021-03-17T23:59:59+01:00,20596,25394,36575,51134,37225,67828,43857,94268,52159,76390,33903,34140,83681,111193,43644,83658,5027,6074,10555,17068,11249,26760,14002,39102,16988,28094,10480,10812,21719,32736,16833,40014,592006,296213,47189,11343,256614,29,1
2021-03-16T23:59:59+01:00,20188,24899,35810,50064,36429,66613,42676,92580,50312,74443,31685,32050,79847,106404,42927,82567,4972,6016,10484,16939,11158,26603,13905,38863,16845,27867,10314,10632,20222,30932,15608,38025,579014,288517,42510,10911,248130,28,1
2021-03-15T23:59:59+01:00,19864,24457,35090,49091,35652,65375,41743,91097,49044,72891,29941,30158,76614,102361,42393,81623,4948,5972,10423,16814,11090,26403,13788,38571,16698,27603,10146,10474,19310,29735,14575,36432,567984,282763,39194,10266,240374,25,0
2021-03-14T23:59:59+01:00,19553,23930,34197,47891,34790,64065,40651,89216,47854,71282,28755,28918,74663,99836,42046,81070,4923,5949,10372,16732,11033,26253,13732,38344,16607,27461,10071,10389,19127,29432,14329,35905,560912,281581,37331,9133,230630,17,0
2021-03-13T23:59:59+01:00,18641,22811,32749,46056,33308,62102,38606,86273,45886,69077,27500,27621,72686,97254,41868,80796,4923,5949,10370,16727,11029,26247,13727,38338,16602,27453,10024,10348,18258,28356,13428,34658,544616,277359,37049,9132,221718,17,0
2021-03-12T23:59:59+01:00,17358,21204,30253,43403,30716,58879,35635,81227,42780,64921,24703,24488,68420,91949,41134,79701,4912,5913,10351,16667,11010,26191,13683,38223,16504,27300,9755,10149,17216,26899,12545,33376,516725,271624,35740,9122,204452,16,0
2021-03-11T23:59:59+01:00,16162,19475,28015,40795,28454,55640,32947,76742,39083,60253,21330,21004,62425,84547,39613,77408,4865,5868,10274,16550,10899,25950,13560,37906,16330,27023,9461,9932,16542,25997,11949,32198,484863,267669,34155,7690,185013,13,0
2021-03-10T23:59:59+01:00,15484,18630,26541,39186,26863,53811,31347,74321,36473,57186,18641,18489,56464,77229,38412,75557,4822,5810,10179,16382,10788,25692,13410,37488,16127,26693,9234,9748,15718,25113,11398,31301,458595,262968,32120,6991,174055,12,0
2021-03-09T23:59:59+01:00,15155,18067,25349,38160,25527,52601,30266,72621,35099,55441,17481,17407,52897,72645,37511,74051,4791,5772,10096,16206,10678,25436,13247,37169,15971,26479,9107,9643,14996,24196,10984,30631,445115,259300,29606,6159,165684,11,0
2021-03-08T23:59:59+01:00,14771,17371,24201,37091,24339,51445,29327,71107,33886,53899,16413,16564,48656,67396,36548,72453,4775,5719,10030,16006,10574,25179,13108,36810,15853,26248,9037,9554,14445,23539,10734,30260,429724,256165,27659,5770,158209,4,0
2021-03-07T23:59:59+01:00,14513,17013,23599,36255,23639,50567,28754,70236,33333,53231,16159,16323,47519,65853,36284,72021,4761,5704,10010,15965,10547,25091,13075,36638,15797,26156,9017,9520,14230,23259,10622,30094,425006,255121,25852,5432,154564,0,0
2021-03-06T23:59:59+01:00,14377,16647,23168,35543,23119,49747,27644,68614,32271,51582,15853,16087,46805,64838,36076,71698,4757,5684,9998,15944,10532,25057,13065,36596,15779,26125,8997,9483,14183,23218,10524,29890,420963,254748,25789,5151,147439,0,0
2021-03-05T23:59:59+01:00,13912,15936,22480,34392,22458,48477,26865,66944,31048,49246,15231,15334,42890,59898,34467,68961,4727,5623,9928,15846,10477,24909,12998,36400,15697,25924,8904,9428,13992,22998,10179,29305,405821,253084,24344,4318,138491,0,0
2021-03-04T23:59:59+01:00,13071,14763,21282,32699,21283,46412,25466,64189,29431,47169,14518,14619,38262,53799,32160,65369,4676,5519,9819,15553,10384,24545,12869,35880,15560,25577,8758,9298,13838,22790,10113,29175,387518,250192,22274,4228,124816,0,0
2021-03-03T23:59:59+01:00,12717,14184,20591,31506,20528,45045,24544,62445,28459,45676,14053,14146,35125,49673,29693,61498,4632,5444,9736,15374,10304,24294,12762,35447,15369,25269,8606,9179,13704,22562,9982,28925,372181,247588,21507,4067,116307,0,0
2021-03-02T23:59:59+01:00,12426,13681,19950,30556,19820,44021,23752,61046,27535,44478,13430,13540,31914,45480,26463,56241,4578,5362,9674,15211,10237,24018,12663,35022,15267,24989,8488,9084,13561,22369,9918,28797,354168,245236,20057,4066,110217,0,0
2021-03-01T23:59:59+01:00,12217,13343,19443,29742,19272,43175,23163,59963,26857,43406,13025,13105,29266,42094,22866,50275,4555,5301,9624,15050,10170,23725,12583,34618,15170,24725,8411,9029,13364,22072,9827,28651,337090,242873,18998,4066,105232,0,0
2021-02-28T23:59:59+01:00,12018,13104,18961,29095,18771,42405,22673,59121,26389,42660,12827,12899,28639,41381,22523,49758,4536,5286,9604,15018,10149,23673,12566,34551,15144,24690,8388,9006,13223,21868,9778,28533,334691,242045,18141,4032,100498,0,0
2021-02-27T23:59:59+01:00,11796,12456,18645,28293,18517,41633,22385,58100,26063,41935,12562,12616,27856,40435,21744,48509,4525,5273,9580,14999,10117,23612,12527,34477,15105,24624,8370,8990,13211,21853,9777,28529,330793,241701,17421,3932,95435,0,0
2021-02-26T23:59:59+01:00,10891,11527,17782,26837,17742,39354,21444,55182,24596,39356,12198,12328,25999,38102,20527,46584,4434,5188,9505,14845,10047,23342,12442,34103,14988,24370,8295,8919,13145,21773,9743,28474,321712,239817,17168,3859,81671,0,0
2021-02-25T23:59:59+01:00,9612,10519,16468,25224,16497,37044,20159,52171,22955,36832,11805,12041,24497,36161,19302,44693,4306,5024,9344,14533,9846,22708,12185,33251,14683,23805,8120,8778,12882,21432,9626,28253,314117,235814,16399,3025,65564,0,0
2021-02-24T23:59:59+01:00,9173,9898,15835,24185,15884,35776,19416,50620,22187,35784,11450,11728,22986,34333,17903,42470,4224,4926,9206,14256,9670,22242,11994,32625,14427,23317,7993,8650,12747,21258,9569,28062,305997,233109,15439,2118,58290,0,0
2021-02-23T23:59:59+01:00,8613,9306,15030,23029,15228,34524,18664,49206,21501,34834,11185,11429,21395,32432,16574,40281,4181,4840,9078,14030,9532,21822,11802,32054,14120,22871,7848,8510,12629,21047,9508,27846,297927,230314,14641,1465,50759,0,0
2021-02-22T23:59:59+01:00,8475,9047,14645,22412,14874,33797,18191,48165,21032,34177,11007,11190,20450,31171,15486,38615,4147,4715,8931,13726,9361,21295,11535,31310,13743,22329,7637,8331,12432,20796,9421,27561,292105,227036,14032,294,46692,0,0
2021-02-21T23:59:59+01:00,8368,8871,14307,21973,14462,33216,17767,47479,20621,33754,10907,11100,20282,30945,15259,38303,4099,4661,8852,13595,9284,21076,11463,31016,13630,22082,7576,8280,12369,20684,9360,27410,290974,225215,13664,281,43069,0,0
2021-02-20T23:59:59+01:00,8234,8814,14191,21888,14347,33091,17643,47308,20466,33593,10801,11012,19386,29847,14342,37033,4096,4655,8843,13586,9273,21055,11448,30990,13617,22076,7573,8272,12297,20608,9317,27361,286737,224846,13468,280,41883,0,0
2021-02-19T23:59:59+01:00,7896,8525,13845,21439,13971,32396,17161,46502,19719,32725,10269,10679,18174,28302,13383,35670,4004,4630,8777,13559,9230,20992,11416,30896,13552,21991,7531,8216,12052,20295,9153,27074,280378,223147,13093,280,37273,0,0
2021-02-18T23:59:59+01:00,7442,7922,13221,20327,13334,30991,16323,44552,18872,31319,10095,10498,17518,27468,12888,34891,3797,4441,8439,13013,8938,20225,11066,29846,13200,21262,7326,7901,11424,19264,8730,26056,276824,214706,12514,280,28409,0,0
2021-02-17T23:59:59+01:00,7245,7487,12778,19460,12833,29759,15627,42772,18264,30189,9891,10277,16653,26512,12240,33859,3517,4225,8095,12508,8650,19389,10682,28772,12831,20531,7102,7668,10816,18333,8361,25351,272132,206608,11783,279,22016,0,0
2021-02-16T23:59:59+01:00,6850,7110,12272,18622,12351,28658,15091,41442,17710,29297,9750,10174,15924,25594,11812,33175,3308,4072,7790,12041,8340,18642,10273,27662,12393,19735,6843,7363,10038,17066,7719,23949,268566,197163,11287,127,16062,0,0
2021-02-15T23:59:59+01:00,6727,6868,11979,17991,12081,27855,14729,40439,17384,28606,9632,10073,15304,24872,11529,32718,3208,3965,7594,11706,8122,18128,9965,26810,12048,19093,6569,7088,9302,15909,7270,22819,265479,189569,10685,83,12706,0,0
2021-02-14T23:59:59+01:00,6435,6727,11739,17713,11860,27410,14498,39993,17198,28366,9590,10024,15052,24502,11388,32363,3153,3918,7479,11541,7989,17924,9794,26463,11877,18820,6462,6957,9081,15506,7108,22325,264480,186369,9751,83,10708,0,0
2021-02-13T23:59:59+01:00,6363,6681,11698,17682,11829,27378,14474,39964,17180,28344,9577,9999,15023,24475,11381,32348,3148,3913,7472,11536,7979,17904,9776,26428,11848,18779,6439,6925,8916,15273,6770,21724,264246,184879,9750,6,10481,0,0
2021-02-12T23:59:59+01:00,5768,6318,11177,17311,11524,26830,14153,39298,16865,27748,9477,9925,14830,24250,11319,32256,3092,3866,7379,11383,7874,17654,9619,26039,11638,18339,6258,6704,8532,14668,6220,20462,262558,179777,9740,5,6831,0,0
2021-02-11T23:59:59+01:00,5237,5952,10625,16651,11112,25983,13668,38061,16401,26974,9186,9679,14546,23798,11066,31609,2894,3495,6746,10168,7204,15863,8747,23380,10608,16484,5647,6028,7449,12892,5512,18389,259398,161554,8103,3,3126,0,0
2021-02-10T23:59:59+01:00,4965,5741,10278,16199,10820,25441,13334,37142,16013,26316,8998,9551,14374,23586,10979,31417,2473,3099,5820,8699,6407,13745,7746,20456,9555,14732,5136,5457,6406,11137,4856,16526,256763,142292,7643,1,827,0,0
2021-02-09T23:59:59+01:00,4889,5617,10156,15926,10713,25030,13155,36500,15802,25891,8824,9423,14173,23374,10861,31214,2034,2637,5023,7432,5628,11898,6840,17894,8504,12988,4584,4820,5326,9460,4232,14662,254335,124000,6866,1,425,0,0
2021-02-08T23:59:59+01:00,4847,5549,10068,15703,10602,24665,13035,36008,15670,25593,8737,9362,13954,23057,10776,31062,1831,2362,4464,6433,4978,10254,6007,15337,7512,11370,4073,4297,4300,7775,3578,12786,251990,107390,6353,1,421,0,0
2021-02-07T23:59:59+01:00,4659,5469,9928,15569,10501,24487,12949,35740,15568,25425,8702,9318,13799,22848,10717,30951,1586,2047,4044,5774,4578,9347,5571,14174,7047,10513,3833,4050,4075,7371,3441,12237,250895,99718,5809,1,0,0,0
2021-02-06T23:59:59+01:00,4650,5456,9916,15554,10487,24447,12929,35689,15550,25374,8684,9301,13777,22815,10617,30757,1404,1799,3818,5497,4398,8891,5346,13571,6766,9993,3714,3945,3953,7214,3170,11794,250551,95302,5526,1,0,0,0
2021-02-05T23:59:59+01:00,4568,5372,9847,15415,10422,24177,12838,35314,15437,25119,8609,9234,13706,22735,10273,30171,1239,1513,3534,5069,4138,8299,5041,12780,6372,9323,3476,3725,3796,6976,2688,10946,248674,88942,4635,0,0,0,0
2021-02-04T23:59:59+01:00,4501,5221,9717,15089,10257,23595,12637,34509,15227,24636,8494,9127,13473,22424,10179,29999,918,1067,2680,3800,3228,6508,4052,10164,5078,7355,2852,3055,3203,5952,2342,9566,244744,71840,4413,0,0,0,0
2021-02-03T23:59:59+01:00,4423,5125,9602,14867,10152,23221,12500,33975,15073,24255,8391,9008,13315,22218,10110,29788,755,834,2022,2873,2494,5027,3098,7790,3868,5570,2064,2212,2353,4462,1714,7208,241849,54359,4246,0,0,0,0
2021-02-02T23:59:59+01:00,4352,5018,9500,14658,10049,22816,12348,33394,14871,23850,8285,8887,13192,22003,10032,29536,599,655,1526,2124,1912,3788,2332,5927,2870,4172,1453,1483,1602,2973,1193,4803,238618,39424,4244,0,0,0,0
2021-02-01T23:59:59+01:00,4307,4906,9409,14420,9942,22391,12207,32744,14691,23397,8171,8752,13093,21866,9989,29370,455,469,1048,1465,1262,2520,1501,3841,1784,2659,911,945,964,1822,682,2772,235482,25109,4244,0,0,0,0
2021-01-31T23:59:59+01:00,4285,4859,9355,14306,9870,22188,12139,32438,14600,23220,8119,8702,13040,21750,9950,29250,415,431,918,1270,1078,2132,1294,3262,1556,2354,824,855,859,1628,619,2487,234008,21988,4133,0,0,0,0
2021-01-30T23:59:59+01:00,4285,4856,9345,14293,9854,22163,12127,32418,14587,23210,8117,8697,12974,21674,9909,29202,397,399,853,1185,1024,2006,1225,3072,1485,2230,802,832,840,1588,606,2438,233693,20987,4088,0,0,0,0
2021-01-29T23:59:59+01:00,4215,4842,9295,14261,9822,22111,12097,32344,14540,23148,8095,8670,12763,21414,9756,29000,320,299,730,1008,880,1633,1072,2685,1279,1938,723,746,791,1532,591,2392,232480,18622,3963,0,0,0,0
2021-01-28T23:59:59+01:00,4079,4720,9088,13865,9605,21588,11853,31759,14233,22704,7965,8575,12288,20719,9457,28505,152,81,291,375,372,630,468,1168,589,861,390,417,468,889,337,1446,227704,8934,3368,0,0,0,0
2021-01-27T23:59:59+01:00,3819,4538,8784,13454,9306,20929,11475,30918,13858,22045,7758,8365,11691,19831,9099,27855,93,51,199,229,244,430,307,814,422,592,293,303,346,658,254,1059,221022,6294,2768,0,0,0,0
2021-01-26T23:59:59+01:00,3632,4412,8500,13095,9044,20346,11160,30136,13465,21491,7537,8143,11058,18838,8524,26807,88,47,185,219,226,390,293,757,389,542,281,277,316,585,232,944,214325,5771,1928,0,0,0,0
2021-01-25T23:59:59+01:00,3533,4278,8202,12600,8749,19616,10760,29124,12986,20803,7293,7952,10391,17926,8133,26033,79,37,164,195,196,331,250,631,340,450,242,237,264,502,187,766,208053,4871,390,0,0,0,0
2021-01-24T23:59:59+01:00,3484,4250,8118,12518,8678,19492,10649,28948,12861,20647,7260,7914,10322,17817,8092,25941,78,35,160,191,194,318,248,610,331,437,234,234,262,494,183,752,206761,4761,293,0,0,0,0
2021-01-23T23:59:59+01:00,3482,4248,8118,12517,8674,19483,10648,28936,12854,20642,7256,7913,10185,17634,7777,25374,78,35,160,191,193,318,247,610,330,437,234,234,262,494,183,752,205512,4758,292,0,0,0,0
2021-01-22T23:59:59+01:00,3411,4196,7995,12404,8593,19332,10540,28776,12782,20535,7226,7883,9957,17289,7291,24395,78,35,159,191,193,318,247,610,330,437,234,234,262,494,183,752,202376,4757,292,0,0,0,0
2021-01-21T23:59:59+01:00,3293,3949,7475,11471,8123,18156,9982,27104,12194,19426,6960,7578,9258,16207,6850,23467,71,32,143,175,177,285,222,535,293,400,211,207,229,407,156,632,191261,4175,292,0,0,0,0
2021-01-20T23:59:59+01:00,2871,3498,6587,10024,7372,16111,9001,24226,11123,17598,6398,6918,8100,14345,6157,21455,70,32,142,169,174,284,214,518,282,382,200,199,220,381,146,597,171548,4010,290,0,0,0,0
2021-01-19T23:59:59+01:00,2373,3024,5670,8639,6492,14127,7980,21371,9885,15581,5664,6033,6669,11974,5271,18709,46,22,95,123,117,175,151,351,181,270,122,112,141,261,99,441,149297,2707,211,0,0,0,0
2021-01-18T23:59:59+01:00,2055,2620,4879,7224,5532,11783,6754,17667,8494,13184,4823,5162,5238,9556,4331,15524,25,11,36,46,54,83,66,154,68,133,59,53,61,140,56,208,124780,1253,89,0,0,0,0
2021-01-17T23:59:59+01:00,1738,2243,4358,6447,5032,10596,6212,16060,7863,12037,4498,4820,4871,8863,4034,14582,11,3,6,14,15,32,19,44,25,49,25,23,15,36,12,42,114204,371,87,0,0,0,0
2021-01-16T23:59:59+01:00,1542,1984,4145,6154,4851,10121,5946,15374,7534,11386,4329,4627,4660,8571,3692,14004,0,0,0,0,2,3,0,0,1,2,0,1,0,0,0,2,108952,11,4,0,0,0,0
2021-01-15T23:59:59+01:00,1370,1701,3889,5751,4597,9538,5657,14512,7119,10632,4051,4362,4477,8251,3182,13001,0,0,0,0,0,0,0,0,0,0,0,0,0,0,0,1,102121,1,2,0,0,0,0
2021-01-14T23:59:59+01:00,1038,1274,3116,4540,3743,7635,4677,11699,5742,8523,3308,3531,3782,6992,2759,11340,0,0,0,0,0,0,0,0,0,0,0,0,0,0,0,0,83725,0,0,0,0,0,0
2021-01-13T23:59:59+01:00,878,1074,2620,3776,3147,6354,3901,9641,4630,6853,2433,2629,2866,5331,2113,8616,0,0,0,0,0,0,0,0,0,0,0,0,0,0,0,0,66884,0,0,0,0,0,0
2021-01-12T23:59:59+01:00,733,905,2192,3092,2585,5162,3136,7784,3628,5360,1731,1789,1966,3665,1499,5913,0,0,0,0,0,0,0,0,0,0,0,0,0,0,0,0,51158,0,0,0,0,0,0
2021-01-11T23:59:59+01:00,584,727,1821,2491,2073,4132,2403,5847,2673,3867,1092,1091,1168,2163,822,3331,0,0,0,0,0,0,0,0,0,0,0,0,0,0,0,0,36299,0,0,0,0,0,0
2021-01-10T23:59:59+01:00,511,622,1548,2047,1726,3378,1977,4829,2219,3250,975,972,1024,1898,732,2913,0,0,0,0,0,0,0,0,0,0,0,0,0,0,0,0,30632,0,0,0,0,0,0
2021-01-09T23:59:59+01:00,476,561,1422,1871,1580,3069,1820,4366,2047,2965,907,908,968,1845,717,2876,0,0,0,0,0,0,0,0,0,0,0,0,0,0,0,0,28407,0,0,0,0,0,0
2021-01-08T23:59:59+01:00,362,410,1168,1504,1308,2400,1494,3584,1698,2441,788,804,885,1717,679,2745,0,0,0,0,0,0,0,0,0,0,0,0,0,0,0,0,23995,0,0,0,0,0,0
2021-01-07T23:59:59+01:00,172,110,402,519,472,812,607,1404,750,1065,448,474,555,1053,411,1737,0,0,0,0,0,0,0,0,0,0,0,0,0,0,0,0,10991,0,0,0,0,0,0
2021-01-06T23:59:59+01:00,130,65,263,292,309,528,408,959,518,736,339,358,421,821,324,1330,0,0,0,0,0,0,0,0,0,0,0,0,0,0,0,0,7801,0,0,0,0,0,0
2021-01-05T23:59:59+01:00,100,49,189,238,242,442,324,843,442,634,327,342,405,786,318,1277,0,0,0,0,0,0,0,0,0,0,0,0,0,0,0,0,6958,0,0,0,0,0,0
2021-01-04T23:59:59+01:00,83,39,168,198,200,348,255,636,352,466,248,253,285,558,210,857,0,0,0,0,0,0,0,0,0,0,0,0,0,0,0,0,5156,0,0,0,0,0,0
2021-01-03T23:59:59+01:00,81,35,162,193,196,332,254,622,342,450,243,250,281,546,208,840,0,0,0,0,0,0,0,0,0,0,0,0,0,0,0,0,5035,0,0,0,0,0,0
2021-01-02T23:59:59+01:00,81,35,162,193,196,332,253,622,341,450,243,250,281,546,208,840,0,0,0,0,0,0,0,0,0,0,0,0,0,0,0,0,5033,0,0,0,0,0,0
2021-01-01T23:59:59+01:00,81,35,161,193,196,331,253,622,340,448,242,249,281,545,208,840,0,0,0,0,0,0,0,0,0,0,0,0,0,0,0,0,5025,0,0,0,0,0,0
2020-12-31T23:59:59+01:00,81,35,161,191,196,331,253,621,340,447,242,249,281,545,208,840,0,0,0,0,0,0,0,0,0,0,0,0,0,0,0,0,5021,0,0,0,0,0,0
2020-12-30T23:59:59+01:00,80,35,161,189,194,329,253,620,340,446,242,249,281,545,208,840,0,0,0,0,0,0,0,0,0,0,0,0,0,0,0,0,5012,0,0,0,0,0,0
2020-12-29T23:59:59+01:00,56,24,114,143,147,223,184,446,239,344,159,159,199,412,152,654,0,0,0,0,0,0,0,0,0,0,0,0,0,0,0,0,3655,0,0,0,0,0,0
2020-12-28T23:59:59+01:00,29,17,65,77,83,126,103,254,112,208,92,92,102,217,93,364,0,0,0,0,0,0,0,0,0,0,0,0,0,0,0,0,2034,0,0,0,0,0,0
2020-12-27T23:59:59+01:00,14,8,17,24,37,53,35,84,35,82,32,28,36,80,30,137,0,0,0,0,0,0,0,0,0,0,0,0,0,0,0,0,732,0,0,0,0,0,0
