Datum,<15_m,<15_w,15-24_1_m,15-24_1_w,25-34_1_m,25-34_1_w,35-44_1_m,35-44_1_w,45-54_1_m,45-54_1_w,55-64_1_m,55-64_1_w,65-74_1_m,65-74_1_w,75-84_1_m,75-84_1_w,>84_1_m,>84_1_w,<24_2_m,<24_2_w,25-34_2_m,25-34_2_w,35-44_2_m,35-44_2_w,45-54_2_m,45-54_2_w,55-64_2_m,55-64_2_w,65-74_2_m,65-74_2_w,75-84_2_m,75-84_2_w,>84_2_m,>84_2_w,bp_1,bp_2,mo_1,mo_2,az_1,az_2,ja,unb_1,unb_2
2021-07-24T23:59:59+02:00,22496,20771,231980,224967,344964,318071,367076,361534,434021,445227,491224,495750,340571,380838,240670,308050,70986,129873,135118,130706,245739,229090,277915,277892,368419,381739,437399,445750,319331,357186,229123,292487,67453,122697,3736723,3003415,504783,431124,804054,708041,183618,561,447
2021-07-23T23:59:59+02:00,22149,20435,230776,223852,343897,317316,366188,360812,433287,444564,490633,495318,340366,380612,240606,307953,70969,129842,131439,127275,242159,226192,274604,275081,365223,379024,435088,443848,318733,356580,228944,292241,67404,122624,3730408,2977458,504330,429523,804006,706053,180940,561,446
2021-07-22T23:59:59+02:00,21661,19972,228736,221953,342218,315848,364757,359586,432037,443472,489691,494458,339959,380184,240442,307728,70928,129768,127224,123327,236336,221802,268448,270171,358544,373696,429777,439460,317585,355354,228530,291739,67315,122484,3718458,2936358,502845,423920,803890,699966,178314,561,446
2021-07-21T23:59:59+02:00,21157,19462,226892,220180,340588,314366,363195,358053,430519,442125,488507,493329,339420,379678,240202,307452,70876,129676,123527,119843,230970,217627,263027,265713,350533,366857,425258,435776,316482,354218,228076,291185,67234,122312,3707748,2901441,499244,413207,803678,695261,175116,561,443
2021-07-20T23:59:59+02:00,20856,19188,225455,218749,339397,313239,362252,357201,429680,441366,487805,492704,339090,379324,240062,307237,70849,129590,119261,115675,224695,212527,257268,260594,343503,360818,420607,431509,315406,352973,227669,290605,67141,122131,3698709,2858183,498853,406076,803565,690942,173026,561,438
2021-07-19T23:59:59+02:00,20544,18897,223752,217090,338117,312022,361246,356249,428894,440604,487144,492105,338794,378970,239916,307013,70805,129492,116555,113129,220401,209011,252735,256691,339851,357689,418028,429355,314696,352252,227379,290218,67070,122009,3688358,2833504,498455,400876,803481,686673,171468,561,438
2021-07-18T23:59:59+02:00,20393,18772,222492,215866,336568,310657,360218,355354,428112,439918,486626,491572,338571,378691,239789,306837,70784,129431,115085,111759,217806,206879,250411,254624,337633,355863,416026,427688,314227,351772,227219,290001,67049,121942,3679229,2821434,497940,396626,803415,683024,170175,561,437
2021-07-17T23:59:59+02:00,20002,18353,221359,214828,336004,310126,359643,354853,427607,439477,486220,491289,338470,378576,239749,306785,70781,129421,113038,109683,215361,204596,247972,252450,335241,353743,414592,426434,313899,351383,227084,289834,67027,121903,3673770,2804088,497749,393923,803409,682256,168730,554,436
2021-07-16T23:59:59+02:00,19467,17850,218850,212733,334312,308862,358169,353584,426181,438297,485151,490441,338080,378222,239586,306629,70756,129385,109969,106917,210661,200726,243484,248862,331011,350093,411293,423749,312992,350477,226747,289426,66974,121822,3663752,2776725,497004,391614,803265,678473,162649,554,433
2021-07-15T23:59:59+02:00,18835,17236,216116,210366,332438,307197,356617,352164,424873,437141,484228,489602,337690,377808,239390,306377,70714,129282,106115,103759,202400,194575,236089,243334,324491,344942,404305,417378,311271,348690,226211,288766,66905,121625,3649025,2730737,496428,383376,803162,671126,159571,554,433
2021-07-14T23:59:59+02:00,18003,16521,213737,208108,330779,305702,355242,350841,423682,435968,483217,488659,337246,377352,239157,306069,70660,129197,102552,100478,196004,189461,230443,238716,320241,341498,400171,413792,309981,347386,225811,288211,66826,121473,3634429,2697495,495875,377924,803043,664386,156904,554,432
2021-07-13T23:59:59+02:00,17371,15879,211615,206125,329220,304369,353942,349641,422549,434911,482285,487819,336814,376889,238956,305833,70626,129108,98850,96976,189585,184118,223374,232705,313625,335507,391856,406003,308199,345476,225217,287429,66718,121276,3621001,2655232,495323,365371,802901,654984,154848,544,360
2021-07-12T23:59:59+02:00,16389,14965,208429,203003,327193,302675,352392,348200,421335,433740,481324,486929,336406,376431,238777,305609,70587,129031,95784,94278,184348,179857,216445,227075,306848,329518,386801,401754,306487,343621,224635,286701,66621,121108,3602934,2617252,494781,358296,802749,646633,153073,543,359
2021-07-11T23:59:59+02:00,15886,14498,207093,201749,326468,301973,351743,347595,420786,433253,480890,486595,336219,376233,238718,305507,70566,128991,94381,93003,181611,177572,213480,224813,304182,327387,384002,399389,304065,341051,224265,286240,66569,121011,3596846,2602427,494155,356328,802627,636322,151264,536,355
2021-07-10T23:59:59+02:00,15413,14040,205268,199991,325023,300729,350634,346641,420072,432664,480424,486201,336054,376067,238653,305421,70556,128971,93117,91750,179142,175493,210489,222350,301697,325253,382855,398359,303421,340389,224085,286056,66553,120986,3588364,2585800,493532,356105,802401,634673,148653,536,355
2021-07-09T23:59:59+02:00,15093,13764,203369,198167,323436,299297,349577,345695,419178,431962,479861,485729,335852,375849,238557,305302,70540,128937,90353,89039,175629,172284,206169,218218,296701,320671,379435,395393,302336,339173,223783,285691,66516,120922,3579335,2556992,492679,354056,802214,627106,146064,536,355
2021-07-08T23:59:59+02:00,14642,13345,199924,195227,320162,296660,347231,343740,417486,430529,478444,484672,335422,375411,238381,305058,70497,128861,86079,85305,168424,166671,198086,211850,289380,314595,372545,389223,299654,336275,223012,284763,66399,120665,3564246,2511065,488653,345471,801699,616840,141220,536,355
2021-07-07T23:59:59+02:00,14150,12895,196258,191437,317058,293856,344950,341730,415944,429080,477258,483590,334951,374859,238196,304790,70460,128757,82421,81891,161186,161010,189109,204730,281457,308091,365570,382453,296366,332692,222113,283667,66261,120420,3543343,2463395,487305,332180,801317,606925,138379,536,353
2021-07-06T23:59:59+02:00,13694,12528,192860,188092,313834,291152,342503,339463,414253,427536,476006,482472,334454,374309,238001,304502,70407,128671,78893,78359,154569,155545,181761,198549,272597,300184,359131,376404,293190,329470,221234,282581,66153,120189,3523725,2411287,484263,325281,800903,597479,135970,536,353
2021-07-05T23:59:59+02:00,13300,12195,188502,183892,309838,287855,340018,337168,412602,426009,474880,481415,333981,373796,237830,304260,70375,128588,75855,75566,149488,151491,177030,194444,265732,293952,353057,370888,289933,326039,220355,281472,66045,120020,3501156,2372453,483121,320857,800427,587167,131928,529,351
2021-07-04T23:59:59+02:00,13123,12040,184725,180073,307247,285866,338727,336112,411742,425241,474303,480941,333762,373546,237740,304137,70349,128536,73686,73701,146415,148956,174714,192417,263311,291902,349968,368691,286641,322663,219779,280810,65991,119902,3489173,2358789,481839,318573,799861,575701,127465,529,348
2021-07-03T23:59:59+02:00,11940,10993,178328,174109,303023,282433,336422,333958,409945,423448,473110,479887,333362,373102,237567,303891,70325,128493,71919,72135,144009,147090,172291,190354,260266,289193,347697,366844,284896,320686,219512,280452,65960,119853,3463027,2343166,480443,318379,799675,571229,121315,529,348
2021-07-02T23:59:59+02:00,10848,9910,174640,170675,300643,280251,334695,332273,408707,422267,472343,479206,333104,372786,237451,303709,70297,128446,69249,69478,140126,143833,167893,186352,254246,283794,342515,362169,281656,316976,218874,279683,65913,119769,3445080,2310254,478983,315624,799484,558691,118827,528,319
2021-07-01T23:59:59+02:00,9762,8993,171010,167284,296663,277009,332237,330038,406937,420701,471269,478265,332692,372327,237252,303437,70254,128368,64395,64780,133884,138547,160668,179893,244065,274995,331771,352456,276900,311725,217028,277441,65735,119457,3422810,2254283,476918,303357,799149,541078,115743,528,318
2021-06-30T23:59:59+02:00,9280,8606,167779,164258,291119,272430,328603,326737,405180,419186,470263,477303,332274,371844,237062,303141,70220,128283,61281,61946,128282,133883,154055,173919,234062,265888,318437,339241,271711,306216,215148,275123,65569,119139,3398036,2199517,474783,290595,798849,522346,112020,528,316
2021-06-29T23:59:59+02:00,8745,8088,164014,160520,286636,268214,325075,323459,403097,417125,468736,475902,331690,371210,236815,302789,70166,128176,58509,58980,123370,129506,148071,168421,222258,255242,309922,330917,265283,299048,213187,272675,65367,118794,3370783,2140579,472816,285960,798522,505012,108453,528,311
2021-06-28T23:59:59+02:00,8341,7713,160720,157090,281648,263935,321807,320632,400972,415215,467256,474606,331175,370603,236584,302480,70123,128082,56259,56650,119500,126026,143743,164356,213076,246860,304164,325544,260353,293771,211428,270450,65222,118530,3347091,2105058,468860,277409,797869,488537,105276,528,308
2021-06-27T23:59:59+02:00,8194,7591,159236,155586,279568,262145,320018,319116,399291,413867,466386,473909,330886,370317,236482,302323,70104,128034,55075,55557,117392,124335,141202,162245,208991,243501,300831,322699,256575,289797,208976,267548,65111,118343,3337228,2089744,466810,273955,796832,472483,102297,528,308
2021-06-26T23:59:59+02:00,7051,6498,155992,152269,277475,260270,317623,316891,398110,412724,465692,473206,330618,370032,236377,302165,70080,128004,54533,54980,116074,123199,139795,161021,206758,241507,298313,320306,255048,288150,208643,267140,65084,118273,3318248,2073123,464008,273874,796825,469995,102164,471,255
2021-06-25T23:59:59+02:00,5840,5386,151714,148010,274116,257349,315580,314939,396816,411487,464699,472387,330333,369702,236252,302012,70053,127956,53258,53366,113617,120516,135740,156484,198035,233089,292655,314464,253331,286044,208055,266340,65013,118154,3293484,2030855,462593,272192,796777,463447,101944,471,255
2021-06-24T23:59:59+02:00,4998,4610,147314,143929,269351,253468,311341,311194,394660,409639,463343,471274,329920,369246,236087,301777,70020,127870,50631,50795,108533,115834,128463,149879,186076,222688,281278,304277,247990,280245,206234,264008,64810,117754,3262672,1969147,460623,260500,796613,449774,100297,470,255
2021-06-23T23:59:59+02:00,4785,4409,144187,140855,265710,250368,306147,306433,392181,407321,461953,469967,329396,368633,235858,301469,69972,127768,48712,48724,104766,111951,122828,144241,176239,214072,269372,292362,243406,275464,204907,262316,64649,117394,3235461,1913222,457132,250696,796459,439121,98524,470,254
2021-06-22T23:59:59+02:00,4541,4181,141132,137756,262037,247019,300062,301031,389572,404794,460424,468500,328858,368033,235640,301120,69925,127663,47030,46991,101186,108676,118064,139695,163694,202968,258520,282109,239359,271002,202994,259913,64398,116926,3203676,1855132,455232,243023,796277,428221,97265,468,246
2021-06-21T23:59:59+02:00,4284,3936,137884,134835,257368,243160,294853,296198,386564,401946,458962,467158,328342,367480,235415,300813,69885,127552,45815,45776,98815,106477,115338,137005,157509,197232,251678,275506,234030,265192,199088,255418,64214,116553,3172197,1824353,453213,237532,796061,408535,95322,468,246
2021-06-20T23:59:59+02:00,4143,3818,136386,133356,253238,239789,292327,293992,385183,400649,458182,466423,328124,367208,235304,300681,69865,127490,44709,44875,96595,104709,113090,135043,154497,194708,247405,271470,231071,261710,198116,254188,64133,116431,3155147,1804224,451469,234010,795890,400799,93805,468,244
2021-06-19T23:59:59+02:00,3731,3469,134250,131283,250516,237496,290569,292376,383360,399098,457342,465693,327905,366960,235201,300544,69844,127458,44173,44240,95336,103461,111629,133594,153006,193282,244205,268475,230363,260869,197948,253929,64111,116378,3138981,1788403,448667,232438,795882,400527,93714,468,243
2021-06-18T23:59:59+02:00,2785,2558,130989,128160,247025,234476,286595,289004,380988,396990,456004,464535,327534,366564,235048,300309,69817,127409,43399,43336,93770,101696,109351,130944,149486,189267,237399,261260,228650,258876,197465,253291,64036,116245,3113347,1759331,444293,231921,795856,393859,93442,468,243
2021-06-17T23:59:59+02:00,2552,2336,127302,124909,241050,230072,281417,284648,376232,393030,453705,462715,326951,365849,234809,299955,69751,127297,41182,41524,89743,98251,104504,126223,141667,181629,226058,249927,223472,252971,195819,251142,63777,115826,3078923,1703963,441334,227800,795602,383021,89022,312,230
2021-06-16T23:59:59+02:00,2283,2105,124098,121536,236178,225760,276752,280408,371088,388574,451141,460590,326223,365059,234523,299545,69686,127184,39368,39949,86228,95254,100184,122428,133479,174338,214017,238079,217272,245904,193909,248831,63525,115337,3045679,1644547,435833,222210,795088,374998,86434,310,229
2021-06-15T23:59:59+02:00,1897,1777,119202,116699,230228,220657,271440,275444,366045,383961,448313,458186,325364,364091,234177,299032,69604,127002,37758,38352,82923,92230,96239,118405,126467,167986,201733,226115,211279,239143,191966,246412,63215,114768,3001243,1587563,433918,216405,794527,367369,83738,299,227
2021-06-14T23:59:59+02:00,1636,1508,115173,112563,225035,215775,266098,270495,360790,379232,445207,455612,324584,363240,233865,298644,69542,126882,36784,37465,80663,90162,93559,115911,122381,164268,195176,219651,208185,235655,190837,244946,62998,114381,2959330,1558154,431581,214179,794266,359757,81010,297,226
2021-06-13T23:59:59+02:00,1563,1424,113682,111191,222599,213686,263570,268249,358543,377284,444037,454582,324310,362936,233730,298477,69511,126809,35931,36739,78823,88510,91565,114115,119569,161682,191346,215978,205120,232232,189808,243580,62766,113970,2944402,1544300,429151,206938,793960,351594,78975,297,224
2021-06-12T23:59:59+02:00,1415,1287,111044,108456,220712,211967,262197,266981,357116,375890,443147,453815,324024,362630,233637,298374,69493,126781,35563,36337,77842,87418,90324,112832,118012,160128,187811,212687,204089,231108,188412,241925,62756,113940,2928300,1531244,428177,206929,793940,344229,78853,296,223
2021-06-11T23:59:59+02:00,1268,1150,108514,105954,217833,209359,258544,263807,353992,373171,441434,452344,323588,362182,233504,298168,69466,126726,34896,35231,75849,84072,88104,109317,113929,155004,181154,205282,202005,228747,187811,241158,62694,113843,2903977,1503907,425397,206249,793757,330836,78173,296,221
2021-06-10T23:59:59+02:00,1109,997,103775,101564,211793,204620,251522,258012,347927,367888,436965,448584,322735,361216,233184,297722,69382,126575,33321,33757,71874,79921,83216,103849,107299,146848,168880,191698,195965,221892,186091,239028,62443,113442,2860527,1457054,418342,204517,792911,303932,74086,293,218
2021-06-09T23:59:59+02:00,962,869,99871,97880,205868,199913,244732,252325,341299,361956,433299,445576,322065,360478,232917,297344,69318,126444,31799,32513,68668,77285,79542,100700,102614,142595,157819,181009,185396,209961,184235,236788,62171,112950,2821729,1403344,409845,200555,792403,292740,69468,252,217
2021-06-08T23:59:59+02:00,780,688,95362,93359,199263,194368,237788,246336,333061,354700,428207,440925,321234,359480,232547,296860,69237,126307,30733,31667,66090,75002,76281,97989,98052,138698,150274,173569,176725,200291,182436,234555,61939,112584,2769918,1364342,404097,195670,791823,281963,64985,252,200
2021-06-07T23:59:59+02:00,622,547,92166,90272,193226,189683,231251,241112,325243,348548,425170,438492,320696,358852,232334,296536,69183,126211,29874,30826,63635,73066,73338,95839,94305,135781,142242,165817,172704,195699,181019,232757,61717,112202,2731055,1337365,397965,192395,791259,270949,60182,248,199
2021-06-06T23:59:59+02:00,584,511,90604,88962,189950,187151,227917,238366,320985,345160,423750,437418,320426,358562,232226,296377,69159,126164,29276,30274,61874,71397,71272,93852,91146,132733,136595,160068,170184,193089,179913,231360,61488,111822,2715714,1325586,390613,182788,790786,260563,57473,246,199
2021-06-05T23:59:59+02:00,505,431,88662,86947,185089,182937,225457,236232,319171,343527,422750,436500,320137,358238,232078,296209,69145,126132,28828,29529,60686,69472,69887,91729,89480,130502,131862,154764,167195,189436,179429,230703,61454,111756,2692306,1302066,390496,182323,790554,255281,57105,245,199
2021-06-04T23:59:59+02:00,405,347,86320,84429,181445,179349,221468,232295,315602,339909,420395,434317,319680,357705,231884,295981,69107,126069,28365,28864,59583,67834,68623,89671,87713,127908,128522,151125,162969,184687,178443,229441,61406,111670,2663151,1283365,386687,181554,790439,245225,56740,245,199
2021-06-03T23:59:59+02:00,313,273,83042,81371,175733,174717,214230,226225,307926,333229,412663,427466,318653,356531,231515,295536,69052,125938,27479,27860,57708,65668,66256,86951,84105,123828,121810,144479,156654,177121,176880,227421,61293,111433,2614366,1254323,376463,176281,790019,232529,53869,244,195
2021-06-02T23:59:59+02:00,265,214,80978,79217,171691,171023,210613,223104,304373,329906,410627,425636,318246,356082,231362,295331,69024,125888,27027,27388,56596,64572,64695,85699,82078,121911,116862,139612,148798,168187,176166,226469,61208,111264,2585744,1222271,375086,174321,789988,228931,53061,242,192
2021-06-01T23:59:59+02:00,169,148,76731,75401,163448,164487,201297,215398,295302,322054,402442,417815,316740,354472,230823,294600,68913,125661,25481,25975,52306,61646,59889,82431,76692,117445,109474,132438,137735,154832,174070,223744,60999,110838,2527199,1172338,363481,170230,789228,217189,46283,240,188
2021-05-31T23:59:59+02:00,148,131,73998,72934,157817,160195,194018,209463,287942,315703,396715,412856,315747,353364,230439,294082,68823,125490,24575,24926,49706,59455,56752,79930,73126,114201,105004,128019,133605,149952,172708,222031,60829,110507,2486865,1150040,354127,167939,788603,206835,40555,239,186
2021-05-30T23:59:59+02:00,137,123,72953,71877,155359,158183,191417,207120,285184,313201,394832,411116,315387,352954,230279,293848,68786,125410,23979,24154,48142,57754,55037,78099,70926,111666,102362,125173,131459,147439,171919,221102,60737,110297,2471067,1140340,351615,166634,787995,195529,37784,228,185
2021-05-29T23:59:59+02:00,134,122,72347,71288,153856,156786,189122,205094,283348,311621,393992,410340,315164,352710,230199,293770,68775,125392,23656,23632,47229,56263,53704,76228,69014,108830,100057,122391,128669,144028,171270,220197,60710,110245,2457201,1126813,351463,166571,787925,185016,37764,228,184
2021-05-28T23:59:59+02:00,129,119,71262,70171,151476,154534,185479,201571,280083,308489,392131,408576,314754,352212,230052,293556,68756,125335,23130,22634,45627,54143,51890,73685,66984,104902,95760,116517,124321,138993,170297,218891,60664,110131,2433449,1104359,350419,166358,787716,170526,37390,227,157
2021-05-27T23:59:59+02:00,118,111,67955,67162,145012,149613,177312,195338,273715,303346,385830,402909,313498,350771,229593,293025,68685,125153,21817,20955,42392,51109,48023,69887,62460,98917,89433,109032,120417,134387,167509,215199,60492,109818,2388989,1076054,342834,163623,785925,150552,31678,227,154
2021-05-26T23:59:59+02:00,114,108,65810,64992,140073,145540,171229,190288,266976,297690,379100,396228,311983,349169,229107,292332,68583,124942,21081,20048,40579,48983,45678,67162,59445,95131,84859,103945,115464,128682,163729,209877,60284,109392,2351800,1044245,329663,162062,784124,139137,28953,224,153
2021-05-25T23:59:59+02:00,113,104,63784,63011,135886,142064,166187,186009,259919,291421,373689,390854,310709,347772,228702,291688,68500,124764,20512,19388,39182,47475,43853,65154,56987,92150,80810,99585,110562,123024,158214,202669,60118,109092,2314355,1012921,322172,158647,781603,129946,27321,222,150
2021-05-24T23:59:59+02:00,110,103,62546,61810,133144,139973,162921,183604,252989,285445,368763,386188,309884,346856,228417,291306,68428,124636,20171,18989,38168,46412,42517,63679,55327,90149,78589,97093,109152,121382,157612,201889,60008,108895,2290663,1003677,311114,157355,779837,123282,25779,222,148
2021-05-23T23:59:59+02:00,105,103,62052,61295,132049,139084,161725,182573,251752,284427,367180,384761,309272,346200,228246,291081,68408,124600,19944,18807,37624,45861,41776,62989,54177,89161,77113,95740,107989,119995,156638,200675,59941,108758,2279200,995589,310539,154306,779789,121701,25654,222,147
2021-05-22T23:59:59+02:00,102,101,61359,60677,130575,138020,159364,180955,248787,282143,364709,382550,308748,345608,228070,290815,68382,124549,19629,18385,37017,45262,41140,62463,53527,88444,76350,94601,106444,118198,155868,199707,59914,108704,2261312,988920,310524,154304,779749,118293,24194,222,147
2021-05-21T23:59:59+02:00,98,98,60030,59244,127679,135437,156097,177644,243573,277391,358630,376876,307816,344520,227773,290418,68322,124442,19270,18020,36406,44495,40494,61417,52581,87053,74644,92313,103216,114263,154736,198261,59822,108529,2225364,975962,308891,153980,778189,111724,23913,214,146
2021-05-20T23:59:59+02:00,90,96,56987,56457,121963,130578,149188,171341,233290,268669,349626,368612,305290,341784,227007,289415,68190,124224,17976,17087,34240,42254,38050,58527,49776,83293,70728,87839,99115,109661,152288,195258,59643,108176,2167535,956775,302257,152046,772253,94116,21028,205,146
2021-05-19T23:59:59+02:00,89,94,54784,54267,116964,125907,142038,164742,222783,259335,339112,357748,302652,338923,226262,288377,68041,123948,17398,16308,33019,40675,36648,56471,47774,80527,67501,84279,95245,105201,148673,190551,59382,107684,2101799,933464,296021,150082,769299,84649,19201,205,136
2021-05-18T23:59:59+02:00,85,89,52696,52312,112186,121656,135683,159181,211238,248984,329267,347979,299988,335962,225388,287181,67889,123694,16881,15709,31820,39223,35308,54685,45976,78138,64628,81064,91260,100688,145490,186501,59171,107249,2042069,913333,286684,147237,765730,76053,17225,202,136
2021-05-17T23:59:59+02:00,82,86,51665,51319,109863,119610,132893,156539,204739,242989,321719,340914,298205,333999,224804,286359,67782,123482,16449,15269,30788,38184,34154,53412,44506,76354,62386,78680,86444,94847,144030,184620,59021,106934,2015341,901741,274452,139788,762335,69433,15169,201,135
2021-05-16T23:59:59+02:00,81,83,50883,50666,108429,118293,131155,154882,201783,240317,314299,333974,297188,332872,224497,285876,67730,123385,16169,14900,30041,37411,33288,52496,43448,75047,61061,77216,83041,90790,143245,183548,58934,106795,2000059,895710,264046,133045,759115,65310,13420,200,131
2021-05-15T23:59:59+02:00,81,83,50347,50033,107433,117309,130146,153774,199859,238388,310747,330778,296569,332185,224301,285606,67710,123321,16032,14738,29788,37108,33000,52066,42962,74403,60220,76236,82446,89978,142732,182884,58898,106748,1983916,890492,264029,132900,758254,64187,12716,199,130
2021-05-14T23:59:59+02:00,80,83,49095,48616,105190,115221,126563,150334,191670,231340,304461,324915,295595,331054,224016,285158,67663,123226,15532,14316,29009,36294,32237,50882,41891,72627,58661,74292,80549,87500,142123,181900,58858,106661,1946793,880906,262333,132023,753716,58778,11678,196,130
2021-05-13T23:59:59+02:00,77,82,47187,46676,101369,112006,121868,146238,181680,222785,293880,315125,292630,327638,223206,284021,67563,123019,14673,13874,28157,35599,31478,49988,40953,71546,57165,72732,76790,83173,139372,178310,58748,106446,1895331,868428,253759,125016,747526,54940,10668,192,129
2021-05-12T23:59:59+02:00,75,80,46278,45974,99458,110584,119817,144586,179142,220681,289156,309811,291468,326374,222964,283699,67525,122934,14508,13723,27840,35383,31077,49698,40512,71172,56631,72166,75461,81562,138597,177188,58662,106286,1872331,862733,251601,123239,747039,54670,9870,189,128
2021-05-11T23:59:59+02:00,71,74,44041,44505,95448,107520,114028,139868,165811,209434,277536,299073,288076,322471,222009,282297,67376,122636,14081,13158,26832,33963,29953,47907,39215,68903,54925,69906,72389,77994,137251,175368,58504,105929,1813598,850543,241931,120565,738571,46809,8407,185,126
2021-05-10T23:59:59+02:00,70,70,42797,43541,92860,105524,110789,137250,157444,202438,269692,291982,285907,320030,221435,281435,67251,122397,13739,12715,26076,32983,29161,46654,38224,67048,53707,68177,70314,75449,136112,173860,58385,105642,1778142,841704,235897,119519,731659,39629,7445,181,120
2021-05-09T23:59:59+02:00,69,70,41681,42774,90195,103786,108143,135490,152447,199034,264200,287072,284674,318649,221059,280906,67185,122251,13427,12499,25386,32317,28434,45852,37436,66089,52768,67227,69091,74049,135519,173033,58330,105511,1758920,837146,228826,118534,725709,34879,6457,180,120
2021-05-08T23:59:59+02:00,68,70,41390,42476,89352,103056,107064,134644,151011,197825,261659,285019,284173,318107,220938,280727,67169,122219,13325,12438,25258,32227,28289,45724,37247,65897,52431,66910,68130,73129,134458,171674,58283,105418,1746980,832573,228318,117793,725486,34104,6444,144,92
2021-05-07T23:59:59+02:00,66,69,40468,41762,87430,101726,104261,132440,146403,194035,255432,279521,282841,316513,220590,280270,67116,122096,12580,11954,24436,31496,27530,44666,36385,64639,51255,65402,65891,70450,132247,168870,58194,105240,1721313,822957,225123,115540,721368,27323,5491,144,91
2021-05-06T23:59:59+02:00,62,68,37831,40045,82699,98279,98295,127706,136253,185547,239026,265141,277728,310736,219302,278587,66941,121780,11895,11438,23503,30393,26538,43320,35033,62643,49523,63438,63415,67337,130152,166121,58081,105022,1655902,811935,215230,112446,710561,18966,4581,138,90
2021-05-05T23:59:59+02:00,60,65,35949,38856,79057,95700,93712,124068,128444,179029,224304,251127,271550,303606,217730,276598,66695,121256,11661,11164,22966,29671,25939,42397,34110,61245,48376,62030,60818,64241,127225,162436,57983,104771,1589810,799721,210176,108898,704554,14981,3509,138,89
2021-05-04T23:59:59+02:00,60,63,34847,37755,76342,93397,90218,121033,122893,174301,213713,240873,266071,297162,216290,274755,66487,120788,11501,10963,22564,29133,25481,41630,33399,60170,47273,60761,58107,61077,124872,159510,57833,104535,1540852,787909,205073,106276,698505,11843,2858,137,87
2021-05-03T23:59:59+02:00,59,61,33984,36704,74065,91589,87346,118691,118455,170668,207075,234877,262797,293304,215492,273674,66366,120493,11259,10694,22173,28559,25004,40933,32719,59207,46253,59624,55336,57747,121120,154633,57576,104098,1509163,772151,201967,104572,693602,9083,1205,135,86
2021-05-02T23:59:59+02:00,59,61,33635,36387,72898,90693,85888,117598,116040,168809,203984,232375,261839,292217,215208,273265,66301,120385,11191,10625,21985,28351,24779,40649,32384,58803,45802,59151,54149,56296,118069,150968,57493,103968,1498596,767171,199182,99043,689758,8188,339,134,84
2021-05-01T23:59:59+02:00,58,61,33321,36016,72139,89903,84820,116561,114583,167455,200914,229347,261150,291398,214999,272984,66290,120347,11177,10610,21932,28321,24720,40611,32323,58746,45719,59076,53908,56005,117910,150772,57484,103951,1483568,765865,199180,99003,689494,8140,335,133,84
2021-04-30T23:59:59+02:00,55,58,32780,35417,70936,88686,83363,114838,110817,163900,193539,222243,259159,289035,214551,272378,66230,120241,10859,10416,21573,28044,24446,40190,31998,58186,45258,58446,53015,54845,116962,149588,57429,103833,1450761,762205,198855,97022,688699,5803,139,132,81
2021-04-29T23:59:59+02:00,53,57,31285,34475,68035,86671,79746,112247,105722,159808,180759,210720,251248,279953,213356,270751,66096,119893,10557,10206,21099,27596,24018,39692,31418,57445,44462,57517,51192,52662,115116,147358,57329,103638,1396057,753416,191580,94351,683348,3501,119,126,79
2021-04-28T23:59:59+02:00,52,55,30053,33865,66175,85367,77268,110434,102310,156963,171097,201563,240415,267379,212079,269065,65899,119565,10374,10048,20803,27247,23656,39223,30999,56794,43737,56696,49079,50053,112544,144135,57207,103426,1343526,743914,188233,89824,677986,2276,90,122,77
2021-04-27T23:59:59+02:00,49,54,29298,33184,64607,83908,75278,108633,99561,154572,166394,196854,231923,257583,210934,267454,65779,119342,10252,9937,20522,26959,23421,38896,30644,56299,43057,56007,47081,47516,109907,140711,57090,103227,1309579,734137,185938,85826,670028,1561,89,120,73
2021-04-26T23:59:59+02:00,48,54,28871,32803,63516,83028,73787,107476,97290,152872,157796,188859,227741,252751,210229,266464,65688,119144,10160,9847,20311,26776,23185,38679,30349,55963,42448,55435,45279,45374,108021,138237,56995,103074,1280725,726207,184501,82747,663330,1181,86,118,71
2021-04-25T23:59:59+02:00,48,53,28621,32566,62743,82508,72729,106748,95568,151653,152430,183996,223417,247878,209641,265687,65623,119023,10105,9814,20232,26702,23099,38599,30237,55839,42288,55276,44866,44877,107343,137330,56967,103004,1268033,724554,178371,80980,654666,1049,84,118,70
2021-04-24T23:59:59+02:00,48,52,28278,32140,61810,81294,71548,105309,94026,150003,147542,178864,220636,244553,209171,265015,65589,118973,10091,9797,20191,26662,23050,38535,30157,55753,42139,55140,44624,44570,107094,137037,56946,102976,1243248,723477,178346,80284,653394,1007,83,118,69
2021-04-23T23:59:59+02:00,46,52,27534,31523,60245,79791,69766,103297,91446,147378,142786,174488,216095,239019,208518,264024,65527,118858,10040,9736,20082,26577,22919,38386,29925,55549,41777,54810,44006,43814,106036,135760,56789,102701,1218474,720144,177169,77817,644884,955,82,116,67
2021-04-22T23:59:59+02:00,44,51,26920,30924,58717,78362,67307,101089,87335,143896,134765,167016,207077,228044,206480,261394,65329,118463,9915,9640,19835,26286,22568,37955,29412,55035,41020,54174,42836,42491,104049,133320,56561,102303,1177043,712708,169738,73871,636566,831,82,112,65
2021-04-21T23:59:59+02:00,44,49,26432,30406,57396,77265,65430,99467,84312,141264,127598,160216,194031,212731,204333,258508,65104,118039,9786,9554,19604,26041,22285,37633,29062,54590,40473,53645,41993,41475,101872,130548,56308,101893,1125686,706207,166862,69807,630213,759,82,106,64
2021-04-20T23:59:59+02:00,43,48,26009,29940,56242,76127,63764,97893,81779,138698,122536,155170,182576,199304,201912,255384,64871,117618,9685,9465,19388,25855,21995,37365,28655,54181,39934,53114,41182,40547,99662,127572,55974,101356,1083203,698703,163379,66562,623468,681,80,104,61
2021-04-19T23:59:59+02:00,43,47,25644,29587,55281,75307,62486,96723,79661,136779,119026,151804,176846,192473,200206,253158,64690,117289,9577,9375,19158,25638,21753,37095,28341,53791,39427,52586,40388,39641,96574,123614,55570,100646,1058752,688398,161555,64150,616883,643,79,99,61
2021-04-18T23:59:59+02:00,42,45,25341,29328,54515,74763,61366,95780,77816,135363,115671,149415,171753,186933,199196,251934,64582,117099,9505,9301,18971,25467,21577,36930,28126,53516,39170,52337,40061,39256,95362,122073,55389,100351,1044838,684558,159893,62224,606345,628,79,99,60
2021-04-17T23:59:59+02:00,41,44,25232,29237,54144,74569,60851,95429,77166,134767,114827,148676,167511,182058,198662,251210,64547,117034,9460,9242,18833,25280,21391,36700,27901,53242,38905,52071,39765,38937,94605,121147,55325,100269,1033979,680565,159865,61910,602294,616,79,99,60
2021-04-16T23:59:59+02:00,41,44,24860,28989,53158,73964,59572,94555,75551,133439,110697,144544,159895,173296,197012,249008,64438,116826,9251,9067,18442,24858,20818,36130,26805,52347,36900,50483,36493,36047,91440,117656,54923,99614,1008143,665664,159079,55051,592800,576,79,98,59
2021-04-15T23:59:59+02:00,37,40,24387,28538,51913,72800,57621,92829,72288,130599,105233,139276,152044,164333,192362,243143,64142,116209,9077,8906,18074,24438,20327,35473,26129,51557,35513,49260,34391,34031,88348,113937,54416,98758,975990,652647,157031,49483,574904,525,78,97,57
2021-04-14T23:59:59+02:00,35,36,24045,28214,50978,71866,56284,91444,69908,128445,101255,135518,142860,153971,184627,233268,63802,115541,8674,8637,17602,23936,19794,34832,25221,50681,34228,48142,32354,31893,85380,110303,53927,97901,938174,637828,154366,45272,559688,427,77,94,56
2021-04-13T23:59:59+02:00,35,36,23808,28000,50285,71328,55345,90624,68277,127042,97536,132093,131047,140872,178242,224939,63462,114953,8440,8467,17260,23533,19376,34303,24560,49887,33163,47133,30975,30542,83250,107942,53571,97359,904993,628590,149858,40888,543205,305,77,92,55
2021-04-12T23:59:59+02:00,34,35,23601,27816,49737,70822,54485,89894,66823,125757,94912,129770,123951,132848,175020,220993,63193,114462,8203,8282,16905,23239,19010,33869,24091,49351,32496,46510,29461,29006,81595,106009,53245,96838,888626,620203,148326,37641,527330,286,77,91,55
2021-04-11T23:59:59+02:00,33,35,23431,27658,49214,70403,53759,89442,65690,124957,93060,128296,118482,126849,171102,216395,63025,114166,8071,8148,16609,22960,18694,33561,23735,48971,32052,46127,28828,28342,80577,104767,53037,96520,881191,614932,143921,35816,511013,271,76,91,54
2021-04-10T23:59:59+02:00,33,35,23370,27601,49048,70270,53560,89287,65365,124690,92537,127862,116402,124325,169665,214547,62984,114066,7486,7546,15719,22177,17739,32723,22615,47941,30942,45134,28169,27631,78487,102163,52770,96084,874216,599644,143069,35438,508493,264,72,91,54
2021-04-09T23:59:59+02:00,32,35,23126,27354,48550,69780,52924,88608,64372,123570,90717,125959,107600,113405,166295,210150,62785,113710,6528,6649,14197,20859,16021,31169,20482,45979,28745,43130,26399,25814,74995,97998,52229,95246,854869,572278,136027,33929,498211,253,67,87,53
2021-04-08T23:59:59+02:00,32,35,22832,27109,47972,69293,52175,87913,63071,122493,88307,123797,97314,101438,160767,203315,62459,113146,5888,6062,13012,19845,14764,29834,18843,44267,26252,40798,23390,22852,70361,92253,51092,93499,836259,540828,127154,31991,480202,218,57,85,53
2021-04-07T23:59:59+02:00,30,34,22522,26885,47175,68839,51253,87307,61688,121515,85183,121366,88149,91170,153778,194544,62166,112585,5508,5741,12358,19172,13953,29009,17801,43220,24349,38905,20857,20335,66420,87500,50100,91886,815921,517433,121575,29520,458842,185,53,84,52
2021-04-06T23:59:59+02:00,29,34,22312,26724,46651,68460,50667,86785,60657,120740,83083,119626,80398,82376,147428,186588,61823,111958,5316,5584,12013,18821,13603,28578,17268,42662,23488,38099,19733,19308,63273,83418,49181,90508,796685,504120,118369,26589,441437,174,49,82,50
2021-04-05T23:59:59+02:00,29,33,22216,26601,46340,68119,50286,86388,60111,120049,81906,118474,75930,77293,142436,180494,61622,111643,5178,5445,11752,18569,13309,28266,16948,42290,23044,37640,19270,18839,60404,79874,48483,89443,787278,494818,116621,23798,426224,169,46,80,50
2021-04-04T23:59:59+02:00,29,33,22168,26543,46220,67852,50117,86076,59832,119549,81399,117843,74493,75588,141736,179518,61585,111561,5175,5439,11737,18556,13298,28250,16930,42273,22947,37568,18864,18516,58970,78030,48278,89132,784750,490042,116518,23796,421034,162,42,77,48
2021-04-03T23:59:59+02:00,29,33,22106,26462,46097,67745,49956,85901,59516,119237,80832,117267,73149,73955,140625,177982,61502,111413,5166,5431,11724,18538,13275,28230,16896,42226,22842,37494,18728,18367,58620,77471,48189,88987,778403,488264,116476,23796,419089,162,41,76,48
2021-04-02T23:59:59+02:00,29,33,22029,26380,45937,67581,49739,85653,59049,118788,79954,116455,71595,72076,138349,175005,61305,111055,5147,5394,11677,18496,13221,28148,16807,42078,22569,37017,18371,18005,56281,74595,47379,87891,769309,479802,114702,23153,417163,162,39,75,46
2021-04-01T23:59:59+02:00,26,31,21832,26176,45520,67063,49096,84915,58174,117850,78075,114788,68340,68655,134276,169841,60987,110490,5003,5253,11407,18234,12998,27915,16485,41770,22071,36577,17558,17264,51460,68584,45705,85437,757688,461832,108625,21786,409987,148,34,73,45
2021-03-31T23:59:59+02:00,26,31,21506,25957,45120,66542,48606,84268,57447,116912,76922,113547,66303,66342,129529,163738,60585,109768,4925,5203,11312,18116,12839,27765,16246,41502,21481,36069,16430,16361,46261,62186,44332,83466,747954,443557,101486,20844,403880,145,30,71,41
2021-03-30T23:59:59+02:00,26,30,21331,25737,44723,65925,48102,83473,56744,115861,75789,112176,64468,64324,125158,157991,60118,108867,4858,5119,11207,17990,12648,27576,15919,41178,20906,35520,15598,15559,43505,58781,43217,81674,737797,431708,97272,19485,395951,116,26,67,40
2021-03-29T23:59:59+02:00,25,30,21134,25498,44264,65375,47626,82785,56009,114787,74571,110743,61986,61584,118436,149362,59348,107474,4761,5050,11102,17879,12497,27411,15672,40859,20450,35052,14946,15020,40922,55803,42113,79858,717310,420536,93855,18811,390048,102,26,67,39
2021-03-28T23:59:59+02:00,25,30,20930,25212,43767,64694,47113,82045,55331,113785,73633,109642,60728,60154,113739,143398,58904,106718,4707,4992,10956,17735,12243,27113,15481,40613,20283,34821,14709,14777,39844,54390,41765,79322,710797,416241,86560,17485,382667,82,26,66,36
2021-03-27T23:59:59+01:00,25,30,20811,25057,43475,64330,46754,81516,54833,113095,72963,108906,59575,59073,112260,141693,58837,106639,4694,4980,10929,17716,12225,27083,15121,40188,19884,34385,14416,14565,39359,53705,41292,78506,705536,412198,85861,16831,378650,76,26,66,36
2021-03-26T23:59:59+01:00,25,29,20560,24545,42673,62632,45788,79495,53501,110081,70956,105302,57569,57199,109515,138466,58511,106125,4676,4947,10905,17664,12156,26991,15043,40079,19545,33796,13949,13916,36300,49876,39237,75267,694186,397730,82561,16613,366399,62,23,65,36
2021-03-25T23:59:59+01:00,25,27,20128,23874,41800,60873,44696,76948,51992,106562,68572,101544,54979,54569,106209,134500,57940,105136,4630,4893,10814,17562,12037,26847,14859,39861,19271,33492,13475,13426,32457,44838,36246,70744,682784,379435,78369,16018,349396,57,21,64,36
2021-03-24T23:59:59+01:00,25,27,19731,23431,41029,59612,43688,75415,50625,104648,66485,99220,52199,51661,101966,129407,57303,104060,4576,4827,10721,17425,11872,26648,14629,39579,18904,33074,13020,12973,29895,41627,33135,65912,670016,363912,73502,14917,337194,51,16,62,36
2021-03-23T23:59:59+01:00,25,27,19485,23133,40469,58705,42969,74330,49596,103140,64836,97367,49913,49322,99212,126199,56744,103222,4517,4757,10622,17301,11726,26469,14387,39270,18488,32688,12518,12467,27468,38534,29479,60025,661923,346402,70162,14329,326790,47,15,60,36
2021-03-22T23:59:59+01:00,25,27,19266,22724,39835,57827,42306,73295,48654,101758,63365,95740,48086,47441,96816,123453,56272,102450,4460,4710,10536,17187,11596,26293,14230,39031,18249,32387,12209,12095,25638,36190,25539,53665,655645,330252,67358,13777,316518,45,15,59,35
2021-03-21T23:59:59+01:00,25,27,19131,22465,39348,57073,41761,72453,48008,100605,62425,94513,47043,46420,95174,121605,55902,101871,4446,4702,10500,17140,11551,26207,14170,38941,18169,32288,12090,11964,25212,35743,25186,53107,653080,328067,65333,13363,307614,45,14,58,35
2021-03-20T23:59:59+01:00,24,27,19071,22320,39138,56580,41524,71895,47697,99970,61988,93913,46393,45654,92579,118377,55617,101385,4437,4695,10491,17128,11524,26191,14127,38905,18087,32214,11931,11803,24573,34969,24424,52023,646632,324362,64887,13174,302809,45,14,58,35
2021-03-19T23:59:59+01:00,24,26,18718,21757,38008,54464,40248,69904,45967,97885,59115,91157,41964,41792,87372,112624,54918,100305,4417,4682,10458,17082,11460,26080,14037,38737,17852,31916,11579,11526,22907,32913,22747,49465,628915,315066,57697,12812,289810,38,14,56,35
2021-03-18T23:59:59+01:00,24,25,18325,21114,36836,52313,38708,67118,43816,93423,55273,85367,37941,37999,82649,107148,53831,98647,4397,4654,10390,16980,11382,25927,13888,38548,17634,31714,11347,11345,21662,31401,21037,46871,612010,306998,51961,12202,266754,35,14,56,34
2021-03-17T23:59:59+01:00,24,24,17906,20765,36112,51398,37948,66166,42737,92072,53488,83543,35275,35224,78630,102328,52887,97174,4374,4630,10328,16887,11310,25794,13775,38361,17436,31524,11110,11123,20424,29993,19448,44473,595384,299517,47571,11497,260910,32,14,55,34
2021-03-16T23:59:59+01:00,23,24,17550,20347,35368,50333,37134,64974,41642,90406,51653,81557,33074,33208,74616,97404,52007,95860,4324,4582,10255,16760,11219,25644,13677,38125,17301,31281,10940,10946,19146,28479,17967,42154,582170,291762,42886,11063,252285,31,11,54,34
2021-03-15T23:59:59+01:00,23,24,17272,19984,34663,49356,36346,63783,40739,88926,50394,79960,31357,31373,71337,93319,51310,94728,4302,4548,10189,16637,11153,25443,13563,37838,17152,31009,10773,10788,18416,27517,16712,40295,571064,285958,39567,10415,244431,29,0,54,34
2021-03-14T23:59:59+01:00,23,23,17004,19557,33812,48147,35447,62464,39687,87100,49142,78239,30195,30142,69344,90758,50865,94052,4277,4530,10144,16560,11096,25301,13503,37616,17062,30845,10702,10704,18234,27236,16450,39735,563962,284763,37691,9281,234516,18,0,50,34
2021-03-13T23:59:59+01:00,23,23,16196,18505,32324,46133,33878,60345,37653,84051,47020,75704,28849,28794,67330,88138,50596,93661,4277,4530,10142,16555,11093,25294,13494,37609,17056,30836,10665,10671,17489,26351,15405,38284,547622,280518,37406,9280,224350,18,0,50,34
2021-03-12T23:59:59+01:00,22,23,15096,17129,29884,43487,31213,57208,34794,79197,43814,71247,26018,25607,63030,82839,49617,92259,4265,4497,10124,16493,11075,25243,13449,37492,16965,30705,10390,10444,16609,25109,14337,36766,519634,274741,36095,9269,206904,15,0,48,33
2021-03-11T23:59:59+01:00,21,23,14059,15669,27642,40798,28895,54022,32207,74810,40066,66358,22622,22134,57031,75531,47688,89420,4224,4461,10043,16375,10965,25018,13333,37182,16800,30401,10088,10232,15976,24273,13669,35494,487633,270754,34507,7831,186990,12,0,47,32
2021-03-10T23:59:59+01:00,21,22,13465,14972,26237,39185,27249,52200,30648,72497,37553,63235,19878,19586,51117,68397,46137,87082,4190,4417,9944,16208,10847,24769,13186,36764,16600,30029,9852,10050,15232,23500,13010,34469,461242,266030,32464,7088,175906,10,0,46,32
2021-03-09T23:59:59+01:00,20,21,13182,14507,25118,38148,25838,51016,29587,70845,36175,61403,18701,18465,47611,63962,45012,85294,4166,4391,9860,16041,10744,24509,13033,36448,16426,29793,9729,9948,14571,22664,12515,33695,447659,262329,29941,6256,167423,10,0,46,30
2021-03-08T23:59:59+01:00,19,21,12852,13906,24037,37043,24571,49878,28650,69361,34944,59786,17623,17587,43497,58977,43784,83311,4151,4356,9799,15843,10642,24252,12900,36092,16299,29529,9647,9865,14078,22058,12201,33256,432214,259160,27935,5865,159814,4,0,45,30
2021-03-07T23:59:59+01:00,19,21,12619,13614,23444,36194,23875,49003,28052,68490,34337,59031,17363,17337,42432,57530,43417,82748,4139,4343,9779,15801,10615,24179,12868,35922,16242,29415,9625,9836,13880,21805,12065,33054,427463,258104,26123,5525,156053,0,0,44,29
2021-03-06T23:59:59+01:00,19,20,12506,13323,23042,35461,23346,48216,27008,66965,33239,57269,16977,17008,41787,56641,43116,82281,4136,4329,9768,15776,10597,24145,12858,35880,16224,29384,9608,9795,13833,21767,11962,32845,423405,257727,26059,5242,148871,0,0,44,28
2021-03-05T23:59:59+01:00,19,20,12096,12722,22361,34257,22664,46986,26252,65336,32008,54851,16334,16177,38328,52338,40960,78839,4109,4282,9698,15676,10548,23998,12790,35685,16138,29178,9512,9726,13647,21553,11592,32234,408227,256034,24608,4394,139817,0,0,44,27
2021-03-04T23:59:59+01:00,17,20,11337,11717,21174,32532,21448,44943,24898,62686,30313,52495,15604,15460,34325,47174,37883,74153,4060,4193,9586,15388,10446,23641,12658,35157,15993,28781,9339,9574,13491,21343,11508,32089,389799,253007,22534,4302,125948,0,0,44,25
2021-03-03T23:59:59+01:00,15,20,11032,11231,20486,31319,20678,43590,23997,60940,29272,50856,15129,14958,31716,43852,34798,69386,4020,4131,9507,15220,10367,23391,12552,34738,15817,28435,9157,9448,13366,21129,11362,31820,374373,250385,21743,4139,117260,0,0,41,23
2021-03-02T23:59:59+01:00,15,20,10769,10807,19842,30354,19965,42572,23215,59556,28301,49583,14502,14311,29041,40481,30914,63169,3972,4060,9445,15056,10299,23128,12451,34307,15716,28129,9032,9346,13228,20941,11285,31675,356201,247994,20234,4138,111077,0,0,40,23
2021-03-01T23:59:59+01:00,13,19,10598,10549,19331,29552,19405,41693,22626,58486,27589,48461,14087,13856,26973,37894,26663,56288,3957,4011,9390,14901,10235,22831,12371,33930,15611,27806,8950,9286,13045,20673,11170,31492,339003,245585,19125,4135,106047,0,0,40,23
2021-02-28T23:59:59+01:00,12,19,10432,10350,18864,28907,18874,40958,22149,57635,27104,47671,13880,13615,26367,37234,26259,55686,3941,3997,9366,14869,10216,22780,12354,33860,15585,27760,8924,9262,12915,20497,11107,31342,336564,244736,18265,4100,101277,0,0,40,23
2021-02-27T23:59:59+01:00,12,18,10253,9835,18535,28040,18616,40174,21864,56654,26776,46878,13604,13314,25700,36430,25337,54268,3929,3986,9345,14849,10184,22732,12315,33778,15542,27687,8903,9246,12906,20481,11103,31336,332659,244387,17543,3996,96194,0,0,40,23
2021-02-26T23:59:59+01:00,11,17,9457,9050,17634,26601,17835,37969,20936,53808,25317,44054,13138,12913,24112,34443,23816,51963,3848,3918,9267,14688,10110,22477,12234,33413,15425,27393,8823,9164,12839,20413,11062,31266,323554,242480,17290,3922,82313,0,0,40,21
2021-02-25T23:59:59+01:00,11,17,8298,8200,16312,24999,16568,35707,19699,50922,23609,41275,12665,12514,22833,32852,22321,49681,3726,3775,9105,14376,9890,21875,11980,32563,15100,26741,8627,9012,12580,20089,10921,30998,315939,238348,16520,3073,66105,0,0,39,20
2021-02-24T23:59:59+01:00,11,16,7933,7678,15657,23963,15939,34470,18984,49409,22818,40077,12269,12178,21527,31354,20642,47057,3654,3709,8965,14085,9715,21423,11780,31938,14837,26206,8486,8875,12438,19916,10856,30787,307700,235581,15555,2149,58806,0,0,39,20
2021-02-23T23:59:59+01:00,11,16,7449,7202,14845,22790,15254,33252,18264,47999,22100,39008,11962,11854,20190,29780,19028,44502,3614,3635,8845,13883,9580,21027,11593,31362,14538,25707,8317,8733,12312,19706,10786,30556,299590,232764,14754,1489,51239,0,0,39,20
2021-02-22T23:59:59+01:00,10,14,7342,6997,14462,22173,14904,32525,17802,46994,21606,38275,11765,11606,19442,28774,17715,42549,3584,3533,8707,13591,9416,20526,11339,30623,14166,25112,8070,8540,12114,19454,10682,30253,293737,229463,14144,305,47151,0,0,38,20
2021-02-21T23:59:59+01:00,10,14,7252,6872,14141,21732,14485,31942,17387,46342,21170,37780,11659,11505,19279,28561,17468,42216,3546,3493,8625,13468,9341,20309,11268,30332,14045,24844,8008,8478,12058,19347,10611,30090,292594,227629,13772,291,43522,0,0,38,20
2021-02-20T23:59:59+01:00,10,14,7135,6822,14016,21652,14369,31808,17268,46192,21012,37599,11560,11423,18499,27644,16412,40746,3544,3487,8615,13460,9331,20288,11254,30307,14032,24833,8003,8469,11993,19283,10557,30022,288344,227246,13575,290,42332,0,0,38,19
2021-02-19T23:59:59+01:00,8,13,6835,6570,13663,21213,13998,31140,16795,45397,20307,36730,10958,11022,17456,26313,15255,39138,3464,3464,8539,13433,9289,20231,11216,30216,13973,24739,7960,8410,11771,19010,10364,29691,281968,225540,13200,289,37712,0,0,35,18
2021-02-18T23:59:59+01:00,8,13,6438,6096,13036,20070,13358,29765,15980,43526,19436,35152,10728,10803,16866,25562,14678,38255,3279,3328,8206,12893,8997,19484,10867,29179,13608,23914,7755,8101,11185,18059,9867,28541,278399,217033,12618,289,28820,0,0,35,18
2021-02-17T23:59:59+01:00,8,12,6273,5753,12590,19190,12870,28575,15280,41803,18789,33827,10501,10552,16110,24748,13901,37065,3030,3168,7866,12379,8696,18695,10497,28136,13217,23064,7523,7865,10628,17210,9429,27724,273728,208896,11887,287,22295,0,0,35,18
2021-02-16T23:59:59+01:00,8,12,5947,5453,12053,18357,12366,27499,14735,40424,18197,32793,10348,10447,15442,23918,13393,36276,2848,3048,7565,11931,8390,17971,10102,27051,12752,22169,7253,7572,9911,16039,8703,26174,270192,199402,11391,132,16148,0,0,33,18
2021-02-15T23:59:59+01:00,8,12,5842,5276,11759,17716,12100,26715,14387,39431,17849,32023,10223,10337,14882,23264,13032,35737,2759,2968,7375,11610,8171,17467,9803,26209,12402,21487,6972,7289,9211,14984,8188,24893,267092,191758,10788,86,12776,0,0,33,17
2021-02-14T23:59:59+01:00,8,12,5574,5161,11511,17444,11877,26279,14153,38985,17658,31746,10178,10286,14648,22925,12867,35343,2709,2930,7261,11446,8042,17261,9628,25878,12224,21186,6877,7166,8991,14600,8000,24359,266091,188528,9852,85,10776,0,0,31,17
2021-02-13T23:59:59+01:00,8,12,5514,5123,11461,17409,11847,26248,14125,38953,17638,31727,10165,10259,14621,22894,12855,35326,2705,2927,7256,11439,8030,17241,9613,25844,12197,21143,6847,7132,8837,14388,7648,23733,265851,187028,9851,7,10548,0,0,30,16
2021-02-12T23:59:59+01:00,8,11,4998,4805,10890,17047,11529,25697,13806,38309,17310,31085,10054,10153,14437,22680,12775,35217,2655,2894,7163,11283,7929,17010,9463,25452,11980,20699,6667,6901,8476,13828,7056,22394,264156,181899,9840,6,6878,0,0,30,16
2021-02-11T23:59:59+01:00,8,10,4536,4506,10303,16366,11117,24890,13326,37047,16820,30225,9739,9893,14156,22232,12495,34534,2487,2620,6564,10095,7242,15278,8605,22842,10933,18623,6020,6189,7433,12213,6241,20075,260930,163508,8199,4,3137,0,0,28,15
2021-02-10T23:59:59+01:00,8,10,4290,4339,9966,15914,10808,24351,13014,36164,16404,29473,9525,9755,13975,22026,12403,34328,2127,2330,5629,8643,6445,13239,7616,19941,9813,16596,5476,5603,6450,10553,5466,18017,258281,143999,7700,2,835,0,0,27,2
2021-02-09T23:59:59+01:00,8,9,4227,4241,9843,15647,10699,23951,12843,35543,16192,29000,9347,9619,13780,21817,12261,34106,1732,1979,4853,7378,5675,11446,6697,17441,8726,14604,4899,4976,5403,9001,4736,15917,255842,125514,6923,1,431,0,0,26,2
2021-02-08T23:59:59+01:00,8,9,4193,4186,9751,15435,10591,23592,12725,35081,16052,28641,9255,9552,13578,21534,12152,33913,1568,1784,4297,6389,5015,9876,5878,14917,7708,12755,4340,4444,4420,7416,3973,13843,253475,108670,6408,1,425,0,0,26,2
2021-02-07T23:59:59+01:00,8,9,4028,4119,9595,15298,10488,23425,12646,34818,15940,28448,9214,9507,13434,21352,12079,33770,1353,1537,3878,5717,4602,8999,5454,13760,7226,11802,4084,4185,4191,7024,3814,13249,252374,100920,5862,1,0,0,0,26,1
2021-02-06T23:59:59+01:00,8,9,4019,4110,9585,15282,10475,23389,12624,34768,15923,28391,9194,9493,13416,21317,11974,33574,1201,1341,3645,5410,4416,8574,5234,13172,6946,11244,3947,4048,4066,6875,3536,12792,252031,96490,5578,1,0,0,0,26,0
2021-02-05T23:59:59+01:00,8,8,3946,4043,9513,15139,10407,23139,12539,34398,15808,28110,9110,9419,13343,21242,11625,32977,1060,1113,3365,4964,4158,7995,4916,12395,6560,10517,3686,3802,3905,6648,3034,11907,250144,90065,4686,0,0,0,0,26,0
2021-02-04T23:59:59+01:00,8,8,3889,3920,9393,14826,10230,22593,12351,33602,15591,27547,8986,9310,13119,20949,11512,32776,796,780,2540,3715,3222,6255,3965,9854,5236,8307,3006,3090,3280,5663,2641,10409,246205,72788,4462,0,0,0,0,25,0
2021-02-03T23:59:59+01:00,8,8,3820,3849,9287,14603,10126,22255,12218,33092,15440,27126,8877,9195,12977,20771,11436,32611,660,612,1919,2801,2489,4831,2998,7569,4005,6262,2198,2226,2397,4199,1914,7802,243462,54906,4294,0,0,0,0,25,0
2021-02-02T23:59:59+01:00,8,8,3754,3755,9187,14410,10030,21875,12074,32528,15238,26670,8753,9081,12855,20561,11353,32344,524,485,1450,2067,1903,3632,2253,5757,2987,4684,1556,1528,1634,2764,1331,5190,240247,39763,4292,0,0,0,0,25,0
2021-02-01T23:59:59+01:00,7,8,3714,3665,9107,14179,9924,21487,11936,31890,15056,26168,8635,8933,12746,20418,11302,32169,390,352,1009,1429,1253,2417,1467,3774,1854,2966,984,972,970,1687,763,3012,237108,25308,4292,0,0,0,0,24,0
2021-01-31T23:59:59+01:00,7,8,3696,3630,9054,14070,9855,21283,11870,31594,14953,25971,8579,8874,12695,20306,11257,32040,360,331,889,1239,1064,2045,1265,3222,1621,2600,886,881,866,1505,692,2706,235620,22179,4178,0,0,0,0,23,0
2021-01-30T23:59:59+01:00,7,8,3696,3627,9044,14058,9841,21261,11857,31574,14941,25957,8575,8869,12636,20243,11207,31976,343,307,829,1155,1007,1922,1201,3033,1546,2463,858,855,847,1465,677,2654,235302,21168,4131,0,0,0,0,23,0
2021-01-29T23:59:59+01:00,7,8,3636,3613,8983,14029,9812,21210,11825,31499,14894,25889,8551,8846,12450,20018,11027,31733,276,224,709,983,863,1562,1046,2644,1335,2138,769,765,798,1410,659,2601,234085,18786,4004,0,0,0,0,20,0
2021-01-28T23:59:59+01:00,7,8,3517,3527,8780,13642,9592,20698,11594,30921,14568,25391,8414,8745,12015,19398,10671,31152,130,57,291,360,375,606,456,1147,606,959,407,423,467,810,377,1571,229300,9044,3399,0,0,0,0,20,0
2021-01-27T23:59:59+01:00,7,8,3286,3392,8487,13227,9291,20075,11212,30087,14181,24654,8198,8533,11465,18595,10246,30389,78,33,201,222,241,411,302,800,427,661,309,309,347,604,283,1149,222597,6378,2791,0,0,0,0,20,0
2021-01-26T23:59:59+01:00,6,8,3120,3295,8206,12891,9028,19505,10907,29330,13784,24026,7962,8312,10887,17681,9599,29237,73,29,186,212,225,377,286,749,396,600,294,284,320,542,257,1019,215888,5850,1950,0,0,0,0,20,0
2021-01-25T23:59:59+01:00,6,8,3033,3200,7925,12410,8737,18799,10521,28329,13303,23264,7679,8113,10268,16865,9143,28336,65,21,166,191,193,321,247,629,344,496,257,240,266,465,209,831,209589,4942,404,0,0,0,0,18,0
2021-01-24T23:59:59+01:00,6,8,2989,3180,7840,12332,8663,18674,10412,28169,13175,23082,7637,8078,10203,16753,9095,28240,64,20,162,187,191,308,244,608,336,482,248,236,264,458,205,816,208287,4830,302,0,0,0,0,18,0
2021-01-23T23:59:59+01:00,6,8,2988,3179,7839,12329,8659,18664,10411,28156,13169,23077,7630,8075,10079,16588,8767,27653,63,20,162,187,190,307,242,608,334,482,248,236,264,458,205,815,207031,4822,300,0,0,0,0,17,0
2021-01-22T23:59:59+01:00,6,8,2926,3133,7715,12216,8576,18524,10301,27986,13089,22962,7600,8042,9881,16286,8249,26629,63,20,161,187,190,307,242,608,333,482,248,236,264,458,205,815,203884,4820,300,0,0,0,0,16,0
2021-01-21T23:59:59+01:00,6,8,2844,2963,7216,11303,8092,17380,9764,26365,12484,21746,7316,7714,9241,15325,7724,25557,57,18,146,173,173,276,218,532,296,442,222,209,233,378,175,684,192800,4233,300,0,0,0,0,16,0
2021-01-20T23:59:59+01:00,6,8,2485,2616,6335,9897,7348,15427,8811,23535,11375,19674,6715,7063,8146,13558,6910,23335,55,18,145,168,170,274,211,518,285,420,210,202,227,353,162,646,172992,4065,297,0,0,0,0,16,0
2021-01-19T23:59:59+01:00,6,8,2043,2259,5437,8514,6485,13535,7790,20746,10103,17435,5958,6180,6757,11364,5888,20279,39,11,96,124,114,170,148,354,186,292,133,115,139,235,113,479,150609,2748,216,0,0,0,0,16,0
2021-01-18T23:59:59+01:00,5,8,1769,1970,4682,7132,5529,11295,6593,17150,8673,14719,5078,5299,5371,9110,4814,16793,21,6,37,46,52,79,65,161,74,147,59,54,66,131,62,220,125933,1280,92,0,0,0,0,16,0
2021-01-17T23:59:59+01:00,4,8,1492,1681,4169,6338,5021,10164,6057,15575,8034,13456,4738,4950,4999,8436,4485,15787,8,2,8,15,15,28,19,51,27,56,23,23,20,31,13,47,115335,386,88,0,0,0,0,15,0
2021-01-16T23:59:59+01:00,4,7,1325,1477,3952,6017,4841,9724,5798,14909,7704,12763,4549,4722,4787,8161,4130,15183,0,0,0,1,1,2,1,1,1,2,0,1,1,0,0,1,110075,12,5,0,0,0,0,14,0
2021-01-15T23:59:59+01:00,4,7,1174,1251,3698,5596,4588,9159,5506,14070,7296,11964,4257,4428,4601,7854,3595,14137,0,0,0,0,0,0,0,0,0,0,0,0,0,0,0,0,103206,0,3,0,0,0,0,14,0
2021-01-14T23:59:59+01:00,3,4,900,938,2952,4408,3724,7344,4562,11327,5900,9620,3458,3559,3864,6629,3111,12325,0,0,0,0,0,0,0,0,0,0,0,0,0,0,0,0,84643,0,0,0,0,0,0,14,0
2021-01-13T23:59:59+01:00,3,3,764,784,2480,3677,3139,6121,3792,9391,4808,7746,2585,2646,2918,5047,2379,9421,0,0,0,0,0,0,0,0,0,0,0,0,0,0,0,0,67716,0,0,0,0,0,0,13,0
2021-01-12T23:59:59+01:00,2,3,633,655,2079,3017,2584,4977,3036,7570,3791,6086,1855,1827,1993,3412,1681,6425,0,0,0,0,0,0,0,0,0,0,0,0,0,0,0,0,51648,0,0,0,0,0,0,0,0
2021-01-11T23:59:59+01:00,1,1,492,522,1736,2444,2075,3976,2351,5756,2815,4417,1193,1130,1195,2001,921,3646,0,0,0,0,0,0,0,0,0,0,0,0,0,0,0,0,36690,0,0,0,0,0,0,0,0
2021-01-10T23:59:59+01:00,1,1,436,453,1478,2020,1734,3255,1941,4771,2339,3699,1052,1006,1050,1756,820,3194,0,0,0,0,0,0,0,0,0,0,0,0,0,0,0,0,31017,0,0,0,0,0,0,0,0
2021-01-09T23:59:59+01:00,1,1,404,409,1354,1843,1589,2965,1788,4323,2154,3368,977,935,991,1702,802,3152,0,0,0,0,0,0,0,0,0,0,0,0,0,0,0,0,28767,0,0,0,0,0,0,0,0
2021-01-08T23:59:59+01:00,1,1,307,281,1106,1501,1311,2296,1470,3545,1784,2753,844,830,903,1579,756,3000,0,0,0,0,0,0,0,0,0,0,0,0,0,0,0,0,24275,0,0,0,0,0,0,0,0
2021-01-07T23:59:59+01:00,1,0,144,76,397,507,476,786,591,1367,777,1201,467,481,560,961,463,1907,0,0,0,0,0,0,0,0,0,0,0,0,0,0,0,0,11163,0,0,0,0,0,0,0,0
2021-01-06T23:59:59+01:00,1,0,109,44,267,285,305,510,395,927,527,822,359,361,423,747,357,1440,0,0,0,0,0,0,0,0,0,0,0,0,0,0,0,0,7880,0,0,0,0,0,0,0,0
2021-01-05T23:59:59+01:00,1,0,85,31,188,230,238,424,317,818,444,703,343,345,406,714,350,1385,0,0,0,0,0,0,0,0,0,0,0,0,0,0,0,0,7023,0,0,0,0,0,0,0,0
2021-01-04T23:59:59+01:00,1,0,67,25,171,193,197,331,253,635,350,511,268,253,286,516,233,927,0,0,0,0,0,0,0,0,0,0,0,0,0,0,0,0,5217,0,0,0,0,0,0,0,0
2021-01-03T23:59:59+01:00,1,0,65,21,165,188,193,317,251,620,342,494,260,251,282,503,231,910,0,0,0,0,0,0,0,0,0,0,0,0,0,0,0,0,5094,0,0,0,0,0,0,0,0
2021-01-02T23:59:59+01:00,1,0,65,21,165,188,193,317,249,620,339,494,260,251,282,503,231,909,0,0,0,0,0,0,0,0,0,0,0,0,0,0,0,0,5088,0,0,0,0,0,0,0,0
2021-01-01T23:59:59+01:00,1,0,64,21,164,188,193,316,249,620,337,492,260,251,282,502,231,909,0,0,0,0,0,0,0,0,0,0,0,0,0,0,0,0,5080,0,0,0,0,0,0,0,0
2020-12-31T23:59:59+01:00,1,0,64,21,164,186,193,315,248,619,336,491,260,251,282,502,231,909,0,0,0,0,0,0,0,0,0,0,0,0,0,0,0,0,5073,0,0,0,0,0,0,0,0
2020-12-30T23:59:59+01:00,1,0,63,21,164,185,191,312,248,617,336,489,260,251,282,502,231,909,0,0,0,0,0,0,0,0,0,0,0,0,0,0,0,0,5062,0,0,0,0,0,0,0,0
2020-12-29T23:59:59+01:00,1,0,45,12,116,140,142,212,181,443,237,375,179,164,194,373,170,709,0,0,0,0,0,0,0,0,0,0,0,0,0,0,0,0,3693,0,0,0,0,0,0,0,0
2020-12-28T23:59:59+01:00,1,0,24,8,64,77,80,122,100,252,118,232,98,93,103,200,103,388,0,0,0,0,0,0,0,0,0,0,0,0,0,0,0,0,2063,0,0,0,0,0,0,0,0
2020-12-27T23:59:59+01:00,0,0,11,3,17,26,36,47,36,89,37,94,32,29,40,73,32,145,0,0,0,0,0,0,0,0,0,0,0,0,0,0,0,0,747,0,0,0,0,0,0,0,0
