Datum,<15_1_m,<15_1_w,15-24_1_m,15-24_1_w,25-34_1_m,25-34_1_w,35-44_1_m,35-44_1_w,45-54_1_m,45-54_1_w,55-64_1_m,55-64_1_w,65-74_1_m,65-74_1_w,75-84_1_m,75-84_1_w,>84_1_m,>84_1_w,<15_2_m,<15_2_w,15-24_2_m,15-24_2_w,25-34_2_m,25-34_2_w,35-44_2_m,35-44_2_w,45-54_2_m,45-54_2_w,55-64_2_m,55-64_2_w,65-74_2_m,65-74_2_w,75-84_2_m,75-84_2_w,>84_2_m,>84_2_w,bp_1,bp_2,mo_1,mo_2,az_1,az_2,ja,unb_1,unb_2
2021-10-31T23:59:59+01:00,49718,46908,310931,296739,415597,382041,424517,414999,483654,490552,529362,528110,356516,397913,248377,318729,73253,134552,41453,39010,282671,271742,387407,354464,400157,389687,459950,465331,509048,508183,346993,386887,242062,309965,70612,128997,4236990,3992639,530948,510043,808678,765370,327307,602,555
2021-10-30T23:59:59+02:00,49664,46869,310733,296612,415285,381883,424303,414846,483443,490391,529243,528052,356495,397888,248371,318718,73250,134547,41417,39001,282571,271673,387299,354391,400072,389625,459893,465270,509008,508164,346987,386879,242059,309961,70609,128993,4235320,3992110,530901,509984,808677,765368,327150,602,555
2021-10-29T23:59:59+02:00,49448,46645,309760,295939,414068,381046,423232,414173,482581,489795,528752,527779,356421,397817,248330,318673,73236,134524,41293,38901,282106,271318,386832,354017,399673,389342,459563,465004,508816,508023,346933,386829,242041,309927,70602,128980,4228080,3989441,530617,509830,808673,765365,326304,602,555
2021-10-28T23:59:59+02:00,49018,46233,308056,294697,412112,379691,421684,413078,481343,488867,528054,527266,356266,397655,248259,318583,73223,134488,41006,38626,281187,270510,385928,353237,398941,388728,458982,464507,508368,507718,346793,386653,241975,309834,70581,128928,4216384,3983577,530194,509540,808663,765340,324785,602,555
2021-10-27T23:59:59+02:00,48694,45917,307194,293927,411046,378840,420833,412386,480635,488347,527644,526963,356166,397486,248198,318488,73203,134448,40735,38349,280468,269843,385296,352642,398471,388257,458571,464091,508078,507436,346637,386476,241894,309710,70554,128868,4209089,3978227,529899,509356,808657,765310,324223,602,555
2021-10-26T23:59:59+02:00,48296,45509,306136,292984,409918,377927,419947,411716,479952,487759,527229,526646,356044,397352,248125,318394,73179,134407,40383,37992,279612,268937,384568,351940,397921,387708,458144,463646,507720,507142,346492,386319,241795,309554,70532,128802,4201055,3971876,529688,509196,808649,765294,323581,602,555
2021-10-25T23:59:59+02:00,48147,45376,305649,292553,409370,377528,419476,411395,479557,487489,527044,526493,356003,397295,248112,318369,73172,134400,40317,37932,279391,268754,384326,351769,397750,387578,457998,463531,507619,507067,346471,386286,241786,309535,70529,128791,4197552,3970672,529626,509153,808647,765290,323055,602,555
2021-10-24T23:59:59+02:00,47937,45199,305103,292086,408697,377021,418971,410984,479147,487179,526825,526304,355940,397212,248080,318342,73164,134388,40129,37772,278941,268298,383869,351374,397408,387264,457733,463277,507453,506893,346382,386193,241748,309473,70518,128778,4193451,3967481,529470,509020,808643,765276,322466,602,555
2021-10-23T23:59:59+02:00,47903,45166,304942,291954,408485,376877,418815,410847,479035,487091,526750,526256,355921,397188,248076,318336,73164,134385,40091,37730,278851,268194,383750,351302,397329,387190,457662,463214,507417,506860,346363,386179,241747,309467,70517,128777,4192278,3966836,529409,508957,808641,765273,322314,602,555
2021-10-22T23:59:59+02:00,47649,44934,304168,291392,407606,376190,418082,410303,478465,486619,526395,526007,355864,397119,248056,318301,73158,134373,39841,37490,278297,267675,383259,350871,396918,386831,457362,462944,507194,506689,346296,386115,241725,309425,70511,128767,4186688,3963237,529136,508791,808639,765255,321667,602,555
2021-10-21T23:59:59+02:00,47179,44485,303066,290523,406400,375235,417106,409514,477639,485978,525855,525631,355737,396977,247983,318191,73136,134319,39267,36936,277240,266633,382359,350003,396196,386065,456733,462379,506779,506331,346141,385917,241634,309269,70487,128720,4178199,3955463,528863,508416,808633,765243,320706,602,555
2021-10-20T23:59:59+02:00,46959,44234,302464,289982,405730,374625,416564,409068,477209,485610,525570,525396,355642,396853,247914,318099,73110,134265,38852,36562,276502,265887,381748,349346,395679,385464,456312,461932,506427,506014,345966,385716,241537,309129,70449,128647,4173036,3949082,528722,508243,808629,765232,320351,601,555
2021-10-19T23:59:59+02:00,46676,43960,301924,289509,405230,374170,416197,408738,476932,485338,525339,525186,355523,396722,247850,318001,73077,134210,38402,36110,275616,265061,381043,348643,395205,384926,455908,461472,506091,505690,345779,385485,241431,308976,70412,128565,4168794,3942261,528603,508072,808626,765217,320003,601,554
2021-10-18T23:59:59+02:00,46484,43770,301400,289047,404741,373740,415847,408398,476667,485100,525118,524986,355428,396603,247786,317893,73052,134160,38123,35857,274979,264379,380496,348005,394787,384438,455572,461087,505802,505417,345627,385338,241346,308850,70381,128516,4164985,3937001,528410,507891,808623,765199,319644,601,554
2021-10-17T23:59:59+02:00,46375,43653,301084,288792,404488,373492,415640,408235,476519,484947,525017,524866,355365,396547,247764,317845,73037,134124,37877,35601,274471,263876,380131,347629,394508,384107,455331,460859,505641,505250,345538,385229,241309,308782,70358,128465,4162840,3933362,528334,507736,808622,765164,319434,601,554
2021-10-16T23:59:59+02:00,46346,43621,301008,288730,404415,373435,415598,408190,476475,484912,524993,524851,355359,396539,247760,317839,73035,134122,37837,35557,274365,263767,380051,347559,394450,384036,455291,460815,505615,505226,345530,385220,241306,308777,70357,128460,4162362,3932751,528321,507677,808622,765162,319363,601,554
2021-10-15T23:59:59+02:00,46197,43459,300576,288390,404048,373117,415308,407931,476234,484688,524838,524717,355307,396499,247742,317807,73026,134107,37608,35312,273807,263186,379645,347170,394114,383694,455014,460538,505419,505056,345468,385146,241265,308731,70352,128439,4159552,3929021,528199,507464,808618,765152,319060,601,554
2021-10-14T23:59:59+02:00,45867,43133,299795,287692,403420,372464,414803,407475,475815,484282,524521,524441,355189,396366,247679,317707,72993,134040,37054,34747,272567,261926,378843,346215,393431,382863,454369,459896,504996,504640,345236,384922,241154,308571,70321,128389,4154082,3920343,527953,506963,808613,765097,318469,601,554
2021-10-13T23:59:59+02:00,45560,42857,299229,287149,402944,371961,414410,407080,475486,483955,524260,524196,355066,396223,247606,317601,72962,133978,36723,34465,271800,261126,378249,345470,392913,382230,453950,459435,504632,504280,345062,384722,241055,308381,70285,128310,4149528,3914034,527777,506690,808609,765051,318045,600,554
2021-10-12T23:59:59+02:00,45238,42586,298580,286606,402428,371425,414008,406696,475180,483647,524008,523961,354957,396083,247557,317515,72935,133927,36429,34176,270969,260271,377560,344754,392378,381667,453536,459008,504273,503937,344843,384504,240948,308229,70244,128201,4144872,3907472,527604,506468,808601,765026,317696,599,551
2021-10-11T23:59:59+02:00,44994,42363,298001,286130,401949,370969,413606,406346,474880,483350,523772,523764,354847,395966,247484,317420,72899,133860,36143,33921,270216,259540,376891,344077,391894,381118,453158,458565,503941,503636,344651,384309,240851,308080,70201,128114,4140771,3901610,527430,506186,808590,765001,317244,599,551
2021-10-10T23:59:59+02:00,44837,42233,297647,285850,401613,370665,413376,406098,474703,483164,523634,523637,354797,395912,247460,317381,72882,133829,35976,33794,269740,259122,376435,343614,391563,380779,452869,458282,503718,503460,344557,384208,240795,308011,70184,128080,4138393,3898006,527293,506064,808583,764968,316883,599,551
2021-10-09T23:59:59+02:00,44807,42208,297548,285775,401529,370607,413315,406046,474655,483116,523609,523620,354789,395898,247458,317377,72881,133828,35926,33740,269623,259017,376337,343516,391480,380704,452811,458228,503684,503430,344547,384194,240789,308003,70183,128078,4137889,3897302,527258,505991,808580,764957,316773,599,551
2021-10-08T23:59:59+02:00,44570,42001,297053,285375,401085,370234,413019,405752,474377,482893,523400,523454,354726,395837,247422,317326,72863,133814,35718,33463,269062,258458,375915,343086,391105,380330,452535,457906,503506,503272,344481,384111,240755,307958,70172,128066,4134551,3893493,527133,505827,808576,764938,316373,599,551
2021-10-07T23:59:59+02:00,44190,41580,296084,284522,400318,369476,412384,405142,473870,482407,522998,523137,354597,395663,247328,317214,72830,133751,35066,32804,267686,257067,374929,341905,390298,379333,451829,457160,502957,502770,344226,383831,240616,307779,70113,127976,4127743,3883836,526902,504636,808567,764896,315709,599,550
2021-10-06T23:59:59+02:00,43931,41321,295390,283944,399809,368980,411994,404723,473522,482102,522725,522888,354458,395511,247248,317094,72805,133674,34740,32491,266945,256259,374390,341245,389823,378795,451409,456714,502608,502416,344054,383620,240505,307634,70083,127897,4122966,3877756,526771,504525,808563,764865,315214,599,550
2021-10-05T23:59:59+02:00,43616,41026,294687,283272,399186,368363,411483,404242,473140,481705,522442,522584,354312,395354,247165,316938,72772,133563,34440,32177,266135,255423,373706,340509,389286,378184,450907,456248,502258,502059,343865,383403,240394,307461,70036,127823,4117570,3871335,526633,504383,808556,764843,314484,599,550
2021-10-04T23:59:59+02:00,43341,40788,293872,282582,398487,367789,411008,403785,472743,481319,522148,522317,354181,395183,247091,316813,72740,133471,34137,31861,265240,254489,372995,339738,388698,377592,450436,455716,501876,501693,343674,383174,240238,307294,69996,127736,4112446,3864665,526486,504274,808549,764804,313570,598,550
2021-10-03T23:59:59+02:00,43179,40641,293476,282174,398081,367436,410704,403539,472532,481089,521975,522155,354099,395089,247042,316728,72732,133435,33956,31727,264751,254067,372541,339332,388343,377198,450166,455408,501628,501461,343549,383030,240176,307201,69978,127705,4109652,3861100,526387,504162,808524,764750,312935,598,550
2021-10-02T23:59:59+02:00,43145,40604,293352,282047,397964,367350,410623,403460,472471,481031,521942,522124,354085,395066,247041,316725,72730,133433,33909,31689,264613,253936,372441,339242,388265,377120,450109,455357,501598,501422,343537,383008,240174,307194,69976,127705,4108967,3860406,526309,504105,808522,764727,312787,598,550
2021-10-01T23:59:59+02:00,42935,40349,292738,281495,397411,366861,410178,403080,472139,480769,521679,521945,354002,394990,247012,316676,72718,133415,33610,31399,263955,253290,371949,338810,387885,376744,449784,455040,501373,501227,343461,382942,240149,307150,69967,127688,4105113,3856539,526164,503949,808514,764673,311992,598,550
2021-09-30T23:59:59+02:00,42536,39953,291614,280416,396409,365897,409385,402297,471483,480102,521178,521547,353838,394782,246919,316549,72693,133347,33072,30854,262760,252120,371084,337888,387182,375921,449185,454396,500903,500831,343292,382718,240071,306992,69938,127635,4097479,3849502,525821,502942,808493,764589,310537,597,550
2021-09-29T23:59:59+02:00,42198,39650,290849,279672,395676,365187,408833,401714,470986,479613,520813,521237,353655,394580,246841,316415,72663,133280,32775,30546,262014,251362,370451,337239,386723,375344,448763,453942,500551,500489,343121,382537,239978,306829,69916,127577,4091582,3844053,525661,502792,808485,764521,309516,597,550
2021-09-28T23:59:59+02:00,41864,39338,289978,278841,394884,364476,408228,401149,470467,479108,520434,520879,353448,394360,246745,316260,72623,133178,32464,30275,261150,250574,369746,336599,386213,374816,448320,453487,500198,500143,342941,382334,239883,306684,69889,127521,4085316,3838539,525535,502644,808477,764467,308310,597,550
2021-09-27T23:59:59+02:00,41449,38955,289098,278003,394090,363761,407671,400560,469991,478584,520034,520549,353288,394163,246659,316140,72591,133085,32143,29916,260133,249648,368890,335797,385553,374142,447779,452946,499795,499782,342758,382102,239792,306550,69864,127457,4079655,3832374,525373,502492,808470,764360,306544,597,550
2021-09-26T23:59:59+02:00,41073,38650,288526,277470,393591,363315,407327,400210,469693,478296,519823,520360,353178,394065,246616,316070,72572,133044,31985,29782,259630,249188,368449,335400,385214,373774,447491,452652,499589,499595,342667,382011,239734,306477,69848,127420,4075959,3829428,525231,502342,808446,764244,305614,597,550
2021-09-25T23:59:59+02:00,41019,38589,288357,277303,393436,363193,407210,400121,469599,478212,519762,520317,353166,394045,246607,316061,72570,133041,31942,29727,259466,249035,368303,335274,385094,373674,447421,452551,499527,499561,342647,381988,239724,306464,69848,127418,4075203,3828716,525157,502282,808443,764213,305175,597,550
2021-09-24T23:59:59+02:00,40821,38376,287721,276647,392788,362625,406688,399638,469150,477807,519463,520075,353061,393960,246566,316009,72564,133016,31682,29470,258805,248350,367693,334735,384645,373232,447003,452194,499205,499315,342531,381882,239680,306410,69836,127394,4071443,3825004,525008,502180,808433,764143,303457,597,549
2021-09-23T23:59:59+02:00,40185,37709,286013,274984,391306,361267,405496,398425,468101,476839,518711,519390,352762,393683,246431,315791,72520,132900,31289,29055,257507,247265,366539,333750,383708,372403,446194,451462,498610,498805,342297,381639,239567,306257,69808,127315,4061547,3818936,524599,501908,808422,764043,299302,597,549
2021-09-22T23:59:59+02:00,39849,37391,285013,274000,390456,360414,404743,397653,467435,476235,518172,518950,352533,393414,246321,315592,72471,132813,31001,28791,256728,246515,365790,333063,383080,371807,445682,450941,498145,498457,342094,381430,239462,306120,69774,127252,4054682,3813837,524383,501738,808399,763927,297345,597,549
2021-09-21T23:59:59+02:00,39432,36908,283932,272917,389490,359506,403984,396895,466807,475644,517722,518519,352308,393150,246219,315414,72417,132703,30683,28514,255871,245661,365030,332347,382443,371203,445185,450456,497730,498057,341898,381224,239355,305956,69740,127166,4047076,3808218,524223,501539,808389,763848,295627,597,549
2021-09-20T23:59:59+02:00,39078,36630,282794,271840,388438,358567,403156,396087,466105,475028,517227,518065,352062,392923,246108,315231,72373,132606,30299,28143,254750,244678,364040,331506,381650,370433,444462,449878,497270,497614,341672,381008,239247,305769,69704,127090,4040024,3801733,524077,501364,808374,763644,293184,597,547
2021-09-19T23:59:59+02:00,38917,36495,282200,271428,387862,358078,402747,395690,465762,474714,516961,517833,351977,392797,246069,315151,72362,132567,30182,28023,254236,244240,363536,331081,381225,370096,444092,449533,496988,497393,341563,380879,239190,305683,69693,127059,4036683,3798900,523934,501181,808353,763345,291978,597,547
2021-09-18T23:59:59+02:00,38862,36424,282039,271268,387663,357916,402564,395547,465651,474600,516893,517774,351961,392784,246061,315142,72360,132563,30052,27894,253922,243894,363282,330829,380987,369905,443931,449399,496894,497304,341533,380853,239171,305663,69690,127051,4035732,3797023,523818,501100,808350,763332,291507,597,547
2021-09-17T23:59:59+02:00,38530,36058,281137,270437,386870,357156,401837,394892,465040,474074,516513,517411,351811,392639,245998,315072,72336,132531,29784,27627,253178,243214,362596,330232,380394,369403,443466,448988,496557,497016,341412,380717,239121,305584,69677,127029,4030388,3793243,523482,500697,808341,763301,289459,596,547
2021-09-16T23:59:59+02:00,37960,35461,279553,268870,385515,355699,400630,393571,464022,473091,515740,516714,351493,392311,245868,314885,72288,132440,29348,27206,252031,242199,361636,329295,379566,368542,442797,448295,496043,496568,341185,380495,239022,305456,69646,126967,4019489,3786630,522730,500297,808296,763154,286921,596,545
2021-09-15T23:59:59+02:00,37581,35150,278420,267770,384618,354719,399772,392710,463347,472404,515205,516200,351269,392022,245695,314702,72249,132320,29048,26917,251171,241387,360849,328498,378881,367869,442230,447778,495537,496130,340975,380258,238885,305308,69623,126894,4011927,3780977,522442,500064,808283,763081,284819,596,545
2021-09-14T23:59:59+02:00,37268,34843,277448,266808,383679,353860,399037,391942,462740,471753,514675,515746,351026,391780,245565,314531,72206,132251,28773,26678,250389,240594,360114,327830,378272,367270,441683,447266,495115,495746,340778,380043,238774,305161,69599,126839,4005104,3775849,522112,499841,808254,762932,283003,595,544
2021-09-13T23:59:59+02:00,36881,34449,276210,265540,382728,352815,398261,391064,462044,471032,514151,515242,350804,391530,245444,314377,72167,132178,28313,26257,249262,239540,359294,327046,377670,366614,441124,446742,494656,495366,340585,379819,238674,305015,69570,126785,3996897,3768920,521392,499556,808221,762835,281718,595,544
2021-09-12T23:59:59+02:00,36738,34320,275638,265100,382254,352369,397872,390637,461718,470729,513938,515026,350697,391418,245398,314302,72156,132143,28155,26139,248733,239128,358790,326602,377301,366259,440820,446452,494407,495143,340460,379688,238615,304928,69555,126740,3993706,3765893,521226,499364,808185,762709,280646,595,543
2021-09-11T23:59:59+02:00,36659,34271,275446,264890,382028,352180,397711,390481,461585,470606,513867,514965,350667,391388,245389,314286,72154,132140,28008,26040,248453,238945,358566,326444,377151,366118,440672,446334,494340,495088,340436,379661,238607,304915,69555,126736,3992669,3764811,521137,499231,808177,762688,280036,595,542
2021-09-10T23:59:59+02:00,36331,33936,274368,263899,381071,351281,396832,389673,460787,469923,513310,514518,350460,391188,245301,314174,72136,132110,27799,25840,247544,238239,357738,325708,376365,365492,439980,445812,493850,494707,340275,379505,238526,304811,69533,126706,3987338,3761350,520996,499014,808168,762666,276096,595,542
2021-09-09T23:59:59+02:00,35893,33486,273063,262740,380019,350102,395890,388638,459988,469048,512729,514007,350221,390905,245174,314019,72100,132050,27417,25449,246471,237276,356824,324840,375552,364684,439289,445204,493263,494264,340060,379276,238406,304669,69502,126654,3979143,3755252,520692,498615,808123,762515,273414,590,540
2021-09-08T23:59:59+02:00,35491,33086,272103,261750,379221,349253,395194,387859,459359,468448,512291,513546,350017,390662,245069,313844,72071,131992,27123,25160,245545,236418,356015,324105,374867,363963,438685,444642,492814,493810,339860,379030,238291,304506,69468,126566,3972682,3749565,520470,498295,808071,762380,271325,590,538
2021-09-07T23:59:59+02:00,35115,32749,271080,260820,378390,348473,394549,387185,458828,467925,511847,513150,349827,390452,244969,313678,72038,131922,26846,24949,244669,235633,355209,323420,374219,363404,438178,444134,492369,493420,339651,378812,238204,304368,69442,126513,3966584,3744567,520229,497954,808059,762203,269413,590,538
2021-09-06T23:59:59+02:00,34717,32341,269964,259716,377447,347525,393864,386409,458229,467291,511407,512716,349605,390205,244880,313558,72008,131852,26611,24738,243897,234875,354465,322765,373605,362815,437715,443629,491956,493036,339438,378605,238124,304233,69413,126458,3959372,3739744,520092,497713,808011,762074,267544,590,538
2021-09-05T23:59:59+02:00,34561,32192,269557,259305,377140,347179,393567,386092,457997,467054,511230,512536,349535,390112,244838,313496,71992,131825,26475,24583,243468,234481,354067,322378,373248,362504,437455,443380,491758,492829,339339,378486,238082,304169,69396,126426,3956782,3737110,519990,497438,807983,761937,266736,590,538
2021-09-04T23:59:59+02:00,34502,32154,269391,259174,377021,347052,393439,385987,457921,466969,511179,512491,349523,390094,244832,313484,71992,131824,26437,24530,243301,234337,353908,322214,373101,362388,437363,443278,491692,492780,339318,378466,238074,304157,69396,126425,3956075,3736325,519936,497300,807978,761914,266322,590,538
2021-09-03T23:59:59+02:00,34184,31838,268498,258368,376282,346391,392851,385397,457344,466486,510718,512152,349352,389915,244766,313378,71969,131791,26113,24189,242285,233478,353113,321496,372430,361734,436711,442689,491204,492364,339121,378267,237988,304051,69376,126398,3951710,3732031,519232,495763,807950,761841,264067,590,538
2021-09-02T23:59:59+02:00,33820,31500,267448,257486,375419,345551,392116,384648,456659,465859,510187,511724,349088,389664,244643,313200,71944,131712,25816,23925,241261,232679,352221,320718,371693,361027,435997,442065,490641,491908,338874,378002,237880,303900,69350,126320,3945758,3726852,518946,495280,807915,761518,261322,590,537
2021-09-01T23:59:59+02:00,33493,31134,266598,256644,374659,344880,391585,384101,456189,465379,509801,511379,348911,389472,244554,313083,71920,131652,25427,23523,240171,231618,351352,319863,371004,360332,435381,441457,490116,491423,338642,377736,237749,303746,69322,126265,3940315,3720041,518761,494736,807881,761303,259744,590,533
2021-08-31T23:59:59+02:00,33096,30792,265732,255736,373921,344162,391011,383517,455676,464895,509350,511012,348721,389280,244458,312935,71889,131609,25142,23228,239218,230729,350544,319114,370342,359696,434823,440947,489594,491022,338440,377522,237661,303597,69288,126210,3934776,3714725,518571,494349,807856,760886,257851,588,533
2021-08-30T23:59:59+02:00,32549,30305,264427,254554,372921,343247,390195,382701,454921,464182,508789,510512,348492,389062,244365,312781,71853,131540,24823,22911,238060,229743,349542,318217,369552,358953,434124,440364,489036,490506,338184,377279,237536,303417,69247,126133,3927279,3708675,518454,493906,807812,760633,255107,587,531
2021-08-29T23:59:59+02:00,32359,30114,263860,254042,372439,342830,389815,382364,454626,463893,508559,510290,348395,388953,244315,312717,71843,131516,24598,22696,237342,229107,348932,317674,369056,358482,433696,439988,488726,490245,338042,377125,237476,303343,69229,126108,3924184,3704794,518333,493507,807784,760374,253881,587,531
2021-08-28T23:59:59+02:00,32269,30017,263631,253863,372260,342677,389659,382241,454502,463773,508484,510238,348371,388930,244304,312705,71842,131513,24533,22592,237023,228848,348681,317478,368835,358317,433514,439823,488597,490153,338000,377083,237456,303317,69227,126104,3923142,3703216,518293,493390,807778,760348,253317,587,531
2021-08-27T23:59:59+02:00,32038,29767,262986,253298,371744,342156,389189,381788,454046,463375,508112,509954,348242,388796,244246,312619,71823,131493,24387,22441,236419,228349,348066,316974,368364,357888,433064,439469,488294,489905,337869,376965,237401,303253,69216,126097,3919336,3700002,518224,493176,807720,760289,251641,587,531
2021-08-26T23:59:59+02:00,31657,29380,261980,252319,370891,341340,388431,381043,453359,462697,507561,509473,348010,388537,244125,312502,71795,131432,24038,22077,234939,226986,346835,315785,367250,356894,432191,438663,487623,489329,337582,376644,237237,303084,69186,126052,3913144,3691648,517979,492530,807680,759930,248967,587,529
2021-08-25T23:59:59+02:00,31293,29046,261055,251458,370141,340565,387770,380348,452723,462108,507004,509014,347772,388281,243999,312339,71760,131365,23432,21503,232888,225121,345353,314380,366059,355697,431190,437701,486820,488602,337200,376252,237083,302849,69142,125963,3907417,3679650,517848,492122,807653,759782,246357,585,527
2021-08-24T23:59:59+02:00,30974,28778,260323,250676,369533,339932,387229,379773,452240,461595,506591,508641,347562,388056,243881,312174,71734,131293,23115,21187,231676,224056,344388,313456,365274,354948,430516,437052,486261,488055,336920,375938,236948,302688,69117,125899,3902464,3672458,517560,491675,807632,759477,244558,585,523
2021-08-23T23:59:59+02:00,30452,28250,258932,249359,368502,339018,386396,378980,451459,460909,505941,508073,347280,387774,243741,311986,71707,131234,22805,20888,230193,222738,343074,312385,364322,354095,429652,436291,485554,487486,336616,375603,236812,302497,69091,125839,3895017,3665036,517412,491194,807597,759191,241188,585,522
2021-08-22T23:59:59+02:00,30306,28136,258526,248989,368147,338687,386123,378714,451221,460664,505752,507923,347183,387680,243700,311928,71690,131208,22623,20706,229473,222058,342383,311725,363787,353589,429211,435886,485232,487220,336452,375419,236748,302392,69073,125803,3892789,3660644,517263,490729,807558,758891,240183,585,518
2021-08-21T23:59:59+02:00,30055,27931,258029,248527,367828,338366,385865,378456,451016,460486,505604,507784,347128,387624,243678,311890,71687,131199,22348,20452,228730,221405,341897,311326,363384,353178,428846,435580,485003,487023,336367,375351,236721,302349,69067,125791,3890237,3657666,517119,489523,807550,758835,239459,585,518
2021-08-20T23:59:59+02:00,29863,27732,257368,247865,367087,337737,385185,377927,450421,459991,505129,507461,346982,387464,243623,311793,71670,131164,21943,20112,226923,219785,340484,310128,362265,352221,427889,434780,484283,486471,336123,375102,236619,302229,69042,125761,3886753,3649402,516795,488362,807537,758468,236587,585,518
2021-08-19T23:59:59+02:00,29531,27418,256382,247011,366082,336948,384395,377234,449709,459351,504564,506976,346741,387200,243515,311646,71636,131091,21448,19619,224156,217346,338174,308288,360557,350744,426483,433507,483123,485513,335704,374676,236426,301982,69008,125692,3881218,3635016,516429,486595,807495,757996,233492,585,517
2021-08-18T23:59:59+02:00,29244,27157,255586,246304,365377,336329,383814,376665,449110,458852,504089,506560,346468,386960,243397,311498,71604,131025,21070,19246,221679,214822,336112,306525,358908,349090,424957,432174,481977,484474,335186,374124,236194,301686,68957,125598,3876098,3621730,516249,482657,807465,757614,231429,584,517
2021-08-17T23:59:59+02:00,28926,26881,254801,245584,364756,335645,383251,376107,448618,458367,503655,506139,346267,386750,243280,311367,71577,130973,20599,18811,218930,212065,334034,304694,357217,347624,423518,430897,480851,483482,334692,373582,235958,301393,68903,125522,3871043,3606642,515948,479875,807439,757184,229715,583,516
2021-08-16T23:59:59+02:00,28636,26618,254107,244932,364184,335088,382788,375645,448178,457927,503236,505775,346082,386543,243181,311203,71546,130933,20045,18327,215754,208988,331742,302573,355692,346170,422309,429758,479902,482637,334304,373135,235772,301122,68864,125433,3866629,3589202,515792,479168,807413,756834,227967,583,514
2021-08-15T23:59:59+02:00,28439,26455,253612,244485,363752,334697,382427,375306,447879,457669,502993,505579,345968,386424,243132,311123,71535,130912,19260,17598,211742,204924,329841,300952,354426,344943,421279,428818,479118,481976,333969,372801,235647,300945,68840,125383,3863768,3571547,515649,478253,807374,756507,226795,583,512
2021-08-14T23:59:59+02:00,28370,26396,253365,244287,363516,334520,382251,375156,447722,457539,502875,505472,345919,386392,243114,311100,71532,130907,18934,17300,210667,203819,329016,300188,353705,344264,420783,428357,478730,481654,333829,372672,235609,300888,68831,125366,3862591,3564844,515577,477882,807369,756430,226095,583,512
2021-08-13T23:59:59+02:00,28113,26153,252657,243698,363016,334091,381812,374723,447286,457173,502537,505213,345791,386240,243049,311023,71520,130878,18330,16743,208778,202029,327589,298869,352435,343071,419729,427416,477980,481012,333585,372382,235496,300745,68813,125312,3858757,3552881,515506,477279,807359,756238,224551,579,512
2021-08-12T23:59:59+02:00,27915,25928,251932,243060,362395,333499,381278,374237,446751,456727,502117,504857,345607,386039,242947,310916,71507,130830,17747,16245,206180,199754,324705,296324,350415,341266,418221,426161,476755,479944,333134,371847,235250,300468,68773,125229,3854793,3535425,515314,476102,807321,755210,222311,577,510
2021-08-11T23:59:59+02:00,27680,25681,251202,242368,361768,332916,380751,373755,446285,456299,501706,504427,345380,385797,242831,310781,71479,130775,16927,15557,203129,196766,321515,293378,348239,339196,416718,424751,475471,478653,332590,371203,235001,300061,68722,125100,3849933,3513528,515094,475031,807281,754271,220771,574,509
2021-08-10T23:59:59+02:00,27434,25423,250367,241631,361051,332362,380209,373205,445786,455821,501250,504025,345183,385600,242745,310642,71456,130731,16130,14772,198922,192624,316840,289149,345247,336412,414593,422801,473869,477190,331900,370530,234702,299651,68665,124981,3844838,3483334,514808,473916,807243,753119,219229,572,509
2021-08-09T23:59:59+02:00,27236,25222,249739,241055,360468,331878,379763,372824,445374,455473,500904,503740,345022,385452,242679,310530,71436,130695,15136,13828,194374,188022,311121,284393,342484,333911,412675,421025,472248,475723,331253,369838,234426,299280,68606,124846,3841112,3452908,514628,471138,807212,752025,217733,571,505
2021-08-08T23:59:59+02:00,27064,25063,249255,240641,360071,331523,379414,372531,445069,455213,500661,503547,344914,385344,242616,310451,71419,130662,14914,13633,193024,186649,309492,283052,341166,332745,411796,420266,471674,475202,330990,369567,234297,299112,68580,124795,3838519,3443760,514471,469769,807159,751536,216499,571,504
2021-08-07T23:59:59+02:00,26915,24887,248724,240191,359672,331183,379079,372248,444776,454976,500434,503372,344842,385249,242582,310401,71411,130651,13742,12589,189344,183055,307442,281197,339442,331219,410459,418996,470747,474406,330634,369193,234166,298923,68546,124758,3835655,3424098,514364,468433,807148,751322,215616,571,501
2021-08-06T23:59:59+02:00,26689,24652,247855,239521,358887,330571,378402,371672,444120,454449,499895,502981,344608,385045,242483,310285,71400,130629,12834,11762,185594,179496,303963,278380,337315,329379,408853,417651,469446,473439,330254,368806,234006,298768,68522,124711,3833070,3404735,512997,466703,807136,750221,212130,571,500
2021-08-05T23:59:59+02:00,26365,24328,246675,238581,357986,329695,377572,370939,443376,453763,499224,502436,344323,384743,242369,310110,71359,130566,11828,10829,181107,175543,298565,273958,333189,325804,406039,415158,467186,471652,329585,368101,233743,298395,68461,124600,3826678,3376742,512732,461985,807067,746503,209113,571,499
2021-08-04T23:59:59+02:00,25991,23985,245529,237590,356984,328781,376792,370225,442746,453162,498647,501903,344049,384474,242246,309937,71332,130495,11014,10117,177622,172234,294787,270823,328773,321889,403781,413061,465474,470096,328888,367401,233468,298043,68401,124498,3820156,3349529,512387,460214,807032,744752,206464,567,498
2021-08-03T23:59:59+02:00,25526,23563,244161,236406,356076,327946,376080,369530,442091,452500,498046,501367,343757,384174,242116,309760,71288,130427,10453,9616,174127,168778,290672,267169,323653,317268,401025,410498,463128,467991,328043,366531,233116,297569,68333,124359,3812207,3317342,512225,458331,806988,742676,204563,567,498
2021-08-02T23:59:59+02:00,25208,23256,243107,235443,355226,327185,375376,368929,441518,451951,497519,500918,343494,383898,241998,309603,71262,130368,9898,9075,170482,165178,285962,263190,317770,312306,398264,407934,460889,465993,327270,365694,232820,297169,68271,124241,3805835,3283805,511976,456348,806930,740142,202685,566,496
2021-08-01T23:59:59+02:00,25052,23066,242476,234835,354627,326670,374932,368534,441084,451629,497173,500640,343352,383731,241922,309487,71248,130342,9631,8866,168929,163719,283468,261185,313128,308587,396402,406354,459408,464743,326836,365207,232647,296951,68242,124182,3802142,3265853,511672,454199,806836,737691,201315,563,492
2021-07-31T23:59:59+02:00,24942,22961,242133,234514,354344,326442,374691,368363,440894,451476,497064,500539,343319,383691,241902,309474,71247,130336,8396,7769,165149,159865,280637,258632,311035,306583,395001,405071,458259,463752,326516,364830,232513,296777,68216,124136,3800520,3242880,511482,453259,806830,736897,200664,563,492
2021-07-30T23:59:59+02:00,24652,22701,241328,233794,353765,325910,374197,367893,440430,451072,496702,500247,343181,383550,241857,309394,71234,130320,7458,6899,161395,156093,277232,255511,308001,303757,392767,402953,456409,462164,326004,364296,232303,296485,68183,124078,3796412,3217746,511111,452053,806812,733696,199054,562,490
2021-07-29T23:59:59+02:00,24305,22360,239791,232519,352596,324830,373225,366978,439570,450276,495887,499621,342847,383236,241720,309209,71196,130253,6474,6026,156529,151596,271832,251313,302079,298965,388398,399451,453351,459748,325169,363446,231990,296074,68123,123978,3788807,3183724,510429,447177,806727,728581,195612,561,490
2021-07-28T23:59:59+02:00,24003,22072,238637,231478,351711,323986,372472,366283,438928,449606,495319,499129,342592,382936,241585,309022,71161,130181,5983,5583,152759,147936,267320,247639,297629,295001,385125,396588,451257,457890,324508,362684,231721,295688,68059,123852,3782034,3152903,509888,445248,806649,725932,193685,560,487
2021-07-27T23:59:59+02:00,23730,21845,237626,230502,350863,323243,371766,365689,438340,448988,494791,498670,342347,382631,241451,308826,71125,130082,5413,5056,147722,142798,261379,242494,292315,290224,381101,392881,448068,455071,323516,361578,231354,295181,67967,123693,3775717,3111219,509331,442915,806591,722182,192032,559,485
2021-07-26T23:59:59+02:00,23497,21605,236649,229517,350070,322536,371157,365132,437783,448496,494337,498298,342114,382390,241323,308667,71101,130024,4991,4698,143365,138391,255813,237694,287134,285736,376625,388912,444540,452041,322561,360612,231024,294701,67892,123555,3770013,3071705,508699,440655,806509,717820,190628,556,485
2021-07-25T23:59:59+02:00,23138,21304,235307,228360,349124,321764,370474,364467,437202,447954,493874,497892,341915,382176,241233,308537,71080,129960,4738,4465,141515,136627,253115,235467,284622,283632,374483,387126,442442,450240,322045,360096,230819,294471,67867,123478,3762920,3056628,508320,438465,806442,713448,189225,555,485
2021-07-24T23:59:59+02:00,22889,21107,234377,227498,348399,321111,369899,363945,436672,447515,493512,497614,341799,382077,241189,308476,71077,129949,4416,4180,138613,133821,250376,233141,282053,281409,372219,385267,441200,449252,321695,359758,230674,294293,67848,123444,3758891,3038244,507554,435446,806427,713105,187376,555,485
2021-07-23T23:59:59+02:00,22471,20720,232870,226151,347071,320165,368847,363078,435790,446726,492813,497081,341563,381805,241100,308363,71056,129913,3994,3789,133118,128970,244993,228822,277566,277614,368524,382057,438542,447046,320994,359034,230419,293980,67794,123363,3751397,3002623,507082,433669,806372,710964,183864,555,485
2021-07-22T23:59:59+02:00,21965,20244,230760,224166,345314,318618,367340,361785,434471,445577,491832,496178,341128,381353,240923,308114,71012,129832,3572,3445,128762,124901,238979,224301,271167,272535,361617,376546,433076,442526,319806,357771,229978,293451,67700,123209,3738923,2960448,505492,427676,806240,704635,181076,554,483
2021-07-21T23:59:59+02:00,21456,19720,228869,222342,343611,317082,365720,360209,432892,444187,490602,495007,340575,380828,240675,307830,70958,129737,3369,3248,124992,121319,233509,220054,265627,268001,353473,369600,428459,438777,318686,356622,229515,292885,67619,123029,3727886,2924862,501731,416771,806014,699846,177781,554,481
2021-07-20T23:59:59+02:00,21153,19440,227398,220860,342374,315907,364756,359331,432028,443395,489877,494358,340235,380454,240528,307608,70929,129647,3108,2958,120649,117071,227151,214871,259790,262814,346345,363485,423752,434457,317588,355365,229100,292296,67521,122847,3718538,2881005,501323,409537,805883,695448,175639,554,480
2021-07-19T23:59:59+02:00,20839,19144,225661,219163,341059,314651,363713,358352,431213,442616,489206,493740,339939,380090,240376,307375,70884,129550,2915,2750,117886,114462,222750,211275,255162,258856,342624,360304,421127,432269,316861,354636,228800,291904,67446,122723,3707935,2855889,500899,404147,805789,691116,174049,554,480
2021-07-18T23:59:59+02:00,20685,19011,224362,217886,339436,313211,362640,357422,430389,441891,488665,493196,339706,379804,240248,307198,70862,129488,2824,2657,116381,113068,220082,209087,252804,256747,340370,358449,419088,430573,316369,354147,228640,291685,67425,122655,3698452,2843559,500360,399864,805713,687408,172670,553,477
2021-07-17T23:59:59+02:00,20286,18588,223208,216825,338853,312668,362047,356908,429868,441441,488249,492907,339601,379687,240206,307142,70859,129477,2560,2400,114308,110964,217620,206780,250332,254547,337938,356307,417637,429309,316033,353755,228505,291517,67402,122615,3692871,2826018,500157,397138,805688,686620,171199,550,477
2021-07-16T23:59:59+02:00,19742,18074,220664,214678,337115,311364,360537,355614,428401,440233,487150,492046,339195,379318,240035,306983,70834,129441,2292,2159,111188,108156,212844,202844,245789,250902,333632,352600,414288,426582,315109,352824,228154,291099,67348,122534,3682665,2798276,499396,394772,805529,682803,164922,549,476
2021-07-15T23:59:59+02:00,19100,17446,217876,212253,335207,309658,358948,354177,427056,439045,486203,491191,338791,378890,239832,306727,70792,129336,2115,2018,107273,104923,204456,196584,238273,245283,327014,347352,407204,420119,313363,351005,227605,290427,67276,122335,3667596,2751568,498795,386316,805412,675366,161785,548,476
2021-07-14T23:59:59+02:00,18254,16720,215429,209927,333498,308124,357542,352829,425831,437844,485175,490231,338335,378428,239591,306415,70738,129249,1963,1873,103652,101575,197962,191396,232544,240600,322710,343865,403019,416485,312048,349691,227195,289867,67192,122181,3652650,2717840,498209,380765,805288,668548,159067,547,473
2021-07-13T23:59:59+02:00,17600,16062,213240,207900,331894,306746,356204,351596,424653,436749,484213,489368,337894,377955,239388,306168,70703,129156,1851,1765,99883,98027,191462,185976,225391,234525,316019,337794,394613,408610,310247,347762,226590,289073,67080,121980,3638784,2674938,497650,368070,805129,659058,156975,546,469
2021-07-12T23:59:59+02:00,16580,15127,209955,204711,329827,305007,354622,350123,423407,435541,483228,488463,337478,377482,239209,305939,70663,129078,1772,1694,96777,95302,186166,181661,218400,228836,309169,331749,389505,404329,308510,345889,225995,288340,66981,121809,3620269,2636548,497092,360916,804948,650630,155172,545,467
2021-07-11T23:59:59+02:00,16071,14650,208593,203432,329075,304284,353957,349493,422839,435034,482777,488118,337287,377278,239148,305833,70641,129038,1739,1668,95354,94011,183375,179347,215394,226536,306473,329588,386670,401937,306035,343259,225615,287869,66927,121711,3613987,2621513,496452,358919,804816,640120,153336,539,463
2021-07-10T23:59:59+02:00,15596,14190,206742,201641,327605,303015,352819,348514,422106,434435,482299,487720,337117,377113,239082,305747,70631,129018,1698,1621,94046,92734,180830,177225,212352,224049,303943,327421,385503,400899,305388,342589,225435,287680,66911,121684,3605379,2604674,495808,358687,804581,638364,150656,538,463
2021-07-09T23:59:59+02:00,15271,13909,204834,199798,325994,301554,351746,347547,421200,433719,481726,487242,336909,376889,238986,305626,70616,128984,1024,965,91251,90008,177293,173991,208001,219890,298917,322814,382054,397912,304291,341358,225129,287313,66873,121620,3596201,2575634,494939,356620,804386,630758,148052,536,463
2021-07-08T23:59:59+02:00,14803,13481,201338,196808,322675,298881,349368,345553,419488,432258,480291,486171,336470,376449,238808,305377,70571,128906,906,854,86944,86235,170038,168318,199852,213480,291533,316686,375094,391691,301560,338430,224349,286372,66756,121360,3580824,2529347,490888,347946,803865,620378,143123,535,462
2021-07-07T23:59:59+02:00,14302,13027,197591,192936,319496,296012,347051,343500,417929,430783,479086,485067,335992,375884,238617,305104,70532,128800,772,758,83258,82782,162725,162589,190786,206292,283534,310112,368044,384868,298246,334807,223438,285269,66614,121113,3559484,2481289,489520,334492,803479,610366,140183,532,459
2021-07-06T23:59:59+02:00,13842,12653,194155,189553,316233,293270,344573,341204,416209,429217,477815,483932,335489,375324,238420,304814,70479,128715,650,640,79686,79197,156038,157069,183364,200077,274584,302151,361548,378769,295044,331555,222552,284177,66506,120884,3539591,2428700,486443,327506,803061,600842,137752,529,459
2021-07-05T23:59:59+02:00,13444,12316,189755,185305,312166,289926,342056,338864,414531,427668,476671,482857,335016,374807,238240,304570,70446,128629,574,545,76615,76361,150908,152968,178590,195949,267661,295873,355433,373226,291765,328107,221663,283055,66396,120713,3516706,2389572,485279,323003,802566,590473,133653,526,456
2021-07-04T23:59:59+02:00,13266,12157,185906,181429,309521,287893,340740,337788,413646,426890,476088,482363,334792,374554,238153,304445,70420,128575,542,516,74425,74489,147799,150391,176252,193902,265209,293810,352317,371014,288457,324709,221082,282389,66340,120593,3504435,2375750,483983,320704,802002,578934,129139,526,455
2021-07-03T23:59:59+02:00,12070,11100,179474,175424,305246,284431,338403,335615,411826,425080,474872,481306,334392,374108,237979,304199,70396,128532,511,497,72643,72907,145367,148508,173809,191815,262139,291080,350033,369157,286703,322723,220813,282027,66308,120544,3478039,2359992,482574,320503,801819,574441,122937,526,455
2021-07-02T23:59:59+02:00,10970,10008,175759,171958,302826,282229,336652,333909,410576,423891,474097,480615,334133,373792,237865,304017,70368,128484,472,446,69943,70220,141436,145216,169364,187765,256080,285628,344804,364446,283446,318991,220172,281254,66259,120459,3459924,2326734,481093,317713,801637,561848,120405,524,439
2021-07-01T23:59:59+02:00,9873,9079,172082,168508,298780,278931,334155,331633,408780,422306,473000,479655,333713,373328,237664,303747,70322,128405,400,373,65049,65496,135103,139872,162071,181251,245814,276759,333994,354644,278657,313714,218318,278996,66080,120146,3437335,2270317,478995,305344,801290,544107,117246,524,435
2021-06-30T23:59:59+02:00,9383,8685,168807,165420,293150,274300,330479,328293,407009,420764,471977,478683,333290,372844,237472,303446,70288,128316,318,312,61916,62643,129456,135191,155419,175248,235751,267599,320579,341355,273440,308160,216427,276670,65912,119824,3412198,2215220,476822,292521,800996,525255,113483,523,433
2021-06-29T23:59:59+02:00,8846,8163,164998,161633,288606,270027,326911,324995,404901,418681,470429,477269,332701,372206,237218,303091,70233,128207,260,241,59121,59642,124502,130774,149389,169712,223892,256889,312013,332978,266975,300965,214453,274208,65709,119478,3384639,2155895,474822,287851,800670,507838,109864,521,430
2021-06-28T23:59:59+02:00,8441,7784,161666,158170,283562,265702,323604,322149,402757,416755,468942,475956,332182,371594,236985,302782,70189,128114,200,191,56842,57287,120591,127258,145036,165626,214665,248465,306217,327563,262026,295669,212689,271973,65562,119212,3360683,2120125,470851,279224,800011,491306,106654,521,427
2021-06-27T23:59:59+02:00,8293,7661,160159,156641,281457,263892,321801,320610,401055,415395,468044,475239,331891,371302,236882,302619,70170,128065,174,171,55641,56175,118465,125546,142465,163492,210550,245074,302845,324700,258214,291660,210230,269059,65451,119017,3350652,2104633,468775,275721,798963,475159,103650,520,425
2021-06-26T23:59:59+02:00,7139,6561,156888,153303,279352,262009,319386,318367,399864,414239,467345,474541,331622,371022,236775,302461,70146,128035,163,159,55093,55583,117120,124388,141037,162252,208305,243065,300312,322284,256674,289997,209896,268649,65424,118947,3331507,2087794,465951,275630,798957,472659,103515,498,405
2021-06-25T23:59:59+02:00,5917,5445,152578,149015,275953,259052,317333,316406,398554,412992,466343,473716,331333,370686,236648,302305,70119,127986,134,138,53803,53957,114635,121687,136948,157680,199536,234611,294617,316407,254949,287876,209303,267847,65353,118830,3306537,2045262,464520,273931,798905,466068,103288,498,404
2021-06-24T23:59:59+02:00,5053,4657,148126,144883,271117,255098,313056,312621,396358,411117,464967,472580,330908,370224,236480,302067,70085,127899,115,108,51151,51359,109499,116962,129606,151028,187481,224150,283197,306167,249565,282029,207467,265499,65150,118429,3275306,1983135,462511,262139,798738,452307,101598,497,403
2021-06-23T23:59:59+02:00,4831,4451,144958,141763,267411,251941,307811,307814,393864,408770,463559,471262,330379,369605,236249,301755,70037,127792,83,78,49207,49270,105698,113047,123930,145344,177574,215477,271210,294166,244951,277210,206133,263799,64989,118070,3247720,1926745,458986,252271,798577,441607,99819,495,401
2021-06-22T23:59:59+02:00,4580,4221,141879,138633,263691,248558,301679,302379,391230,406210,462015,469776,329829,368996,236028,301402,69990,127685,53,57,47514,47523,102083,109736,119124,140761,164968,204327,260290,283858,240883,272733,204212,261388,64737,117598,3215638,1868310,457049,244541,798383,430649,98545,493,391
2021-06-21T23:59:59+02:00,4321,3976,138613,135688,258982,244649,296431,297509,388180,403335,460543,468422,329311,368433,235807,301089,69950,127573,45,49,46279,46294,99695,107513,116387,138052,158744,198548,253399,277218,235526,266893,200272,256860,64552,117221,3183870,1837276,455002,239024,798176,410855,96584,490,390
2021-06-20T23:59:59+02:00,4177,3857,137105,134178,254727,241151,293849,295268,386788,402018,459753,467676,329085,368144,235695,300957,69930,127511,39,46,45153,45369,97431,105714,114107,136062,155709,196003,249084,273139,232522,263360,199284,255605,64471,117095,3166366,1816869,453237,235471,798018,402983,95059,488,383
2021-06-19T23:59:59+02:00,3761,3506,134953,132080,251975,238827,292064,293613,384943,400451,458914,466948,328864,367891,235592,300819,69910,127479,38,44,44608,44721,96156,104447,112630,134594,154198,194562,245857,270110,231797,262509,199113,255342,64449,117042,3150020,1800868,450413,233888,798009,402695,94949,488,382
2021-06-18T23:59:59+02:00,2809,2593,131670,128939,248450,235772,288051,290200,382543,398324,457575,465789,328488,367490,235437,300584,69883,127430,38,43,43821,43805,94578,102664,110327,131923,150647,190522,238993,262816,230068,260502,198627,254702,64374,116908,3124200,1771525,445975,233357,797983,395981,94666,488,381
2021-06-17T23:59:59+02:00,2575,2370,127958,125647,242416,231327,282820,285811,377751,394334,455248,463949,327892,366767,235192,300229,69818,127317,37,43,41580,41977,90524,99185,105418,127167,142779,182845,227586,251416,224861,254560,196975,252542,64115,116488,3089353,1715786,442987,229207,797720,385068,90200,433,374
2021-06-16T23:59:59+02:00,2304,2134,124720,122240,237513,226972,278121,281550,372579,389835,452652,461805,327149,365969,234902,299815,69752,127202,37,41,39743,40374,86983,96151,101062,123335,134537,175494,215476,239495,218622,247443,195048,250214,63863,116000,3055782,1655929,437446,223599,797227,376957,87588,431,372
2021-06-15T23:59:59+02:00,1915,1802,119802,117369,231529,221825,272769,276562,367510,385204,449803,459387,326280,364993,234550,299303,69670,127018,36,39,38126,38760,83655,93103,97089,119279,127475,169113,203111,227457,212585,240645,193084,247782,63553,115428,3011042,1598579,435517,217745,796667,369272,84875,431,369
2021-06-14T23:59:59+02:00,1652,1527,115749,113207,226297,216916,267406,271587,362217,380448,446683,456792,325494,364134,234241,298915,69608,126897,32,38,37147,37871,81376,91002,94377,116756,123354,165362,196504,220950,209472,237137,191949,246308,63334,115035,2968867,1568950,433161,215467,796411,361605,82127,429,365
2021-06-13T23:59:59+02:00,1579,1442,114255,111830,223845,214811,264862,269328,359963,378487,445512,455766,325218,363830,234105,298743,69576,126823,29,38,36278,37134,79515,89325,92362,114932,120528,162749,192625,217237,206378,233692,190915,244938,63102,114622,2953872,1554921,430721,208185,796108,353369,80063,429,364
2021-06-12T23:59:59+02:00,1430,1304,111602,109080,221948,213080,263476,268048,358524,377088,444618,454999,324930,363521,234013,298640,69558,126795,29,38,35908,36728,78525,88230,91108,113632,118946,161185,189058,213932,205343,232563,189516,243281,63092,114590,2937681,1541740,429743,208176,796086,345989,79929,428,363
2021-06-11T23:59:59+02:00,1283,1168,109051,106563,219051,210456,259807,264854,355389,374354,442904,453528,324494,363069,233876,298432,69531,126740,29,37,35232,35612,76516,84849,88874,110095,114832,156041,182345,206469,203245,230189,188911,242510,63029,114491,2913252,1514188,426941,207479,795903,332534,79230,427,362
2021-06-10T23:59:59+02:00,1121,1011,104297,102149,212975,205687,252745,259025,349294,369057,438408,449752,323633,362098,233556,297986,69447,126587,27,36,33650,34122,72510,80670,83949,104583,108152,147810,169979,192814,197158,223289,187182,240367,62775,114087,2869585,1466952,419836,205734,795068,305501,75089,423,356
2021-06-09T23:59:59+02:00,972,882,100374,98434,207002,200956,245931,253309,342631,363103,434723,446729,322952,361351,233283,297603,69382,126455,26,35,32112,32862,69267,78015,80252,101411,103421,143523,158820,182035,186519,211272,185316,238121,62503,113592,2830537,1412817,411305,201750,794552,294216,70425,405,353
2021-06-08T23:59:59+02:00,790,701,95839,93887,200360,195391,238972,247292,334367,355821,429615,442056,322116,360347,232908,297116,69302,126319,25,33,31037,32004,66675,75714,76967,98680,98832,139604,151195,174524,177790,201540,183507,235866,62271,113224,2778526,1373526,405532,196830,793966,283335,65900,405,345
2021-06-07T23:59:59+02:00,631,560,92615,90781,194288,190682,232411,242044,326534,349645,426566,439606,321568,359711,232691,296789,69248,126223,24,31,30164,31155,64206,73753,74011,96517,95064,136664,143100,166717,173733,196904,182074,234054,62047,112839,2739478,1346353,399358,193526,793398,272205,61067,405,345
2021-06-06T23:59:59+02:00,593,525,91034,89464,190992,188122,229055,239267,322249,346239,425129,438526,321295,359413,232583,296631,69225,126176,24,31,29561,30598,62430,72066,71930,94498,91865,133593,137400,160909,171193,194263,180962,232653,61819,112459,2724033,1334467,391955,183816,792912,261748,58315,404,339
2021-06-05T23:59:59+02:00,511,445,89088,87446,186112,183901,226586,237134,320432,344618,424133,437614,321008,359095,232434,296464,69211,126144,24,30,29101,29837,61225,70108,70528,92344,90182,131315,132628,155561,168184,190588,180477,231994,61785,112393,2700520,1310797,391824,183349,792799,256315,57924,403,338
2021-06-04T23:59:59+02:00,411,360,86730,84914,182442,180282,222574,233184,316837,340977,421771,435418,320551,358559,232239,296235,69172,126082,24,28,28631,29160,60101,68448,69238,90254,88391,128687,129248,151897,163942,185809,179484,230727,61737,112306,2671255,1291903,387998,182574,792679,246233,57481,402,336
2021-06-03T23:59:59+02:00,319,285,83439,81836,176701,175611,215301,227074,309117,334272,414009,428552,319514,357376,231868,295782,69116,125948,22,28,27738,28146,58202,66247,66839,87495,84744,124565,122467,145215,157590,178186,177909,228694,61623,112068,2622261,1262632,377743,177227,792256,233478,54514,400,328
2021-06-02T23:59:59+02:00,269,226,81354,79663,172598,171874,211646,223908,305527,330911,411959,426717,319103,356920,231714,295575,69088,125897,21,26,27267,27663,57069,65119,65229,86211,82676,122612,117483,140324,149698,169204,177186,227737,61538,111898,2593426,1230346,376356,175253,792230,229855,53581,397,319
2021-06-01T23:59:59+02:00,170,158,77084,75834,164315,165298,202273,216172,296423,323018,403746,418876,317593,355305,231173,294835,68976,125670,21,23,25714,26247,52751,62159,60379,82916,77244,118099,110042,133097,138577,155766,175075,224995,61330,111472,2534680,1180084,364701,171139,791473,218064,46686,391,309
2021-05-31T23:59:59+02:00,148,141,74338,73345,158652,160971,194960,210192,289034,316628,398003,413904,316596,354190,230786,294314,68886,125499,21,22,24803,25186,50121,59935,57205,80379,73627,114812,105534,128642,134408,150838,173700,223269,61161,111139,2494210,1157593,355299,168770,790833,207651,40845,390,307
2021-05-30T23:59:59+02:00,137,133,73285,72276,156165,158935,192332,207836,286247,314113,396116,412158,316232,353779,230625,294074,68848,125418,21,22,24197,24398,48526,58197,55462,78519,71388,112242,102879,125772,132251,148306,172907,222333,61068,110928,2478377,1147786,352775,167459,790200,196275,37951,389,301
2021-05-29T23:59:59+02:00,134,131,72677,71683,154650,157534,190030,205806,284409,312525,395279,411388,316009,353534,230544,293995,68837,125399,20,22,23872,23870,47605,56698,54116,76639,69460,109396,100555,122971,129439,144877,172253,221425,61041,110876,2464483,1134137,352614,167392,790135,185734,37926,387,300
2021-05-28T23:59:59+02:00,130,128,71590,70568,152248,155276,186361,202262,281132,309393,393418,409619,315600,353028,230397,293781,68818,125342,20,21,23338,22866,45997,54569,52285,74073,67413,105444,96221,117078,125045,139814,171274,220113,60994,110762,2440641,1111439,351561,167178,789927,171216,37548,385,293
2021-05-27T23:59:59+02:00,119,119,68272,67550,145755,150330,178164,196002,274727,304226,387109,403933,314330,351577,229936,293250,68746,125159,18,20,22013,21182,42741,51515,48399,70255,62848,99428,89861,109558,121109,135185,168466,216406,60821,110447,2396013,1082949,343931,164439,788115,151116,31814,383,287
2021-05-26T23:59:59+02:00,115,116,66117,65366,140803,146243,172058,190936,267972,298554,380365,397238,312806,349962,229441,292550,68642,124946,18,19,21269,20262,40912,49374,46042,67519,59807,95631,85269,104433,116118,129455,164651,211055,60611,110019,2358680,1050933,330722,162856,786290,139632,29088,381,283
2021-05-25T23:59:59+02:00,114,109,64087,63370,136598,142755,167006,186636,260906,292265,374936,391843,311518,348546,229027,291901,68559,124767,18,19,20692,19597,39512,47853,44206,65499,57331,92623,81183,100046,111160,123743,159087,203776,60441,109711,2321074,1019264,323211,159431,783746,130395,27454,377,277
2021-05-24T23:59:59+02:00,112,107,62843,62158,133836,140646,163728,184218,253955,286267,369989,387160,310689,347627,228740,291514,68488,124636,18,19,20349,19187,38491,46777,42863,64013,55646,90613,78947,97530,109729,122088,158478,202984,60329,109508,2297319,1009884,312086,158126,781935,123705,25905,376,272
2021-05-23T23:59:59+02:00,107,106,62346,61640,132734,139748,162531,183181,252713,285244,368400,385732,310066,346968,228567,291286,68468,124600,18,16,20115,18999,37939,46217,42108,63312,54478,89616,77452,96163,108548,120685,157497,201761,60258,109366,2285803,1001679,311497,155043,781891,122104,25775,376,270
2021-05-22T23:59:59+02:00,104,104,61650,61015,131236,138663,160157,181556,249741,282949,365921,383501,309536,346372,228390,291019,68442,124549,17,16,19796,18574,37323,45612,41473,62783,53825,88887,76682,95013,106997,118877,156723,200790,60231,109312,2267791,994968,311481,155039,781851,118668,24305,376,270
2021-05-21T23:59:59+02:00,100,101,60313,59573,128325,136067,156862,178231,244500,278182,359823,377815,308600,345277,228095,290621,68381,124441,17,15,19433,18207,36708,44843,40817,61730,52869,87493,74954,92715,103752,114924,155583,199339,60139,109136,2231688,981925,309837,154711,780274,112072,24019,372,266
2021-05-20T23:59:59+02:00,91,99,57264,56782,122583,131188,149925,171909,234181,269420,350786,369527,306059,342531,227326,289608,68249,124221,16,15,18136,17271,34534,42599,38360,58828,50041,83713,71027,88211,99621,110268,153111,196315,59957,108781,2173632,962566,303165,152754,774319,94404,21123,367,265
2021-05-19T23:59:59+02:00,89,97,55053,54590,117570,126507,142756,165290,223633,260057,340233,358619,303410,339660,226575,288554,68098,123945,16,15,17554,16483,33308,41015,36954,56768,48026,80933,67784,84632,95734,105794,149474,191570,59695,108289,2107663,939126,296908,150773,771336,84895,19296,365,252
2021-05-18T23:59:59+02:00,85,92,52954,52626,112780,122246,136372,159716,212059,249688,330346,348815,300738,336690,225695,287355,67947,123690,16,15,17036,15876,32090,39550,35595,54972,46209,78521,64894,81405,91721,101254,146275,187493,59483,107855,2047761,918839,287531,147908,767741,76236,17316,361,251
2021-05-17T23:59:59+02:00,82,88,51919,51630,110440,120185,133556,157062,205530,243670,322774,341718,298942,334717,225106,286531,67839,123477,16,15,16577,15426,31040,38505,34421,53676,44728,76719,62626,79004,86876,95383,144810,185604,59335,107541,2020926,907114,275217,140432,764313,69536,15254,359,247
2021-05-16T23:59:59+02:00,81,85,51131,50975,108991,118864,131811,155397,202557,240986,315340,334759,297920,333585,224795,286046,67786,123379,16,15,16294,15053,30288,37721,33548,52757,43666,75404,61294,77532,83460,91303,144018,184523,59247,107399,2005570,901010,264784,133660,761068,65395,13502,355,244
2021-05-15T23:59:59+02:00,80,85,50592,50342,107989,117873,130795,154280,200620,239049,311769,331547,297297,332900,224599,285775,67766,123315,16,15,16154,14889,30035,37413,33263,52325,43181,74756,60445,76544,82863,90487,143501,183855,59211,107352,1989349,895764,264763,133513,760200,64266,12793,353,242
2021-05-14T23:59:59+02:00,79,84,49330,48915,105734,115777,127203,150827,192406,231978,305456,325658,296315,331762,224313,285327,67718,123221,16,15,15655,14459,29247,36589,32492,51132,42104,72969,58875,74592,80952,87995,142889,182864,59170,107267,1952058,886089,263060,132636,755656,58838,11747,350,240
2021-05-13T23:59:59+02:00,75,83,47411,46963,101891,112544,122486,146712,182380,223389,294845,315836,293350,328340,223502,284189,67618,123014,14,14,14795,14012,28390,35890,31732,50230,41159,71875,57367,73023,77172,83641,140120,179253,59060,107050,1900440,873525,254433,125581,749426,54988,10733,346,235
2021-05-12T23:59:59+02:00,73,81,46499,46250,99974,111113,120417,145045,179825,221278,290110,310507,292190,327071,223262,283871,67580,122929,14,13,14629,13861,28069,35671,31327,49941,40711,71500,56824,72454,75822,82008,139340,178118,58974,106890,1877338,867762,252269,123784,748935,54718,9933,343,233
2021-05-11T23:59:59+02:00,69,75,44253,44774,95933,108029,114600,140313,166452,210004,278458,299742,288789,323157,222308,282472,67430,122630,14,12,14199,13294,27055,34244,30193,48132,39403,69226,55117,70188,72729,78420,137978,176282,58815,106531,1818455,855455,242540,121093,740421,46856,8453,339,232
2021-05-10T23:59:59+02:00,68,71,42998,43796,93329,106021,111345,137679,158067,202977,270580,292633,286615,320704,221737,281612,67306,122389,14,11,13853,12850,26294,33259,29398,46871,38406,67370,53888,68460,70641,75865,136832,174767,58696,106243,1782872,846574,236497,120038,733445,39655,7483,336,223
2021-05-09T23:59:59+02:00,67,71,41875,43024,90648,104264,108678,135909,153052,199555,265055,287685,285372,319315,221360,281084,67240,122243,14,11,13536,12630,25598,32591,28669,46068,37611,66408,52960,67518,69410,74462,136235,173928,58641,106112,1763520,841994,229397,119059,727446,34876,6501,331,221
2021-05-08T23:59:59+02:00,66,71,41583,42720,89801,103531,107578,135052,151599,198336,262493,285620,284871,318775,221241,280907,67224,122211,14,11,13434,12568,25468,32500,28523,45939,37422,66214,52619,67198,68445,73539,135164,172560,58594,106019,1751454,837374,228887,118311,727220,34098,6486,324,209
2021-05-07T23:59:59+02:00,64,70,40660,42003,87863,102189,104745,132833,146977,194527,256236,280106,283529,317175,220895,280454,67172,122089,14,11,12689,12087,24640,31763,27757,44878,36557,64950,51435,65685,66195,70849,132934,169734,58505,105842,1725641,827677,225676,116038,723097,27310,5537,318,205
2021-05-06T23:59:59+02:00,60,69,38018,40279,83112,98729,98747,128078,136789,186011,239798,265696,278410,311378,219606,278767,66998,121775,14,11,12002,11569,23702,30659,26757,43527,35201,62951,49700,63706,63705,67719,130822,166968,58391,105624,1660082,816568,215771,112927,712189,18942,4627,304,204
2021-05-05T23:59:59+02:00,58,66,36130,39080,79453,96141,94145,124433,128963,179477,225044,251651,272225,304242,218033,276779,66752,121252,14,10,11768,11293,23156,29934,26154,42606,34277,61550,48547,62291,61090,64603,127876,163267,58292,105372,1593862,804247,210689,109355,706146,14968,3569,303,200
2021-05-04T23:59:59+02:00,58,64,35024,37971,76727,93816,90635,121388,123390,174745,214413,241380,266740,297796,216591,274937,66543,120785,14,10,11605,11089,22747,29392,25692,41834,33555,60458,47437,61018,58367,61417,125511,160329,58143,105136,1544796,792341,205565,106717,700063,11820,2918,299,196
2021-05-03T23:59:59+02:00,57,63,34152,36921,74436,91993,87760,119037,118951,171099,207754,235378,263461,293932,215794,273848,66421,120490,14,10,11358,10818,22353,28812,25211,41133,32866,59492,46411,59877,55568,58069,121733,155431,57886,104697,1513035,776453,202453,105001,695125,9063,1267,295,191
2021-05-02T23:59:59+02:00,57,63,33797,36605,73259,91086,86287,117942,116523,169230,204658,232860,262498,292844,215509,273440,66354,120382,14,9,11286,10745,22161,28597,24980,40848,32524,59082,45956,59402,54378,56607,118661,151747,57802,104565,1502420,771414,199656,99436,691249,8161,402,288,184
2021-05-01T23:59:59+02:00,56,63,33478,36226,72497,90292,85213,116899,115050,167865,201571,229830,261806,292019,215299,273160,66343,120343,14,9,11272,10729,22107,28567,24917,40810,32462,59025,45874,59325,54136,56315,118503,151551,57793,104548,1487312,770103,199647,99396,690982,8113,395,287,183
2021-04-30T23:59:59+02:00,53,61,32936,35625,71290,89069,83749,115168,111267,164296,194175,222715,259816,289652,214850,272551,66283,120235,14,9,10950,10533,21747,28289,24640,40386,32134,58463,45411,58693,53239,55151,117551,150365,57738,104429,1454414,766423,199320,97405,690183,5775,193,285,179
2021-04-29T23:59:59+02:00,51,60,31435,34672,68365,87039,80113,112559,106154,160180,181354,211168,251881,280546,213653,270919,66149,119892,14,9,10641,10318,21270,27841,24210,39889,31546,57722,44606,57762,51404,52954,115702,148127,57637,104233,1399484,757580,192036,94734,684812,3454,171,275,176
2021-04-28T23:59:59+02:00,50,59,30200,34062,66495,85725,77632,110737,102729,157322,171662,201985,241027,267949,212375,269234,65953,119566,14,9,10454,10157,20969,27485,23844,39420,31121,57061,43879,56934,49274,50327,113119,144885,57512,104021,1346817,747996,188672,90175,679442,2232,140,271,168
2021-04-27T23:59:59+02:00,47,58,29442,33376,64917,84255,75616,108926,99963,154924,166931,197254,232519,258140,211228,267619,65833,119343,14,9,10329,10046,20687,27193,23607,39090,30761,56559,43189,56245,47264,47783,110477,141448,57393,103821,1312745,738172,186363,86161,671449,1511,138,266,158
2021-04-26T23:59:59+02:00,46,58,29012,32991,63816,83369,74115,107761,97672,153210,158318,189252,228327,253296,210522,266622,65740,119143,14,9,10235,9956,20469,27003,23370,38876,30462,56217,42570,55672,45457,45634,108580,138965,57297,103667,1283799,730202,184920,83058,664719,1131,132,262,154
2021-04-25T23:59:59+02:00,46,57,28760,32751,63039,82841,73052,107024,95940,151980,152930,184381,223994,248412,209932,265841,65674,119020,14,9,10179,9922,20390,26922,23282,38792,30354,56090,42410,55512,45045,45137,107899,138058,57269,103596,1271017,728530,178782,81293,656042,999,129,260,153
2021-04-24T23:59:59+02:00,46,56,28416,32323,62097,81616,71867,105575,94389,150316,148021,179228,221208,245078,209462,265167,65640,118970,14,9,10165,9903,20349,26880,23229,38725,30273,56004,42259,55376,44801,44827,107646,137761,57248,103568,1246127,727433,178752,80592,654756,956,128,259,151
2021-04-23T23:59:59+02:00,44,56,27667,31701,60530,80099,70072,103553,91799,147670,143231,174830,216652,239525,208807,264179,65577,118855,14,9,10112,9840,20239,26793,23098,38575,30040,55795,41896,55045,44185,44067,106583,136473,57092,103293,1221213,724079,177567,78112,646220,904,127,255,148
2021-04-22T23:59:59+02:00,42,55,27051,31100,58994,78663,67604,101335,87670,144179,135191,167340,207627,228532,206769,261550,65378,118459,13,9,9987,9744,19988,26495,22744,38141,29528,55283,41145,54410,43028,42752,104588,134021,56863,102895,1179689,716591,170114,74210,637883,783,127,250,144
2021-04-21T23:59:59+02:00,42,51,26555,30579,57662,77557,65721,99702,84625,141538,128008,160521,194547,213200,204619,258664,65152,118033,13,9,9855,9657,19755,26244,22456,37816,29172,54830,40591,53875,42179,41734,102394,131227,56608,102481,1128185,710025,167224,70116,631510,711,127,246,137
2021-04-20T23:59:59+02:00,41,50,26129,30108,56496,76410,64043,98116,82071,138966,122919,155450,183076,199746,202192,255528,64916,117603,13,9,9750,9567,19534,26056,22164,37544,28761,54412,40052,53343,41361,40799,100172,128233,56270,101945,1085537,702454,163736,66866,624728,631,125,244,129
2021-04-19T23:59:59+02:00,41,49,25762,29749,55522,75590,62755,96937,79938,137042,119391,152061,177313,192906,200482,253291,64733,117273,13,9,9642,9474,19303,25835,21919,37270,28446,54019,39538,52812,40564,39892,97061,124248,55865,101230,1060958,692067,161904,64446,618121,593,124,234,129
2021-04-18T23:59:59+02:00,40,44,25453,29486,54753,75044,61631,95990,78077,135612,116025,149665,172201,187347,199468,252062,64621,117080,13,9,9568,9399,19113,25658,21741,37105,28231,53743,39279,52562,40235,39509,95848,122699,55682,100929,1046950,688196,160235,62515,607556,578,124,231,128
2021-04-17T23:59:59+02:00,39,43,25344,29393,54383,74845,61114,95636,77425,135011,115174,148924,167947,182466,198935,251336,64587,117017,13,9,9523,9340,18973,25469,21553,36876,28003,53467,39014,52295,39934,39185,95081,121774,55617,100845,1036066,684170,160206,62201,603489,566,124,230,128
2021-04-16T23:59:59+02:00,39,43,24969,29143,53391,74235,59825,94757,75796,133681,111021,144781,160301,173700,197277,249135,64479,116809,13,9,9317,9165,18581,25035,20966,36301,26892,52561,36989,50690,36607,36228,91883,118244,55215,100190,1010145,669039,159414,55276,593964,537,123,228,127
2021-04-15T23:59:59+02:00,36,39,24493,28694,52136,73067,57861,93031,72518,130840,105559,139505,152441,164729,192626,243267,64183,116192,13,9,9143,9001,18211,24612,20472,35638,26214,51762,35599,49458,34495,34175,88759,114501,54707,99333,977956,655900,157359,49684,576038,487,122,226,123
2021-04-14T23:59:59+02:00,34,36,24153,28367,51202,72129,56518,91643,70131,128677,101559,135736,143246,154348,184885,233388,63842,115526,13,9,8735,8729,17734,24105,19937,34990,25303,50884,34312,48339,32446,32019,85780,110846,54214,98472,940073,640980,154689,45462,560795,394,121,220,123
2021-04-13T23:59:59+02:00,34,36,23913,28149,50503,71595,55571,90811,68497,127262,97834,132295,131419,141228,178493,225064,63504,114936,13,9,8498,8554,17388,23694,19510,34452,24637,50091,33242,47320,31061,30655,83618,108445,53854,97927,906815,631597,150171,41068,544295,272,121,216,122
2021-04-12T23:59:59+02:00,34,35,23704,27959,49948,71081,54704,90076,67026,125972,95203,129973,124306,133199,175266,221114,63233,114445,13,9,8261,8364,17022,23395,19137,34014,24165,49556,32575,46692,29530,29116,81954,106506,53527,97407,890393,623145,148627,37810,528400,258,119,209,119
2021-04-11T23:59:59+02:00,33,35,23530,27796,49419,70660,53970,89620,65881,125166,93345,128494,118820,127178,171353,216511,63063,114148,13,9,8126,8230,16724,23116,18819,33699,23807,49174,32130,46307,28894,28448,80937,105258,53318,97089,882908,617848,144225,35985,512039,243,113,203,115
2021-04-10T23:59:59+02:00,33,35,23469,27739,49252,70523,53769,89460,65550,124896,92819,128056,116737,124648,169912,214660,63021,114049,13,9,7537,7624,15832,22328,17859,32858,22688,48142,31017,45312,28232,27737,78842,102651,53051,96653,875906,602516,143369,35606,509508,239,106,202,115
2021-04-09T23:59:59+02:00,32,35,23220,27489,48750,70033,53127,88770,64553,123771,90994,126149,107901,113701,166532,210252,62822,113691,12,9,6577,6722,14300,21005,16139,31301,20543,46173,28805,43304,26453,25913,75334,98465,52506,95813,856468,575037,136313,34091,499204,227,94,196,111
2021-04-08T23:59:59+02:00,32,35,22923,27243,48170,69543,52370,88070,63245,122685,88574,123982,97583,101693,160988,203402,62492,113121,12,9,5933,6133,13108,19985,14879,29964,18904,44458,26315,40970,23430,22944,70668,92671,51352,94044,837760,543410,127416,32155,481145,200,85,194,108
2021-04-07T23:59:59+02:00,30,34,22611,27016,47361,69082,51437,87454,61855,121699,85424,121535,88389,91395,153981,194614,62198,112564,12,9,5553,5810,12448,19308,14063,29137,17865,43408,24409,39078,20890,20418,66702,87897,50354,92426,817333,519925,121814,29679,459706,174,78,187,103
2021-04-06T23:59:59+02:00,29,34,22400,26856,46831,68698,50846,86930,60823,120922,83314,119793,80625,82580,147614,186653,61853,111938,12,9,5357,5651,12095,18948,13710,28705,17329,42845,23550,38268,19762,19387,63542,83795,49431,91038,798051,506543,118602,26728,442266,162,72,180,101
2021-04-05T23:59:59+02:00,29,33,22301,26731,46518,68349,50455,86529,60276,120229,82132,118642,76146,77485,142632,180571,61652,111624,12,9,5217,5512,11834,18695,13415,28391,17006,42469,23103,37807,19301,18917,60654,80234,48732,89971,788610,497193,116848,23932,427062,157,66,174,101
2021-04-04T23:59:59+02:00,29,33,22252,26670,46395,68075,50283,86214,59995,119728,81622,118010,74702,75775,141928,179600,61615,111543,12,9,5212,5504,11815,18681,13403,28374,16987,42452,23005,37735,18895,18596,59215,78384,48525,89660,786066,492395,116740,23929,421860,150,60,169,99
2021-04-03T23:59:59+02:00,29,33,22190,26589,46272,67966,50119,86038,59680,119416,81054,117432,73356,74141,140813,178063,61532,111395,12,9,5201,5495,11802,18662,13380,28354,16954,42405,22899,37660,18759,18446,58864,77818,48436,89513,779705,490603,116698,23929,419912,148,59,168,99
2021-04-02T23:59:59+02:00,29,33,22112,26504,46110,67799,49901,85790,59210,118963,80174,116620,71801,72258,138533,175081,61338,111035,12,9,5181,5458,11754,18619,13325,28272,16866,42256,22626,37185,18402,18083,56525,74934,47623,88412,770587,482124,114921,23286,417983,148,55,166,96
2021-04-01T23:59:59+02:00,26,31,21917,26300,45694,67279,49255,85049,58335,118024,78291,114951,68540,68832,134446,169905,61020,110464,12,9,5034,5314,11480,18354,13101,28036,16545,41948,22120,36744,17574,17333,51664,68885,45936,85939,758936,464003,108833,21912,410793,135,50,163,93
2021-03-31T23:59:59+02:00,26,31,21588,26081,45293,66751,48757,84399,57603,117084,77130,113710,66490,66513,129686,163784,60616,109740,11,9,4956,5261,11380,18232,12937,27883,16304,41679,21526,36229,16443,16431,46433,62453,44549,83945,749166,445590,101659,20973,404666,132,43,161,88
2021-03-30T23:59:59+02:00,26,30,21411,25859,44891,66132,48251,83600,56892,116032,75992,112331,64644,64495,125307,158039,60151,108843,11,9,4889,5176,11275,18106,12743,27693,15975,41356,20951,35682,15611,15628,43668,59038,43436,82147,738991,433723,97435,19606,396721,105,36,154,86
2021-03-29T23:59:59+02:00,25,30,21213,25621,44428,65581,47775,82910,56158,114952,74757,110895,62150,61746,118572,149416,59382,107451,11,9,4791,5103,11169,17990,12589,27528,15730,41033,20491,35214,14962,15086,41067,56046,42328,80318,718459,422497,94016,18923,390810,88,34,152,84
2021-03-28T23:59:59+02:00,25,30,21007,25330,43929,64889,47258,82167,55479,113945,73812,109786,60891,60311,113864,143448,58938,106693,11,9,4735,5043,11023,17840,12330,27228,15538,40788,20323,34981,14723,14841,39993,54636,41977,79777,711919,418180,86708,17598,383397,67,34,148,78
2021-03-27T23:59:59+01:00,25,30,20886,25172,43635,64525,46894,81639,54974,113258,73137,109049,59737,59227,112376,141738,58871,106611,11,9,4721,5031,10996,17821,12312,27198,15175,40358,19922,34543,14432,14631,39507,53949,41504,78960,706643,414123,86004,16945,379357,63,34,146,76
2021-03-26T23:59:59+01:00,25,29,20635,24661,42828,62823,45922,79613,53637,110235,71123,105432,57726,57338,109626,138508,58543,106095,9,9,4702,4998,10973,17769,12242,27107,15097,40248,19580,33947,13962,13978,36428,50096,39446,75705,695248,399572,82687,16726,367080,51,31,146,76
2021-03-25T23:59:59+01:00,25,26,20203,23988,41953,61058,44827,77061,52125,106705,68736,101669,55130,54703,106313,134544,57973,105102,9,9,4656,4943,10881,17666,12121,26962,14914,40029,19303,33639,13487,13485,32579,45040,36443,71155,683821,381197,78491,16131,350047,46,28,143,75
2021-03-24T23:59:59+01:00,25,26,19799,23540,41168,59785,43808,75521,50743,104779,66634,99338,52346,51786,102062,129451,57333,104026,9,9,4601,4876,10787,17524,11953,26759,14684,39742,18936,33220,13030,13039,30008,41828,33327,66317,671018,365636,73616,15033,337758,40,23,140,73
2021-03-23T23:59:59+01:00,25,26,19551,23238,40607,58866,43083,74426,49702,103264,64967,97478,50049,49440,99311,126238,56775,103187,9,9,4541,4805,10688,17398,11807,26575,14438,39429,18521,32831,12532,12533,27569,38718,29625,60391,662863,347996,70270,14445,327323,37,22,138,73
2021-03-22T23:59:59+01:00,25,26,19328,22823,39964,57982,42415,73385,48757,101877,63493,95845,48220,47554,96916,123501,56304,102422,6,8,4484,4759,10600,17282,11676,26397,14279,39188,18279,32528,12216,12159,25727,36356,25634,53921,656557,331637,67467,13889,317035,32,22,135,71
2021-03-21T23:59:59+01:00,25,26,19189,22564,39470,57225,41862,72538,48104,100720,62549,94611,47173,46528,95273,121649,55934,101845,6,8,4468,4750,10564,17234,11629,26310,14219,39101,18198,32427,12096,12024,25297,35907,25280,53361,653972,329435,65436,13476,308096,32,20,134,67
2021-03-20T23:59:59+01:00,24,26,19130,22420,39257,56731,41621,71977,47793,100085,62107,94010,46518,45764,92678,118422,55646,101360,6,8,4459,4741,10554,17221,11601,26293,14176,39066,18117,32352,11942,11864,24656,35134,24515,52277,647510,325726,64987,13288,303287,32,20,134,67
2021-03-19T23:59:59+01:00,23,25,18774,21855,38124,54609,40338,69985,46058,98000,59226,91254,42081,41896,87460,112664,54946,100284,6,8,4437,4726,10521,17171,11536,26181,14084,38894,17882,32053,11592,11583,22976,33072,22829,49713,629768,316375,57780,12925,290270,28,19,129,67
2021-03-18T23:59:59+01:00,23,24,18380,21205,36946,52455,38800,67197,43902,93528,55382,85463,38052,38096,82734,107190,53857,98631,6,8,4417,4697,10455,17068,11458,26026,13939,38707,17669,31851,11358,11400,21731,31551,21112,47112,612844,308291,52043,12312,267186,26,18,128,65
2021-03-17T23:59:59+01:00,23,23,17954,20853,36217,51536,38032,66239,42819,92170,53592,83637,35375,35304,78722,102372,52918,97161,5,8,4394,4669,10393,16973,11384,25893,13826,38519,17473,31658,11122,11174,20479,30133,19522,44704,596177,300768,47641,11602,261331,23,18,125,63
2021-03-16T23:59:59+01:00,23,23,17594,20433,35468,50466,37217,65044,41723,90498,51753,81649,33168,33285,74688,97411,52036,95847,5,6,4344,4617,10320,16843,11293,25740,13726,38281,17340,31414,10945,10991,19197,28607,18040,42375,582899,292962,42955,11167,252673,23,14,122,62
2021-03-15T23:59:59+01:00,23,23,17314,20068,34756,49485,36425,63854,40817,89019,50492,80046,31445,31449,71397,93317,51340,94716,5,6,4322,4582,10253,16720,11227,25540,13609,37993,17192,31143,10780,10833,18466,27641,16778,40511,571770,287135,39626,10520,244799,23,3,117,62
2021-03-14T23:59:59+01:00,23,22,17045,19641,33901,48275,35524,62537,39757,87192,49236,78319,30280,30208,69403,90754,50898,94040,5,6,4298,4563,10208,16642,11171,25398,13549,37771,17102,30981,10708,10747,18286,27361,16515,39949,564654,285937,37745,9389,234867,14,0,113,62
2021-03-13T23:59:59+01:00,23,22,16226,18580,32401,46235,33949,60401,37718,84113,47099,75761,28929,28853,67384,88126,50630,93650,5,6,4298,4562,10206,16636,11167,25389,13540,37764,17094,30972,10674,10716,17538,26475,15467,38495,548298,281681,37462,9388,224530,14,0,113,61
2021-03-12T23:59:59+01:00,22,21,15126,17203,29958,43581,31283,57259,34854,79258,43885,71296,26088,25662,63081,82827,49646,92248,5,5,4285,4529,10187,16574,11149,25336,13496,37645,17004,30842,10397,10488,16646,25228,14397,36968,520254,275871,36150,9376,207074,11,0,110,60
2021-03-11T23:59:59+01:00,21,21,14083,15741,27701,40884,28961,54075,32261,74867,40130,66408,22681,22185,57068,75518,47720,89421,5,5,4244,4488,10107,16455,11036,25111,13378,37335,16838,30536,10093,10276,16013,24383,13728,35690,488200,271862,34559,7934,187151,8,0,103,54
2021-03-10T23:59:59+01:00,21,21,13489,15041,26291,39270,27307,52252,30696,72547,37611,63284,19930,19632,51151,68387,46168,87090,5,5,4209,4444,10008,16288,10916,24860,13230,36916,16639,30163,9851,10092,15270,23610,13068,34664,461773,267124,32515,7190,176062,6,0,101,52
2021-03-09T23:59:59+01:00,20,20,13206,14575,25164,38231,25889,51066,29631,70893,36229,61449,18746,18508,47639,63945,45049,85301,5,5,4184,4418,9923,16121,10812,24600,13076,36599,16462,29926,9726,9988,14605,22770,12568,33890,448169,263402,29980,6354,167561,6,0,101,49
2021-03-08T23:59:59+01:00,19,20,12875,13964,24083,37118,24620,49929,28696,69412,34992,59830,17679,17627,43526,58964,43821,83315,5,5,4169,4382,9861,15922,10709,24336,12943,36241,16332,29661,9642,9904,14109,22164,12253,33447,432726,260205,27980,5961,159931,2,0,98,48
2021-03-07T23:59:59+01:00,19,20,12642,13669,23489,36265,23922,49053,28095,68543,34380,59068,17414,17374,42458,57513,43456,82752,5,5,4157,4369,9839,15880,10682,24262,12912,36071,16275,29547,9620,9875,13911,21909,12118,33243,427953,259144,26165,5618,156160,0,0,94,48
2021-03-06T23:59:59+01:00,19,20,12528,13377,23087,35530,23387,48262,27045,67010,33279,57303,17026,17044,41812,56622,43156,82283,5,5,4154,4355,9828,15853,10664,24228,12902,36030,16257,29516,9602,9835,13865,21871,12015,33032,423880,258767,26101,5334,148954,0,0,92,46
2021-03-05T23:59:59+01:00,19,20,12115,12774,22403,34326,22702,47034,26289,65380,32045,54884,16377,16210,38355,52324,41006,78847,5,5,4127,4308,9758,15753,10614,24080,12834,35835,16170,29311,9507,9765,13680,21660,11643,32419,408709,257073,24649,4486,139890,0,0,92,44
2021-03-04T23:59:59+01:00,17,20,11355,11762,21213,32598,21489,44985,24934,62729,30351,52529,15648,15490,34351,47159,37931,74166,5,5,4078,4217,9644,15461,10511,23721,12701,35300,16026,28909,9329,9610,13522,21450,11558,32273,390277,254012,22571,4393,126014,0,0,92,41
2021-03-03T23:59:59+01:00,15,20,11045,11266,20525,31379,20714,43622,24024,60978,29305,50889,15169,14988,31736,43836,34844,69400,5,5,4037,4154,9564,15290,10431,23469,12594,34879,15846,28562,9144,9484,13396,21232,11413,32002,374829,251365,21775,4227,117285,0,0,88,38
2021-03-02T23:59:59+01:00,15,20,10784,10838,19880,30407,20001,42604,23238,59591,28331,49612,14544,14339,29066,40473,30949,63185,5,5,3989,4082,9502,15124,10362,23204,12489,34446,15745,28253,9017,9381,13256,21042,11336,31856,356646,248952,20266,4225,111094,0,0,86,38
2021-03-01T23:59:59+01:00,13,19,10612,10578,19367,29603,19438,41720,22648,58520,27616,48488,14125,13885,26995,37890,26682,56288,5,5,3973,4032,9447,14969,10298,22905,12408,34071,15638,27931,8933,9319,13074,20772,11220,31673,339406,246529,19151,4225,106056,0,0,84,38
2021-02-28T23:59:59+01:00,12,19,10442,10376,18899,28953,18901,40980,22166,57664,27124,47692,13916,13642,26390,37232,26277,55685,5,5,3957,4018,9421,14936,10279,22854,12390,34001,15611,27884,8906,9295,12943,20593,11157,31524,336941,245674,18290,4188,101262,0,0,84,36
2021-02-27T23:59:59+01:00,12,18,10263,9861,18570,28088,18643,40193,21883,56681,26799,46904,13644,13341,25722,36431,25354,54268,5,5,3944,4006,9399,14915,10247,22807,12351,33919,15564,27810,8885,9279,12923,20570,11135,31504,333038,245312,17568,4039,96188,0,0,84,36
2021-02-26T23:59:59+01:00,11,17,9468,9079,17672,26651,17861,37987,20951,53835,25340,44086,13177,12940,24130,34441,23825,51961,5,5,3863,3937,9321,14754,10173,22551,12271,33553,15448,27516,8806,9199,12857,20503,11095,31434,323905,243410,17313,3965,82326,0,0,84,34
2021-02-25T23:59:59+01:00,11,17,8311,8226,16353,25043,16596,35731,19717,50949,23632,41304,12700,12540,22851,32850,22326,49678,5,5,3739,3792,9155,14437,9952,21946,12014,32699,15122,26862,8610,9048,12594,20178,10955,31165,316283,239258,16542,3105,66116,0,0,80,32
2021-02-24T23:59:59+01:00,10,16,7946,7702,15700,24011,15971,34498,19003,49438,22842,40105,12307,12204,21545,31355,20652,47050,4,5,3667,3724,9014,14146,9774,21491,11810,32070,14859,26327,8468,8909,12451,20005,10890,30953,308058,236480,15575,2171,58825,0,0,80,31
2021-02-23T23:59:59+01:00,10,16,7462,7223,14885,22835,15285,33280,18283,48030,22125,39035,11994,11879,20206,29783,19041,44500,4,5,3626,3648,8894,13943,9633,21093,11622,31490,14560,25825,8297,8765,12323,19794,10818,30715,299946,233634,14776,1505,51248,0,0,79,30
2021-02-22T23:59:59+01:00,9,14,7355,7017,14503,22219,14934,32554,17816,47021,21630,38302,11792,11629,19457,28772,17723,42545,4,5,3596,3546,8757,13652,9471,20591,11367,30745,14190,25226,8049,8570,12124,19540,10712,30406,294065,230316,14169,317,47153,0,0,76,30
2021-02-21T23:59:59+01:00,9,14,7265,6891,14179,21774,14515,31971,17400,46371,21192,37808,11686,11527,19294,28558,17475,42211,4,5,3557,3506,8673,13528,9392,20375,11295,30453,14068,24957,7989,8508,12067,19430,10641,30242,292916,228469,13799,301,43518,0,0,74,30
2021-02-20T23:59:59+01:00,9,14,7148,6841,14053,21694,14398,31835,17281,46220,21032,37624,11587,11443,18511,27640,16416,40740,4,5,3555,3500,8663,13520,9382,20354,11281,30428,14053,24946,7984,8499,12003,19366,10587,30174,288651,228085,13602,300,42324,0,0,73,29
2021-02-19T23:59:59+01:00,7,13,6846,6589,13699,21256,14027,31165,16808,45424,20326,36754,10983,11041,17464,26311,15260,39132,4,5,3475,3475,8588,13492,9338,20295,11243,30336,13994,24852,7942,8439,11783,19094,10395,29845,282268,226379,13225,298,37700,0,0,71,28
2021-02-18T23:59:59+01:00,7,13,6449,6116,13072,20112,13386,29793,15993,43556,19453,35177,10755,10839,16879,25568,14684,38249,4,5,3289,3338,8254,12953,9043,19545,10892,29292,13624,24023,7737,8131,11196,18142,9898,28691,278681,217841,12689,298,28818,0,0,68,27
2021-02-17T23:59:59+01:00,7,12,6283,5773,12627,19234,12896,28604,15290,41835,18806,33853,10525,10587,16123,24753,13908,37064,3,5,3039,3178,7914,12436,8743,18754,10525,28245,13237,23171,7503,7894,10641,17290,9462,27876,274018,209700,11960,294,22287,0,0,64,27
2021-02-16T23:59:59+01:00,7,12,5957,5471,12090,18402,12395,27534,14745,40459,18212,32819,10370,10484,15455,23925,13400,36281,3,5,2857,3058,7611,11983,8437,18030,10127,27154,12776,22271,7232,7600,9927,16117,8733,26324,270494,200184,11463,138,16147,0,0,61,27
2021-02-15T23:59:59+01:00,7,12,5851,5289,11793,17756,12128,26751,14398,39465,17865,32050,10242,10373,14897,23273,13041,35744,3,5,2768,2978,7418,11661,8219,17523,9824,26307,12425,21589,6963,7314,9230,15059,8221,25044,267398,192536,10861,92,12765,0,0,58,26
2021-02-14T23:59:59+01:00,7,12,5582,5174,11544,17486,11905,26318,14166,39017,17674,31772,10196,10322,14663,22933,12877,35351,3,5,2717,2940,7304,11494,8091,17316,9647,25975,12246,21286,6866,7189,9006,14676,8034,24508,266396,189291,9926,90,10766,0,0,57,24
2021-02-13T23:59:59+01:00,7,12,5522,5136,11494,17449,11874,26286,14138,38985,17654,31753,10182,10294,14636,22900,12863,35333,3,5,2713,2937,7299,11486,8079,17294,9630,25940,12219,21242,6834,7154,8850,14464,7681,23877,266151,187779,9922,8,10535,0,0,56,21
2021-02-12T23:59:59+01:00,7,11,5005,4819,10925,17086,11557,25735,13819,38345,17322,31114,10073,10187,14454,22688,12782,35224,3,5,2662,2904,7203,11328,7979,17063,9483,25548,12005,20795,6651,6919,8486,13903,7089,22534,264465,182635,9910,6,6867,0,0,55,20
2021-02-11T23:59:59+01:00,7,11,4543,4518,10340,16405,11144,24927,13341,37085,16833,30255,9758,9924,14172,22240,12501,34537,3,5,2493,2630,6604,10135,7289,15327,8619,22929,10948,18711,5997,6206,7439,12287,6272,20218,261231,164187,8267,3,3132,0,0,53,14
2021-02-10T23:59:59+01:00,7,11,4295,4350,10006,15957,10835,24389,13028,36202,16418,29506,9539,9787,13990,22034,12409,34330,3,5,2130,2338,5666,8669,6480,13284,7634,20018,9819,16667,5453,5619,6451,10623,5497,18165,258576,144597,7765,2,839,0,0,50,2
2021-02-09T23:59:59+01:00,7,10,4232,4252,9881,15690,10726,23986,12854,35584,16206,29034,9360,9646,13794,21821,12266,34106,3,5,1734,1984,4883,7400,5704,11488,6716,17500,8735,14670,4879,4990,5401,9064,4762,16047,256123,126032,6985,1,434,0,0,49,2
2021-02-08T23:59:59+01:00,7,10,4197,4198,9787,15480,10617,23625,12734,35126,16061,28675,9266,9579,13591,21538,12159,33909,3,5,1569,1788,4322,6405,5039,9912,5899,14972,7719,12812,4326,4459,4427,7471,3999,13960,253746,109148,6470,1,428,0,0,47,2
2021-02-07T23:59:59+01:00,7,10,4032,4131,9630,15345,10515,23460,12653,34864,15948,28482,9225,9533,13447,21357,12085,33765,3,5,1354,1542,3903,5732,4622,9033,5471,13811,7232,11849,4072,4200,4195,7075,3838,13360,252652,101356,5925,1,0,0,0,42,1
2021-02-06T23:59:59+01:00,7,10,4023,4122,9619,15329,10502,23425,12631,34814,15929,28425,9206,9520,13429,21322,11979,33569,3,5,1202,1347,3671,5427,4437,8608,5253,13228,6952,11292,3938,4068,4069,6926,3560,12904,252308,96947,5641,1,0,0,0,42,0
2021-02-05T23:59:59+01:00,7,9,3950,4053,9547,15186,10436,23175,12546,34447,15815,28142,9122,9447,13357,21250,11630,32974,3,4,1061,1117,3391,4981,4178,8024,4938,12450,6569,10564,3683,3824,3910,6694,3050,12014,250430,90509,4749,0,0,0,0,42,0
2021-02-04T23:59:59+01:00,7,9,3892,3928,9426,14870,10259,22626,12358,33651,15600,27579,9000,9336,13132,20955,11516,32767,3,2,798,784,2566,3730,3244,6281,3986,9902,5248,8347,3008,3110,3294,5709,2661,10521,246473,73236,4524,0,0,0,0,41,0
2021-02-03T23:59:59+01:00,7,9,3823,3856,9324,14647,10156,22288,12225,33140,15452,27161,8890,9221,12992,20779,11439,32600,3,2,663,616,1936,2814,2507,4850,3013,7606,4019,6294,2194,2237,2400,4221,1929,7874,243743,55209,4353,0,0,0,0,40,0
2021-02-02T23:59:59+01:00,7,9,3756,3761,9225,14452,10057,21910,12084,32576,15250,26710,8763,9105,12869,20571,11357,32334,2,2,526,486,1467,2080,1915,3648,2268,5787,3001,4708,1555,1539,1639,2780,1343,5234,240532,40001,4351,0,0,0,0,38,0
2021-02-01T23:59:59+01:00,6,9,3716,3670,9147,14221,9950,21525,11947,31941,15065,26207,8644,8958,12760,20427,11308,32156,1,0,391,352,1023,1435,1263,2433,1478,3792,1868,2982,987,980,971,1695,770,3026,237393,25459,4351,0,0,0,0,36,0
2021-01-31T23:59:59+01:00,6,9,3697,3634,9093,14112,9880,21320,11879,31644,14962,26011,8588,8899,12708,20315,11263,32027,1,0,361,331,899,1245,1073,2060,1276,3238,1634,2612,889,889,869,1511,699,2719,235898,22316,4235,0,0,0,0,35,0
2021-01-30T23:59:59+01:00,6,9,3696,3631,9083,14099,9866,21297,11866,31624,14950,25997,8584,8894,12639,20246,11197,31949,1,0,345,307,838,1161,1016,1936,1212,3048,1559,2474,861,863,850,1471,684,2666,235577,21301,4142,0,0,0,0,35,0
2021-01-29T23:59:59+01:00,6,9,3636,3615,9023,14070,9837,21245,11833,31548,14901,25930,8560,8871,12453,20023,11016,31706,1,0,278,224,717,987,872,1575,1057,2659,1348,2150,771,772,802,1417,666,2613,234355,18916,4013,0,0,0,0,34,0
2021-01-28T23:59:59+01:00,6,8,3518,3528,8819,13683,9618,20732,11601,30966,14574,25435,8423,8769,12020,19407,10660,31128,1,0,131,57,299,363,381,616,465,1156,615,963,405,425,469,816,381,1582,229573,9128,3410,0,0,0,0,32,0
2021-01-27T23:59:59+01:00,6,8,3286,3392,8527,13265,9318,20108,11217,30132,14187,24697,8206,8556,11470,18601,10237,30364,1,0,80,33,206,225,248,419,308,806,436,661,308,309,347,607,286,1160,222860,6442,2799,0,0,0,0,32,0
2021-01-26T23:59:59+01:00,5,8,3122,3294,8245,12926,9055,19539,10913,29376,13791,24063,7967,8336,10893,17686,9591,29214,1,0,75,29,191,215,232,385,292,753,405,601,293,283,320,543,259,1030,216150,5909,1956,0,0,0,0,31,0
2021-01-25T23:59:59+01:00,5,8,3034,3200,7962,12445,8765,18835,10527,28375,13312,23298,7686,8135,10276,16868,9135,28313,1,0,67,21,170,193,198,326,253,632,354,497,256,238,266,465,210,843,209849,4992,413,0,0,0,0,28,0
2021-01-24T23:59:59+01:00,5,8,2990,3179,7877,12365,8691,18709,10418,28215,13182,23115,7643,8098,10209,16755,9087,28217,1,0,66,20,166,189,196,312,250,610,345,483,247,234,264,458,206,828,208537,4877,309,0,0,0,0,27,0
2021-01-23T23:59:59+01:00,5,8,2989,3178,7876,12361,8686,18699,10416,28201,13176,23110,7635,8095,10085,16589,8758,27631,1,0,65,20,166,188,196,311,248,609,343,483,247,234,264,458,206,826,207278,4867,306,0,0,0,0,24,0
2021-01-22T23:59:59+01:00,5,8,2926,3132,7752,12247,8603,18557,10306,28028,13094,22996,7604,8059,9886,16286,8240,26608,1,0,65,20,165,188,196,311,248,609,342,483,247,234,264,458,206,826,204123,4865,304,0,0,0,0,20,0
2021-01-21T23:59:59+01:00,5,8,2842,2962,7253,11335,8120,17411,9769,26402,12488,21781,7320,7733,9252,15346,7724,25561,1,0,59,18,148,174,178,279,222,534,305,443,222,208,233,380,175,693,193096,4274,304,0,0,0,0,16,0
2021-01-20T23:59:59+01:00,5,8,2481,2616,6370,9923,7371,15455,8818,23572,11379,19708,6718,7084,8156,13580,6912,23340,1,0,57,18,147,169,175,277,213,520,292,421,210,201,227,355,161,655,173273,4101,300,0,0,0,0,15,0
2021-01-19T23:59:59+01:00,5,8,2043,2261,5469,8534,6509,13565,7798,20790,10112,17471,5967,6202,6779,11400,5889,20304,0,0,41,12,98,124,119,170,150,357,192,293,133,114,141,238,113,489,150953,2785,218,0,0,0,0,15,0
2021-01-18T23:59:59+01:00,4,8,1770,1973,4711,7151,5555,11332,6601,17197,8689,14757,5082,5324,5400,9152,4822,16836,0,0,22,7,39,46,54,78,66,163,76,147,59,53,66,131,61,221,126330,1290,94,0,0,0,0,15,0
2021-01-17T23:59:59+01:00,3,8,1496,1685,4198,6358,5047,10201,6065,15634,8048,13498,4745,4978,5025,8478,4495,15835,0,0,8,2,9,15,16,28,20,50,29,57,24,23,20,31,13,47,115761,392,89,0,0,0,0,14,0
2021-01-16T23:59:59+01:00,3,7,1331,1482,3981,6037,4867,9764,5806,14970,7719,12802,4554,4750,4810,8202,4142,15231,0,0,0,0,0,1,1,2,1,1,1,2,0,1,1,0,0,1,110500,12,9,0,0,0,0,13,0
2021-01-15T23:59:59+01:00,3,7,1181,1256,3726,5615,4612,9195,5516,14131,7313,12002,4263,4454,4621,7894,3605,14186,0,0,0,0,0,0,0,0,0,0,0,0,0,0,0,0,0,0,103623,0,4,0,0,0,0,13,0
2021-01-14T23:59:59+01:00,3,4,907,945,2981,4429,3746,7379,4572,11386,5918,9656,3465,3583,3881,6663,3123,12382,0,0,0,0,0,0,0,0,0,0,0,0,0,0,0,0,0,0,85058,0,0,0,0,0,0,13,0
2021-01-13T23:59:59+01:00,3,3,772,791,2507,3696,3162,6154,3801,9442,4824,7779,2595,2667,2924,5077,2392,9466,0,0,0,0,0,0,0,0,0,0,0,0,0,0,0,0,0,0,68084,0,0,0,0,0,0,12,0
2021-01-12T23:59:59+01:00,2,3,639,659,2098,3031,2605,5003,3045,7601,3803,6110,1864,1847,2000,3440,1694,6465,0,0,0,0,0,0,0,0,0,0,0,0,0,0,0,0,0,0,51944,0,0,0,0,0,0,0,0
2021-01-11T23:59:59+01:00,1,1,495,524,1748,2454,2090,4001,2361,5778,2828,4434,1201,1142,1201,2029,936,3683,0,0,0,0,0,0,0,0,0,0,0,0,0,0,0,0,0,0,36932,0,0,0,0,0,0,0,0
2021-01-10T23:59:59+01:00,1,1,438,455,1486,2028,1748,3277,1951,4793,2350,3715,1060,1016,1058,1781,835,3230,0,0,0,0,0,0,0,0,0,0,0,0,0,0,0,0,0,0,31239,0,0,0,0,0,0,0,0
2021-01-09T23:59:59+01:00,1,1,407,410,1361,1851,1602,2986,1798,4345,2165,3384,988,947,1003,1728,817,3187,0,0,0,0,0,0,0,0,0,0,0,0,0,0,0,0,0,0,28995,0,0,0,0,0,0,0,0
2021-01-08T23:59:59+01:00,1,1,310,281,1111,1505,1323,2314,1478,3563,1795,2767,853,839,915,1604,769,3031,0,0,0,0,0,0,0,0,0,0,0,0,0,0,0,0,0,0,24471,0,0,0,0,0,0,0,0
2021-01-07T23:59:59+01:00,1,0,145,76,402,509,486,797,596,1376,785,1203,467,484,563,966,466,1911,0,0,0,0,0,0,0,0,0,0,0,0,0,0,0,0,0,0,11236,0,0,0,0,0,0,0,0
2021-01-06T23:59:59+01:00,1,0,111,44,272,288,312,520,400,933,535,825,360,362,425,748,359,1445,0,0,0,0,0,0,0,0,0,0,0,0,0,0,0,0,0,0,7943,0,0,0,0,0,0,0,0
2021-01-05T23:59:59+01:00,1,0,87,31,193,233,246,432,321,823,451,703,344,347,408,716,352,1391,0,0,0,0,0,0,0,0,0,0,0,0,0,0,0,0,0,0,7082,0,0,0,0,0,0,0,0
2021-01-04T23:59:59+01:00,1,0,69,25,176,195,204,338,258,639,357,513,269,254,289,519,235,935,0,0,0,0,0,0,0,0,0,0,0,0,0,0,0,0,0,0,5278,0,0,0,0,0,0,0,0
2021-01-03T23:59:59+01:00,1,0,67,21,169,190,199,322,256,622,348,496,261,252,285,506,233,918,0,0,0,0,0,0,0,0,0,0,0,0,0,0,0,0,0,0,5148,0,0,0,0,0,0,0,0
2021-01-02T23:59:59+01:00,1,0,67,21,169,190,199,322,253,622,345,496,261,252,285,506,233,917,0,0,0,0,0,0,0,0,0,0,0,0,0,0,0,0,0,0,5141,0,0,0,0,0,0,0,0
2021-01-01T23:59:59+01:00,1,0,66,21,168,190,199,320,252,622,342,494,261,252,285,504,233,917,0,0,0,0,0,0,0,0,0,0,0,0,0,0,0,0,0,0,5129,0,0,0,0,0,0,0,0
2020-12-31T23:59:59+01:00,1,0,66,21,167,188,199,319,250,621,341,493,261,252,285,504,233,917,0,0,0,0,0,0,0,0,0,0,0,0,0,0,0,0,0,0,5120,0,0,0,0,0,0,0,0
2020-12-30T23:59:59+01:00,1,0,65,21,167,187,197,316,249,619,340,491,261,252,285,504,232,917,0,0,0,0,0,0,0,0,0,0,0,0,0,0,0,0,0,0,5106,0,0,0,0,0,0,0,0
2020-12-29T23:59:59+01:00,1,0,46,13,119,140,148,212,182,445,239,377,179,164,197,375,171,715,0,0,0,0,0,0,0,0,0,0,0,0,0,0,0,0,0,0,3724,0,0,0,0,0,0,0,0
2020-12-28T23:59:59+01:00,1,0,25,9,66,77,82,122,101,253,118,234,98,93,104,200,102,388,0,0,0,0,0,0,0,0,0,0,0,0,0,0,0,0,0,0,2074,0,0,0,0,0,0,0,0
2020-12-27T23:59:59+01:00,0,0,12,3,18,26,37,47,36,89,37,96,33,29,41,73,31,145,0,0,0,0,0,0,0,0,0,0,0,0,0,0,0,0,0,0,753,0,0,0,0,0,0,0,0
