Datum,<15_m,<15_w,15-24_1_m,15-24_1_w,25-34_1_m,25-34_1_w,35-44_1_m,35-44_1_w,45-54_1_m,45-54_1_w,55-64_1_m,55-64_1_w,65-74_1_m,65-74_1_w,75-84_1_m,75-84_1_w,>84_1_m,>84_1_w,<24_2_m,<24_2_w,25-34_2_m,25-34_2_w,35-44_2_m,35-44_2_w,45-54_2_m,45-54_2_w,55-64_2_m,55-64_2_w,65-74_2_m,65-74_2_w,75-84_2_m,75-84_2_w,>84_2_m,>84_2_w,bp_1,bp_2,mo_1,mo_2,az_1,az_2,ja,unb_1,unb_2
2021-10-07T23:59:59+02:00,44004,41452,295623,284023,399670,368933,411949,404694,473515,482023,522758,522945,354466,395614,247413,317352,72864,133772,267193,256581,374182,341238,389704,378749,451285,456626,502476,502291,343859,383485,240366,307474,70014,127797,4124259,3878007,526639,504103,808271,764337,315089,551,492
2021-10-06T23:59:59+02:00,43758,41203,294955,283462,399170,368441,411570,404287,473178,481729,522496,522708,354334,395466,247318,317226,72837,133703,266477,255788,373655,340604,389244,378229,450878,456195,502140,501948,343697,383281,240258,307340,69986,127731,4119573,3872097,526518,504006,808266,764311,314636,551,492
2021-10-05T23:59:59+02:00,43448,40914,294268,282805,398570,367833,411064,403821,472807,481347,522210,522405,354184,395306,247228,317061,72799,133595,265672,254965,372983,339874,388712,377627,450382,455738,501799,501596,343514,383068,240148,307176,69939,127658,4114231,3865753,526384,503866,808259,764290,313942,551,492
2021-10-04T23:59:59+02:00,43178,40676,293467,282136,397894,367271,410597,403369,472408,480971,521921,522140,354051,395138,247149,316936,72764,133500,264802,254051,372296,339124,388141,377047,449919,455213,501429,501239,343324,382840,239994,307010,69899,127577,4109154,3859216,526239,503760,808253,764252,313070,551,492
2021-10-03T23:59:59+02:00,43016,40529,293077,281736,397496,366924,410301,403125,472200,480745,521748,521978,353969,395046,247096,316839,72750,133456,264319,253635,371855,338726,387794,376659,449653,454910,501190,501013,343200,382699,239933,306916,69881,127543,4106365,3855708,526141,503652,808228,764200,312447,551,492
2021-10-02T23:59:59+02:00,42983,40492,292956,281615,397380,366838,410222,403046,472139,480687,521716,521948,353955,395023,247095,316836,72748,133454,264181,253506,371755,338638,387719,376582,449598,454859,501160,500974,343188,382677,239931,306909,69879,127543,4105692,3855024,526064,503595,808226,764177,312301,551,492
2021-10-01T23:59:59+02:00,42773,40238,292353,281072,396835,366350,409780,402671,471816,480431,521462,521772,353873,394949,247067,316788,72737,133437,263530,252866,371273,338215,387344,376214,449278,454548,500939,500782,343115,382611,239907,306865,69871,127526,4101880,3851200,525922,503441,808221,764125,311530,551,492
2021-09-30T23:59:59+02:00,42378,39847,291245,280000,395846,365403,408996,401897,471165,479779,520958,521378,353712,394740,246964,316654,72710,133371,262345,251709,370417,337306,386655,375402,448685,453910,500478,500392,342951,382393,239829,306709,69842,127474,4094319,3844262,525584,502444,808200,764048,310085,550,491
2021-09-29T23:59:59+02:00,42050,39548,290518,279276,395132,364711,408461,401321,470675,479304,520601,521072,353534,394538,246883,316522,72680,133304,261613,250957,369790,336661,386200,374832,448271,453465,500129,500051,342782,382212,239739,306547,69819,127422,4088579,3838883,525431,502297,808192,763982,309072,550,491
2021-09-28T23:59:59+02:00,41720,39242,289652,278450,394343,364007,407860,400761,470155,478807,520220,520716,353325,394318,246783,316368,72638,133197,260755,250171,369091,336025,385695,374311,447833,453014,499776,499706,342601,382010,239645,306402,69794,127366,4082337,3833402,525307,502150,808184,763929,307876,550,491
2021-09-27T23:59:59+02:00,41309,38859,288785,277620,393558,363302,407308,400177,469682,478287,519824,520386,353170,394119,246698,316247,72609,133106,259745,249252,368244,335226,385037,373638,447295,452477,499375,499349,342418,381778,239557,306268,69770,127304,4076721,3827270,525159,502003,808177,763822,306124,550,491
2021-09-26T23:59:59+02:00,40939,38554,288221,277095,393069,362870,406968,399829,469392,477996,519615,520198,353061,394019,246654,316174,72587,133061,259249,248794,367812,334835,384701,373274,447009,452184,499171,499165,342328,381687,239499,306194,69754,127267,4073051,3824340,525019,501856,808153,763708,305214,550,491
2021-09-25T23:59:59+02:00,40885,38494,288053,276928,392917,362750,406852,399742,469301,477914,519554,520154,353050,393999,246645,316165,72585,133058,259090,248645,367668,334712,384584,373179,446941,452088,499110,499131,342308,381664,239489,306181,69754,127265,4072298,3823648,524946,501797,808151,763677,304785,550,491
2021-09-24T23:59:59+02:00,40688,38284,287421,276284,392274,362185,406329,399262,468854,477509,519256,519911,352946,393914,246604,316112,72579,133034,258434,247965,367063,334178,384140,372739,446528,451732,498790,498886,342192,381559,239445,306127,69742,127241,4068557,3819963,524800,501697,808141,763607,303079,550,490
2021-09-23T23:59:59+02:00,40061,37620,285733,274631,390809,360844,405147,398061,467810,476542,518507,519228,352649,393635,246469,315894,72535,132918,257143,246887,365919,333207,383214,371915,445726,451006,498194,498381,341960,381320,239334,305973,69714,127161,4058749,3813955,524395,501426,808130,763508,298945,549,490
2021-09-22T23:59:59+02:00,39728,37307,284735,273661,389956,359997,404394,397293,467144,475937,517972,518785,352421,393366,246357,315693,72486,132834,256366,246140,365173,332528,382588,371318,445214,450483,497732,498036,341758,381112,239231,305836,69680,127098,4051898,3808868,524180,501258,808107,763392,297004,549,490
2021-09-21T23:59:59+02:00,39317,36825,283659,272585,389002,359095,403641,396544,466521,475352,517524,518355,352191,393101,246250,315514,72430,132725,255515,245293,364417,331817,381954,370719,444719,449998,497320,497635,341562,380906,239123,305673,69646,127012,4044337,3803277,524026,501062,808097,763313,295292,549,490
2021-09-20T23:59:59+02:00,38967,36550,282526,271520,387964,358169,402819,395743,465821,474743,517032,517900,351946,392876,246138,315329,72386,132626,254395,244312,363431,330982,381166,369958,443994,449424,496860,497193,341338,380691,239016,305485,69610,126936,4037345,3796818,523885,500888,808083,763109,292859,549,489
2021-09-19T23:59:59+02:00,38806,36417,281937,271116,387394,357681,402417,395348,465479,474431,516768,517670,351858,392752,246098,315249,72374,132588,253882,243878,362931,330560,380743,369624,443630,449082,496577,496974,341232,380563,238957,305399,69599,126905,4034032,3794001,523744,500708,808061,762813,291662,549,489
2021-09-18T23:59:59+02:00,38753,36347,281779,270959,387198,357519,402238,395207,465369,474316,516702,517611,351842,392739,246090,315240,72372,132584,253569,243533,362680,330308,380505,369434,443468,448948,496484,496886,341202,380537,238938,305379,69596,126896,4033093,3792128,523631,500627,808058,762800,291197,549,489
2021-09-17T23:59:59+02:00,38423,35985,280883,270130,386406,356761,401512,394549,464759,473793,516322,517248,351692,392594,246027,315171,72348,132553,252826,242855,361995,329713,379915,368940,443006,448540,496148,496598,341082,380401,238888,305300,69583,126875,4027761,3788369,523299,500227,808048,762769,289157,548,489
2021-09-16T23:59:59+02:00,37857,35400,279311,268586,385062,355311,400321,393235,463749,472816,515554,516555,351370,392266,245897,314983,72301,132460,251684,241849,361043,328787,379096,368089,442340,447854,495636,496157,340854,380180,238789,305172,69553,126813,4016953,3781802,522548,499829,807996,762623,286644,548,489
2021-09-15T23:59:59+02:00,37479,35090,278190,267491,384166,354335,399468,392380,463077,472134,515022,516040,351145,391978,245722,314803,72263,132342,250826,241040,360260,327996,378413,367417,441779,447338,495133,495720,340644,379946,238652,305024,69529,126740,4009434,3776174,522264,499599,807983,762550,284547,548,489
2021-09-14T23:59:59+02:00,37166,34784,277221,266542,383226,353481,398736,391616,462474,471484,514498,515591,350907,391739,245593,314631,72219,132271,250047,240247,359530,327330,377807,366819,441237,446827,494713,495340,340448,379732,238542,304876,69506,126685,4002654,3771073,521937,499376,807954,762402,282736,547,488
2021-09-13T23:59:59+02:00,36782,34390,275990,265283,382280,352443,397961,390738,461776,470767,513978,515089,350684,391487,245469,314479,72179,132200,248924,239195,358713,326549,377208,366166,440677,446302,494254,494962,340254,379508,238441,304728,69475,126631,3994474,3764155,521223,499090,807921,762305,281458,546,488
2021-09-12T23:59:59+02:00,36642,34261,275427,264847,381810,351999,397576,390314,461453,470465,513768,514874,350580,391378,245423,314403,72167,132165,248401,238786,358213,326105,376841,365818,440375,446012,494004,494740,340130,379377,238382,304641,69460,126586,3991316,3761145,521059,498899,807885,762181,280391,546,487
2021-09-11T23:59:59+02:00,36565,34212,275235,264642,381586,351812,397417,390159,461321,470343,513698,514814,350550,391348,245414,314387,72165,132162,248121,238604,357991,325947,376691,365677,440228,445896,493938,494686,340107,379350,238374,304628,69460,126582,3990287,3760061,520971,498769,807878,762160,279790,546,487
2021-09-10T23:59:59+02:00,36242,33885,274163,263655,380635,350915,396544,389357,460522,469669,513143,514367,350348,391150,245326,314275,72147,132133,247217,237901,357167,325212,375908,365053,439536,445375,493451,494306,339946,379194,238293,304525,69438,126551,3985017,3756621,520831,498555,807868,762137,275851,546,487
2021-09-09T23:59:59+02:00,35818,33444,272880,262519,379602,349751,395623,388338,459734,468810,512566,513859,350111,390870,245197,314119,72111,132072,246155,236940,356257,324346,375101,364246,438846,444771,492864,493863,339732,378966,238173,304384,69408,126499,3976989,3750553,520528,498157,807828,761988,273172,539,485
2021-09-08T23:59:59+02:00,35418,33045,271927,261535,378813,348908,394933,387560,459114,468216,512129,513398,349905,390626,245092,313945,72082,132014,245231,236085,355450,323615,374419,363523,438248,444209,492417,493408,339535,378721,238054,304220,69374,126409,3970574,3744872,520307,497839,807778,761854,271090,539,485
2021-09-07T23:59:59+02:00,35045,32712,270904,260614,377986,348130,394288,386887,458585,467695,511684,513001,349713,390412,244990,313777,72049,131941,244356,235303,354648,322934,373775,362966,437745,443703,491972,493019,339327,378509,237965,304082,69347,126357,3964485,3739900,520066,497498,807765,761677,269182,539,485
2021-09-06T23:59:59+02:00,34647,32304,269789,259514,377054,347186,393608,386113,457993,467067,511248,512569,349493,390167,244902,313656,72019,131872,243590,234548,353914,322281,373160,362380,437285,443199,491561,492637,339117,378303,237881,303948,69318,126301,3957308,3735087,519929,497257,807716,761552,267331,539,485
2021-09-05T23:59:59+02:00,34496,32157,269386,259102,376749,346846,393316,385800,457758,466826,511073,512387,349418,390073,244860,313594,72003,131844,243160,234158,353520,321898,372808,362070,437027,442951,491363,492430,339016,378183,237838,303884,69301,126269,3954726,3732465,519828,496982,807689,761417,266528,539,485
2021-09-04T23:59:59+02:00,34437,32120,269224,258975,376631,346720,393189,385698,457684,466744,511022,512341,349406,390055,244854,313582,72003,131843,242994,234016,353361,321735,372661,361953,436936,442850,491298,492382,338994,378163,237830,303872,69301,126268,3954038,3731683,519772,496847,807684,761394,266116,539,485
2021-09-03T23:59:59+02:00,34119,31807,268334,258170,375893,346062,392605,385115,457109,466264,510561,512004,349236,389877,244788,313477,71980,131811,241980,233159,352570,321020,371989,361303,436286,442262,490808,491966,338797,377965,237743,303763,69281,126241,3949697,3727401,519075,495309,807656,761321,263865,539,485
2021-09-02T23:59:59+02:00,33763,31473,267290,257293,375035,345231,391878,384371,456426,465638,510032,511579,348972,389627,244666,313300,71954,131733,240961,232363,351685,320245,371256,360598,435572,441637,490244,491506,338549,377700,237635,303610,69254,126164,3943792,3722221,518791,494829,807621,761000,261133,539,485
2021-09-01T23:59:59+02:00,33438,31108,266443,256455,374279,344564,391346,383822,455957,465153,509651,511236,348794,389433,244578,313183,71930,131673,239876,231308,350828,319396,370574,359904,434958,441033,489723,491022,338318,377433,237502,303453,69226,126109,3938345,3715436,518608,494290,807589,760783,259575,539,481
2021-08-31T23:59:59+02:00,33041,30766,265576,255552,373548,343853,390778,383240,455449,464671,509204,510869,348603,389241,244483,313035,71899,131630,238923,230423,350026,318652,369915,359271,434402,440525,489200,490624,338114,377220,237413,303303,69192,126053,3932840,3710136,518418,493903,807562,760368,257690,538,481
2021-08-30T23:59:59+02:00,32494,30278,264273,254371,372553,342946,389962,382427,454694,463961,508640,510372,348375,389024,244389,312880,71862,131561,237767,229442,349028,317758,369129,358531,433704,439946,488641,490111,337858,376979,237287,303121,69151,125976,3925360,3704108,518302,493461,807517,760115,254950,538,481
2021-08-29T23:59:59+02:00,32306,30088,263707,253864,372079,342532,389583,382091,454399,463671,508410,510151,348278,388915,244340,312815,71852,131537,237051,228807,348421,317216,368634,358063,433278,439570,488330,489850,337714,376825,237227,303046,69133,125951,3922282,3700232,518184,493063,807489,759857,253727,538,481
2021-08-28T23:59:59+02:00,32217,29993,263482,253685,371905,342377,389426,381969,454273,463552,508336,510100,348254,388892,244329,312803,71851,131534,236733,228550,348172,317021,368411,357899,433096,439405,488201,489757,337672,376783,237207,303020,69131,125947,3921249,3698655,518144,492947,807483,759831,253166,538,481
2021-08-27T23:59:59+02:00,31987,29743,262835,253120,371390,341861,388955,381519,453821,463155,507965,509816,348124,388759,244270,312716,71832,131512,236129,228052,347561,316519,367937,357472,432646,439052,487897,489510,337539,376665,237152,302955,69120,125940,3917448,3695446,518076,492733,807427,759770,251491,538,481
2021-08-26T23:59:59+02:00,31607,29357,261826,252143,370543,341045,388202,380776,453137,462478,507415,509333,347891,388499,244149,312598,71804,131452,234656,226694,346335,315332,366822,356479,431775,438249,487226,488934,337256,376344,236989,302787,69090,125894,3911266,3687116,517832,492088,807386,759412,248824,538,479
2021-08-25T23:59:59+02:00,31245,29025,260899,251283,369796,340270,387547,380082,452501,461887,506859,508874,347654,388242,244023,312435,71769,131385,232612,224832,344858,313929,365638,355284,430776,437285,486422,488207,336872,375951,236833,302550,69045,125805,3905550,3675141,517703,491681,807359,759261,246217,536,475
2021-08-24T23:59:59+02:00,30928,28758,260166,250504,369189,339637,387008,379507,452019,461374,506446,508500,347444,388016,243905,312270,71743,131312,231401,223769,343895,313009,364855,354533,430102,436633,485861,487656,336593,375638,236698,302389,69021,125740,3900606,3667955,517416,491234,807338,758957,244417,536,471
2021-08-23T23:59:59+02:00,30407,28231,258778,249185,368163,338723,386176,378716,451238,460691,505796,507933,347162,387735,243766,312082,71716,131253,229921,222452,342584,311945,363904,353682,429239,435875,485157,487087,336288,375305,236562,302200,68995,125680,3893176,3660559,517271,490754,807303,758674,241048,536,470
2021-08-22T23:59:59+02:00,30264,28117,258373,248816,367811,338393,385902,378450,451000,460448,505609,507783,347065,387639,243725,312023,71699,131227,229201,221774,341898,311288,363368,353178,428799,435471,484838,486821,336125,375122,236494,302093,68971,125632,3890959,3656157,517122,490292,807264,758374,240044,536,468
2021-08-21T23:59:59+02:00,30013,27912,257874,248355,367493,338072,385644,378193,450795,460270,505461,507644,347010,387583,243703,311985,71696,131218,228459,221123,341413,310890,362966,352768,428434,435165,484609,486625,336041,375054,236467,302050,68965,125620,3888410,3653190,516978,489086,807256,758318,239321,536,468
2021-08-20T23:59:59+02:00,29820,27714,257215,247695,366752,337449,384968,377665,450201,459774,504987,507324,346866,387425,243648,311888,71680,131183,226653,219507,340002,309698,361848,351813,427478,434367,483889,486076,335797,374804,236365,301930,68940,125590,3884942,3644942,516655,487926,807243,757952,236456,536,468
2021-08-19T23:59:59+02:00,29488,27401,256229,246843,365748,336659,384177,376975,449484,459135,504425,506840,346625,387163,243540,311741,71646,131110,223892,217074,337695,307864,360147,350341,426075,433097,482731,485118,335377,374377,236173,301683,68906,125521,3879412,3630593,516289,486160,807201,757480,233363,536,467
2021-08-18T23:59:59+02:00,29202,27141,255434,246136,365047,336043,383601,376407,448884,458637,503950,506427,346352,386923,243421,311592,71614,131044,221418,214553,335641,306102,358505,348688,424551,431769,481584,484077,334853,373818,235939,301383,68854,125426,3874303,3617316,516110,482213,807171,757101,231305,535,467
2021-08-17T23:59:59+02:00,28883,26865,254646,245419,364428,335362,383039,375854,448395,458153,503520,506006,346148,386712,243304,311462,71587,130992,218668,211802,333567,304273,356816,347226,423116,430494,480460,483086,334359,373277,235703,301090,68800,125350,3869261,3602251,515809,479437,807145,756672,229592,534,466
2021-08-16T23:59:59+02:00,28594,26601,253948,244770,363855,334804,382576,375392,447954,457713,503098,505641,345962,386504,243205,311297,71556,130952,215498,208730,331275,302159,355295,345777,421909,429359,479511,482245,333967,372830,235515,300815,68760,125262,3864840,3584865,515653,478710,807119,756322,227841,534,464
2021-08-15T23:59:59+02:00,28398,26438,253456,244326,363427,334415,382215,375055,447658,457453,502856,505447,345847,386386,243156,311217,71545,130931,211490,204671,329378,300541,354033,344557,420885,428423,478728,481586,333634,372494,235391,300638,68736,125212,3861996,3567248,515509,477799,807080,755997,226672,534,463
2021-08-14T23:59:59+02:00,28330,26380,253209,244129,363195,334239,382041,374905,447501,457324,502738,505340,345798,386354,243139,311194,71542,130926,210419,203566,328557,299778,353315,343879,420390,427963,478339,481264,333494,372365,235354,300581,68727,125195,3860824,3560553,515438,477429,807076,755921,225977,534,463
2021-08-13T23:59:59+02:00,28074,26138,252504,243540,362694,333811,381603,374472,447065,456962,502400,505083,345668,386202,243074,311119,71530,130897,208530,201779,327131,298462,352047,342689,419338,427024,477589,480623,333250,372074,235241,300439,68709,125141,3857003,3548607,515367,476827,807066,755729,224433,530,463
2021-08-12T23:59:59+02:00,27875,25911,251781,242904,362073,333223,381073,373985,446530,456518,501979,504727,345485,386003,242972,311014,71516,130849,205933,199508,324249,295926,350033,340891,417828,425771,476354,479554,332795,371536,234991,300162,68669,125057,3853045,3531187,515180,475620,807029,754703,222193,529,461
2021-08-11T23:59:59+02:00,27641,25664,251046,242215,361448,332643,380547,373506,446067,456092,501570,504297,345260,385762,242856,310879,71488,130794,202891,196525,321066,292984,347859,338822,416326,424363,475069,478263,332252,370893,234742,299754,68618,124928,3848202,3509323,514960,474547,806989,753765,220656,526,460
2021-08-10T23:59:59+02:00,27395,25406,250214,241479,360732,332094,380008,372958,445566,455617,501113,503897,345063,385565,242770,310740,71465,130750,198689,192394,316394,288770,344871,336042,414209,422416,473470,476802,331564,370221,234443,299344,68561,124809,3843103,3479173,514676,473435,806954,752615,219129,526,460
2021-08-09T23:59:59+02:00,27198,25205,249588,240908,360152,331609,379562,372576,445154,455271,500766,503613,344903,385416,242704,310629,71445,130714,194143,187794,310680,284019,342110,333545,412292,420643,471849,475334,330916,369529,234164,298973,68502,124673,3839389,3448774,514497,470653,806923,751519,217633,526,456
2021-08-08T23:59:59+02:00,27028,25047,249106,240497,359757,331256,379213,372287,444851,455015,500524,503420,344797,385308,242641,310549,71428,130681,192793,186424,309052,282681,340797,332381,411416,419886,471278,474816,330653,369259,234033,298802,68476,124623,3836820,3439643,514340,469289,806871,751031,216400,526,456
2021-08-07T23:59:59+02:00,26878,24871,248575,240048,359359,330917,378878,372003,444558,454779,500298,503246,344725,385214,242607,310500,71420,130670,189114,182833,307007,280827,339078,330857,410080,418618,470351,474020,330297,368885,233902,298613,68442,124586,3833961,3420003,514233,467953,806861,750817,215517,526,453
2021-08-06T23:59:59+02:00,26652,24637,247703,239383,358571,330306,378203,371425,443902,454251,499758,502855,344492,385008,242508,310383,71409,130648,185373,179275,303538,278016,336957,329020,408477,417277,469049,473056,329916,368499,233742,298457,68418,124538,3831374,3400683,512867,466222,806849,749718,212030,526,451
2021-08-05T23:59:59+02:00,26330,24313,246525,238445,357672,329428,377379,370692,443161,453567,499090,502313,344207,384705,242392,310208,71368,130585,180891,175325,298144,273601,332837,325454,405669,414784,466792,471269,329247,367793,233477,298085,68357,124427,3824993,3372721,512603,461510,806785,746006,209018,526,450
2021-08-04T23:59:59+02:00,25956,23971,245377,237455,356673,328515,376599,369978,442529,452965,498516,501783,343932,384437,242270,310035,71340,130514,177405,172018,294372,270468,328425,321543,403414,412690,465082,469715,328550,367091,233202,297730,68298,124325,3818474,3345528,512260,459740,806749,744254,206375,522,449
2021-08-03T23:59:59+02:00,25492,23549,244013,236268,355759,327675,375889,369283,441870,452301,497918,501247,343638,384136,242140,309857,71296,130446,173920,168570,290266,266826,323310,316931,400666,410129,462741,467610,327703,366221,232851,297258,68229,124186,3810501,3313395,512099,457862,806706,742180,204483,522,449
2021-08-02T23:59:59+02:00,25175,23243,242959,235302,354912,326916,375187,368683,441299,451754,497392,500798,343376,383862,242022,309702,71270,130387,170279,164974,285562,262856,317433,311974,397913,407572,460504,465615,326929,365386,232554,296858,68166,124068,3804137,3279900,511849,455881,806649,739646,202615,521,447
2021-08-01T23:59:59+02:00,25019,23052,242329,234695,354313,326402,374743,368290,440865,451433,497046,500520,343237,383696,241946,309586,71256,130361,168727,163521,283071,260855,312797,308256,396054,405994,459024,464366,326495,364900,232383,296640,68137,124009,3800452,3261976,511544,453734,806554,737199,201246,520,443
2021-07-31T23:59:59+02:00,24909,22947,241987,234373,354030,326174,374502,368120,440676,451280,496938,500421,343204,383657,241926,309573,71255,130355,164949,159674,280242,258306,310705,306257,394657,404711,457877,463376,326175,364524,232249,296466,68111,123963,3798834,3239033,511354,452795,806548,736406,200597,520,443
2021-07-30T23:59:59+02:00,24619,22687,241186,233655,353453,325643,374010,367654,440213,450878,496576,500131,343066,383516,241881,309494,71242,130339,161198,155903,276842,255189,307675,303434,392424,402594,456028,461788,325664,363990,232039,296174,68078,123905,3794746,3213924,510985,451590,806531,733205,198985,519,442
2021-07-29T23:59:59+02:00,24272,22346,239649,232379,352285,324562,373038,366742,439357,450084,495759,499506,342732,383203,241744,309311,71205,130272,156338,151412,271453,251006,301759,298648,388064,399094,452971,459375,324830,363142,231726,295764,68018,123806,3787150,3179957,510302,446725,806447,728095,195546,518,442
2021-07-28T23:59:59+02:00,23972,22057,238496,231340,351397,323718,372283,366046,438718,449415,495192,499014,342479,382903,241609,309125,71170,130199,152574,147758,266949,247335,297317,294691,384795,396235,450877,457522,324169,362381,231456,295379,67954,123681,3780384,3149186,509761,444799,806369,725449,193619,517,439
2021-07-27T23:59:59+02:00,23699,21830,237485,230364,350553,322976,371578,365453,438130,448799,494664,498555,342235,382598,241475,308929,71134,130100,147543,142626,261015,242192,292009,289922,380774,392531,447691,454704,323179,361276,231089,294872,67862,123522,3774076,3107545,509203,442470,806311,721701,191968,516,437
2021-07-26T23:59:59+02:00,23467,21590,236509,229382,349757,322270,370970,364900,437573,448308,494213,498183,342003,382357,241346,308771,71110,130042,143191,138229,255457,237397,286831,285443,376300,388567,444169,451678,322224,360311,230758,294393,67787,123385,3768378,3068081,508569,440211,806231,717345,190570,514,437
2021-07-25T23:59:59+02:00,23108,21289,235168,228226,348809,321502,370290,364237,436993,447766,493752,497778,341803,382143,241256,308642,71089,129978,141345,136470,252770,235176,284323,283341,374162,386785,442080,449883,321709,359796,230554,294163,67762,123308,3761297,3053050,508192,438022,806163,712986,189168,514,437
2021-07-24T23:59:59+02:00,22859,21091,234237,227365,348084,320848,369714,363713,436464,447327,493390,497500,341687,382044,241212,308580,71086,129967,138447,133666,250033,232851,281755,281121,371901,384926,440840,448895,321358,359458,230409,293984,67743,123274,3757269,3034683,507423,435004,806148,712645,187316,514,437
2021-07-23T23:59:59+02:00,22441,20704,232731,226018,346759,319906,368665,362845,435583,446538,492691,496967,341452,381772,241123,308467,71065,129931,132960,128816,244657,228541,277273,277330,368208,381722,438183,446692,320657,358736,230155,293671,67689,123193,3749787,2999105,506951,433230,806092,710507,183807,514,437
2021-07-22T23:59:59+02:00,21936,20228,230625,224039,345004,318364,367153,361553,434263,445388,491707,496065,341017,381319,240945,308218,71021,129849,128609,124752,238652,224023,270882,272255,361306,376216,432720,442177,319472,357474,229716,293142,67595,123039,3737321,2956982,505362,427240,805962,704184,181019,513,435
2021-07-21T23:59:59+02:00,21428,19710,228737,222215,343303,316831,365530,359976,432685,443998,490479,494892,340463,380796,240696,307932,70967,129754,124842,121179,233188,219779,265346,267727,353162,369273,428107,438432,318352,356324,229253,292575,67514,122859,3726297,2921432,501599,416342,805735,699398,177725,513,433
2021-07-20T23:59:59+02:00,21126,19431,227266,220733,342064,315660,364561,359100,431818,443203,489756,494241,340120,380424,240548,307709,70939,129665,120504,116938,226835,214602,259513,262544,346042,363165,423406,434121,317258,355068,228839,291989,67417,122676,3716943,2877626,501191,409118,805604,695007,175586,513,432
2021-07-19T23:59:59+02:00,20812,19134,225527,219038,340746,314403,363524,358123,431003,442423,489084,493622,339824,380061,240397,307476,70894,129568,117746,114334,222445,211006,254893,258589,342324,359989,420783,431938,316531,354339,228539,291597,67342,122552,3706340,2852552,500767,403734,805511,690678,173997,513,432
2021-07-18T23:59:59+02:00,20658,19001,224231,217766,339125,312964,362452,357193,430183,441700,488544,493079,339590,379775,240268,307296,70872,129506,116245,112943,219783,208823,252536,256487,340070,358137,418745,430245,316040,353851,228378,291379,67321,122485,3696875,2840250,500229,399455,805434,686975,172618,513,429
2021-07-17T23:59:59+02:00,20261,18579,223075,216706,338545,312423,361862,356678,429664,441249,488131,492789,339485,379658,240226,307240,70869,129495,114171,110840,217321,206516,250066,254290,337644,355996,417296,428981,315705,353460,228243,291211,67297,122445,3691299,2822724,500025,396730,805416,686189,171147,510,429
2021-07-16T23:59:59+02:00,19718,18065,220526,214553,336802,311122,360354,355384,428194,440040,487031,491924,339079,379287,240054,307081,70844,129458,111052,108036,212550,202584,245526,250652,333338,352294,413947,426254,314784,352529,227893,290793,67243,122363,3681074,2795014,499265,394368,805254,682374,164869,509,428
2021-07-15T23:59:59+02:00,19076,17438,217743,212124,334891,309416,358764,353942,426851,438851,486084,491071,338679,378859,239851,306824,70802,129353,107142,104808,204170,196332,238027,245044,326724,347048,406865,419796,313041,350712,227343,290122,67171,122164,3665999,2748370,498666,385919,805136,674946,161734,508,428
2021-07-14T23:59:59+02:00,18230,16712,215292,209795,333179,307874,357353,352593,425626,437647,485049,490109,338221,378398,239610,306512,70748,129264,103527,101468,197689,191159,232306,240368,322426,343566,402687,416163,311728,349398,226932,289562,67088,122010,3651025,2714704,498077,380379,805005,668135,159017,507,425
2021-07-13T23:59:59+02:00,17576,16053,213103,207766,331569,306498,356014,351361,424447,436552,484086,489248,337780,377923,239407,306264,70713,129171,99761,97922,191198,185744,225161,234298,315739,337500,394284,408296,309929,347469,226326,288770,66975,121809,3637155,2671840,497518,367697,804843,658653,156923,505,421
2021-07-12T23:59:59+02:00,16556,15118,209817,204580,329507,304763,354433,349891,423202,435346,483100,488343,337362,377449,239227,306034,70674,129093,96661,95198,185908,181438,218176,228616,308896,331459,389179,404016,308196,345599,225732,288036,66876,121638,3618655,2633495,496960,360551,804662,650229,155120,504,420
2021-07-11T23:59:59+02:00,16047,14644,208457,203304,328758,304044,353771,349262,422637,434838,482650,487997,337171,377245,239167,305928,70652,129053,95239,93909,183125,179130,215175,226322,306202,329300,386346,401625,305723,342971,225351,287565,66821,121540,3612393,2618482,496320,358561,804532,639725,153286,499,416
2021-07-10T23:59:59+02:00,15572,14184,206611,201520,327291,302777,352630,348284,421906,434239,482172,487598,337001,377080,239101,305842,70642,129033,93936,92634,180590,177009,212139,223837,303676,327137,385179,400588,305076,342302,225171,287376,66805,121513,3603791,2601659,495677,358330,804295,637975,150620,498,416
2021-07-09T23:59:59+02:00,15248,13904,204704,199675,325682,301319,351559,347319,421001,433525,481600,487120,336793,376856,239004,305721,70627,128999,91144,89906,177058,173778,207789,219680,298653,322530,381734,397603,303979,341070,224865,287009,66768,121449,3594624,2572639,494811,356265,804100,630372,148015,497,416
2021-07-08T23:59:59+02:00,14781,13476,201205,196684,322362,298642,349179,345328,419289,432066,480162,486048,336354,376413,238825,305470,70582,128922,86837,86135,169806,168112,199644,213275,291275,316410,374778,391384,301254,338142,224083,286071,66651,121189,3579241,2526391,490761,347595,803576,620007,143078,495,414
2021-07-07T23:59:59+02:00,14280,13022,197460,192816,319189,295782,346858,343280,417730,430591,478959,484945,335875,375848,238635,305198,70544,128816,83152,82681,162499,162389,190585,206092,283282,309843,367727,384557,297939,334523,223173,284969,66510,120942,3557934,2478364,489392,334150,803189,610000,140133,492,411
2021-07-06T23:59:59+02:00,13821,12649,194022,189437,315930,293043,344382,340993,416014,429028,477688,483808,335373,375291,238437,304906,70491,128731,79579,79101,155819,156873,183167,199879,274333,301889,361235,378464,294740,331274,222287,283877,66401,120713,3538064,2425816,486320,327166,802770,600476,137704,489,411
2021-07-05T23:59:59+02:00,13424,12312,189628,185187,311872,289705,341868,338656,414337,427479,476543,482735,334900,374773,238257,304660,70458,128645,76512,76270,150696,152780,178399,195751,267412,295618,355126,372922,291463,327826,221398,282757,66292,120543,3515197,2386723,485158,322667,802273,590113,133616,486,408
2021-07-04T23:59:59+02:00,13246,12154,185782,181313,309231,287675,340551,337583,413452,426700,475963,482242,334675,374518,238168,304533,70432,128591,74322,74399,147592,150207,176065,193705,264961,293554,352011,370711,288154,324429,220814,282088,66236,120423,3502938,2372922,483865,320364,801706,578570,129101,486,407
2021-07-03T23:59:59+02:00,12051,11099,179347,175311,304963,284212,338216,335412,411634,424892,474747,481185,334275,374072,237994,304285,70408,128548,72541,72819,145165,148324,173626,191621,261894,290825,349728,368854,286398,322444,220547,281726,66204,120374,3476549,2357177,482458,320164,801523,574076,122907,486,407
2021-07-02T23:59:59+02:00,10952,10006,175633,171848,302544,282012,336469,333707,410380,423700,473971,480494,334014,373756,237880,304103,70380,128500,69844,70134,141238,145033,169187,187572,255837,285376,344500,364145,283146,318714,219906,280953,66155,120290,3458442,2323948,480978,317374,801338,561494,120372,484,388
2021-07-01T23:59:59+02:00,9856,9077,171963,168400,298504,278718,333971,331433,408582,422118,472874,479534,333594,373292,237679,303832,70334,128421,64959,65411,134915,139695,161895,181058,245576,276511,333693,354351,278358,313438,218053,278697,65976,119978,3435873,2267564,478879,305017,800991,543763,117216,484,384
2021-06-30T23:59:59+02:00,9367,8683,168690,165318,292875,274091,330299,328095,406810,420573,471849,478563,333171,372809,237488,303532,70300,128332,61827,62564,129270,135017,155251,175059,235524,267363,320286,341069,273144,307891,216162,276375,65808,119656,3410753,2212527,476711,292200,800698,524923,113452,483,383
2021-06-29T23:59:59+02:00,8831,8160,164890,161541,288332,269826,326728,324801,404708,418495,470303,477151,332582,372170,237235,303177,70245,128223,59036,59566,124324,130603,149228,169527,223673,256663,311726,332700,266679,300700,214189,273916,65605,119310,3383232,2153254,474712,287536,800373,507512,109840,481,379
2021-06-28T23:59:59+02:00,8426,7780,161561,158083,283296,265504,323422,321955,402563,416569,468815,475840,332061,371559,237002,302867,70201,128129,56761,57218,120419,127088,144879,165445,214444,248248,305937,327293,261732,295404,212425,271681,65458,119044,3359298,2117523,470739,278917,799714,490987,106628,481,376
2021-06-27T23:59:59+02:00,8278,7657,160055,156556,281192,263693,321617,320418,400864,415210,467917,475123,331769,371266,236899,302704,70182,128080,55565,56109,118294,125375,142309,163315,210331,244861,302569,324431,257919,291396,209965,268771,65347,118849,3349279,2102051,468660,275424,798664,474840,103622,480,374
2021-06-26T23:59:59+02:00,7124,6559,156787,153218,279087,261811,319201,318177,399674,414054,467218,474423,331500,370985,236792,302546,70158,128050,55018,55519,116955,124221,140883,162077,208085,242857,300037,322019,256380,289735,209631,268362,65320,118779,3330142,2085240,465835,275336,798658,472341,103488,456,353
2021-06-25T23:59:59+02:00,5902,5443,152474,148932,275693,258851,317144,316216,398364,412807,466217,473598,331211,370650,236664,302390,70130,128000,53729,53894,114477,121522,136795,157507,199319,234406,294345,316144,254657,287615,209041,267560,65249,118662,3305171,2042726,464407,273642,798602,465760,103260,456,352
2021-06-24T23:59:59+02:00,5048,4654,148029,144798,270865,254903,312867,312436,396169,410932,464840,472460,330787,370185,236495,302152,70096,127913,51083,51298,109353,116802,129464,150857,187277,223951,282927,305913,249278,281772,207206,265216,65046,118262,3273966,1980651,462395,261868,798435,452006,101580,455,351
2021-06-23T23:59:59+02:00,4827,4448,144861,141681,267165,251746,307622,307631,393675,408584,463434,471140,330259,369564,236264,301840,70048,127806,49140,49215,105557,112889,123790,145177,177379,215284,270943,293918,244664,276955,205874,263518,64885,117903,3246397,1924304,458868,252003,798273,441310,99801,453,350
2021-06-22T23:59:59+02:00,4577,4218,141786,138550,263446,248364,301493,302197,391041,406024,461892,469659,329709,368955,236043,301486,70001,127699,47450,47472,101946,109585,118993,140596,164781,204137,260029,283612,240600,272484,203952,261109,64633,117430,3214328,1865916,456936,244287,798079,430352,98526,451,341
2021-06-21T23:59:59+02:00,4318,3973,138523,135606,258739,244461,296244,297329,387999,403153,460418,468307,329191,368394,235820,301171,69960,127587,46217,46243,99559,107366,116254,137888,158561,198363,253142,276972,235247,266645,200014,256587,64446,117053,3182586,1834911,454895,238770,797868,410565,96560,448,340
2021-06-20T23:59:59+02:00,4174,3856,137014,134094,254489,240969,293659,295089,386609,401839,459627,467562,328965,368108,235708,301039,69940,127525,45094,45318,97299,105571,113974,135898,155523,195823,248829,272895,232244,263114,199027,255334,64365,116927,3165110,1814534,453129,235217,797710,402698,95026,446,333
2021-06-19T23:59:59+02:00,3757,3505,134864,131993,251732,238644,291875,293440,384767,400270,458784,466832,328743,367856,235604,300900,69920,127493,44554,44669,96027,104307,112498,134433,154019,194385,245606,269869,231525,262267,198856,255071,64343,116874,3148751,1798558,450306,233636,797700,402417,94922,446,333
2021-06-18T23:59:59+02:00,2806,2593,131581,128850,248211,235595,287864,290029,382368,398147,457445,465671,328366,367455,235449,300664,69893,127444,43767,43754,94448,102527,110205,131763,150466,190351,238746,262579,229800,260262,198370,254431,64268,116740,3122939,1769235,445871,233107,797674,395711,94643,446,332
2021-06-17T23:59:59+02:00,2573,2370,127865,125564,242186,231154,282637,285639,377579,394154,455114,463829,327770,366732,235205,300309,69828,127330,41525,41928,90398,99051,105305,127012,142597,182677,227346,251184,224599,254326,196718,252274,64009,116321,3088119,1713537,442885,228964,797410,384808,90175,385,324
2021-06-16T23:59:59+02:00,2302,2136,124631,122159,237285,226805,277948,281380,372406,389657,452516,461685,327022,365931,234914,299896,69762,127216,39694,40328,86860,96022,100955,123183,134357,175330,215242,239272,218369,247215,194793,249947,63757,115833,3054571,1653728,437348,223357,796909,376711,87566,383,323
2021-06-15T23:59:59+02:00,1914,1804,119712,117288,231298,221657,272595,276392,367341,385028,449667,459267,326152,364952,234561,299383,69680,127032,38078,38715,83538,92975,96989,119131,127300,168954,202888,227241,212339,240426,192831,247515,63447,115264,3009834,1596440,435420,217508,796345,369032,84849,383,320
2021-06-14T23:59:59+02:00,1651,1529,115660,113132,226073,216745,267234,271420,362047,380278,446548,456672,325367,364093,234251,298994,69618,126912,37098,37825,81260,90881,94280,116610,123185,165204,196287,220739,209231,236919,191696,246043,63228,114874,2967688,1566840,433068,215234,796086,361377,82098,381,317
2021-06-13T23:59:59+02:00,1578,1444,114167,111756,223626,214641,264694,269161,359791,378320,445377,455647,325091,363788,234115,298823,69586,126838,36231,37088,79401,89206,92269,114787,120358,162594,192411,217030,206139,233478,190663,244675,62996,114462,2952702,1552826,430630,207953,795782,353153,80038,381,315
2021-06-12T23:59:59+02:00,1429,1306,111514,109007,221730,212911,263308,267884,358352,376918,444480,454878,324803,363479,234023,298720,69568,126810,35862,36683,78411,88111,91017,113489,118778,161033,188845,213728,205104,232350,189264,243020,62986,114430,2936514,1539662,429651,207944,795758,345775,79904,380,314
2021-06-11T23:59:59+02:00,1281,1170,108966,106490,218833,210292,259640,264692,355214,374183,442764,453406,324367,363027,233886,298512,69541,126755,35183,35569,76401,84734,88783,109956,114669,155890,182139,206270,203005,229977,188660,242249,62924,114331,2912086,1512127,426851,207247,795577,332330,79205,379,313
2021-06-10T23:59:59+02:00,1119,1013,104210,102079,212758,205527,252579,258868,349118,368884,438266,449630,323505,362054,233564,298065,69457,126602,33603,34082,72397,80555,83861,104450,107998,147670,169784,192616,196920,223079,186930,240105,62670,113927,2868427,1464930,419749,205504,794738,305311,75062,375,308
2021-06-09T23:59:59+02:00,971,884,100293,98366,206796,200791,245765,253156,342456,362933,434585,446601,322825,361307,233292,297682,69392,126470,32068,32823,69160,77908,80160,101281,103274,143383,158629,181846,186287,211067,185067,237860,62397,113432,2829389,1410835,411228,201522,794221,294031,70408,355,303
2021-06-08T23:59:59+02:00,789,703,95765,93825,200157,195228,238803,247143,334204,355652,429474,441925,321984,360300,232918,297193,69312,126335,30994,31965,66570,75608,76877,98555,98694,139464,151016,174343,177567,201341,183259,235608,62165,113065,2777386,1371579,405463,196603,793628,283166,65893,355,295
2021-06-07T23:59:59+02:00,630,562,92544,90725,194089,190524,232245,241899,326374,349480,426425,439473,321435,359665,232700,296866,69258,126239,30123,31117,64103,73647,73921,96393,94927,136525,142925,166539,173514,196710,181826,233793,61942,112681,2738362,1344424,399295,193299,793058,272037,61065,355,295
2021-06-06T23:59:59+02:00,592,526,90967,89409,190802,187968,228891,239123,322088,346074,424988,438389,321164,359367,232592,296707,69234,126192,29520,30562,62330,71961,71840,94379,91730,133458,137231,160737,170974,194074,180714,232391,61713,112301,2722924,1332554,391898,183596,792573,261588,58315,353,289
2021-06-05T23:59:59+02:00,511,446,89022,87390,185924,183749,226420,236990,320270,344454,423992,437475,320878,359048,232443,296539,69220,126160,29061,29803,61127,70004,70440,92229,90052,131179,132463,155399,167968,190399,180229,231732,61679,112235,2699419,1308905,391767,183128,792451,256169,57926,352,288
2021-06-04T23:59:59+02:00,411,361,86667,84858,182257,180132,222413,233042,316675,340814,421629,435278,320421,358509,232246,296309,69181,126098,28593,29128,60005,68349,69154,90142,88261,128557,129089,151737,163731,185625,179238,230466,61631,112147,2670150,1290036,387939,182353,792333,246091,57499,351,286
2021-06-03T23:59:59+02:00,318,286,83378,81784,176527,175465,215146,226937,308955,334112,413866,428418,319382,357320,231875,295855,69125,125964,27700,28115,58110,66152,66754,87389,84620,124437,122318,145057,157381,178008,177664,228436,61517,111911,2621174,1260787,377686,177021,791911,233339,54543,349,279
2021-06-02T23:59:59+02:00,268,227,81293,79615,172437,171735,211496,223775,305369,330758,411820,426584,318972,356864,231721,295647,69097,125913,27230,27635,56979,65032,65149,86110,82558,122490,117336,140170,149490,169030,176941,227480,61432,111741,2592372,1228526,376299,175048,791884,229720,53627,346,271
2021-06-01T23:59:59+02:00,169,160,77027,75783,164153,165162,202130,216036,296269,322870,403609,418743,317459,355247,231180,294905,68983,125683,25677,26219,52662,62072,60306,82816,77128,117977,109898,132952,138377,155604,174831,224744,61224,111317,2533632,1178314,364653,170935,791126,217936,46727,342,263
2021-05-31T23:59:59+02:00,147,143,74279,73296,158488,160834,194815,210060,288876,316480,397865,413770,316462,354132,230792,294380,68894,125513,24762,25156,50032,59849,57126,80282,73516,114692,105393,128504,134216,150678,173459,223024,61055,110985,2493171,1155859,355258,168567,790482,207536,40866,341,261
2021-05-30T23:59:59+02:00,136,135,73228,72230,156005,158799,192191,207706,286086,313964,395976,412025,316099,353719,230631,294141,68856,125432,24156,24368,48439,58116,55384,78425,71280,112126,102739,125635,132059,148148,172665,222089,60963,110774,2477343,1146064,352735,167256,789848,196165,37978,340,256
2021-05-29T23:59:59+02:00,133,133,72620,71637,154491,157398,189889,205676,284247,312378,395139,411255,315877,353475,230550,294062,68845,125413,23832,23841,47518,56617,54038,76547,69354,109281,100418,122836,129248,144718,172011,221182,60936,110722,2463453,1132424,352574,167189,789782,185628,37953,339,255
2021-05-28T23:59:59+02:00,129,130,71532,70522,152090,155138,186225,202132,280974,309244,393277,409486,315464,352969,230403,293848,68826,125356,23300,22838,45909,54492,52211,73984,67312,105332,96086,116944,124867,139657,171032,219870,60889,110608,2439613,1109761,351520,166975,789573,171114,37575,337,250
2021-05-27T23:59:59+02:00,118,121,68218,67506,145599,150199,178035,195873,274573,304083,386961,403797,314194,351514,229940,293316,68754,125173,21977,21154,42653,51442,48326,70172,62754,99321,89729,109427,120932,135032,168226,216164,60716,110293,2394994,1081293,343895,164239,787760,151028,31845,335,244
2021-05-26T23:59:59+02:00,114,118,66063,65326,140648,146117,171932,190806,267820,298412,380217,397101,312671,349901,229446,292615,68650,124960,21233,20235,40830,49304,45971,67439,59713,95526,85141,104308,115944,129307,164417,210822,60506,109865,2357678,1049315,330689,162659,785937,139556,29117,334,240
2021-05-25T23:59:59+02:00,113,111,64031,63332,136443,142629,166878,186509,260755,292130,374789,391709,311381,348483,229032,291966,68567,124782,20656,19570,39431,47786,44136,65422,57237,92520,81055,99927,110990,123602,158861,203550,60336,109558,2320078,1017684,323177,159235,783397,130323,27484,330,234
2021-05-24T23:59:59+02:00,111,109,62789,62122,133684,140520,163599,184093,253805,286138,369848,387024,310552,347563,228745,291578,68495,124651,20315,19160,38412,46713,42790,63937,55555,90510,78822,97414,109564,121946,158252,202758,60224,109355,2296333,1008318,312057,157931,781588,123635,25936,329,229
2021-05-23T23:59:59+02:00,106,108,62291,61606,132582,139623,162403,183059,252562,285116,368258,385596,309931,346904,228572,291350,68475,124615,20082,18972,37861,46156,42034,63236,54390,89513,77329,96049,108386,120546,157272,201536,60153,109213,2284823,1000128,311469,154852,781544,122035,25806,329,226
2021-05-22T23:59:59+02:00,103,106,61595,60983,131084,138542,160026,181432,249590,282824,365776,383367,309399,346308,228395,291083,68449,124564,19762,18549,37243,45549,41393,62705,53736,88784,76557,94898,106834,118740,156498,200564,60126,109159,2266830,993421,311454,154848,781506,118602,24315,329,226
2021-05-21T23:59:59+02:00,99,102,60263,59540,128174,135946,156734,178108,244350,278055,359677,377677,308463,345213,228099,290685,68388,124456,19401,18182,36629,44783,40741,61652,52782,87391,74832,92598,103592,114788,155358,199113,60034,108984,2230724,980393,309813,154520,779931,112007,24030,325,224
2021-05-20T23:59:59+02:00,90,100,57214,56750,122432,131069,149795,171787,234038,269298,350642,369392,305922,342465,227330,289673,68256,124237,18105,17247,34456,42540,38287,58754,49957,83614,70903,88100,99466,110137,152892,196090,59853,108629,2172691,961067,303146,152568,773974,94345,21131,319,224
2021-05-19T23:59:59+02:00,89,98,55003,54559,117425,126390,142626,165164,223497,259944,340087,358481,303275,339592,226578,288620,68105,123961,17523,16459,33230,40956,36878,56695,47949,80833,67663,84520,95581,105663,149257,191348,59591,108138,2106743,937646,296887,150588,770990,84835,19304,317,209
2021-05-18T23:59:59+02:00,85,93,52905,52596,112643,122131,136247,159588,211929,249583,330205,348678,300602,336623,225695,287418,67954,123708,17005,15852,32017,39491,35523,54897,46137,78421,64774,81294,91572,101124,146058,187274,59378,107704,2046865,917373,287517,147725,767396,76183,17323,313,209
2021-05-17T23:59:59+02:00,82,90,51872,51602,110308,120073,133431,156936,205406,243565,322633,341590,298809,334648,225104,286593,67847,123495,16547,15403,30969,38450,34349,53605,44657,76621,62513,78897,86728,95257,144595,185388,59230,107390,2020052,905665,275208,140252,763971,69496,15265,311,206
2021-05-16T23:59:59+02:00,81,87,51084,50947,108863,118751,131690,155273,202433,240884,315198,334632,297788,333514,224793,286108,67794,123397,16264,15031,30218,37668,33475,52688,43595,75307,61183,77427,83312,91180,143804,184307,59142,107250,2004701,899577,264778,133481,760731,65359,13512,307,202
2021-05-15T23:59:59+02:00,81,87,50546,50314,107862,117761,130674,154159,200495,238949,311628,331421,297167,332828,224597,285837,67774,123333,16125,14867,29965,37361,33190,52256,43110,74660,60335,76442,82715,90364,143287,183639,59106,107203,1988493,894337,264757,133334,759863,64231,12802,305,201
2021-05-14T23:59:59+02:00,80,86,49285,48889,105611,115670,127083,150708,192284,231882,305317,325532,296185,331691,224312,285388,67727,123238,15627,14437,29178,36538,32420,51065,42034,72877,58769,74490,80806,87875,142675,182648,59066,107117,1951224,884679,263058,132459,755319,58805,11756,302,199
2021-05-13T23:59:59+02:00,76,85,47372,46938,101771,112439,122374,146597,182267,223299,294711,315717,293219,328270,223501,284251,67627,123031,14767,13991,28322,35841,31661,50163,41089,71784,57264,72927,77028,83525,139907,179037,58956,106900,1899637,872135,254447,125407,749094,54954,10742,298,194
2021-05-12T23:59:59+02:00,74,83,46463,46227,99856,111010,120308,144935,179715,221189,289977,310390,292057,327002,223261,283931,67589,122946,14601,13840,28001,35622,31258,49875,40642,71409,56722,72360,75680,81893,139127,177903,58870,106740,1876555,866381,252284,123611,748603,54684,9943,294,192
2021-05-11T23:59:59+02:00,70,77,44219,44752,95829,107932,114502,140206,166352,209917,278329,299626,288656,323090,222305,282533,67439,122647,14171,13274,26990,34194,30127,48070,39337,69133,55013,70096,72592,78305,137769,176067,58711,106382,1817706,854097,242568,120922,740100,46820,8463,289,190
2021-05-10T23:59:59+02:00,69,73,42966,43773,93230,105923,111244,137573,157968,202890,270453,292519,286481,320637,221733,281673,67315,122406,13827,12830,26233,33209,29332,46811,38341,67280,53783,68368,70502,75749,136623,174556,58592,106095,1782137,845229,236519,119867,733128,39621,7491,285,182
2021-05-09T23:59:59+02:00,68,73,41843,43001,90546,104169,108580,135805,152957,199471,264930,287572,285239,319249,221357,281146,67249,122260,13512,12610,25540,32540,28604,46008,37549,66320,52854,67426,69272,74348,136026,173719,58537,105964,1762803,840658,229419,118889,727131,34848,6508,280,180
2021-05-08T23:59:59+02:00,67,73,41552,42698,89699,103436,107482,134948,151507,198254,262367,285505,284738,318707,221238,280968,67233,122228,13410,12548,25411,32448,28459,45879,37359,66125,52513,67107,68308,73427,134955,172353,58490,105871,1750741,836040,228909,118143,726905,34071,6494,271,167
2021-05-07T23:59:59+02:00,65,72,40627,41981,87761,102098,104653,132732,146886,194448,256111,279993,283398,317108,220891,280513,67180,122106,12665,12067,24586,31712,27695,44819,36494,64863,51329,65595,66057,70739,132726,169529,58400,105694,1724947,826354,225698,115872,722781,27287,5543,265,163
2021-05-06T23:59:59+02:00,61,71,37984,40257,83012,98642,98662,127977,136697,185934,239666,265581,278274,311312,219606,278825,67006,121793,11979,11549,23648,30607,26698,43469,35140,62864,49594,63618,63569,67610,130615,166764,58286,105476,1659391,815257,215792,112764,711882,18921,4629,251,162
2021-05-05T23:59:59+02:00,59,68,36097,39058,79355,96061,94062,124331,128878,179400,224917,251540,272093,304177,218033,276833,66760,121270,11746,11273,23106,29882,26094,42548,34217,61463,48442,62203,60954,64497,127670,163061,58188,105225,1593203,802954,210713,109194,705844,14949,3559,250,158
2021-05-04T23:59:59+02:00,59,66,34994,37950,76634,93739,90554,121293,123307,174670,214288,241276,266608,297731,216591,274989,66551,120802,11583,11069,22698,29340,25634,41776,33495,60372,47335,60931,58236,61317,125304,160124,58038,104989,1544161,791059,205591,106557,699766,11805,2908,247,156
2021-05-03T23:59:59+02:00,58,64,34123,36898,74342,91917,87679,118943,118870,171028,207631,235276,263332,293870,215791,273900,66430,120506,11335,10797,22303,28763,25152,41076,32807,59408,46310,59790,55443,57973,121528,155227,57781,104551,1512411,775190,202479,104842,694833,9050,1251,245,153
2021-05-02T23:59:59+02:00,58,64,33769,36583,73166,91011,86206,117852,116442,169161,204536,232760,262371,292781,215504,273491,66363,120398,11263,10724,22114,28549,24922,40791,32465,59001,45857,59315,54253,56512,118459,151546,57697,104420,1501798,770163,199682,99279,690962,8150,386,243,148
2021-05-01T23:59:59+02:00,57,64,33450,36204,72405,90217,85133,116809,114971,167795,201449,229731,261679,291956,215294,273211,66352,120359,11249,10708,22061,28519,24861,40753,32403,58944,45775,59238,54011,56220,118301,151350,57688,104403,1486694,768854,199674,99239,690695,8102,379,242,148
2021-04-30T23:59:59+02:00,54,62,32906,35603,71198,88993,83670,115078,111188,164227,194049,222613,259688,289587,214846,272601,66292,120251,10928,10512,21701,28241,24586,40329,32076,58382,45313,58607,53115,55056,117349,150164,57633,104284,1453784,765176,199347,97248,689898,5765,179,239,146
2021-04-29T23:59:59+02:00,52,61,31405,34651,68274,86963,80037,112473,106071,160113,181232,211065,251753,280485,213650,270969,66157,119908,10621,10297,21227,27793,24158,39832,31493,57642,44510,57677,51282,52860,115501,147926,57533,104089,1398874,756344,192062,94580,684526,3451,157,229,144
2021-04-28T23:59:59+02:00,51,59,30171,34041,66405,85653,77559,110651,102644,157256,171545,201894,240896,267887,212369,269284,65961,119582,10435,10136,20928,27438,23793,39362,31069,56982,43785,56851,49157,50238,112920,144689,57409,103877,1346223,746780,188696,90028,679160,2230,127,223,136
2021-04-27T23:59:59+02:00,48,58,29413,33356,64830,84189,75547,108841,99881,154859,166824,197170,232390,258079,211221,267670,65841,119359,10310,10025,20647,27149,23556,39032,30709,56483,43098,56162,47149,47694,110281,141254,57290,103677,1312182,736963,186390,86019,671172,1511,126,218,128
2021-04-26T23:59:59+02:00,47,58,28983,32971,63729,83303,74045,107675,97594,153145,158204,189166,228198,253234,210512,266673,65748,119160,10216,9935,20429,26961,23319,38818,30412,56141,42481,55590,45342,45546,108384,138774,57194,103523,1283226,729000,184945,82918,664446,1131,121,212,125
2021-04-25T23:59:59+02:00,47,57,28731,32731,62953,82778,72982,106938,95863,151918,152820,184298,223865,248353,209923,265892,65682,119037,10160,9901,20351,26883,23231,38736,30303,56014,42321,55431,44930,45049,107703,137869,57166,103452,1270457,727334,178809,81154,655774,1000,118,210,124
2021-04-24T23:59:59+02:00,47,56,28387,32304,62011,81554,71796,105490,94315,150258,147912,179149,221076,245018,209453,265218,65648,118987,10146,9882,20310,26841,23178,38669,30222,55928,42171,55295,44686,44741,107451,137572,57145,103424,1245577,726240,178779,80454,654490,957,117,209,122
2021-04-23T23:59:59+02:00,45,56,27641,31682,60444,80045,70005,103470,91727,147615,143127,174751,216525,239469,208797,264230,65585,118872,10093,9818,20200,26754,23047,38519,29989,55719,41808,54964,44071,43981,106390,136283,56989,103149,1220689,722886,177595,77976,645962,905,116,206,119
2021-04-22T23:59:59+02:00,43,55,27026,31081,58910,78610,67540,101257,87601,144123,135091,167263,207498,228475,206755,261602,65386,118476,9968,9722,19950,26457,22694,38086,29478,55207,41061,54330,42914,42667,104397,133831,56760,102752,1179177,715407,170146,74079,637626,784,116,201,115
2021-04-21T23:59:59+02:00,43,51,26530,30559,57578,77506,65658,99628,84558,141482,127908,160448,194419,213141,204607,258715,65160,118050,9837,9636,19718,26206,22406,37761,29122,54756,40509,53797,42068,41650,102202,131042,56505,102338,1127676,708850,167260,69988,631260,712,116,196,113
2021-04-20T23:59:59+02:00,42,50,26104,30089,56415,76360,63982,98047,82008,138910,122823,155385,182947,199684,202180,255578,64924,117621,9733,9546,19498,26018,22114,37491,28710,54341,39970,53265,41252,40718,99982,128056,56168,101801,1085048,701297,163773,66740,624482,632,114,193,106
2021-04-19T23:59:59+02:00,42,49,25738,29730,55441,75539,62695,96868,79879,136985,119299,152004,177194,192844,200470,253343,64739,117289,9625,9453,19267,25798,21870,37217,28395,53950,39457,52734,40456,39811,96877,124071,55763,101088,1060488,690921,161942,64322,617879,595,113,183,106
2021-04-18T23:59:59+02:00,41,44,25430,29468,54674,74994,61572,95921,78020,135558,115934,149611,172087,187288,199459,252113,64627,117096,9551,9378,19078,25622,21693,37052,28179,53674,39198,52484,40128,39428,95664,122523,55580,100787,1046500,687052,160274,62393,607318,580,113,180,105
2021-04-17T23:59:59+02:00,40,43,25322,29375,54303,74796,61056,95568,77367,134958,115085,148872,167832,182402,198924,251387,64593,117031,9506,9319,18940,25435,21506,36822,27951,53400,38934,52217,39829,39104,94899,121599,55515,100703,1035608,683038,160246,62079,603254,568,113,180,105
2021-04-16T23:59:59+02:00,40,43,24947,29125,53314,74187,59769,94690,75740,133629,110934,144730,160187,173632,197265,249183,64485,116822,9300,9144,18546,25002,20921,36248,26842,52495,36910,50617,36516,36161,91712,118073,55113,100048,1009693,667951,159453,55165,593730,538,112,177,104
2021-04-15T23:59:59+02:00,37,39,24472,28676,52064,73020,57806,92966,72464,130790,105476,139456,152330,164660,192612,243313,64188,116206,9126,8981,18177,24579,20429,35586,26164,51697,35519,49387,34406,34110,88594,114334,54605,99190,977512,654830,157401,49575,575812,488,111,175,100
2021-04-14T23:59:59+02:00,35,36,24133,28349,51128,72082,56463,91578,70078,128629,101481,135689,143135,154283,184872,233434,63846,115539,8718,8709,17702,24073,19894,34939,25254,50820,34229,48269,32362,31958,85615,110684,54113,98328,939642,639929,154732,45355,560566,393,110,170,99
2021-04-13T23:59:59+02:00,35,36,23894,28131,50431,71546,55518,90749,68443,127215,97756,132252,131315,141163,178480,225107,63508,114951,8483,8536,17356,23664,19470,34402,24588,50027,33161,47250,30979,30597,83459,108293,53755,97783,906400,630578,150215,40964,544064,271,110,168,98
2021-04-12T23:59:59+02:00,35,35,23685,27942,49877,71035,54652,90018,66972,125925,95126,129930,124204,133131,175256,221157,63237,114460,8246,8348,16991,23367,19098,33965,24117,49494,32494,46623,29452,29058,81796,106356,53428,97262,889989,622137,148670,37711,528169,257,108,164,96
2021-04-11T23:59:59+02:00,34,35,23510,27780,49349,70613,53921,89564,65829,125120,93268,128451,118716,127113,171338,216553,63067,114163,8111,8215,16695,23088,18780,33654,23759,49113,32049,46238,28817,28393,80779,105109,53219,96944,882514,616847,144260,35889,511809,243,103,158,93
2021-04-10T23:59:59+02:00,34,35,23449,27723,49182,70476,53721,89404,65499,124850,92745,128016,116632,124582,169897,214703,63025,114063,7523,7609,15805,22302,17822,32812,22639,48080,30937,45243,28156,27682,78690,102500,52952,96508,875514,601526,143404,35510,509280,239,97,158,93
2021-04-09T23:59:59+02:00,33,35,23200,27473,48680,69985,53083,88715,64501,123724,90921,126110,107801,113639,166516,210293,62826,113706,6563,6708,14275,20981,16102,31256,20496,46114,28726,43233,26379,25858,75185,98318,52407,95668,856081,574065,136348,33995,498981,226,86,153,90
2021-04-08T23:59:59+02:00,33,35,22903,27227,48104,69496,52328,88017,63192,122640,88502,123946,97489,101635,160972,203441,62496,113137,5919,6120,13088,19960,14843,29918,18858,44401,26236,40903,23360,22890,70527,92533,51255,93905,837385,542476,127455,32066,480931,197,77,151,88
2021-04-07T23:59:59+02:00,31,34,22591,27000,47299,69035,51398,87402,61804,121655,85358,121501,88299,91343,153968,194653,62202,112580,5539,5796,12428,19284,14027,29092,17819,43351,24332,39013,20829,20366,66565,87763,50260,92287,816978,519015,121853,29595,459506,169,70,144,84
2021-04-06T23:59:59+02:00,30,34,22382,26839,46768,68653,50807,86878,60773,120880,83249,119759,80542,82535,147601,186692,61857,111952,5344,5637,12076,18926,13674,28660,17284,42789,23475,38206,19703,19337,63409,83663,49339,90901,797698,505655,118642,26646,442079,159,64,139,81
2021-04-05T23:59:59+02:00,30,33,22283,26714,46456,68306,50418,86479,60226,120187,82069,118607,76061,77438,142598,180591,61656,111636,5204,5499,11815,18674,13380,28347,16961,42415,23029,37746,19241,18868,60525,80106,48639,89834,788253,496314,116889,23853,426836,155,60,135,81
2021-04-04T23:59:59+02:00,30,33,22234,26654,46335,68035,50247,86166,59945,119686,81559,117975,74618,75732,141894,179618,61619,111554,5199,5491,11797,18661,13368,28330,16942,42398,22932,37674,18835,18546,59087,78261,48433,89523,785712,491524,116781,23850,421637,148,56,133,78
2021-04-03T23:59:59+02:00,30,33,22172,26573,46212,67926,50083,85991,59629,119374,80991,117395,73272,74097,140777,178081,61536,111405,5190,5482,11784,18642,13345,28310,16909,42351,22826,37600,18700,18395,58737,77696,48344,89377,779345,489737,116739,23850,419689,147,55,132,78
2021-04-02T23:59:59+02:00,30,33,22094,26488,46051,67759,49865,85743,59159,118923,80112,116583,71717,72209,138497,175095,61339,111045,5170,5445,11736,18600,13290,28228,16820,42202,22554,37126,18344,18032,56401,74818,47532,88276,770218,481269,114963,23208,417760,147,51,130,76
2021-04-01T23:59:59+02:00,27,31,21899,26284,45634,67239,49218,85003,58284,117983,78232,114914,68451,68777,134400,169905,61013,110464,5023,5301,11463,18336,13066,27992,16499,41893,22049,36686,17521,17287,51554,68784,45856,85819,758526,463212,108862,21836,410573,135,46,126,75
2021-03-31T23:59:59+02:00,27,31,21571,26065,45232,66713,48721,84351,57554,117047,77074,113672,66403,66458,129638,163783,60611,109741,4945,5249,11365,18215,12905,27841,16260,41624,21461,36174,16394,16386,46332,62362,44471,83826,748759,444830,101692,20911,404448,132,41,124,70
2021-03-30T23:59:59+02:00,27,30,21394,25843,44831,66095,48215,83555,56843,115995,75936,112293,64560,64438,125256,158031,60143,108842,4878,5164,11261,18089,12712,27651,15932,41302,20887,35626,15562,15584,43575,58954,43359,82031,738570,432983,97465,19547,396510,105,34,118,69
2021-03-29T23:59:59+02:00,26,30,21196,25605,44369,65546,47739,82866,56109,114916,74702,110860,62070,61690,118517,149403,59373,107448,4780,5091,11156,17973,12559,27486,15687,40982,20429,35160,14914,15043,40983,55968,42252,80204,718036,421780,94043,18867,390605,90,32,117,68
2021-03-28T23:59:59+02:00,26,30,20990,25314,43869,64857,47223,82123,55430,113909,73758,109753,60812,60258,113812,143437,58930,106689,4725,5032,11011,17823,12301,27186,15495,40737,20262,34926,14674,14799,39907,54551,41902,79664,711504,417457,86736,17545,383199,69,32,114,62
2021-03-27T23:59:59+01:00,26,30,20870,25157,43577,64494,46859,81596,54929,113223,73082,109015,59657,59174,112326,141728,58863,106607,4712,5020,10984,17804,12283,27156,15134,40308,19862,34489,14383,14589,39422,53863,41429,78847,706230,413404,86032,16892,379168,65,32,113,62
2021-03-26T23:59:59+01:00,26,29,20619,24645,42771,62792,45890,79570,53594,110201,71066,105400,57646,57286,109572,138487,58535,106089,4693,4987,10961,17752,12213,27065,15056,40198,19521,33892,13913,13936,36349,50017,39372,75593,694820,398867,82713,16674,366899,53,29,113,62
2021-03-25T23:59:59+01:00,26,26,20187,23973,41896,61031,44795,77020,52082,106675,68678,101638,55048,54650,106259,134522,57965,105096,4647,4932,10870,17649,12092,26920,14875,39979,19246,33585,13443,13446,32503,44961,36375,71047,683393,380507,78518,16090,349872,48,26,110,62
2021-03-24T23:59:59+01:00,26,26,19783,23525,41113,59758,43775,75482,50702,104750,66576,99310,52266,51735,102007,129423,57324,104020,4592,4866,10777,17506,11925,26716,14645,39693,18879,33168,12988,12998,29933,41752,33257,66198,670588,364933,73642,15000,337590,41,21,108,61
2021-03-23T23:59:59+01:00,26,26,19536,23223,40553,58843,43050,74387,49664,103235,64913,97450,49973,49394,99255,126213,56767,103180,4533,4795,10678,17381,11779,26532,14401,39381,18468,32781,12495,12494,27500,38645,29568,60283,662450,347331,70298,14423,327160,40,20,106,61
2021-03-22T23:59:59+01:00,26,26,19314,22806,39910,57959,42383,73347,48719,101849,63439,95816,48146,47510,96859,123475,56295,102409,4476,4749,10590,17265,11648,26354,14243,39140,18227,32480,12182,12121,25662,36287,25581,53823,656141,330999,67495,13868,316872,35,20,103,60
2021-03-21T23:59:59+01:00,26,26,19175,22547,39418,57203,41833,72503,48066,100694,62496,94584,47101,46487,95216,121625,55923,101830,4460,4740,10554,17217,11601,26268,14183,39053,18146,32379,12062,11987,25233,35837,25228,53264,653563,328801,65467,13455,307941,34,18,101,57
2021-03-20T23:59:59+01:00,25,26,19117,22403,39206,56708,41593,71943,47755,100058,62055,93983,46447,45721,92618,118392,55634,101344,4451,4732,10545,17205,11573,26251,14141,39017,18067,32304,11908,11827,24592,35065,24464,52179,647090,325098,65019,13267,303134,34,18,101,57
2021-03-19T23:59:59+01:00,24,25,18761,21837,38074,54583,40312,69950,46019,97970,59174,91227,42012,41851,87399,112627,54932,100265,4429,4718,10512,17154,11508,26139,14049,38845,17832,32005,11558,11544,22923,33007,22780,49619,629338,315766,57808,12905,290111,29,17,97,57
2021-03-18T23:59:59+01:00,24,24,18367,21188,36898,52428,38774,67162,43864,93499,55334,85433,37988,38053,82668,107153,53845,98612,4409,4689,10446,17051,11430,25984,13904,38658,17620,31805,11324,11361,21679,31490,21064,47021,612430,307694,52065,12292,267029,27,16,96,55
2021-03-17T23:59:59+01:00,24,23,17941,20836,36173,51510,38008,66205,42784,92142,53543,83607,35316,35268,78655,102333,52902,97140,4386,4661,10384,16958,11356,25851,13792,38470,17424,31613,11086,11136,20430,30072,19472,44616,595773,300176,47661,11582,261180,24,16,93,55
2021-03-16T23:59:59+01:00,24,23,17582,20417,35427,50440,37195,65010,41686,90469,51703,81620,33116,33255,74622,97375,52022,95825,4336,4610,10311,16829,11264,25698,13692,38233,17292,31370,10912,10955,19151,28547,17989,42290,582507,292385,42975,11147,252530,24,12,92,54
2021-03-15T23:59:59+01:00,24,23,17302,20053,34717,49462,36403,63820,40781,88989,50441,80019,31392,31419,71334,93283,51327,94691,4314,4575,10245,16706,11198,25498,13575,37945,17144,31100,10747,10797,18420,27583,16731,40429,571374,286567,39649,10501,244663,24,2,90,54
2021-03-14T23:59:59+01:00,24,22,17033,19627,33862,48253,35503,62502,39723,87163,49186,78291,30226,30181,69341,90722,50883,94016,4290,4556,10200,16629,11142,25356,13515,37723,17054,30938,10675,10711,18240,27303,16469,39867,564258,285370,37771,9370,234736,15,0,86,54
2021-03-13T23:59:59+01:00,24,22,16216,18566,32362,46216,33928,60364,37681,84082,47050,75734,28877,28828,67324,88092,50614,93625,4290,4556,10198,16623,11139,25349,13506,37716,17047,30929,10640,10680,17492,26419,15424,38414,547898,281123,37487,9369,224410,15,0,86,54
2021-03-12T23:59:59+01:00,23,21,15117,17191,29922,43567,31262,57225,34816,79229,43836,71270,26039,25637,63018,82791,49630,92222,4277,4523,10179,16561,11121,25300,13462,37598,16957,30799,10365,10452,16603,25175,14353,36892,519861,275329,36177,9358,206957,12,0,84,53
2021-03-11T23:59:59+01:00,22,21,14074,15732,27668,40874,28939,54041,32226,74840,40080,66380,22639,22162,57014,75494,47713,89406,4236,4482,10099,16442,11008,25075,13345,37288,16792,30495,10064,10241,15972,24334,13686,35617,487864,271334,34587,7919,187035,9,0,82,49
2021-03-10T23:59:59+01:00,22,21,13479,15031,26260,39261,27284,52222,30662,72521,37561,63256,19887,19608,51103,68361,46161,87077,4202,4438,10000,16275,10889,24824,13197,36870,16593,30122,9822,10058,15229,23562,13026,34592,461446,266602,32541,7175,175950,7,0,79,47
2021-03-09T23:59:59+01:00,21,20,13197,14565,25136,38221,25868,51036,29598,70869,36184,61422,18703,18484,47595,63921,45040,85286,4177,4412,9915,16109,10785,24565,13044,36553,16417,29885,9698,9955,14564,22725,12528,33818,447845,262887,30008,6342,167460,7,0,79,45
2021-03-08T23:59:59+01:00,20,20,12865,13956,24056,37109,24600,49899,28665,69388,34952,59805,17633,17604,43474,58939,43813,83299,4162,4376,9853,15911,10682,24301,12911,36195,16288,29621,9614,9871,14069,22120,12214,33377,432396,259698,28009,5950,159836,2,0,78,44
2021-03-07T23:59:59+01:00,20,20,12631,13663,23464,36256,23902,49022,28063,68519,34342,59043,17369,17352,42404,57486,43447,82737,4150,4363,9831,15869,10655,24227,12881,36025,16231,29507,9592,9842,13871,21866,12080,33174,427625,258641,26193,5607,156066,0,0,74,44
2021-03-06T23:59:59+01:00,20,20,12518,13371,23062,35523,23368,48233,27014,66987,33242,57279,16981,17022,41758,56596,43146,82269,4147,4349,9820,15842,10637,24193,12871,35984,16213,29476,9574,9802,13825,21828,11977,32963,423554,258264,26129,5323,148867,0,0,74,42
2021-03-05T23:59:59+01:00,20,20,12105,12768,22379,34321,22684,47004,26258,65360,32007,54860,16333,16188,38295,52289,40990,78827,4120,4302,9750,15742,10587,24045,12803,35789,16126,29271,9480,9732,13640,21615,11605,32352,408356,256573,24676,4473,139810,0,0,74,40
2021-03-04T23:59:59+01:00,18,20,11346,11757,21192,32595,21470,44953,24902,62709,30314,52506,15605,15467,34294,47128,37912,74145,4071,4211,9636,15450,10484,23686,12670,35257,15984,28870,9302,9579,13482,21405,11520,32206,389926,253520,22600,4380,125938,0,0,74,37
2021-03-03T23:59:59+01:00,16,20,11036,11263,20504,31376,20696,43592,23994,60960,29269,50864,15125,14965,31683,43807,34823,69370,4031,4148,9555,15280,10405,23434,12564,34835,15805,28523,9117,9453,13356,21188,11374,31936,374471,250878,21804,4214,117219,0,0,70,34
2021-03-02T23:59:59+01:00,16,20,10775,10835,19859,30406,19983,42574,23209,59573,28296,49587,14500,14318,29009,40440,30932,63153,3983,4076,9493,15114,10336,23168,12459,34402,15704,28214,8992,9350,13217,20999,11298,31791,356281,248469,20296,4213,111033,0,0,69,34
2021-03-01T23:59:59+01:00,14,19,10603,10576,19346,29602,19420,41690,22621,58501,27581,48464,14083,13865,26947,37859,26668,56262,3967,4026,9438,14959,10272,22870,12378,34026,15599,27892,8908,9288,13036,20729,11182,31608,339064,246050,19180,4213,105997,0,0,69,34
2021-02-28T23:59:59+01:00,13,19,10434,10374,18878,28953,18883,40951,22140,57648,27091,47670,13876,13622,26340,37198,26263,55660,3951,4012,9413,14926,10253,22819,12362,33956,15572,27846,8881,9264,12905,20550,11119,31459,336595,245197,18323,4177,101212,0,0,69,33
2021-02-27T23:59:59+01:00,13,18,10255,9860,18550,28088,18625,40166,21857,56664,26766,46881,13605,13321,25673,36400,25343,54245,3939,4000,9391,14905,10221,22771,12323,33874,15526,27772,8860,9249,12885,20527,11097,31439,332706,244837,17601,4028,96137,0,0,69,33
2021-02-26T23:59:59+01:00,12,17,9460,9078,17652,26649,17844,37962,20929,53818,25306,44064,13141,12920,24088,34413,23817,51941,3858,3932,9313,14744,10147,22518,12243,33508,15411,27480,8781,9169,12819,20460,11058,31369,323589,242942,17348,3955,82282,0,0,69,31
2021-02-25T23:59:59+01:00,12,17,8305,8226,16335,25041,16579,35708,19695,50931,23600,41282,12666,12520,22812,32824,22318,49659,3734,3787,9147,14428,9927,21913,11990,32654,15086,26826,8585,9018,12556,20135,10918,31100,315975,238795,16576,3097,66083,0,0,66,30
2021-02-24T23:59:59+01:00,11,16,7941,7701,15682,24010,15953,34473,18983,49419,22812,40084,12273,12185,21512,31332,20639,47035,3662,3719,9006,14137,9751,21458,11786,32028,14824,26293,8444,8880,12414,19962,10853,30889,307759,236026,15609,2166,58794,0,0,66,29
2021-02-23T23:59:59+01:00,11,16,7458,7222,14867,22834,15267,33253,18263,48012,22095,39015,11962,11861,20173,29761,19027,44483,3621,3642,8886,13935,9612,21060,11597,31448,14526,25791,8276,8737,12287,19751,10781,30652,299651,233188,14809,1501,51217,0,0,65,27
2021-02-22T23:59:59+01:00,10,14,7351,7016,14485,22217,14916,32527,17798,47004,21599,38281,11760,11610,19424,28750,17711,42530,3592,3540,8749,13644,9449,20558,11342,30703,14157,25193,8029,8543,12088,19498,10675,30345,293774,229875,14199,315,47125,0,0,63,27
2021-02-21T23:59:59+01:00,10,14,7261,6890,14163,21771,14497,31945,17382,46353,21161,37787,11654,11508,19262,28536,17463,42196,3553,3500,8665,13520,9372,20342,11270,30411,14036,24925,7970,8481,12032,19389,10604,30181,292628,228035,13829,299,43490,0,0,61,27
2021-02-20T23:59:59+01:00,10,14,7144,6840,14038,21691,14381,31810,17263,46202,21002,37604,11555,11424,18480,27618,16405,40726,3550,3494,8655,13512,9362,20321,11256,30386,14022,24914,7965,8472,11968,19325,10550,30113,288367,227652,13632,298,42299,0,0,61,25
2021-02-19T23:59:59+01:00,8,13,6842,6588,13686,21253,14010,31143,16790,45406,20297,36736,10952,11022,17434,26289,15248,39118,3470,3471,8579,13484,9319,20264,11218,30293,13964,24820,7923,8412,11748,19053,10357,29783,281987,225948,13256,297,37681,0,0,58,23
2021-02-18T23:59:59+01:00,8,13,6445,6114,13059,20109,13371,29772,15974,43538,19424,35159,10723,10805,16842,25538,14671,38231,3285,3334,8245,12945,9025,19514,10868,29252,13596,23991,7719,8104,11162,18102,9860,28631,278409,217423,12675,297,28799,0,0,57,22
2021-02-17T23:59:59+01:00,8,12,6279,5772,12614,19229,12881,28582,15273,41818,18777,33834,10492,10553,16086,24725,13898,37045,3035,3174,7905,12429,8725,18724,10501,28205,13209,23139,7486,7869,10607,17251,9425,27816,273747,209289,11943,293,22271,0,0,55,22
2021-02-16T23:59:59+01:00,8,12,5953,5470,12078,18397,12380,27512,14729,40445,18184,32800,10338,10450,15418,23898,13390,36258,2853,3054,7602,11976,8418,18000,10105,27114,12751,22242,7217,7576,9897,16080,8700,26265,270219,199794,11447,137,16137,0,0,53,22
2021-02-15T23:59:59+01:00,8,12,5847,5289,11782,17753,12113,26729,14382,39452,17838,32033,10211,10339,14860,23246,13031,35722,2764,2973,7409,11654,8200,17493,9803,26268,12401,21560,6949,7292,9204,15024,8189,24985,267128,192159,10845,91,12760,0,0,50,21
2021-02-14T23:59:59+01:00,8,12,5579,5174,11533,17483,11889,26295,14150,39005,17647,31756,10166,10289,14626,22907,12867,35329,2714,2935,7295,11487,8072,17287,9627,25936,12222,21258,6854,7168,8982,14641,8002,24449,266127,188921,9911,89,10763,0,0,49,21
2021-02-13T23:59:59+01:00,8,12,5519,5136,11483,17446,11858,26263,14122,38973,17627,31737,10152,10261,14599,22874,12853,35311,2710,2932,7290,11480,8060,17265,9610,25901,12195,21215,6823,7134,8827,14429,7650,23821,265882,187415,9907,8,10532,0,0,48,20
2021-02-12T23:59:59+01:00,8,11,5002,4818,10914,17083,11541,25712,13804,38330,17296,31097,10042,10154,14418,22660,12772,35202,2659,2899,7195,11322,7960,17034,9463,25510,11982,20768,6640,6899,8464,13869,7057,22482,264192,182278,9896,6,6862,0,0,47,20
2021-02-11T23:59:59+01:00,8,11,4540,4517,10328,16402,11128,24904,13327,37071,16808,30238,9727,9893,14136,22212,12491,34516,2490,2625,6595,10130,7273,15299,8602,22890,10928,18683,5988,6189,7417,12257,6244,20168,260962,163853,8254,3,3127,0,0,45,15
2021-02-10T23:59:59+01:00,8,11,4294,4349,9993,15954,10820,24367,13016,36188,16394,29489,9509,9756,13954,22007,12399,34310,2127,2333,5658,8664,6467,13258,7616,19983,9801,16641,5444,5602,6430,10597,5472,18118,258311,144288,7754,2,838,0,0,42,3
2021-02-09T23:59:59+01:00,8,10,4230,4250,9869,15687,10711,23964,12842,35568,16182,29016,9330,9615,13759,21794,12257,34087,1732,1980,4875,7393,5693,11465,6698,17470,8718,14644,4868,4972,5381,9038,4741,16008,255855,125746,6975,1,434,0,0,41,3
2021-02-08T23:59:59+01:00,8,10,4196,4195,9775,15476,10602,23602,12723,35106,16037,28657,9236,9548,13557,21510,12148,33890,1567,1785,4315,6397,5029,9892,5880,14941,7702,12788,4315,4444,4406,7449,3980,13924,253472,108878,6460,1,428,0,0,39,3
2021-02-07T23:59:59+01:00,8,10,4031,4128,9619,15341,10500,23437,12643,34844,15925,28464,9195,9502,13411,21327,12074,33746,1352,1540,3896,5723,4615,9013,5455,13779,7217,11828,4062,4186,4177,7054,3820,13329,252376,101108,5915,1,0,0,0,35,2
2021-02-06T23:59:59+01:00,8,10,4022,4119,9608,15325,10487,23402,12621,34794,15907,28407,9176,9489,13393,21292,11968,33548,1200,1345,3663,5418,4431,8588,5238,13196,6938,11274,3928,4054,4051,6905,3542,12871,252033,96702,5629,1,0,0,0,35,1
2021-02-05T23:59:59+01:00,8,9,3949,4051,9536,15182,10421,23152,12536,34426,15793,28124,9092,9416,13321,21221,11619,32952,1059,1115,3382,4973,4172,8006,4923,12418,6556,10546,3673,3810,3893,6674,3034,11981,250154,90271,4738,0,0,0,0,35,1
2021-02-04T23:59:59+01:00,8,9,3891,3926,9415,14865,10244,22604,12349,33629,15576,27562,8970,9305,13096,20928,11504,32746,797,783,2557,3722,3238,6265,3972,9879,5236,8332,3001,3099,3281,5694,2647,10493,246199,73039,4513,0,0,0,0,33,1
2021-02-03T23:59:59+01:00,8,9,3822,3854,9312,14643,10140,22266,12216,33118,15426,27144,8861,9191,12958,20755,11427,32578,662,615,1930,2807,2504,4837,3002,7587,4011,6281,2189,2227,2390,4210,1917,7849,243473,55051,4341,0,0,0,0,32,1
2021-02-02T23:59:59+01:00,8,9,3754,3758,9213,14449,10042,21888,12075,32554,15224,26692,8735,9075,12836,20542,11343,32310,526,486,1462,2076,1913,3638,2258,5771,2993,4698,1549,1530,1629,2775,1334,5214,240254,39874,4339,0,0,0,0,30,1
2021-02-01T23:59:59+01:00,7,9,3714,3668,9135,14218,9936,21503,11938,31917,15041,26189,8616,8928,12727,20399,11294,32132,391,352,1019,1432,1262,2425,1471,3783,1862,2975,981,975,962,1692,764,3017,237118,25374,4339,0,0,0,0,29,1
2021-01-31T23:59:59+01:00,7,9,3696,3632,9081,14109,9867,21298,11870,31620,14938,25993,8561,8869,12675,20288,11249,32003,361,331,897,1242,1072,2052,1270,3230,1629,2606,883,884,861,1508,693,2710,235626,22238,4224,0,0,0,0,28,1
2021-01-30T23:59:59+01:00,7,9,3695,3629,9071,14096,9854,21275,11857,31600,14926,25979,8557,8864,12606,20219,11183,31925,345,307,837,1158,1015,1928,1206,3040,1554,2468,855,858,842,1468,678,2657,235306,21224,4131,0,0,0,0,28,1
2021-01-29T23:59:59+01:00,7,9,3635,3614,9011,14067,9825,21223,11824,31525,14878,25912,8533,8841,12421,19995,11003,31682,278,224,716,984,871,1568,1052,2651,1343,2144,766,767,794,1414,660,2604,234088,18842,4002,0,0,0,0,27,1
2021-01-28T23:59:59+01:00,7,8,3517,3527,8807,13679,9606,20710,11592,30943,14551,25417,8397,8739,11988,19376,10647,31101,131,57,297,361,378,610,462,1149,612,959,402,422,463,813,376,1571,229300,9067,3399,0,0,0,0,25,0
2021-01-27T23:59:59+01:00,7,8,3285,3392,8515,13261,9306,20087,11208,30109,14164,24679,8180,8527,11437,18573,10224,30338,80,33,204,223,245,413,306,801,433,657,305,306,342,605,281,1149,222593,6386,2788,0,0,0,0,25,0
2021-01-26T23:59:59+01:00,6,8,3121,3294,8233,12923,9043,19518,10904,29354,13768,24044,7942,8305,10861,17660,9578,29188,75,29,189,213,229,380,290,748,402,597,291,281,316,542,254,1019,215883,5858,1947,0,0,0,0,25,0
2021-01-25T23:59:59+01:00,6,8,3032,3200,7950,12442,8753,18815,10518,28354,13290,23281,7663,8104,10246,16842,9122,28287,67,21,168,191,195,321,251,627,351,494,254,236,262,464,205,832,209585,4942,409,0,0,0,0,22,0
2021-01-24T23:59:59+01:00,6,8,2988,3179,7865,12362,8679,18690,10409,28194,13161,23098,7619,8068,10180,16729,9074,28191,66,20,164,187,193,308,248,605,342,480,245,232,260,457,201,817,208275,4828,305,0,0,0,0,22,0
2021-01-23T23:59:59+01:00,6,8,2987,3178,7864,12359,8675,18680,10407,28180,13155,23093,7612,8065,10057,16562,8746,27605,65,20,164,187,192,307,246,605,340,480,245,232,260,457,201,815,207017,4819,303,0,0,0,0,21,0
2021-01-22T23:59:59+01:00,6,8,2924,3132,7740,12245,8592,18538,10297,28007,13074,22979,7581,8030,9859,16260,8228,26583,65,20,163,187,192,307,246,605,339,480,245,232,260,457,201,815,203866,4817,302,0,0,0,0,17,0
2021-01-21T23:59:59+01:00,6,8,2842,2962,7241,11332,8109,17392,9760,26382,12469,21766,7299,7707,9227,15321,7715,25539,59,18,147,173,175,276,220,530,302,440,221,207,233,380,176,693,192857,4253,302,0,0,0,0,15,0
2021-01-20T23:59:59+01:00,6,8,2481,2616,6358,9920,7362,15437,8810,23556,11362,19695,6699,7061,8136,13554,6900,23314,57,18,146,168,172,274,211,516,290,418,209,200,227,355,162,655,173048,4081,298,0,0,0,0,15,0
2021-01-19T23:59:59+01:00,6,8,2042,2261,5457,8530,6501,13546,7793,20776,10093,17459,5949,6183,6759,11379,5880,20278,41,12,97,124,118,168,148,353,191,290,133,114,141,238,114,489,150744,2772,217,0,0,0,0,15,0
2021-01-18T23:59:59+01:00,5,8,1770,1973,4699,7146,5548,11317,6596,17181,8671,14743,5070,5307,5385,9131,4812,16815,22,7,39,46,53,78,65,162,76,146,59,53,66,131,62,221,126140,1287,93,0,0,0,0,15,0
2021-01-17T23:59:59+01:00,4,8,1496,1683,4186,6352,5040,10186,6060,15614,8032,13482,4733,4960,5009,8458,4484,15810,8,2,9,15,16,28,20,50,29,57,24,23,20,31,13,47,115559,392,88,0,0,0,0,14,0
2021-01-16T23:59:59+01:00,4,7,1330,1480,3970,6031,4860,9749,5801,14950,7704,12789,4543,4733,4796,8182,4132,15207,0,0,0,1,1,2,1,1,1,2,0,1,1,0,0,1,110308,12,8,0,0,0,0,13,0
2021-01-15T23:59:59+01:00,4,7,1180,1254,3716,5610,4605,9184,5512,14112,7299,11989,4252,4439,4609,7875,3595,14162,0,0,0,0,0,0,0,0,0,0,0,0,0,0,0,0,103444,0,4,0,0,0,0,13,0
2021-01-14T23:59:59+01:00,3,4,906,943,2971,4424,3740,7369,4569,11368,5907,9646,3458,3572,3873,6649,3112,12363,0,0,0,0,0,0,0,0,0,0,0,0,0,0,0,0,84910,0,0,0,0,0,0,13,0
2021-01-13T23:59:59+01:00,3,3,771,790,2498,3692,3156,6146,3798,9427,4814,7769,2588,2657,2919,5068,2384,9446,0,0,0,0,0,0,0,0,0,0,0,0,0,0,0,0,67956,0,0,0,0,0,0,12,0
2021-01-12T23:59:59+01:00,2,3,639,659,2090,3028,2599,4996,3041,7588,3795,6103,1857,1839,1994,3433,1689,6445,0,0,0,0,0,0,0,0,0,0,0,0,0,0,0,0,51833,0,0,0,0,0,0,0,0
2021-01-11T23:59:59+01:00,1,1,495,524,1742,2451,2084,3995,2354,5767,2821,4428,1195,1135,1195,2024,933,3676,0,0,0,0,0,0,0,0,0,0,0,0,0,0,0,0,36845,0,0,0,0,0,0,0,0
2021-01-10T23:59:59+01:00,1,1,438,455,1481,2025,1745,3272,1947,4782,2344,3710,1054,1009,1051,1776,832,3223,0,0,0,0,0,0,0,0,0,0,0,0,0,0,0,0,31161,0,0,0,0,0,0,0,0
2021-01-09T23:59:59+01:00,1,1,407,410,1357,1848,1599,2982,1794,4334,2159,3379,982,940,996,1723,814,3180,0,0,0,0,0,0,0,0,0,0,0,0,0,0,0,0,28919,0,0,0,0,0,0,0,0
2021-01-08T23:59:59+01:00,1,1,310,281,1107,1502,1320,2310,1473,3554,1788,2762,848,832,908,1600,766,3025,0,0,0,0,0,0,0,0,0,0,0,0,0,0,0,0,24398,0,0,0,0,0,0,0,0
2021-01-07T23:59:59+01:00,1,0,145,76,400,507,484,793,593,1367,781,1201,467,480,559,964,465,1911,0,0,0,0,0,0,0,0,0,0,0,0,0,0,0,0,11197,0,0,0,0,0,0,0,0
2021-01-06T23:59:59+01:00,1,0,111,44,270,286,311,516,397,925,531,823,360,359,423,748,358,1444,0,0,0,0,0,0,0,0,0,0,0,0,0,0,0,0,7910,0,0,0,0,0,0,0,0
2021-01-05T23:59:59+01:00,1,0,87,31,191,231,245,428,319,816,448,701,344,345,407,716,351,1390,0,0,0,0,0,0,0,0,0,0,0,0,0,0,0,0,7054,0,0,0,0,0,0,0,0
2021-01-04T23:59:59+01:00,1,0,69,25,174,193,203,334,256,634,354,511,269,252,288,518,234,933,0,0,0,0,0,0,0,0,0,0,0,0,0,0,0,0,5250,0,0,0,0,0,0,0,0
2021-01-03T23:59:59+01:00,1,0,67,21,167,188,198,319,254,617,345,494,261,250,284,505,232,916,0,0,0,0,0,0,0,0,0,0,0,0,0,0,0,0,5121,0,0,0,0,0,0,0,0
2021-01-02T23:59:59+01:00,1,0,67,21,167,188,198,319,251,617,342,494,261,250,284,505,232,915,0,0,0,0,0,0,0,0,0,0,0,0,0,0,0,0,5114,0,0,0,0,0,0,0,0
2021-01-01T23:59:59+01:00,1,0,66,21,166,188,198,318,250,617,339,492,261,250,284,504,232,915,0,0,0,0,0,0,0,0,0,0,0,0,0,0,0,0,5104,0,0,0,0,0,0,0,0
2020-12-31T23:59:59+01:00,1,0,66,21,165,186,198,317,249,616,338,491,261,250,284,504,232,915,0,0,0,0,0,0,0,0,0,0,0,0,0,0,0,0,5096,0,0,0,0,0,0,0,0
2020-12-30T23:59:59+01:00,1,0,65,21,165,185,196,314,248,614,338,489,261,250,284,504,231,915,0,0,0,0,0,0,0,0,0,0,0,0,0,0,0,0,5083,0,0,0,0,0,0,0,0
2020-12-29T23:59:59+01:00,1,0,46,13,117,140,147,211,180,440,238,375,179,162,196,375,170,713,0,0,0,0,0,0,0,0,0,0,0,0,0,0,0,0,3704,0,0,0,0,0,0,0,0
2020-12-28T23:59:59+01:00,1,0,25,9,65,77,82,122,101,253,118,232,98,93,104,200,102,388,0,0,0,0,0,0,0,0,0,0,0,0,0,0,0,0,2071,0,0,0,0,0,0,0,0
2020-12-27T23:59:59+01:00,0,0,12,3,18,26,37,47,36,89,37,95,33,29,41,73,31,145,0,0,0,0,0,0,0,0,0,0,0,0,0,0,0,0,752,0,0,0,0,0,0,0,0
