Datum,<15_m,<15_w,15-24_1_m,15-24_1_w,25-34_1_m,25-34_1_w,35-44_1_m,35-44_1_w,45-54_1_m,45-54_1_w,55-64_1_m,55-64_1_w,65-74_1_m,65-74_1_w,75-84_1_m,75-84_1_w,>84_1_m,>84_1_w,<24_2_m,<24_2_w,25-34_2_m,25-34_2_w,35-44_2_m,35-44_2_w,45-54_2_m,45-54_2_w,55-64_2_m,55-64_2_w,65-74_2_m,65-74_2_w,75-84_2_m,75-84_2_w,>84_2_m,>84_2_w,bp_1,bp_2,mo_1,mo_2,az_1,az_2,ja,unb_1,unb_2
2021-07-25T23:59:59+02:00,22758,20976,232944,225876,345705,318741,367664,362071,434557,445680,491590,496038,340690,380944,240716,308115,70989,129883,139352,134566,249744,232380,280868,280439,370792,383761,438808,446895,319728,357587,229317,292708,67475,122733,3741124,3029886,505549,432461,804075,708405,185300,559,420
2021-07-24T23:59:59+02:00,22519,20791,232059,225059,345027,318131,367131,361580,434065,445272,491261,495778,340583,380851,240676,308055,70986,129874,136725,132018,247297,230325,278839,278667,368752,382092,437638,445962,319409,357278,229183,292544,67456,122704,3737271,3012234,504798,431239,804068,708069,183672,559,420
2021-07-23T23:59:59+02:00,22159,20446,230822,223912,343932,317352,366228,360837,433322,444597,490661,495335,340378,380622,240609,307956,70969,129843,131475,127312,242213,226246,274690,275153,365257,379067,435131,443874,318742,356593,228949,292252,67405,122627,3730733,2977828,504345,429639,804020,706071,180993,559,419
2021-07-22T23:59:59+02:00,21665,19977,228763,221987,342235,315870,364789,359604,432062,443499,489718,494472,339970,380191,240445,307729,70928,129769,127242,123352,236359,221830,268477,270196,358566,373725,429801,439479,317594,355367,228533,291750,67315,122486,3718653,2936583,502860,423932,803904,699984,178367,559,419
2021-07-21T23:59:59+02:00,21161,19464,226914,220202,340602,314387,363220,358071,430543,442151,488534,493342,339431,379685,240205,307452,70876,129677,123540,119857,230981,217644,263042,265734,350548,366880,425278,435793,316490,354228,228079,291193,67234,122313,3707921,2901601,499259,413215,803692,695276,175156,559,416
2021-07-20T23:59:59+02:00,20860,19190,225477,218771,339411,313260,362277,357219,429704,441392,487832,492717,339101,379331,240065,307237,70849,129591,119274,115689,224706,212544,257283,260615,343517,360841,420627,431526,315414,352983,227672,290613,67141,122132,3698882,2858342,498868,406084,803579,690957,173066,559,411
2021-07-19T23:59:59+02:00,20547,18899,223774,217112,338131,312043,361271,356267,428917,440629,487171,492118,338805,378977,239919,307013,70805,129493,116568,113142,220412,209028,252750,256711,339864,357711,418048,429372,314704,352262,227382,290226,67070,122010,3688530,2833661,498470,400884,803495,686688,171506,559,411
2021-07-18T23:59:59+02:00,20396,18774,222513,215888,336582,310678,360243,355372,428134,439941,486653,491584,338582,378698,239792,306837,70784,129432,115098,111772,217817,206896,250426,254644,337645,355884,416046,427705,314235,351782,227222,290009,67049,121943,3679401,2821591,497955,396634,803426,683039,170211,559,410
2021-07-17T23:59:59+02:00,20005,18355,221380,214849,336018,310147,359668,354871,427629,439500,486247,491301,338481,378583,239752,306785,70781,129422,113050,109695,215371,204612,247986,252470,335252,353764,414612,426451,313907,351393,227087,289842,67027,121904,3673942,2804240,497764,393931,803420,682271,168765,552,409
2021-07-16T23:59:59+02:00,19470,17852,218872,212754,334326,308883,358194,353602,426203,438320,485178,490453,338089,378229,239589,306629,70756,129386,109981,106928,210671,200742,243498,248882,331022,350114,411313,423765,313000,350487,226750,289434,66974,121823,3663925,2776876,497019,391622,803274,678487,162684,552,406
2021-07-15T23:59:59+02:00,18838,17238,216137,210386,332452,307218,356642,352182,424895,437164,484255,489614,337698,377815,239393,306377,70714,129283,106127,103770,202410,194591,236103,243354,324502,344963,404325,417394,311279,348700,226214,288774,66905,121626,3649198,2730888,496443,383384,803168,671140,159606,552,406
2021-07-14T23:59:59+02:00,18006,16523,213758,208128,330793,305723,355267,350861,423704,435991,483244,488671,337254,377359,239160,306069,70660,129198,102564,100489,196014,189477,230457,238734,320252,341519,400191,413808,309989,347396,225814,288219,66826,121474,3634604,2697644,495890,377932,803049,664400,156939,552,405
2021-07-13T23:59:59+02:00,17374,15881,211636,206145,329234,304390,353967,349661,422571,434934,482312,487831,336822,376896,238959,305833,70626,129109,98862,96987,189593,184133,223388,232723,313636,335526,391876,406019,308207,345486,225220,287437,66718,121277,3621176,2655378,495338,365378,802907,654997,154883,542,333
2021-07-12T23:59:59+02:00,16392,14967,208450,203023,327207,302696,352417,348220,421357,433763,481351,486941,336414,376438,238780,305609,70587,129032,95796,94288,184356,179872,216459,227092,306859,329536,386821,401770,306495,343631,224638,286709,66621,121109,3603109,2617395,494796,358303,802755,646646,153108,541,332
2021-07-11T23:59:59+02:00,15889,14500,207114,201769,326482,301994,351768,347615,420808,433276,480917,486607,336227,376240,238721,305507,70566,128992,94393,93013,181619,177586,213494,224830,304193,327405,384022,399405,304073,341061,224268,286248,66569,121012,3597021,2602569,494170,356335,802633,636335,151299,534,328
2021-07-10T23:59:59+02:00,15416,14042,205288,200011,325036,300750,350659,346661,420094,432687,480451,486213,336062,376074,238656,305421,70556,128972,93128,91760,179149,175506,210503,222366,301708,325271,382874,398375,303429,340399,224088,286064,66553,120987,3588539,2585939,493547,356112,802407,634686,148686,534,328
2021-07-09T23:59:59+02:00,15096,13766,203389,198187,323449,299318,349602,345715,419200,431985,479888,485741,335860,375856,238560,305302,70540,128938,90364,89049,175636,172297,206183,218234,296712,320689,379454,395409,302344,339183,223786,285699,66516,120923,3579510,2557131,492694,354063,802220,627119,146097,534,328
2021-07-08T23:59:59+02:00,14645,13347,199944,195247,320175,296681,347256,343760,417508,430552,478471,484684,335430,375418,238384,305058,70497,128862,86090,85315,168431,166684,198100,211866,289391,314613,372563,389239,299662,336285,223015,284771,66399,120666,3564421,2511204,488668,345477,801705,616853,141253,534,328
2021-07-07T23:59:59+02:00,14153,12897,196278,191457,317071,293877,344975,341750,415966,429103,477285,483602,334959,374866,238199,304790,70460,128758,82432,81901,161192,161023,189122,204745,281468,308109,365588,382469,296374,332702,222116,283675,66261,120421,3543518,2463531,487320,332186,801323,606938,138412,534,326
2021-07-06T23:59:59+02:00,13697,12530,192880,188112,313847,291173,342528,339483,414275,427559,476033,482484,334462,374317,238004,304502,70407,128672,78904,78369,154575,155558,181774,198563,272608,300202,359149,376420,293198,329480,221237,282589,66153,120190,3523900,2411422,484278,325287,800910,597492,136003,534,326
2021-07-05T23:59:59+02:00,13303,12197,188522,183912,309851,287876,340043,337188,412624,426032,474907,481427,333989,373804,237833,304260,70375,128589,75866,75576,149494,151504,177042,194457,265743,293970,353075,370904,289941,326049,220358,281480,66045,120021,3501331,2372584,483136,320863,800434,587180,131961,527,326
2021-07-04T23:59:59+02:00,13126,12042,184745,180093,307260,285887,338752,336132,411764,425264,474330,480953,333771,373554,237743,304137,70349,128537,73697,73711,146421,148969,174726,192430,263322,291920,349986,368707,286648,322673,219782,280818,65991,119903,3489348,2358920,481854,318579,799869,575713,127498,527,323
2021-07-03T23:59:59+02:00,11942,10994,178345,174129,303032,282453,336446,333977,409965,423469,473133,479899,333371,373110,237569,303891,70325,128494,71927,72145,144015,147103,172301,190362,260276,289208,347714,366859,284903,320696,219515,280458,65960,119854,3463183,2343281,480458,318385,799683,571241,121346,527,323
2021-07-02T23:59:59+02:00,10850,9911,174656,170695,300651,280270,334719,332292,408727,422288,472366,479218,333113,372794,237453,303709,70297,128447,69257,69488,140132,143846,167903,186360,254256,283808,342532,362184,281663,316986,218877,279689,65913,119770,3445233,2310369,478998,315630,799492,558702,118858,526,294
2021-07-01T23:59:59+02:00,9764,8994,171026,167304,296671,277028,332261,330057,406957,420722,471292,478277,332701,372335,237254,303437,70254,128369,64402,64788,133890,138560,160677,179901,244075,275009,331788,352470,276907,311735,217031,277447,65735,119458,3422963,2254394,476933,303362,799157,541089,115774,526,293
2021-06-30T23:59:59+02:00,9282,8607,167795,164278,291127,272449,328627,326755,405200,419207,470286,477315,332283,371852,237064,303141,70220,128284,61288,61954,128288,133896,154064,173927,234072,265902,318452,339255,271718,306226,215151,275129,65569,119140,3398188,2199626,474798,290600,798857,522357,112051,526,291
2021-06-29T23:59:59+02:00,8747,8089,164030,160539,286644,268231,325099,323477,403117,417146,468759,475914,331699,371218,236817,302789,70166,128177,58516,58986,123376,129517,148079,168429,222268,255256,309936,330931,265290,299057,213190,272681,65367,118795,3370934,2140683,472831,285965,798530,505023,108482,526,286
2021-06-28T23:59:59+02:00,8343,7714,160736,157109,281656,263952,321829,320650,400992,415236,467278,474618,331184,370611,236586,302480,70123,128083,56266,56656,119506,126037,143750,164364,213086,246874,304178,325558,260360,293780,211431,270456,65222,118531,3347241,2105161,468873,277414,797877,488548,105305,526,283
2021-06-27T23:59:59+02:00,8196,7592,159252,155605,279576,262162,320040,319134,399311,413888,466408,473920,330895,370325,236484,302323,70104,128035,55082,55563,117398,124346,141209,162253,209001,243515,300844,322712,256582,289806,208979,267554,65111,118344,3337378,2089846,466823,273960,796840,472494,102325,526,283
2021-06-26T23:59:59+02:00,7053,6499,156007,152287,277484,260288,317645,316909,398130,412745,465714,473217,330627,370040,236379,302165,70080,128005,54540,54986,116079,123210,139802,161028,206768,241521,298326,320318,255055,288159,208646,267146,65084,118274,3318397,2073222,464021,273879,796833,470006,102192,470,230
2021-06-25T23:59:59+02:00,5842,5387,151728,148028,274125,257367,315602,314957,396836,411508,464721,472398,330342,369710,236254,302012,70053,127957,53264,53372,113621,120527,135747,156491,198045,233103,292668,314476,253338,286053,208058,266346,65013,118155,3293632,2030952,462606,272197,796785,463458,101972,470,230
2021-06-24T23:59:59+02:00,4998,4611,147328,143947,269360,253486,311362,311212,394679,409660,463365,471285,329929,369254,236089,301777,70020,127871,50637,50801,108537,115845,128470,149886,186085,222700,281291,304289,247997,280254,206237,264014,64810,117755,3262816,1969242,460636,260504,796621,449785,100325,469,230
2021-06-23T23:59:59+02:00,4785,4410,144201,140873,265719,250386,306168,306451,392199,407342,461975,469977,329404,368640,235861,301469,69972,127769,48718,48730,104770,111961,122833,144246,176245,214082,269385,292373,243413,275473,204910,262322,64649,117395,3235605,1913307,457142,250700,796467,439131,98552,469,229
2021-06-22T23:59:59+02:00,4541,4182,141146,137774,262046,247037,300082,301048,389590,404815,460446,468510,328866,368040,235643,301120,69925,127664,47036,46997,101189,108685,118067,139699,163700,202979,258532,282119,239366,271011,202997,259919,64398,116927,3203819,1855211,455241,243027,796285,428231,97293,467,221
2021-06-21T23:59:59+02:00,4284,3937,137898,134853,257377,243178,294873,296215,386582,401967,458984,467168,328350,367487,235418,300813,69885,127553,45821,45782,98819,106486,115344,137011,157514,197243,251690,275515,234037,265201,199091,255423,64214,116554,3172340,1824436,453222,237536,796069,408544,95350,467,221
2021-06-20T23:59:59+02:00,4143,3819,136400,133374,253247,239807,292346,294009,385200,400670,458204,466433,328132,367215,235307,300681,69865,127491,44715,44881,96599,104718,113097,135049,154505,194720,247417,271480,231078,261719,198119,254193,64133,116432,3155288,1804313,451478,234014,795898,400808,93833,467,219
2021-06-19T23:59:59+02:00,3731,3470,134263,131299,250523,237512,290586,292388,383375,399115,457364,465703,327913,366967,235204,300544,69844,127459,44179,44245,95340,103470,111636,133600,153014,193294,244217,268482,230370,260878,197951,253934,64111,116379,3139104,1788488,448674,232442,795890,400536,93742,467,218
2021-06-18T23:59:59+02:00,2785,2559,131002,128176,247032,234491,286612,289016,381001,397007,456026,464545,327542,366571,235051,300309,69817,127410,43405,43341,93774,101705,109358,130950,149494,189279,237411,261266,228657,258885,197468,253296,64036,116246,3113468,1759415,444299,231925,795864,393868,93470,467,218
2021-06-17T23:59:59+02:00,2552,2337,127315,124925,241057,230087,281433,284660,376245,393046,453727,462725,326959,365856,234812,299955,69751,127298,41188,41529,89747,98260,104511,126229,141675,181641,226070,249932,223479,252980,195822,251147,63777,115827,3079041,1704046,441340,227804,795610,383030,89050,312,205
2021-06-16T23:59:59+02:00,2283,2106,124111,121552,236185,225775,276768,280420,371101,388590,451163,460600,326231,365066,234526,299545,69686,127185,39374,39954,86232,95263,100191,122434,133487,174350,214029,238084,217279,245913,193912,248836,63525,115338,3045797,1644630,435839,222214,795096,375007,86462,310,204
2021-06-15T23:59:59+02:00,1897,1778,119215,116715,230235,220672,271455,275455,366058,383977,448335,458196,325372,364098,234180,299032,69604,127003,37764,38356,82927,92239,96246,118411,126475,167998,201745,226120,211286,239152,191969,246417,63215,114769,3001359,1587645,433924,216409,794535,367378,83766,299,202
2021-06-14T23:59:59+02:00,1636,1509,115186,112579,225042,215790,266113,270505,360803,379248,445229,455622,324592,363247,233868,298644,69542,126883,36790,37469,80667,90171,93566,115917,122389,164280,195188,219656,208192,235664,190840,244951,62998,114382,2959445,1558236,431587,214183,794274,359766,81038,297,201
2021-06-13T23:59:59+02:00,1563,1425,113695,111206,222606,213701,263585,268257,358556,377300,444059,454592,324318,362943,233733,298477,69511,126810,35937,36743,78827,88519,91572,114121,119577,161694,191356,215983,205127,232241,189811,243585,62766,113971,2944514,1544380,429157,206942,793968,351603,79003,297,199
2021-06-12T23:59:59+02:00,1415,1288,111052,108465,220718,211978,262210,266989,357126,375904,443165,453824,324032,362635,233641,298374,69493,126782,35569,36341,77846,87427,90331,112838,118019,160140,187817,212692,204096,231117,188414,241930,62756,113941,2928383,1531319,428182,206933,793949,344237,78881,296,198
2021-06-11T23:59:59+02:00,1268,1151,108522,105963,217839,209369,258555,263814,354002,373185,441452,452353,323595,362187,233508,298168,69466,126727,34902,35235,75853,84081,88111,109323,113936,155016,181159,205286,202012,228756,187813,241163,62694,113844,2904055,1503981,425402,206252,793766,330844,78201,296,196
2021-06-10T23:59:59+02:00,1109,998,103782,101573,211799,204631,251530,258019,347937,367902,436983,448593,322742,361221,233188,297722,69382,126576,33327,33761,71878,79929,83223,103855,107306,146860,168885,191702,195972,221901,186093,239033,62443,113443,2860601,1457128,418347,204520,792921,303939,74114,293,193
2021-06-09T23:59:59+02:00,962,869,99878,97887,205873,199924,244740,252331,341307,361969,433315,445584,322071,360482,232921,297344,69318,126444,31805,32517,68672,77293,79548,100706,102621,142607,157824,181013,185402,209970,184237,236793,62171,112951,2821789,1403416,409850,200558,792413,292747,69496,252,192
2021-06-08T23:59:59+02:00,780,688,95369,93365,199268,194379,237796,246342,333069,354713,428223,440933,321240,359484,232551,296860,69237,126307,30739,31670,66094,75009,76287,97995,98059,138710,150279,173573,176731,200300,182438,234560,61939,112585,2769978,1364414,404102,195673,791833,281969,65012,252,175
2021-06-07T23:59:59+02:00,622,547,92173,90277,193231,189694,231259,241118,325251,348560,425186,438500,320702,358856,232338,296536,69183,126211,29879,30829,63639,73073,73344,95845,94312,135792,142246,165821,172710,195708,181021,232762,61717,112203,2731113,1337434,397970,192398,791269,270955,60209,248,174
2021-06-06T23:59:59+02:00,584,511,90611,88967,189955,187162,227925,238372,320993,345172,423766,437426,320432,358566,232230,296377,69159,126164,29281,30277,61878,71404,71278,93858,91153,132744,136599,160072,170190,193098,179915,231365,61488,111823,2715772,1325655,390618,182791,790796,260569,57500,246,174
2021-06-05T23:59:59+02:00,505,431,88668,86954,185093,182948,225465,236238,319179,343540,422766,436508,320143,358242,232082,296209,69145,126132,28833,29532,60689,69479,69893,91734,89487,130512,131866,154767,167201,189445,179431,230708,61454,111757,2692363,1302133,390501,182326,790567,255286,57131,245,174
2021-06-04T23:59:59+02:00,405,347,86326,84436,181449,179359,221476,232301,315610,339922,420410,434325,319686,357709,231888,295981,69107,126069,28370,28867,59586,67840,68630,89676,87719,127918,128525,151128,162975,184695,178445,229446,61406,111671,2663208,1283431,386692,181557,790452,245230,56764,245,174
2021-06-03T23:59:59+02:00,313,273,83048,81378,175737,174726,214238,226231,307934,333241,412677,427474,318659,356535,231519,295536,69052,125938,27484,27862,57711,65673,66263,86956,84111,123836,121813,144482,156660,177128,176882,227426,61293,111434,2614423,1254388,376467,176284,790032,232532,53891,244,170
2021-06-02T23:59:59+02:00,265,214,80984,79224,171695,171032,210619,223109,304381,329918,410641,425644,318252,356086,231366,295331,69024,125888,27032,27390,56599,64577,64701,85703,82084,121919,116865,139615,148804,168194,176168,226474,61208,111265,2585799,1222335,375090,174324,790001,228934,53082,242,167
2021-06-01T23:59:59+02:00,169,148,76737,75408,163451,164494,201303,215402,295309,322064,402456,417823,316746,354476,230827,294600,68913,125661,25486,25977,52308,61649,59895,82435,76697,117451,109477,132441,137741,154839,174072,223749,60999,110839,2527253,1172401,363484,170233,789241,217192,46299,240,163
2021-05-31T23:59:59+02:00,148,131,74004,72941,157820,160202,194023,209465,287945,315712,396728,412864,315753,353368,230443,294082,68823,125490,24580,24928,49708,59458,56756,79933,73128,114206,105007,128022,133611,149959,172710,222036,60829,110508,2486916,1150102,354130,167942,788616,206838,40565,239,161
2021-05-30T23:59:59+02:00,137,123,72958,71882,155361,158188,191421,207121,285187,313209,394845,411124,315393,352958,230283,293848,68786,125410,23983,24154,48143,57755,55040,78101,70928,111670,102365,125176,131465,147446,171921,221107,60737,110298,2471118,1140402,351618,166637,788008,195532,37785,228,160
2021-05-29T23:59:59+02:00,134,122,72352,71293,153858,156791,189126,205095,283351,311629,394005,410348,315170,352714,230203,293770,68775,125392,23660,23632,47230,56264,53707,76230,69016,108834,100060,122394,128674,144034,171272,220202,60710,110246,2457252,1126873,351466,166574,787938,185019,37765,228,159
2021-05-28T23:59:59+02:00,129,119,71267,70176,151478,154539,185483,201572,280086,308497,392144,408584,314760,352216,230056,293556,68756,125335,23134,22634,45628,54144,51893,73687,66986,104906,95762,116519,124325,138998,170299,218896,60664,110132,2433500,1104390,350422,166361,787729,170529,37391,227,157
2021-05-27T23:59:59+02:00,118,111,67960,67167,145014,149618,177316,195339,273718,303354,385843,402916,313504,350775,229597,293025,68685,125153,21821,20955,42393,51110,48026,69889,62462,98920,89435,109034,120421,134392,167511,215204,60492,109819,2389039,1076085,342837,163626,785938,150554,31679,227,154
2021-05-26T23:59:59+02:00,114,108,65815,64997,140075,145545,171233,190289,266979,297698,379113,396235,311989,349173,229111,292332,68583,124942,21085,20048,40580,48984,45681,67164,59447,95134,84861,103947,115468,128687,163731,209882,60284,109393,2351850,1044277,329666,162065,784137,139138,28954,224,153
2021-05-25T23:59:59+02:00,113,104,63789,63015,135888,142069,166190,186010,259922,291429,373702,390861,310715,347776,228706,291688,68500,124764,20516,19388,39183,47476,43856,65156,56989,92153,80812,99587,110566,123029,158216,202674,60118,109093,2314403,1012953,322175,158650,781616,129947,27322,222,150
2021-05-24T23:59:59+02:00,110,103,62551,61814,133146,139978,162924,183605,252992,285453,368776,386195,309890,346860,228421,291306,68428,124636,20175,18989,38169,46412,42519,63681,55329,90152,78591,97095,109156,121387,157614,201894,60008,108896,2290711,1003707,311117,157358,779850,123283,25780,222,148
2021-05-23T23:59:59+02:00,105,103,62057,61299,132051,139089,161728,182574,251755,284435,367193,384768,309278,346204,228250,291081,68408,124600,19948,18807,37625,45861,41778,62991,54179,89164,77115,95742,107993,120000,156640,200679,59941,108759,2279248,995619,310542,154308,779802,121702,25655,222,147
2021-05-22T23:59:59+02:00,102,101,61364,60681,130577,138025,159367,180956,248790,282151,364722,382557,308754,345612,228074,290815,68382,124549,19633,18385,37018,45262,41142,62465,53529,88447,76352,94603,106447,118202,155870,199711,59914,108705,2261360,988948,310527,154306,779762,118294,24195,222,147
2021-05-21T23:59:59+02:00,98,98,60035,59248,127681,135442,156101,177645,243576,277398,358643,376883,307822,344524,227777,290418,68322,124442,19274,18020,36406,44495,40495,61419,52583,87056,74646,92314,103219,114266,154738,198265,59822,108530,2225412,975986,308894,153982,778202,111725,23914,214,146
2021-05-20T23:59:59+02:00,90,96,56991,56461,121965,130583,149192,171342,233293,268676,349638,368619,305296,341788,227011,289415,68190,124224,17980,17087,34240,42254,38051,58529,49778,83296,70730,87840,99118,109664,152290,195262,59643,108177,2167583,956799,302259,152048,772265,94117,21029,205,146
2021-05-19T23:59:59+02:00,89,94,54788,54271,116966,125912,142042,164743,222786,259342,339123,357755,302658,338927,226265,288377,68041,123948,17402,16308,33019,40675,36649,56473,47776,80530,67503,84280,95248,105203,148675,190555,59382,107685,2101845,933487,296023,150084,769311,84650,19202,205,136
2021-05-18T23:59:59+02:00,85,89,52700,52316,112188,121661,135687,159182,211242,248991,329277,347986,299994,335966,225391,287181,67889,123694,16885,15709,31820,39223,35309,54687,45977,78141,64630,81065,91263,100690,145492,186505,59171,107250,2042115,913355,286686,147239,765742,76054,17226,202,136
2021-05-17T23:59:59+02:00,82,86,51669,51323,109865,119615,132897,156540,204743,242996,321729,340921,298211,334003,224807,286359,67782,123482,16453,15269,30788,38184,34155,53414,44507,76357,62388,78681,86447,94849,144032,184624,59021,106935,2015387,901763,274454,139790,762347,69434,15170,201,135
2021-05-16T23:59:59+02:00,81,83,50887,50670,108431,118297,131159,154883,201787,240324,314309,333981,297194,332876,224500,285876,67730,123385,16172,14900,30041,37411,33289,52498,43448,75048,61062,77217,83044,90792,143247,183552,58934,106796,2000104,895727,264048,133047,759127,65311,13421,200,131
2021-05-15T23:59:59+02:00,81,83,50350,50037,107435,117313,130150,153775,199863,238395,310757,330782,296575,332189,224304,285606,67710,123321,16034,14738,29788,37108,33001,52068,42962,74404,60221,76237,82449,89980,142734,182888,58898,106749,1983958,890509,264031,132902,758266,64188,12716,199,130
2021-05-14T23:59:59+02:00,80,83,49098,48620,105192,115225,126567,150335,191674,231347,304471,324918,295601,331058,224019,285158,67663,123226,15534,14316,29009,36294,32237,50884,41891,72628,58662,74292,80552,87502,142125,181904,58858,106662,1946834,880921,262335,132025,753728,58779,11678,196,130
2021-05-13T23:59:59+02:00,77,82,47190,46679,101371,112010,121872,146239,181684,222792,293890,315127,292636,327642,223209,284021,67563,123019,14675,13874,28157,35599,31478,49990,40953,71547,57166,72732,76793,83175,139374,178314,58748,106447,1895371,868443,253760,125018,747538,54941,10668,192,129
2021-05-12T23:59:59+02:00,75,80,46281,45977,99460,110588,119821,144587,179146,220688,289166,309813,291474,326378,222967,283699,67525,122934,14510,13723,27840,35383,31077,49700,40512,71173,56632,72166,75464,81564,138599,177192,58662,106287,1872371,862748,251602,123241,747051,54671,9870,189,128
2021-05-11T23:59:59+02:00,71,74,44044,44508,95450,107523,114032,139869,165815,209441,277546,299075,288082,322475,222012,282298,67376,122636,14083,13158,26832,33963,29953,47909,39215,68904,54926,69906,72391,77996,137253,175371,58504,105930,1813638,850557,241932,120566,738583,46810,8407,185,126
2021-05-10T23:59:59+02:00,70,70,42800,43544,92862,105527,110793,137251,157448,202445,269702,291984,285913,320034,221438,281436,67251,122397,13741,12715,26076,32983,29161,46656,38224,67049,53708,68177,70316,75451,136114,173863,58385,105643,1778182,841718,235898,119520,731671,39630,7445,181,120
2021-05-09T23:59:59+02:00,69,70,41684,42777,90197,103789,108147,135491,152451,199041,264208,287074,284680,318653,221062,280907,67185,122251,13429,12499,25386,32317,28434,45854,37436,66090,52769,67227,69092,74051,135521,173036,58330,105512,1758958,837159,228827,118535,725721,34880,6457,180,120
2021-05-08T23:59:59+02:00,68,70,41393,42479,89354,103059,107068,134645,151014,197832,261665,285021,284179,318111,220941,280728,67169,122219,13327,12438,25258,32227,28289,45726,37247,65898,52431,66910,68131,73131,134460,171677,58283,105419,1747015,832585,228319,117794,725498,34105,6444,144,92
2021-05-07T23:59:59+02:00,66,69,40471,41765,87432,101729,104265,132441,146406,194042,255438,279523,282847,316517,220593,280271,67116,122096,12582,11954,24436,31496,27530,44668,36385,64640,51254,65402,65892,70452,132249,168873,58194,105241,1721348,822968,225124,115541,721380,27324,5491,144,91
2021-05-06T23:59:59+02:00,62,68,37834,40048,82700,98282,98299,127707,136256,185554,239032,265143,277734,310740,219305,278588,66941,121780,11897,11438,23503,30393,26538,43322,35033,62643,49522,63438,63416,67339,130154,166124,58081,105023,1655936,811945,215231,112447,710573,18967,4581,138,90
2021-05-05T23:59:59+02:00,60,65,35952,38859,79058,95703,93716,124069,128447,179035,224310,251129,271556,303610,217733,276599,66695,121256,11661,11164,22966,29671,25939,42399,34110,61245,48375,62030,60819,64243,127227,162439,57983,104772,1589843,799730,210177,108899,704566,14981,3509,138,89
2021-05-04T23:59:59+02:00,60,63,34850,37758,76343,93400,90222,121034,122896,174307,213719,240875,266077,297166,216293,274756,66487,120788,11501,10963,22564,29133,25481,41632,33399,60170,47272,60761,58108,61079,124874,159513,57833,104536,1540885,787918,205074,106277,698517,11843,2858,137,87
2021-05-03T23:59:59+02:00,59,61,33986,36707,74066,91591,87350,118692,118458,170673,207080,234879,262803,293308,215495,273675,66366,120493,11259,10694,22173,28559,25004,40935,32719,59207,46252,59624,55337,57749,121121,154636,57576,104099,1509192,772159,201968,104573,693614,9083,1205,135,86
2021-05-02T23:59:59+02:00,59,61,33637,36390,72899,90695,85892,117599,116043,168814,203989,232377,261845,292221,215211,273266,66301,120385,11191,10625,21985,28351,24779,40651,32384,58803,45801,59151,54150,56298,118070,150971,57493,103969,1498625,767179,199183,99044,689770,8188,339,134,84
2021-05-01T23:59:59+02:00,58,61,33323,36019,72140,89905,84824,116562,114586,167460,200918,229349,261156,291402,215002,272985,66290,120347,11177,10610,21932,28321,24720,40613,32323,58746,45718,59076,53909,56007,117911,150775,57484,103952,1483596,765873,199181,99004,689506,8140,335,133,84
2021-04-30T23:59:59+02:00,55,58,32782,35420,70936,88688,83367,114839,110819,163905,193542,222245,259165,289039,214554,272379,66230,120241,10859,10416,21573,28044,24446,40192,31998,58186,45257,58446,53016,54847,116963,149591,57429,103834,1450786,762213,198856,97023,688711,5803,139,132,81
2021-04-29T23:59:59+02:00,53,57,31287,34477,68035,86673,79750,112248,105724,159813,180762,210722,251254,279957,213359,270752,66096,119893,10557,10206,21099,27596,24018,39694,31418,57445,44461,57517,51192,52664,115117,147361,57329,103639,1396081,753423,191581,94352,683360,3501,119,126,79
2021-04-28T23:59:59+02:00,52,55,30055,33867,66175,85369,77272,110435,102312,156968,171100,201565,240421,267383,212082,269066,65899,119565,10374,10048,20803,27247,23656,39225,30999,56794,43736,56696,49079,50055,112545,144138,57207,103427,1343550,743921,188234,89825,677998,2276,90,122,77
2021-04-27T23:59:59+02:00,49,54,29300,33186,64607,83910,75282,108634,99563,154577,166397,196856,231929,257587,210937,267455,65779,119342,10252,9937,20522,26959,23421,38898,30644,56299,43056,56007,47081,47518,109908,140714,57090,103228,1309603,734144,185939,85827,670040,1561,89,120,73
2021-04-26T23:59:59+02:00,48,54,28873,32805,63516,83030,73790,107477,97292,152877,157799,188861,227747,252755,210232,266465,65688,119144,10160,9847,20311,26776,23185,38681,30349,55963,42447,55435,45279,45376,108022,138240,56995,103075,1280748,726214,184502,82748,663342,1181,86,118,71
2021-04-25T23:59:59+02:00,48,53,28623,32568,62743,82510,72732,106749,95570,151658,152433,183998,223423,247882,209644,265688,65623,119023,10105,9814,20232,26702,23099,38601,30237,55839,42287,55276,44866,44879,107344,137333,56967,103005,1268056,724561,178372,80981,654678,1049,84,118,70
2021-04-24T23:59:59+02:00,48,52,28280,32142,61810,81296,71550,105310,94028,150008,147545,178866,220642,244557,209174,265016,65589,118973,10091,9797,20191,26662,23050,38537,30157,55753,42138,55140,44624,44572,107095,137040,56946,102977,1243271,723484,178347,80285,653405,1007,83,118,69
2021-04-23T23:59:59+02:00,46,52,27536,31525,60245,79793,69768,103298,91448,147383,142788,174488,216101,239023,208521,264025,65527,118858,10040,9736,20082,26577,22919,38388,29925,55549,41776,54810,44006,43816,106037,135763,56789,102702,1218495,720151,177170,77818,644894,955,82,116,67
2021-04-22T23:59:59+02:00,44,51,26922,30926,58717,78364,67309,101090,87337,143901,134767,167016,207083,228048,206483,261395,65329,118463,9915,9640,19835,26286,22568,37957,29412,55035,41019,54174,42836,42493,104050,133323,56561,102304,1177064,712715,169739,73872,636576,831,82,112,65
2021-04-21T23:59:59+02:00,44,49,26434,30408,57396,77267,65432,99468,84314,141269,127600,160216,194037,212735,204336,258509,65104,118039,9786,9554,19604,26041,22285,37635,29062,54590,40472,53645,41993,41477,101873,130551,56308,101894,1125707,706214,166863,69808,630223,759,82,106,64
2021-04-20T23:59:59+02:00,43,48,26011,29942,56242,76129,63766,97894,81781,138703,122538,155170,182582,199308,201915,255385,64871,117618,9685,9465,19388,25855,21995,37367,28655,54181,39933,53114,41182,40549,99663,127575,55974,101357,1083224,698710,163380,66563,623478,681,80,104,61
2021-04-19T23:59:59+02:00,43,47,25646,29589,55281,75309,62488,96724,79663,136784,119028,151804,176852,192477,200209,253159,64690,117289,9577,9375,19158,25638,21753,37097,28341,53791,39426,52586,40388,39643,96575,123617,55570,100647,1058773,688405,161556,64151,616893,643,79,99,61
2021-04-18T23:59:59+02:00,42,45,25343,29330,54515,74765,61367,95781,77818,135368,115673,149415,171759,186937,199199,251935,64582,117099,9505,9301,18971,25467,21577,36932,28126,53516,39169,52337,40061,39258,95363,122076,55389,100352,1044858,684565,159894,62225,606355,628,79,99,60
2021-04-17T23:59:59+02:00,41,44,25234,29239,54144,74571,60852,95430,77168,134772,114829,148676,167516,182062,198665,251211,64547,117034,9460,9242,18833,25280,21391,36702,27901,53242,38904,52071,39765,38939,94606,121149,55325,100270,1033998,680571,159866,61911,602304,616,79,99,60
2021-04-16T23:59:59+02:00,41,44,24862,28991,53158,73966,59573,94556,75553,133444,110699,144544,159899,173299,197015,249010,64438,116826,9251,9067,18442,24858,20818,36131,26805,52347,36899,50483,36493,36049,91441,117658,54923,99615,1008161,665670,159080,55051,592810,576,79,98,59
2021-04-15T23:59:59+02:00,37,40,24389,28540,51913,72802,57622,92830,72290,130603,105235,139276,152048,164336,192365,243145,64142,116209,9077,8906,18074,24438,20327,35474,26129,51557,35512,49260,34391,34033,88349,113939,54416,98759,976007,652653,157032,49483,574914,525,78,97,57
2021-04-14T23:59:59+02:00,35,36,24047,28216,50978,71868,56285,91445,69910,128449,101257,135518,142864,153974,184630,233270,63802,115541,8674,8637,17602,23936,19794,34833,25221,50681,34227,48142,32354,31894,85381,110305,53927,97902,938191,637833,154367,45272,559698,427,77,94,56
2021-04-13T23:59:59+02:00,35,36,23810,28002,50285,71330,55346,90625,68278,127046,97538,132093,131050,140874,178245,224941,63462,114953,8440,8467,17260,23533,19376,34304,24560,49887,33162,47133,30975,30543,83251,107944,53571,97360,905009,628595,149858,40888,543214,305,77,92,55
2021-04-12T23:59:59+02:00,34,35,23603,27818,49737,70824,54486,89895,66824,125761,94914,129770,123954,132850,175023,220995,63193,114462,8203,8282,16905,23239,19010,33870,24091,49351,32495,46510,29461,29007,81596,106011,53245,96839,888642,620208,148326,37641,527339,286,77,91,55
2021-04-11T23:59:59+02:00,33,35,23432,27660,49214,70405,53760,89443,65690,124959,93061,128296,118484,126851,171105,216397,63025,114166,8071,8148,16609,22960,18694,33562,23735,48971,32051,46127,28828,28343,80578,104769,53037,96521,881202,614937,143921,35816,511021,271,76,91,54
2021-04-10T23:59:59+02:00,33,35,23371,27603,49048,70272,53561,89288,65365,124692,92538,127862,116404,124327,169668,214549,62984,114066,7486,7546,15719,22177,17739,32724,22615,47941,30941,45134,28169,27632,78488,102165,52770,96085,874227,599649,143069,35438,508501,264,72,91,54
2021-04-09T23:59:59+02:00,32,35,23127,27356,48550,69782,52924,88609,64372,123572,90717,125959,107601,113407,166298,210152,62785,113710,6528,6649,14197,20859,16021,31170,20482,45979,28744,43130,26399,25815,74996,98000,52229,95247,854877,572283,136027,33929,498219,253,67,87,53
2021-04-08T23:59:59+02:00,32,35,22833,27111,47972,69295,52175,87914,63071,122495,88307,123797,97314,101440,160770,203317,62459,113146,5888,6062,13012,19845,14764,29835,18843,44267,26251,40798,23390,22852,70362,92255,51092,93500,836266,540832,127154,31991,480210,218,57,85,53
2021-04-07T23:59:59+02:00,30,34,22523,26887,47175,68841,51253,87308,61688,121517,85183,121366,88149,91172,153781,194546,62166,112585,5508,5741,12358,19172,13953,29010,17801,43220,24348,38905,20857,20335,66421,87502,50100,91887,815928,517437,121575,29520,458850,185,53,84,52
2021-04-06T23:59:59+02:00,29,34,22313,26726,46651,68462,50667,86786,60657,120742,83083,119626,80398,82378,147431,186589,61823,111958,5316,5584,12013,18821,13603,28579,17268,42662,23487,38099,19733,19308,63274,83419,49181,90509,796691,504123,118369,26589,441445,174,49,82,50
2021-04-05T23:59:59+02:00,29,33,22217,26603,46340,68121,50286,86389,60111,120051,81906,118474,75930,77295,142439,180495,61622,111643,5178,5445,11752,18569,13309,28267,16948,42290,23043,37640,19270,18839,60405,79875,48483,89444,787284,494821,116621,23798,426232,169,46,80,50
2021-04-04T23:59:59+02:00,29,33,22169,26545,46220,67854,50117,86077,59832,119551,81399,117843,74493,75590,141739,179519,61585,111561,5175,5439,11737,18556,13298,28251,16930,42273,22946,37568,18864,18516,58971,78031,48278,89133,784756,490045,116518,23796,421042,162,42,77,48
2021-04-03T23:59:59+02:00,29,33,22107,26464,46097,67747,49956,85902,59516,119239,80832,117267,73149,73957,140628,177983,61502,111413,5166,5431,11724,18538,13275,28231,16896,42226,22841,37494,18728,18367,58621,77472,48189,88988,778409,488267,116476,23796,419097,162,41,76,48
2021-04-02T23:59:59+02:00,29,33,22030,26382,45937,67583,49739,85654,59049,118790,79954,116455,71595,72078,138352,175006,61305,111055,5147,5394,11677,18496,13221,28149,16807,42078,22568,37017,18371,18005,56282,74596,47379,87892,769315,479805,114702,23153,417171,162,39,75,46
2021-04-01T23:59:59+02:00,26,31,21833,26178,45520,67065,49096,84916,58174,117852,78075,114788,68340,68657,134279,169842,60987,110490,5003,5253,11407,18234,12998,27916,16485,41770,22070,36577,17558,17264,51460,68585,45705,85438,757694,461834,108625,21786,409995,148,34,73,45
2021-03-31T23:59:59+02:00,26,31,21507,25959,45120,66544,48606,84269,57447,116914,76922,113547,66303,66344,129532,163739,60585,109768,4925,5203,11312,18116,12839,27766,16246,41502,21480,36069,16430,16361,46261,62187,44332,83467,747960,443559,101486,20844,403888,145,30,71,41
2021-03-30T23:59:59+02:00,26,30,21332,25739,44723,65927,48102,83474,56744,115863,75789,112176,64468,64326,125161,157992,60118,108867,4858,5119,11207,17990,12648,27577,15919,41178,20905,35520,15598,15559,43505,58782,43217,81675,737803,431710,97272,19485,395959,116,26,67,40
2021-03-29T23:59:59+02:00,25,30,21135,25500,44264,65377,47626,82786,56009,114789,74571,110743,61986,61586,118438,149363,59348,107474,4761,5050,11102,17879,12497,27411,15672,40859,20449,35052,14946,15020,40922,55804,42113,79859,717315,420537,93855,18811,390056,102,26,67,39
2021-03-28T23:59:59+02:00,25,30,20931,25214,43767,64696,47113,82046,55331,113787,73633,109642,60728,60156,113741,143399,58904,106718,4707,4992,10956,17735,12243,27113,15481,40613,20282,34821,14709,14777,39844,54391,41765,79323,710802,416242,86560,17485,382675,82,26,66,36
2021-03-27T23:59:59+01:00,25,30,20812,25059,43475,64332,46754,81517,54833,113097,72963,108906,59575,59075,112261,141693,58837,106639,4694,4980,10929,17716,12225,27083,15121,40188,19883,34385,14416,14565,39359,53706,41292,78507,705540,412199,85861,16831,378657,76,26,66,36
2021-03-26T23:59:59+01:00,25,29,20561,24547,42673,62634,45788,79496,53501,110083,70956,105302,57569,57201,109516,138466,58511,106125,4676,4947,10905,17664,12156,26991,15043,40079,19544,33796,13949,13916,36300,49877,39237,75268,694190,397731,82561,16613,366406,62,23,65,36
2021-03-25T23:59:59+01:00,25,27,20129,23876,41800,60875,44696,76949,51992,106564,68572,101544,54979,54571,106210,134500,57940,105136,4630,4893,10814,17562,12037,26847,14859,39861,19270,33492,13475,13426,32457,44838,36246,70745,682788,379435,78369,16018,349403,57,21,64,36
2021-03-24T23:59:59+01:00,25,27,19731,23433,41029,59614,43688,75416,50625,104650,66485,99220,52199,51663,101967,129407,57303,104060,4576,4827,10721,17425,11872,26648,14629,39579,18903,33074,13020,12973,29895,41627,33135,65913,670019,363912,73502,14917,337201,51,16,62,36
2021-03-23T23:59:59+01:00,25,27,19485,23135,40469,58707,42969,74331,49596,103142,64836,97367,49913,49324,99213,126199,56744,103222,4517,4757,10622,17301,11726,26469,14387,39270,18487,32688,12518,12467,27468,38534,29479,60026,661926,346402,70162,14329,326797,47,15,60,36
2021-03-22T23:59:59+01:00,25,27,19266,22726,39835,57829,42306,73296,48654,101760,63365,95740,48086,47443,96817,123453,56272,102450,4460,4710,10536,17187,11596,26293,14230,39031,18248,32387,12209,12095,25638,36190,25539,53666,655648,330252,67358,13777,316525,45,15,59,35
2021-03-21T23:59:59+01:00,25,27,19131,22467,39348,57075,41761,72454,48008,100607,62425,94513,47043,46422,95175,121605,55902,101871,4446,4702,10500,17140,11551,26207,14170,38941,18168,32288,12090,11964,25212,35743,25186,53108,653083,328067,65333,13363,307621,45,14,58,35
2021-03-20T23:59:59+01:00,24,27,19071,22322,39138,56582,41524,71896,47697,99972,61988,93913,46393,45656,92580,118377,55617,101385,4437,4695,10491,17128,11524,26191,14127,38905,18086,32214,11931,11803,24573,34969,24424,52024,646635,324362,64887,13174,302816,45,14,58,35
2021-03-19T23:59:59+01:00,24,26,18718,21759,38008,54466,40248,69905,45967,97887,59115,91157,41964,41794,87373,112624,54918,100305,4417,4682,10458,17082,11460,26080,14037,38737,17851,31916,11579,11526,22907,32913,22747,49466,628918,315066,57697,12812,289817,38,14,56,35
2021-03-18T23:59:59+01:00,24,25,18325,21116,36836,52315,38708,67119,43816,93425,55273,85367,37941,38000,82650,107148,53831,98647,4397,4654,10390,16980,11382,25927,13888,38548,17634,31714,11347,11345,21662,31401,21037,46872,612012,306999,51961,12202,266761,35,14,56,34
2021-03-17T23:59:59+01:00,24,24,17906,20767,36112,51400,37948,66167,42737,92074,53488,83543,35275,35224,78631,102328,52887,97174,4374,4630,10328,16887,11310,25794,13775,38361,17436,31524,11110,11123,20424,29993,19448,44474,595385,299518,47571,11497,260917,32,14,55,34
2021-03-16T23:59:59+01:00,23,24,17550,20349,35368,50335,37134,64975,41642,90408,51653,81557,33074,33208,74617,97404,52007,95860,4324,4582,10255,16760,11219,25644,13677,38125,17301,31281,10940,10946,19146,28479,17967,42155,582171,291763,42886,11063,252292,31,11,54,34
2021-03-15T23:59:59+01:00,23,24,17272,19986,34663,49358,36346,63784,40739,88928,50394,79960,31357,31373,71338,93319,51310,94728,4302,4548,10189,16637,11153,25443,13563,37838,17152,31009,10773,10788,18416,27517,16712,40296,571065,285959,39567,10415,244438,29,0,54,34
2021-03-14T23:59:59+01:00,23,23,17004,19559,33812,48149,35447,62465,39687,87102,49142,78239,30195,30142,69345,90758,50865,94052,4277,4530,10144,16560,11096,25301,13503,37616,17062,30845,10702,10704,18234,27236,16450,39736,563963,284764,37691,9281,234523,18,0,50,34
2021-03-13T23:59:59+01:00,23,23,16196,18505,32324,46133,33878,60345,37653,84051,47020,75704,28849,28794,67331,88138,50596,93661,4277,4530,10142,16555,11093,25294,13494,37609,17056,30836,10665,10671,17489,26351,15405,38285,547623,280519,37406,9280,224350,18,0,50,34
2021-03-12T23:59:59+01:00,22,23,15096,17129,29884,43487,31213,57208,34794,79197,43814,71247,26018,25607,63031,82839,49617,92259,4265,4497,10124,16493,11075,25243,13449,37492,16965,30705,10390,10444,16609,25109,14337,36767,519635,274742,36095,9269,206904,15,0,48,33
2021-03-11T23:59:59+01:00,21,23,14059,15669,27642,40798,28895,54022,32207,74810,40066,66358,22622,22134,57031,75531,47688,89420,4224,4461,10043,16375,10965,25018,13333,37182,16800,30401,10088,10232,15976,24273,13669,35495,487633,270755,34507,7831,186990,12,0,47,32
2021-03-10T23:59:59+01:00,21,22,13465,14972,26237,39185,27249,52200,30648,72497,37553,63235,19878,19586,51117,68397,46137,87082,4190,4417,9944,16208,10847,24769,13186,36764,16600,30029,9852,10050,15232,23500,13010,34470,461242,266031,32464,7088,175906,10,0,46,32
2021-03-09T23:59:59+01:00,20,21,13182,14507,25118,38148,25838,51016,29587,70845,36175,61403,18701,18465,47611,63962,45012,85294,4166,4391,9860,16041,10744,24509,13033,36448,16426,29793,9729,9948,14571,22664,12515,33696,447659,262330,29941,6256,167423,10,0,46,30
2021-03-08T23:59:59+01:00,19,21,12852,13906,24037,37043,24571,49878,28650,69361,34944,59786,17623,17587,43497,58977,43784,83311,4151,4356,9799,15843,10642,24252,12900,36092,16299,29529,9647,9865,14078,22058,12201,33257,432214,259161,27935,5865,159814,4,0,45,30
2021-03-07T23:59:59+01:00,19,21,12619,13614,23444,36194,23875,49003,28052,68490,34337,59031,17363,17337,42432,57530,43417,82748,4139,4343,9779,15801,10615,24179,12868,35922,16242,29415,9625,9836,13880,21805,12065,33055,427463,258105,26123,5525,156053,0,0,44,29
2021-03-06T23:59:59+01:00,19,20,12506,13323,23042,35461,23346,48216,27008,66965,33239,57269,16977,17008,41787,56641,43116,82281,4136,4329,9768,15776,10597,24145,12858,35880,16224,29384,9608,9795,13833,21767,11962,32846,423405,257728,26059,5242,148871,0,0,44,28
2021-03-05T23:59:59+01:00,19,20,12096,12722,22361,34257,22664,46986,26252,65336,32008,54851,16334,16177,38328,52338,40960,78839,4109,4282,9698,15676,10548,23998,12790,35685,16138,29178,9512,9726,13647,21553,11592,32235,408227,256035,24608,4394,139817,0,0,44,27
2021-03-04T23:59:59+01:00,17,20,11337,11717,21174,32532,21448,44943,24898,62686,30313,52495,15604,15460,34325,47174,37883,74153,4060,4193,9586,15388,10446,23641,12658,35157,15993,28781,9339,9574,13491,21343,11508,32090,389799,253008,22534,4302,125948,0,0,44,25
2021-03-03T23:59:59+01:00,15,20,11032,11231,20486,31319,20678,43590,23997,60940,29272,50856,15129,14958,31716,43852,34798,69386,4020,4131,9507,15220,10367,23391,12552,34738,15817,28435,9157,9448,13366,21129,11362,31820,374373,250385,21743,4139,117260,0,0,41,23
2021-03-02T23:59:59+01:00,15,20,10769,10807,19842,30354,19965,42572,23215,59556,28301,49583,14502,14311,29041,40481,30914,63169,3972,4060,9445,15056,10299,23128,12451,34307,15716,28129,9032,9346,13228,20941,11285,31675,356201,247994,20234,4138,111077,0,0,40,23
2021-03-01T23:59:59+01:00,13,19,10598,10549,19331,29552,19405,41693,22626,58486,27589,48461,14087,13856,26973,37894,26663,56288,3957,4011,9390,14901,10235,22831,12371,33930,15611,27806,8950,9286,13045,20673,11170,31492,339003,245585,19125,4135,106047,0,0,40,23
2021-02-28T23:59:59+01:00,12,19,10432,10350,18864,28907,18874,40958,22149,57635,27104,47671,13880,13615,26367,37234,26259,55686,3941,3997,9366,14869,10216,22780,12354,33860,15585,27760,8924,9262,12915,20497,11107,31342,336564,244736,18265,4100,101277,0,0,40,23
2021-02-27T23:59:59+01:00,12,18,10253,9835,18535,28040,18616,40174,21864,56654,26776,46878,13604,13314,25700,36430,25337,54268,3929,3986,9345,14849,10184,22732,12315,33778,15542,27687,8903,9246,12906,20481,11103,31336,332659,244387,17543,3996,96194,0,0,40,23
2021-02-26T23:59:59+01:00,11,17,9457,9050,17634,26601,17835,37969,20936,53808,25317,44054,13138,12913,24112,34443,23816,51963,3848,3918,9267,14688,10110,22477,12234,33413,15425,27393,8823,9164,12839,20413,11062,31266,323554,242480,17290,3922,82313,0,0,40,21
2021-02-25T23:59:59+01:00,11,17,8298,8200,16312,24999,16568,35707,19699,50922,23609,41275,12665,12514,22833,32852,22321,49681,3726,3775,9105,14376,9890,21875,11980,32563,15100,26741,8627,9012,12580,20089,10921,30998,315939,238348,16520,3073,66105,0,0,39,20
2021-02-24T23:59:59+01:00,11,16,7933,7678,15657,23963,15939,34470,18984,49409,22818,40077,12269,12178,21527,31354,20642,47057,3654,3709,8965,14085,9715,21423,11780,31938,14837,26206,8486,8875,12438,19916,10856,30787,307700,235581,15555,2149,58806,0,0,39,20
2021-02-23T23:59:59+01:00,11,16,7449,7202,14845,22790,15254,33252,18264,47999,22100,39008,11962,11854,20190,29780,19028,44502,3614,3635,8845,13883,9580,21027,11593,31362,14538,25707,8317,8733,12312,19706,10786,30556,299590,232764,14754,1489,51239,0,0,39,20
2021-02-22T23:59:59+01:00,10,14,7342,6997,14462,22173,14904,32525,17802,46994,21606,38275,11765,11606,19442,28774,17715,42549,3584,3533,8707,13591,9416,20526,11339,30623,14166,25112,8070,8540,12114,19454,10682,30253,293737,229463,14144,305,47151,0,0,38,20
2021-02-21T23:59:59+01:00,10,14,7252,6872,14141,21732,14485,31942,17387,46342,21170,37780,11659,11505,19279,28561,17468,42216,3546,3493,8625,13468,9341,20309,11268,30332,14045,24844,8008,8478,12058,19347,10611,30090,292594,227629,13772,291,43522,0,0,38,20
2021-02-20T23:59:59+01:00,10,14,7135,6822,14016,21652,14369,31808,17268,46192,21012,37599,11560,11423,18499,27644,16412,40746,3544,3487,8615,13460,9331,20288,11254,30307,14032,24833,8003,8469,11993,19283,10557,30022,288344,227246,13575,290,42332,0,0,38,19
2021-02-19T23:59:59+01:00,8,13,6835,6570,13663,21213,13998,31140,16795,45397,20307,36730,10958,11022,17456,26313,15255,39138,3464,3464,8539,13433,9289,20231,11216,30216,13973,24739,7960,8410,11771,19010,10364,29691,281968,225540,13200,289,37712,0,0,35,18
2021-02-18T23:59:59+01:00,8,13,6438,6096,13036,20070,13358,29765,15980,43526,19436,35152,10728,10803,16866,25562,14678,38255,3279,3328,8206,12893,8997,19484,10867,29179,13608,23914,7755,8101,11185,18059,9867,28541,278399,217033,12618,289,28820,0,0,35,18
2021-02-17T23:59:59+01:00,8,12,6273,5753,12590,19190,12870,28575,15280,41803,18789,33827,10501,10552,16110,24748,13901,37065,3030,3168,7866,12379,8696,18695,10497,28136,13217,23064,7523,7865,10628,17210,9429,27724,273728,208896,11887,287,22295,0,0,35,18
2021-02-16T23:59:59+01:00,8,12,5947,5453,12053,18357,12366,27499,14735,40424,18197,32793,10348,10447,15442,23918,13393,36276,2848,3048,7565,11931,8390,17971,10102,27051,12752,22169,7253,7572,9911,16039,8703,26174,270192,199402,11391,132,16148,0,0,33,18
2021-02-15T23:59:59+01:00,8,12,5842,5276,11759,17716,12100,26715,14387,39431,17849,32023,10223,10337,14882,23264,13032,35737,2759,2968,7375,11610,8171,17467,9803,26209,12402,21487,6972,7289,9211,14984,8188,24893,267092,191758,10788,86,12776,0,0,33,17
2021-02-14T23:59:59+01:00,8,12,5574,5161,11511,17444,11877,26279,14153,38985,17658,31746,10178,10286,14648,22925,12867,35343,2709,2930,7261,11446,8042,17261,9628,25878,12224,21186,6877,7166,8991,14600,8000,24359,266091,188528,9852,85,10776,0,0,31,17
2021-02-13T23:59:59+01:00,8,12,5514,5123,11461,17409,11847,26248,14125,38953,17638,31727,10165,10259,14621,22894,12855,35326,2705,2927,7256,11439,8030,17241,9613,25844,12197,21143,6847,7132,8837,14388,7648,23733,265851,187028,9851,7,10548,0,0,30,16
2021-02-12T23:59:59+01:00,8,11,4998,4805,10890,17047,11529,25697,13806,38309,17310,31085,10054,10153,14437,22680,12775,35217,2655,2894,7163,11283,7929,17010,9463,25452,11980,20699,6667,6901,8476,13828,7056,22394,264156,181899,9840,6,6878,0,0,30,16
2021-02-11T23:59:59+01:00,8,10,4536,4506,10303,16366,11117,24890,13326,37047,16820,30225,9739,9893,14156,22232,12495,34534,2487,2620,6564,10095,7242,15278,8605,22842,10933,18623,6020,6189,7433,12213,6241,20075,260930,163508,8199,4,3137,0,0,28,15
2021-02-10T23:59:59+01:00,8,10,4290,4339,9966,15914,10808,24351,13014,36164,16404,29473,9525,9755,13975,22026,12403,34328,2127,2330,5629,8643,6445,13239,7616,19941,9813,16596,5476,5603,6450,10553,5466,18017,258281,143999,7700,2,835,0,0,27,2
2021-02-09T23:59:59+01:00,8,9,4227,4241,9843,15647,10699,23951,12843,35543,16192,29000,9347,9619,13780,21817,12261,34106,1732,1979,4853,7378,5675,11446,6697,17441,8726,14604,4899,4976,5403,9001,4736,15917,255842,125514,6923,1,431,0,0,26,2
2021-02-08T23:59:59+01:00,8,9,4193,4186,9751,15435,10591,23592,12725,35081,16052,28641,9255,9552,13578,21534,12152,33913,1568,1784,4297,6389,5015,9876,5878,14917,7708,12755,4340,4444,4420,7416,3973,13843,253475,108670,6408,1,425,0,0,26,2
2021-02-07T23:59:59+01:00,8,9,4028,4119,9595,15298,10488,23425,12646,34818,15940,28448,9214,9507,13434,21352,12079,33770,1353,1537,3878,5717,4602,8999,5454,13760,7226,11802,4084,4185,4191,7024,3814,13249,252374,100920,5862,1,0,0,0,26,1
2021-02-06T23:59:59+01:00,8,9,4019,4110,9585,15282,10475,23389,12624,34768,15923,28391,9194,9493,13416,21317,11974,33574,1201,1341,3645,5410,4416,8574,5234,13172,6946,11244,3947,4048,4066,6875,3536,12792,252031,96490,5578,1,0,0,0,26,0
2021-02-05T23:59:59+01:00,8,8,3946,4043,9513,15139,10407,23139,12539,34398,15808,28110,9110,9419,13343,21242,11625,32977,1060,1113,3365,4964,4158,7995,4916,12395,6560,10517,3686,3802,3905,6648,3034,11907,250144,90065,4686,0,0,0,0,26,0
2021-02-04T23:59:59+01:00,8,8,3889,3920,9393,14826,10230,22593,12351,33602,15591,27547,8986,9310,13119,20949,11512,32776,796,780,2540,3715,3222,6255,3965,9854,5236,8307,3006,3090,3280,5663,2641,10409,246205,72788,4462,0,0,0,0,25,0
2021-02-03T23:59:59+01:00,8,8,3820,3849,9287,14603,10126,22255,12218,33092,15440,27126,8877,9195,12977,20771,11436,32611,660,612,1919,2801,2489,4831,2998,7569,4005,6262,2198,2226,2397,4199,1914,7802,243462,54906,4294,0,0,0,0,25,0
2021-02-02T23:59:59+01:00,8,8,3754,3755,9187,14410,10030,21875,12074,32528,15238,26670,8753,9081,12855,20561,11353,32344,524,485,1450,2067,1903,3632,2253,5757,2987,4684,1556,1528,1634,2764,1331,5190,240247,39763,4292,0,0,0,0,25,0
2021-02-01T23:59:59+01:00,7,8,3714,3665,9107,14179,9924,21487,11936,31890,15056,26168,8635,8933,12746,20418,11302,32169,390,352,1009,1429,1253,2417,1467,3774,1854,2966,984,972,970,1687,763,3012,237108,25308,4292,0,0,0,0,24,0
2021-01-31T23:59:59+01:00,7,8,3696,3630,9054,14070,9855,21283,11870,31594,14953,25971,8579,8874,12695,20306,11257,32040,360,331,889,1239,1064,2045,1265,3222,1621,2600,886,881,866,1505,692,2706,235620,22179,4178,0,0,0,0,23,0
2021-01-30T23:59:59+01:00,7,8,3696,3627,9044,14058,9841,21261,11857,31574,14941,25957,8575,8869,12636,20243,11207,31976,343,307,829,1155,1007,1922,1201,3033,1546,2463,858,855,847,1465,677,2654,235302,21168,4131,0,0,0,0,23,0
2021-01-29T23:59:59+01:00,7,8,3636,3613,8983,14029,9812,21210,11825,31499,14894,25889,8551,8846,12450,20018,11027,31733,276,224,709,983,863,1562,1046,2644,1335,2138,769,765,798,1410,659,2601,234085,18786,4004,0,0,0,0,20,0
2021-01-28T23:59:59+01:00,7,8,3517,3527,8780,13642,9592,20698,11594,30921,14568,25391,8414,8745,12015,19398,10671,31152,130,57,291,360,375,606,456,1147,606,959,407,423,467,810,377,1571,229300,9044,3399,0,0,0,0,20,0
2021-01-27T23:59:59+01:00,7,8,3286,3392,8487,13227,9291,20075,11212,30087,14181,24654,8198,8533,11465,18595,10246,30389,78,33,201,222,241,411,302,800,427,661,309,309,347,604,283,1149,222597,6378,2791,0,0,0,0,20,0
2021-01-26T23:59:59+01:00,6,8,3120,3295,8206,12891,9028,19505,10907,29330,13784,24026,7962,8312,10887,17681,9599,29237,73,29,186,212,225,377,286,749,396,600,294,284,320,542,257,1019,215888,5850,1950,0,0,0,0,20,0
2021-01-25T23:59:59+01:00,6,8,3033,3200,7925,12410,8737,18799,10521,28329,13303,23264,7679,8113,10268,16865,9143,28336,65,21,166,191,193,321,247,629,344,496,257,240,266,465,209,831,209589,4942,404,0,0,0,0,18,0
2021-01-24T23:59:59+01:00,6,8,2989,3180,7840,12332,8663,18674,10412,28169,13175,23082,7637,8078,10203,16753,9095,28240,64,20,162,187,191,308,244,608,336,482,248,236,264,458,205,816,208287,4830,302,0,0,0,0,18,0
2021-01-23T23:59:59+01:00,6,8,2988,3179,7839,12329,8659,18664,10411,28156,13169,23077,7630,8075,10079,16588,8767,27653,63,20,162,187,190,307,242,608,334,482,248,236,264,458,205,815,207031,4822,300,0,0,0,0,17,0
2021-01-22T23:59:59+01:00,6,8,2926,3133,7715,12216,8576,18524,10301,27986,13089,22962,7600,8042,9881,16286,8249,26629,63,20,161,187,190,307,242,608,333,482,248,236,264,458,205,815,203884,4820,300,0,0,0,0,16,0
2021-01-21T23:59:59+01:00,6,8,2844,2963,7216,11303,8092,17380,9764,26365,12484,21746,7316,7714,9241,15325,7724,25557,57,18,146,173,173,276,218,532,296,442,222,209,233,378,175,684,192800,4233,300,0,0,0,0,16,0
2021-01-20T23:59:59+01:00,6,8,2485,2616,6335,9897,7348,15427,8811,23535,11375,19674,6715,7063,8146,13558,6910,23335,55,18,145,168,170,274,211,518,285,420,210,202,227,353,162,646,172992,4065,297,0,0,0,0,16,0
2021-01-19T23:59:59+01:00,6,8,2043,2259,5437,8514,6485,13535,7790,20746,10103,17435,5958,6180,6757,11364,5888,20279,39,11,96,124,114,170,148,354,186,292,133,115,139,235,113,479,150609,2748,216,0,0,0,0,16,0
2021-01-18T23:59:59+01:00,5,8,1769,1970,4682,7132,5529,11295,6593,17150,8673,14719,5078,5299,5371,9110,4814,16793,21,6,37,46,52,79,65,161,74,147,59,54,66,131,62,220,125933,1280,92,0,0,0,0,16,0
2021-01-17T23:59:59+01:00,4,8,1492,1681,4169,6338,5021,10164,6057,15575,8034,13456,4738,4950,4999,8436,4485,15787,8,2,8,15,15,28,19,51,27,56,23,23,20,31,13,47,115335,386,88,0,0,0,0,15,0
2021-01-16T23:59:59+01:00,4,7,1325,1477,3952,6017,4841,9724,5798,14909,7704,12763,4549,4722,4787,8161,4130,15183,0,0,0,1,1,2,1,1,1,2,0,1,1,0,0,1,110075,12,5,0,0,0,0,14,0
2021-01-15T23:59:59+01:00,4,7,1174,1251,3698,5596,4588,9159,5506,14070,7296,11964,4257,4428,4601,7854,3595,14137,0,0,0,0,0,0,0,0,0,0,0,0,0,0,0,0,103206,0,3,0,0,0,0,14,0
2021-01-14T23:59:59+01:00,3,4,900,938,2952,4408,3724,7344,4562,11327,5900,9620,3458,3559,3864,6629,3111,12325,0,0,0,0,0,0,0,0,0,0,0,0,0,0,0,0,84643,0,0,0,0,0,0,14,0
2021-01-13T23:59:59+01:00,3,3,764,784,2480,3677,3139,6121,3792,9391,4808,7746,2585,2646,2918,5047,2379,9421,0,0,0,0,0,0,0,0,0,0,0,0,0,0,0,0,67716,0,0,0,0,0,0,13,0
2021-01-12T23:59:59+01:00,2,3,633,655,2079,3017,2584,4977,3036,7570,3791,6086,1855,1827,1993,3412,1681,6425,0,0,0,0,0,0,0,0,0,0,0,0,0,0,0,0,51648,0,0,0,0,0,0,0,0
2021-01-11T23:59:59+01:00,1,1,492,522,1736,2444,2075,3976,2351,5756,2815,4417,1193,1130,1195,2001,921,3646,0,0,0,0,0,0,0,0,0,0,0,0,0,0,0,0,36690,0,0,0,0,0,0,0,0
2021-01-10T23:59:59+01:00,1,1,436,453,1478,2020,1734,3255,1941,4771,2339,3699,1052,1006,1050,1756,820,3194,0,0,0,0,0,0,0,0,0,0,0,0,0,0,0,0,31017,0,0,0,0,0,0,0,0
2021-01-09T23:59:59+01:00,1,1,404,409,1354,1843,1589,2965,1788,4323,2154,3368,977,935,991,1702,802,3152,0,0,0,0,0,0,0,0,0,0,0,0,0,0,0,0,28767,0,0,0,0,0,0,0,0
2021-01-08T23:59:59+01:00,1,1,307,281,1106,1501,1311,2296,1470,3545,1784,2753,844,830,903,1579,756,3000,0,0,0,0,0,0,0,0,0,0,0,0,0,0,0,0,24275,0,0,0,0,0,0,0,0
2021-01-07T23:59:59+01:00,1,0,144,76,397,507,476,786,591,1367,777,1201,467,481,560,961,463,1907,0,0,0,0,0,0,0,0,0,0,0,0,0,0,0,0,11163,0,0,0,0,0,0,0,0
2021-01-06T23:59:59+01:00,1,0,109,44,267,285,305,510,395,927,527,822,359,361,423,747,357,1440,0,0,0,0,0,0,0,0,0,0,0,0,0,0,0,0,7880,0,0,0,0,0,0,0,0
2021-01-05T23:59:59+01:00,1,0,85,31,188,230,238,424,317,818,444,703,343,345,406,714,350,1385,0,0,0,0,0,0,0,0,0,0,0,0,0,0,0,0,7023,0,0,0,0,0,0,0,0
2021-01-04T23:59:59+01:00,1,0,67,25,171,193,197,331,253,635,350,511,268,253,286,516,233,927,0,0,0,0,0,0,0,0,0,0,0,0,0,0,0,0,5217,0,0,0,0,0,0,0,0
2021-01-03T23:59:59+01:00,1,0,65,21,165,188,193,317,251,620,342,494,260,251,282,503,231,910,0,0,0,0,0,0,0,0,0,0,0,0,0,0,0,0,5094,0,0,0,0,0,0,0,0
2021-01-02T23:59:59+01:00,1,0,65,21,165,188,193,317,249,620,339,494,260,251,282,503,231,909,0,0,0,0,0,0,0,0,0,0,0,0,0,0,0,0,5088,0,0,0,0,0,0,0,0
2021-01-01T23:59:59+01:00,1,0,64,21,164,188,193,316,249,620,337,492,260,251,282,502,231,909,0,0,0,0,0,0,0,0,0,0,0,0,0,0,0,0,5080,0,0,0,0,0,0,0,0
2020-12-31T23:59:59+01:00,1,0,64,21,164,186,193,315,248,619,336,491,260,251,282,502,231,909,0,0,0,0,0,0,0,0,0,0,0,0,0,0,0,0,5073,0,0,0,0,0,0,0,0
2020-12-30T23:59:59+01:00,1,0,63,21,164,185,191,312,248,617,336,489,260,251,282,502,231,909,0,0,0,0,0,0,0,0,0,0,0,0,0,0,0,0,5062,0,0,0,0,0,0,0,0
2020-12-29T23:59:59+01:00,1,0,45,12,116,140,142,212,181,443,237,375,179,164,194,373,170,709,0,0,0,0,0,0,0,0,0,0,0,0,0,0,0,0,3693,0,0,0,0,0,0,0,0
2020-12-28T23:59:59+01:00,1,0,24,8,64,77,80,122,100,252,118,232,98,93,103,200,103,388,0,0,0,0,0,0,0,0,0,0,0,0,0,0,0,0,2063,0,0,0,0,0,0,0,0
2020-12-27T23:59:59+01:00,0,0,11,3,17,26,36,47,36,89,37,94,32,29,40,73,32,145,0,0,0,0,0,0,0,0,0,0,0,0,0,0,0,0,747,0,0,0,0,0,0,0,0
