Datum,<15_m,<15_w,15-24_1_m,15-24_1_w,25-34_1_m,25-34_1_w,35-44_1_m,35-44_1_w,45-54_1_m,45-54_1_w,55-64_1_m,55-64_1_w,65-74_1_m,65-74_1_w,75-84_1_m,75-84_1_w,>84_1_m,>84_1_w,<24_2_m,<24_2_w,25-34_2_m,25-34_2_w,35-44_2_m,35-44_2_w,45-54_2_m,45-54_2_w,55-64_2_m,55-64_2_w,65-74_2_m,65-74_2_w,75-84_2_m,75-84_2_w,>84_2_m,>84_2_w,bp_1,bp_2,mo_1,mo_2,az_1,az_2,ja,unb_1,unb_2
2021-08-07T23:59:59+02:00,26603,24598,246977,238309,357050,328811,376888,370404,442766,453245,498713,501912,343820,384245,242201,310057,71345,130591,186863,180614,303146,277620,336234,328440,407495,416166,467640,471488,328697,367114,232926,297418,68193,124066,3818509,3395374,512385,465263,805768,747182,212183,504,357
2021-08-06T23:59:59+02:00,26386,24367,246133,237671,356314,328227,376257,369852,442145,452749,498213,501541,343593,384050,242105,309947,71333,130572,183369,177279,300296,275238,334224,326690,406052,414944,466602,470687,328347,366771,232770,297274,68169,124029,3816022,3377807,511079,463635,805760,746683,208904,504,357
2021-08-05T23:59:59+02:00,26104,24074,245089,236822,355508,327441,375538,369186,441492,452141,497610,501059,343337,383775,241996,309790,71294,130515,179333,173687,295641,271372,330334,323332,403432,412593,464477,469013,327723,366120,232518,296926,68114,123926,3810308,3352516,510831,459155,805706,743091,206236,504,357
2021-08-04T23:59:59+02:00,25759,23758,244020,235901,354592,326604,374818,368523,440911,451574,497074,500584,343077,383519,241884,309635,71269,130448,176075,170583,292239,268465,326097,319594,401292,410591,462834,467529,327052,365439,232254,296592,68060,123828,3804288,3326921,510510,457416,805677,741368,203793,496,356
2021-08-03T23:59:59+02:00,25306,23352,242691,234748,353733,325802,374148,367866,440285,450935,496511,500071,342808,383229,241761,309473,71227,130386,172638,167189,288220,264875,321101,315069,398611,408086,460552,465469,326250,364596,231909,296142,67995,123695,3796579,3295376,510355,455566,805646,739316,202070,496,356
2021-08-02T23:59:59+02:00,24993,23050,241679,233833,352925,325102,373499,367308,439768,450423,496026,499641,342566,382968,241651,309330,71202,130328,169039,163637,283606,260993,315386,310245,395929,405592,458362,463502,325491,363775,231619,295751,67935,123581,3790528,3262501,510121,453623,805596,736804,200365,496,355
2021-08-01T23:59:59+02:00,24847,22873,241082,233250,352371,324619,373102,366936,439359,450118,495697,499380,342444,382815,241582,309218,71190,130302,167533,162216,281182,259028,310844,306611,394103,404048,456906,462287,325078,363304,231462,295543,67909,123523,3787027,3244956,509820,451503,805510,734370,199145,496,355
2021-07-31T23:59:59+02:00,24739,22772,240744,232941,352103,324404,372867,366769,439175,449970,495592,499283,342411,382778,241562,309205,71189,130297,163794,158402,278391,256503,308773,304629,392715,402767,455765,461306,324761,362929,231328,295371,67884,123478,3785461,3222215,509640,450570,805507,733585,198510,496,355
2021-07-30T23:59:59+02:00,24454,22517,239961,232247,351547,323890,372390,366317,438726,449576,495236,498994,342272,382642,241518,309128,71176,130281,160071,154666,275015,253425,305779,301844,390503,400689,453939,459745,324268,362405,231120,295082,67851,123422,3781477,3197323,509291,449382,805491,730477,196930,496,355
2021-07-29T23:59:59+02:00,24120,22184,238449,231010,350415,322843,371452,365433,437895,448809,494448,498385,341944,382339,241384,308953,71141,130219,155258,150241,269682,249286,299953,297134,386199,397251,450928,457376,323445,361571,230813,294681,67791,123326,3774115,3163754,508645,444661,805411,725399,193567,496,355
2021-07-28T23:59:59+02:00,23828,21902,237314,229990,349546,322028,370734,364768,437280,448153,493894,497910,341695,382047,241254,308768,71107,130148,151540,146634,265235,245669,295560,293212,382961,394430,448860,455543,322793,360821,230555,294299,67727,123205,3767552,3133354,508123,442756,805334,722786,191673,495,355
2021-07-27T23:59:59+02:00,23560,21678,236338,229045,348734,321309,370058,364201,436719,447555,493386,497468,341464,381754,241123,308580,71073,130050,146569,141575,259393,240601,290328,288519,379021,390788,445723,452777,321823,359732,230196,293800,67639,123049,3761417,3092296,507582,440475,805279,719077,190133,495,354
2021-07-26T23:59:59+02:00,23328,21444,235383,228095,347968,320628,369471,363659,436177,447078,492942,497112,341240,381517,240997,308426,71050,129993,142260,137211,253886,235854,285193,284074,374596,386870,442226,449773,320880,358773,229871,293328,67567,122913,3755876,3053178,506966,438239,805202,714754,188778,495,354
2021-07-25T23:59:59+02:00,22975,21148,234077,226977,347052,319889,368821,363018,435614,446559,492498,496718,341050,381307,240911,308299,71029,129937,140423,135484,251237,233671,282726,282002,372473,385112,440161,448003,320377,358263,229674,293101,67542,122837,3749044,3038388,506602,436076,805143,710416,187404,495,354
2021-07-24T23:59:59+02:00,22733,20959,233164,226137,346341,319257,368255,362505,435094,446130,492145,496445,340935,381210,240870,308238,71026,129928,137537,132703,248525,231366,280176,279808,370231,383280,438937,447023,320034,357930,229532,292924,67523,122803,3745137,3020187,505839,433086,805135,710080,185575,495,354
2021-07-23T23:59:59+02:00,22315,20573,231673,224821,345041,318347,367223,361656,434224,445349,491453,495923,340700,380942,240783,308125,71005,129892,132085,127883,243191,227105,275738,276049,366565,380110,436309,444833,319336,357210,229279,292616,67469,122722,3737785,2984902,505378,431326,805081,707951,182114,495,353
2021-07-22T23:59:59+02:00,21816,20098,229586,222874,343322,316836,365740,360389,432925,444226,490485,495041,340283,380502,240613,307884,70960,129812,127770,123858,237235,222627,269386,271017,359697,374648,430872,440354,318169,355961,228855,292100,67375,122571,3725556,2943084,503803,425373,804947,701673,179396,495,353
2021-07-21T23:59:59+02:00,21312,19583,227727,221074,341661,315334,364140,358840,431375,442854,489278,493891,339737,379989,240368,307604,70907,129719,124035,120319,231807,218413,263891,266519,351603,367754,426292,436630,317054,354816,228397,291537,67294,122394,3714761,2907781,500073,414563,804729,696911,176139,495,350
2021-07-20T23:59:59+02:00,21010,19308,226283,219628,340456,314194,363193,357982,430534,442087,488572,493260,339405,379630,240228,307386,70880,129632,119738,116119,225503,213278,258098,261371,344507,361669,421617,432337,315974,353565,227988,290956,67199,122213,3705659,2864264,499676,407381,804612,692547,174030,495,349
2021-07-19T23:59:59+02:00,20696,19016,224569,217955,339166,312966,362172,357020,429738,441321,487906,492653,339109,379275,240081,307158,70836,129534,117006,113544,221162,209717,253514,257430,340812,358521,419016,430170,315259,352844,227699,290569,67128,122091,3695225,2839426,499265,402033,804526,688253,172463,495,349
2021-07-18T23:59:59+02:00,20545,18890,223297,216712,337592,311571,361129,356118,428950,440619,487381,492115,338883,378993,239952,306980,70815,129473,115524,112168,218542,207564,251177,255347,338581,356682,417000,428496,314782,352361,227538,290351,67107,122024,3685979,2827244,498735,397769,804452,684585,171156,495,348
2021-07-17T23:59:59+02:00,20153,18469,222156,215666,337023,311037,360548,355614,428443,440176,486973,491830,338782,378878,239911,306927,70812,129463,113465,110081,216092,205273,248730,253164,336174,354560,415560,427239,314451,351970,227403,290184,67083,121984,3680492,2809845,498540,395058,804444,683802,169698,489,347
2021-07-16T23:59:59+02:00,19614,17959,219622,213539,335299,309753,359054,354326,426986,438979,485883,490968,338380,378513,239738,306768,70787,129426,110370,107291,211357,201367,244207,249546,331896,350886,412232,424534,313534,351047,227055,289770,67029,121902,3670369,2782315,497789,392731,804289,679999,163459,489,345
2021-07-15T23:59:59+02:00,18977,17340,216859,211141,333411,308066,357485,352898,425663,437812,484952,490123,337985,378094,239540,306514,70745,129323,106484,104104,203033,195156,236754,243971,325336,345681,405200,418117,311807,349250,226516,289109,66958,121705,3655495,2736010,497196,384364,804177,672609,160369,489,345
2021-07-14T23:59:59+02:00,18138,16618,214454,208842,331741,306553,356101,351572,424460,436628,483935,489177,337536,377635,239305,306204,70691,129237,102902,100796,196610,190026,231067,239333,321070,342224,401041,414511,310507,347944,226116,288553,66879,121551,3640757,2702628,496640,378850,804053,665845,157684,489,344
2021-07-13T23:59:59+02:00,17493,15968,212294,206835,330163,305208,354783,350364,423310,435561,482996,488333,337103,377170,239103,305966,70656,129148,99170,97280,190160,184659,223973,233297,314421,336188,392678,406688,308721,346023,225517,287767,66771,121354,3627147,2660084,496089,366213,803910,656411,155615,488,339
2021-07-12T23:59:59+02:00,16482,15039,209039,203669,328119,303495,353222,348909,422081,434377,482028,487440,336692,376708,238924,305740,70617,129071,96088,94574,184899,180381,217017,227651,307624,330173,387602,402428,307003,344165,224932,287035,66672,121186,3608824,2621962,495539,359111,803760,648027,153835,487,338
2021-07-11T23:59:59+02:00,15974,14569,207698,202409,327390,302789,352566,348299,421528,433884,481589,487103,336505,376508,238864,305636,70596,129031,94672,93292,182144,178087,214035,225378,304950,328029,384786,400055,304544,341550,224556,286566,66620,121088,3602686,2607079,494908,357132,803637,637571,152019,480,334
2021-07-10T23:59:59+02:00,15501,14109,205867,200648,325937,301540,351445,347334,420808,433295,481119,486706,336339,376342,238799,305550,70586,129011,93384,92033,179635,175995,211020,222900,302447,325886,383630,399023,303899,340885,224376,286380,66604,121063,3594165,2590397,494285,356908,803402,635826,149393,480,334
2021-07-09T23:59:59+02:00,15180,13833,203962,198816,324338,300101,350383,346381,419910,432588,480555,486232,336136,376123,238702,305431,70570,128977,90612,89315,176114,172778,206685,218761,297437,321294,380199,396056,302811,339665,224074,286014,66567,120999,3585083,2561503,493429,354857,803211,628251,146801,480,333
2021-07-08T23:59:59+02:00,14721,13411,200497,195854,321047,297448,348028,344409,418209,431144,479128,485172,335703,375685,238525,305187,70527,128901,86331,85564,168898,167152,198580,212380,290089,315209,373289,389875,300122,336762,223302,285086,66450,120741,3569883,2515481,489385,346239,802694,617959,141938,480,333
2021-07-07T23:59:59+02:00,14223,12956,196779,192016,317912,294607,345735,342387,416659,429685,477937,484082,335227,375129,238337,304917,70490,128798,82659,82139,161632,161470,189580,205233,282133,308663,366295,383089,296829,333171,222402,283990,66312,120495,3548749,2467686,488035,332861,802314,608017,139079,479,331
2021-07-06T23:59:59+02:00,13765,12585,193365,188655,314678,291892,343276,340108,414953,428133,476681,482955,334728,374577,238142,304628,70438,128712,79118,78592,154988,155981,182202,199043,273227,300732,359838,377029,293643,329938,221523,282903,66204,120264,3529030,2415445,484990,325899,801899,598538,136653,478,331
2021-07-05T23:59:59+02:00,13369,12250,188999,184434,310659,288578,340784,337803,413295,426601,475544,481889,334255,374061,237969,304385,70405,128628,76073,75791,149891,151912,177454,194927,266344,294486,353748,371507,290379,326500,220644,281790,66096,120095,3506358,2376534,483845,321436,801414,588211,132594,471,331
2021-07-04T23:59:59+02:00,13192,12094,185177,180578,308048,286572,339484,336738,412422,425827,474966,481410,334035,373808,237879,304261,70379,128575,73894,73923,146811,149372,175135,192897,263917,292432,350649,369305,287081,323116,220068,281129,66042,119977,3494230,2362839,482561,319149,800844,576727,128113,471,328
2021-07-03T23:59:59+02:00,12004,11042,178766,174599,303810,283134,337167,334580,410617,424025,473766,480351,333635,373363,237705,304015,70355,128532,72123,72353,144399,147501,172705,190824,260868,289719,348375,367455,285335,321138,219801,280768,66010,119928,3467991,2347176,481163,318955,800659,572249,121950,471,328
2021-07-02T23:59:59+02:00,10907,9956,175065,171149,301420,280943,335429,332887,409373,422841,472997,479669,333376,373048,237589,303833,70327,128484,69443,69689,140504,144239,168297,186809,254836,284305,343173,362760,282091,317423,219162,279999,65962,119844,3449976,2314168,479692,316184,800466,559694,119453,470,302
2021-07-01T23:59:59+02:00,9813,9036,171412,167735,297406,277686,332959,330636,407589,421269,471910,478719,332963,372590,237390,303560,70281,128406,64577,64976,134239,138939,161053,180333,244620,275482,332410,353022,277330,312169,217314,277752,65783,119532,3427600,2258093,477614,303882,800120,542045,116318,470,301
2021-06-30T23:59:59+02:00,9328,8646,168157,164681,291825,273085,329302,327315,405827,419747,470898,477754,332544,372109,237200,303265,70247,128320,61458,62135,128629,134267,154430,174342,234598,266359,319052,339788,272136,306649,215429,275433,65617,119214,3402666,2203234,475463,291105,799826,523276,112584,470,299
2021-06-29T23:59:59+02:00,8793,8125,164381,160931,287323,268849,325755,324030,403738,417677,469362,476348,331961,371473,236952,302912,70193,128211,58684,59162,123704,129877,148433,168835,222778,255698,310522,331457,265693,299476,213467,272982,65415,118869,3375316,2144207,473484,286459,799499,505921,109000,469,296
2021-06-28T23:59:59+02:00,8389,7748,161079,157488,282318,264561,322474,321192,401608,415760,467880,475043,331443,370862,236721,302601,70150,128117,56424,56828,119820,126389,144102,164764,213577,247307,304755,326079,260755,294193,211708,270754,65269,118605,3351547,2108627,469514,277888,798846,489431,105808,469,293
2021-06-27T23:59:59+02:00,8242,7625,159585,155973,280224,262761,320677,319668,399920,414402,466995,474339,331151,370573,236618,302442,70131,128068,55234,55729,117706,124692,141557,162648,209486,243941,301413,323230,256968,290213,209255,267849,65158,118417,3341608,2093273,467443,274423,797804,473358,102820,469,293
2021-06-26T23:59:59+02:00,7092,6530,156326,152645,278127,260884,318273,317436,398735,413256,466296,473633,330880,370289,236512,302283,70107,128038,54692,55149,116379,123552,140143,161420,207251,241943,298891,320830,255439,288561,208922,267441,65131,118347,3322551,2076606,464636,274336,797796,470864,102687,419,247
2021-06-25T23:59:59+02:00,5875,5415,152031,148376,274754,257944,316220,315478,397435,412015,465299,472813,330594,369955,236387,302130,70080,127990,53414,53531,113914,120866,136082,156872,198511,233515,293222,314975,253720,286450,208333,266642,65060,118228,3297690,2034257,463217,272649,797745,464309,102466,419,247
2021-06-24T23:59:59+02:00,5024,4633,147613,144267,269971,254040,311958,311716,395264,410158,463935,471684,330177,369496,236220,301894,70047,127904,50778,50951,108816,116171,128783,150257,186523,223095,281838,304775,248360,280646,206508,264306,64857,117828,3266708,1972436,461226,260928,797581,450604,100810,418,246
2021-06-23T23:59:59+02:00,4805,4426,144462,141168,266293,250912,306732,306930,392776,407824,462537,470372,329650,368880,235990,301584,69999,127801,48849,48878,105030,112275,123137,144601,176666,214459,269915,292839,243767,275849,205178,262612,64696,117468,3239282,1916365,457718,251108,797427,439931,99038,418,245
2021-06-22T23:59:59+02:00,4557,4197,141395,138052,262600,247552,300622,301507,390154,405279,461001,468893,329109,368279,235771,301235,69951,127695,47165,47143,101437,108995,118365,140046,164107,203340,259048,282576,239717,271389,203262,260207,64445,117000,3207347,1858210,455799,243422,797247,429012,97775,416,237
2021-06-21T23:59:59+02:00,4300,3952,138140,135120,257918,243677,295391,296656,387132,402413,459533,467547,328591,367724,235546,300925,69911,127583,45944,45924,99063,106793,115639,137350,157915,197596,252195,275962,234382,265575,199352,255709,64261,116626,3175738,1827388,453773,237923,797035,409303,95829,415,237
2021-06-20T23:59:59+02:00,4157,3834,136638,133624,253719,240233,292841,294429,385745,401102,458744,466803,328370,367447,235435,300792,69891,127521,44832,45014,96828,105013,113382,135383,154895,195069,247907,271924,231391,262059,198365,254460,64180,116501,3158433,1807190,452017,234393,796878,401463,94308,415,233
2021-06-19T23:59:59+02:00,3743,3485,134496,131541,250981,237927,291069,292795,383911,399541,457902,466074,328151,367197,235332,300655,69870,127489,44296,44370,95564,103762,111920,133929,153400,193641,244704,268922,230681,261216,198197,254200,64158,116448,3142172,1791328,449209,232819,796870,401190,94213,415,232
2021-06-18T23:59:59+02:00,2795,2573,131224,128409,247470,234888,287069,289400,381523,397424,456563,464913,327777,366797,235178,300419,69843,127440,43521,43464,93996,101994,109642,131272,149872,189622,237883,261688,228964,259222,197713,253562,64083,116315,3116440,1762196,444785,232301,796845,394514,93940,414,232
2021-06-17T23:59:59+02:00,2562,2350,127528,125147,241472,230465,281867,285028,376753,393451,454247,463090,327191,366079,234938,300064,69777,127328,41297,41646,89956,98533,104769,126539,142033,181968,226525,250338,223778,253305,196067,251412,63824,115896,3081844,1706715,441819,228175,796591,383647,89492,307,221
2021-06-16T23:59:59+02:00,2293,2118,124311,121758,236591,226147,277182,280777,371590,388970,451672,460961,326458,365284,234651,299654,69711,127215,39479,40063,86434,95525,100436,122731,133835,174658,214469,238474,217573,246229,194155,249098,63572,115408,3048477,1647196,436301,222582,796076,375602,86898,305,220
2021-06-15T23:59:59+02:00,1907,1788,119401,116903,230622,221020,271849,275801,366536,384345,448837,458552,325593,364316,234306,299140,69629,127032,37866,38461,83123,92492,96481,118700,126805,168304,202164,226498,211567,239462,192212,246677,63261,114839,3003887,1590129,434385,216762,795512,367960,84196,305,217
2021-06-14T23:59:59+02:00,1646,1515,115361,112756,225408,216116,266490,270834,361265,379606,445724,455965,324811,363464,233994,298751,69567,126912,36888,37575,80855,90417,93790,116194,122706,164574,195590,220026,208470,235970,191082,245209,63044,114452,2961832,1560675,432041,214502,795252,360331,81461,303,216
2021-06-13T23:59:59+02:00,1572,1430,113869,111381,222970,214018,263953,268581,359015,377656,444555,454935,324536,363160,233859,298584,69536,126839,36034,36849,79010,88760,91790,114391,119891,161985,191743,216342,205398,232545,190051,243843,62812,114041,2946876,1546772,429609,207258,794944,352158,79418,303,214
2021-06-12T23:59:59+02:00,1423,1293,111222,108637,221080,212293,262577,267310,357583,376259,443661,454167,324249,362852,233767,298481,69518,126811,35666,36447,78027,87668,90543,113106,118326,160429,188191,213045,204367,231421,188651,242188,62802,114011,2930728,1533678,428633,207249,794924,344784,79295,302,213
2021-06-11T23:59:59+02:00,1276,1156,108687,106130,218196,209680,258915,264132,354456,373537,441947,452697,323815,362402,233633,298275,69491,126756,34999,35337,76030,84312,88319,109586,114236,155296,181520,205624,202280,229059,188050,241421,62740,113914,2906371,1506295,425849,206566,794744,331368,78610,302,211
2021-06-10T23:59:59+02:00,1116,1003,103942,101732,212145,204938,251877,258325,348375,368249,437464,448930,322960,361434,233313,297829,69407,126605,33422,33858,72046,80153,83424,104102,107591,147123,169228,192021,196233,222198,186327,239291,62489,113513,2862845,1459373,418776,204833,793903,304422,74502,300,207
2021-06-09T23:59:59+02:00,968,874,100035,98040,206202,200221,245080,252626,341733,362309,433790,445917,322288,360695,233045,297450,69343,126473,31895,32610,68826,77514,79743,100949,102892,142861,158137,181311,185655,210255,184467,237051,62217,113021,2823962,1405574,410270,200866,793397,293201,69873,261,204
2021-06-08T23:59:59+02:00,786,693,95516,93510,199590,194667,238130,246631,333491,355044,428692,441262,321458,359696,232675,296967,69262,126336,30826,31760,66244,75226,76474,98233,98326,138960,150576,173854,176972,200574,182667,234815,61985,112655,2772101,1366512,404514,195971,792818,282408,65376,261,189
2021-06-07T23:59:59+02:00,628,552,92311,90415,193543,189974,231582,241400,325666,348879,425655,438826,320917,359068,232462,296643,69208,126240,29961,30913,63786,73281,73526,96080,94571,136033,142528,166087,172938,195971,181246,233009,61762,112273,2733188,1339489,398371,192686,792255,271350,60553,258,188
2021-06-06T23:59:59+02:00,590,516,90739,89101,190265,187435,228243,238643,321400,345483,424229,437751,320648,358778,232354,296485,69184,126193,29361,30361,62021,71605,71454,94083,91395,132973,136863,160326,170416,193360,180137,231612,61533,111893,2717823,1327679,390997,183065,791780,260929,57829,256,188
2021-06-05T23:59:59+02:00,510,436,88798,87089,185402,183224,225785,236511,319584,343852,423230,436837,320359,358456,232206,296317,69170,126161,28911,29613,60828,69669,70066,91946,89728,130734,132123,155014,167425,189703,179652,230955,61499,111827,2694400,1304138,390880,182600,791585,255607,57453,255,188
2021-06-04T23:59:59+02:00,410,351,86448,84567,181750,179630,221782,232566,316003,340226,420871,434649,319901,357922,232010,296089,69132,126098,28447,28947,59720,68025,68797,89877,87947,128135,128773,151371,163197,184947,178664,229691,61451,111741,2665190,1285398,387066,181831,791473,245542,57061,255,188
2021-06-03T23:59:59+02:00,317,277,83167,81507,176036,174987,214540,226480,308309,333541,413126,427796,318873,356749,231641,295644,69077,125967,27559,27940,57838,65847,66420,87148,84328,124044,122043,144717,156877,177370,177100,227670,61338,111504,2616358,1256307,376833,176542,791055,232832,54160,253,184
2021-06-02T23:59:59+02:00,268,218,81100,79350,171975,171283,210905,223341,304743,330202,411087,425968,318467,356298,231488,295438,69049,125916,27096,27461,56718,64742,64843,85880,82287,122112,117088,139842,149016,168425,176386,226717,61253,111335,2587682,1224191,375452,174580,791026,229221,53301,251,181
2021-06-01T23:59:59+02:00,172,151,76843,75530,163719,164736,201566,215619,295656,322333,402888,418145,316959,354688,230949,294704,68937,125689,25544,26047,52420,61806,60022,82603,76894,117632,109690,132656,137943,155051,174290,223989,61044,110909,2529074,1174204,363830,170484,790266,217469,46465,249,177
2021-05-31T23:59:59+02:00,150,134,74105,73057,158077,160431,194267,209670,288282,315969,397158,413185,315966,353581,230565,294186,68847,125518,24635,24994,49808,59603,56870,80084,73314,114370,105209,128226,133808,150165,172927,222273,60874,110578,2488703,1151864,354463,168170,789642,207098,40683,248,175
2021-05-30T23:59:59+02:00,139,126,73057,71993,155609,158409,191647,207323,285509,313460,395273,411448,315605,353171,230405,293951,68810,125438,24036,24214,48235,57890,55140,78237,71098,111826,102564,125373,131659,147646,172137,221343,60782,110368,2472898,1142145,351947,166864,789021,195766,37848,248,173
2021-05-29T23:59:59+02:00,136,125,72449,71404,154102,157011,189350,205294,283675,311879,394435,410674,315382,352927,230325,293873,68799,125420,23713,23691,47320,56396,53804,76366,69179,108986,100255,122584,128866,144232,171488,220438,60755,110316,2459029,1128587,351790,166800,788952,185248,37828,248,172
2021-05-28T23:59:59+02:00,132,122,71364,70287,151716,154757,185702,201764,280410,308748,392575,408910,314973,352427,230178,293659,68780,125363,23183,22691,45713,54273,51987,73813,67143,105048,95942,116702,124510,139195,170513,219132,60709,110202,2435262,1106055,350745,166587,788744,170736,37451,247,169
2021-05-27T23:59:59+02:00,121,114,68058,67278,145247,149833,177525,195525,274038,303600,386272,403240,313718,350983,229719,293128,68709,125181,21868,21011,42468,51229,48115,70008,62607,99052,89603,109210,120599,134583,167723,215435,60537,109889,2390775,1077702,343154,163848,786949,150724,31732,247,165
2021-05-26T23:59:59+02:00,117,111,65908,65105,140304,145756,171438,190469,267295,297941,379540,396556,312203,349381,229233,292434,68607,124970,21132,20103,40651,49100,45769,67278,59584,95264,85016,104112,115637,128870,163939,210110,60329,109463,2353562,1045851,329975,162285,785142,139283,29005,244,164
2021-05-25T23:59:59+02:00,116,106,63882,63121,136112,142273,166393,186187,260235,291672,374125,391178,310928,347981,228828,291790,68524,124793,20560,19443,39254,47589,43941,65268,57118,92274,80957,99747,110723,123203,158418,202890,60162,109163,2316098,1014460,322479,158868,782611,130079,27372,240,161
2021-05-24T23:59:59+02:00,113,104,62640,61914,133366,140179,163120,183779,253296,285692,369195,386511,310103,347063,228543,291407,68452,124665,20218,19044,38239,46523,42601,63788,55449,90268,78730,97246,109309,121556,157815,202109,60050,108964,2292384,1005171,311402,157575,780839,123405,25828,240,159
2021-05-23T23:59:59+02:00,108,104,62145,61399,132266,139287,161926,182748,252057,284674,367612,385083,309490,346408,228372,291181,68432,124629,19989,18858,37693,45970,41853,63092,54291,89276,77246,95886,108142,120167,156839,200893,59983,108827,2280911,997059,310825,154492,780792,121822,25703,240,158
2021-05-22T23:59:59+02:00,105,102,61453,60780,130785,138221,159563,181130,249092,282387,365140,382868,308965,345817,228196,290915,68406,124579,19673,18436,37082,45370,41216,62563,53640,88556,76480,94747,106594,118368,156068,199925,59956,108773,2263002,990373,310810,154488,780754,118410,24243,240,158
2021-05-21T23:59:59+02:00,101,98,60123,59345,127888,135633,156293,177816,243871,277629,359056,377188,308033,344729,227899,290519,68346,124472,19314,18071,36470,44603,40566,61516,52693,87164,74769,92447,103362,114425,154935,198475,59864,108598,2227021,977393,309174,154163,779192,111824,23960,233,156
2021-05-20T23:59:59+02:00,93,96,57076,56555,122162,130770,149376,171510,233576,268902,350042,368919,305504,341994,227133,289516,68214,124254,18019,17137,34302,42358,38118,58622,49882,83405,70847,87966,99254,109814,152482,195468,59685,108245,2169158,958177,302528,152226,773238,94197,21067,225,156
2021-05-19T23:59:59+02:00,92,94,54867,54364,117161,126098,142218,164906,223058,259560,339518,358046,302864,339132,226388,288478,68064,123978,17439,16355,33079,40778,36714,56562,47875,80635,67612,84398,95379,105349,148864,190757,59423,107753,2103381,934829,296287,150257,770263,84719,19239,225,143
2021-05-18T23:59:59+02:00,87,89,52775,52406,112378,121844,135853,159344,211505,249199,329659,348266,300198,336169,225513,287283,67912,123724,16922,15757,31879,39324,35371,54776,46074,78244,64737,81178,91389,100830,145677,186705,59212,107318,2043606,914675,286942,147409,766674,76116,17261,221,143
2021-05-17T23:59:59+02:00,84,86,51742,51413,110051,119795,133055,156695,204995,243191,322100,341195,298414,334205,224929,286461,67805,123511,16490,15315,30845,38284,34216,53499,44598,76459,62490,78792,86568,94981,144217,184822,59062,107003,2016861,903062,274671,139953,763268,69488,15203,220,141
2021-05-16T23:59:59+02:00,83,83,50958,50758,108613,118475,131318,155039,202029,240516,314672,334252,297397,333077,224622,285978,67753,123414,16207,14945,30098,37509,33345,52581,43537,75148,61161,77324,83160,90917,143431,183750,58975,106864,2001566,897011,264257,133197,760034,65355,13454,219,137
2021-05-15T23:59:59+02:00,83,83,50422,50127,107615,117489,130309,153931,200101,238586,311112,331049,296778,332390,224426,285708,67733,123350,16068,14782,29844,37203,33058,52151,43051,74504,60315,76343,82565,90104,142917,183084,58939,106817,1985408,891785,264240,133051,759171,64230,12745,218,136
2021-05-14T23:59:59+02:00,82,83,49169,48709,105369,115400,126724,150488,191904,231533,304817,325180,295800,331258,224141,285261,67686,123255,15570,14357,29064,36386,32294,50965,41975,72729,58759,74399,80668,87622,142307,182099,58899,106731,1948245,882180,262544,132187,754628,58816,11705,215,135
2021-05-13T23:59:59+02:00,79,82,47254,46764,101536,112180,122024,146390,181904,222963,294230,315381,292834,327841,223333,284123,67586,123048,14708,13911,28210,35691,31534,50069,41035,71642,57259,72838,76900,83290,139552,178506,58789,106515,1896753,869677,253953,125168,748409,54973,10690,211,134
2021-05-12T23:59:59+02:00,77,80,46344,46061,99624,110757,119971,144736,179364,220857,289505,310067,291672,326578,223091,283804,67548,122963,14543,13761,27893,35474,31134,49780,40594,71269,56723,72272,75568,81675,138777,177380,58703,106355,1873748,863974,251794,123389,747920,54703,9892,207,133
2021-05-11T23:59:59+02:00,73,74,44104,44591,95608,107688,114177,140015,166018,209599,277874,299319,288275,322670,222134,282403,67399,122664,14116,13197,26884,34051,30010,47985,39296,68996,55015,70009,72491,78100,137430,175553,58545,105997,1814979,851758,242108,120707,739424,46839,8426,203,131
2021-05-10T23:59:59+02:00,72,70,42854,43621,93013,105690,110930,137393,157643,202596,270012,292222,286105,320225,221558,281541,67274,122424,13772,12753,26125,33068,29216,46732,38301,67142,53793,68280,70410,75553,136291,174044,58426,105710,1779499,842914,236072,119659,732466,39647,7456,199,125
2021-05-09T23:59:59+02:00,71,70,41736,42853,90337,103946,108280,135627,152643,199184,264504,287298,284871,318843,221182,281012,67208,122278,13460,12535,25435,32400,28488,45931,37511,66183,52852,67330,69182,74152,135698,173211,58371,105579,1760236,838344,228994,118673,726491,34890,6467,197,125
2021-05-08T23:59:59+02:00,70,70,41445,42555,89494,103218,107193,134780,151201,197974,261948,285240,284370,318301,221064,280833,67192,122246,13358,12474,25307,32309,28343,45802,37322,65991,52514,67013,68220,73231,134635,171847,58324,105486,1748261,833758,228486,117931,726268,34114,6454,164,100
2021-05-07T23:59:59+02:00,68,69,40522,41840,87570,101886,104388,132573,146589,194177,255713,279737,283035,316707,220716,280376,67139,122123,12613,11990,24485,31577,27582,44743,36461,64732,51333,65504,65980,70548,132419,169040,58235,105308,1722561,824127,225288,115676,722148,27327,5501,163,99
2021-05-06T23:59:59+02:00,64,68,37880,40120,82829,98435,98409,127832,136423,185687,239284,265350,277918,310923,219429,278691,66964,121807,11926,11474,23550,30474,26589,43395,35107,62734,49597,63536,63497,67432,130318,166284,58122,105090,1657106,813076,215391,112575,711287,18965,4590,155,98
2021-05-05T23:59:59+02:00,62,65,35994,38927,79184,95854,93820,124191,128609,179165,224549,251325,271739,303791,217856,276702,66718,121284,11690,11199,23013,29751,25989,42471,34184,61337,48449,62126,60896,64331,127385,162594,58024,104839,1590972,800838,210332,109022,705267,14981,3518,155,97
2021-05-04T23:59:59+02:00,62,63,34892,37826,76466,93545,90324,121153,123055,174436,213945,241065,266257,297347,216416,274861,66510,120816,11529,10998,22610,29213,25532,41702,33471,60260,47342,60855,58183,61164,125030,159666,57874,104603,1541993,789005,205224,106397,699205,11846,2867,154,94
2021-05-03T23:59:59+02:00,61,61,34026,36774,74184,91731,87451,118810,118616,170799,207297,235066,262982,293487,215618,273779,66389,120521,11286,10728,22218,28637,25054,41005,32787,59295,46320,59718,55407,57832,121268,154781,57617,104166,1510279,773211,202116,104690,694288,9086,1214,152,93
2021-05-02T23:59:59+02:00,61,61,33675,36458,73014,90832,85989,117717,116195,168935,204206,232557,262024,292401,215333,273372,66324,120413,11215,10657,22030,28427,24829,40719,32450,58891,45869,59243,54218,56376,118214,151111,57534,104036,1499703,768216,199330,99153,690428,8188,347,151,90
2021-05-01T23:59:59+02:00,60,61,33361,36087,72254,90041,84921,116679,114737,167579,201130,229528,261335,291581,215124,273091,66313,120375,11201,10642,21977,28397,24770,40681,32389,58833,45786,59168,53977,56084,118055,150915,57525,104019,1484662,766908,199328,99113,690163,8140,343,150,90
2021-04-30T23:59:59+02:00,57,58,32821,35488,71049,88822,83463,114955,110964,164020,193745,222421,259343,289217,214676,272485,66253,120269,10881,10447,21617,28119,24496,40259,32064,58271,45324,58537,53084,54923,117107,149731,57470,103900,1451827,763239,199003,97132,689366,5800,147,148,87
2021-04-29T23:59:59+02:00,55,56,31323,34541,68139,86805,79842,112360,105867,159926,180952,210891,251425,280129,213480,270856,66118,119920,10579,10236,21143,27670,24067,39760,31480,57529,44523,57605,51256,52735,115262,147498,57370,103705,1397063,754428,191727,94458,684006,3494,127,141,85
2021-04-28T23:59:59+02:00,54,54,30090,33930,66276,85500,77364,110544,102447,157078,171281,201730,240588,267549,212200,269171,65921,119592,10396,10076,20846,27319,23705,39291,31059,56877,43799,56783,49140,50123,112687,144273,57247,103493,1344502,744914,188375,89925,678637,2268,97,134,83
2021-04-27T23:59:59+02:00,51,53,29335,33248,64706,84039,75369,108740,99695,154685,166569,197014,232090,257752,211055,267559,65801,119369,10273,9965,20565,27030,23469,38963,30702,56382,43117,56093,47140,47585,110050,140847,57130,103294,1310529,735129,186077,85923,670666,1551,96,132,79
2021-04-26T23:59:59+02:00,50,53,28906,32866,63609,83157,73875,107580,97419,152980,157964,189011,227909,252914,210351,266570,65710,119171,10179,9875,20352,26845,23233,38746,30408,56044,42506,55520,45337,45442,108161,138372,57035,103141,1281651,727190,184637,82837,663950,1172,92,130,77
2021-04-25T23:59:59+02:00,50,52,28655,32630,62835,82636,72816,106849,95694,151758,152590,184146,223581,248040,209762,265793,65645,119050,10124,9841,20273,26770,23147,38665,30297,55920,42346,55361,44923,44945,107483,137464,57007,103071,1268942,725535,178504,81069,655279,1040,89,130,76
2021-04-24T23:59:59+02:00,50,51,28313,32204,61900,81417,71632,105407,94149,150106,147695,179005,220799,244715,209292,265121,65611,119000,10109,9823,20232,26728,23097,38600,30216,55834,42197,55225,44681,44638,107234,137170,56986,103043,1244132,724453,178477,80371,654000,997,88,130,75
2021-04-23T23:59:59+02:00,48,51,27567,31584,60333,79913,69848,103392,91565,147474,142929,174623,216256,239178,208637,264131,65549,118885,10057,9761,20123,26642,22966,38450,29983,55629,41835,54895,44063,43882,106174,135890,56829,102768,1219323,721112,177300,77901,645479,945,87,128,73
2021-04-22T23:59:59+02:00,46,50,26953,30985,58800,78478,67385,101179,87448,143990,134903,167144,207235,228197,206599,261501,65351,118490,9932,9665,19874,26350,22613,38017,29470,55115,41081,54261,42895,42557,104184,133448,56601,102370,1177857,713661,169866,73963,637151,821,87,123,71
2021-04-21T23:59:59+02:00,46,48,26461,30464,57476,77379,65506,99555,84422,141357,127726,160341,194183,212879,204453,258616,65126,118065,9802,9579,19643,26105,22329,37692,29119,54667,40532,53732,42052,41540,102002,130671,56348,101960,1126471,707144,166991,69893,630784,749,87,116,70
2021-04-20T23:59:59+02:00,45,47,26037,29998,56321,76240,63837,97980,81883,138785,122653,155288,182721,199440,202033,255490,64893,117644,9699,9489,19426,25917,22038,37423,28712,54257,39993,53199,41239,40612,99789,127690,56012,101423,1083943,699621,163507,66645,624028,671,85,114,66
2021-04-19T23:59:59+02:00,45,46,25672,29645,55354,75421,62557,96808,79763,136863,119138,151915,176982,192608,200326,253262,64710,117314,9591,9398,19196,25699,21794,37152,28397,53867,39483,52671,40445,39705,96697,123731,55607,100713,1059462,689300,161680,64231,617433,635,84,109,66
2021-04-18T23:59:59+02:00,44,44,25369,29385,54587,74876,61436,95862,77916,135444,115780,149524,171882,187063,199316,252038,64602,117124,9518,9324,19009,25527,21618,36987,28181,53590,39223,52422,40117,39318,95482,122188,55426,100417,1045533,685447,160014,62301,606886,620,84,108,65
2021-04-17T23:59:59+02:00,43,43,25260,29293,54216,74682,60921,95511,77263,134847,114935,148784,167636,182187,198782,251314,64567,117059,9473,9265,18871,25339,21432,36757,27955,53315,38958,52155,39819,38998,94723,121261,55362,100334,1034667,681443,159986,61987,602830,608,84,108,65
2021-04-16T23:59:59+02:00,43,43,24888,29045,53229,74076,59640,94637,75645,133519,110797,144650,160012,173422,197129,249114,64458,116851,9264,9090,18479,24913,20855,36185,26856,52418,36949,50562,36532,36096,91547,117755,54959,99679,1008812,666478,159201,55111,593324,570,84,107,64
2021-04-15T23:59:59+02:00,39,39,24414,28592,51980,72909,57683,92911,72380,130678,105331,139377,152154,164455,192477,243245,64162,116234,9090,8928,18111,24492,20362,35528,26180,51627,35560,49335,34428,34073,88449,114036,54452,98822,976636,653438,157148,49538,575412,519,83,106,62
2021-04-14T23:59:59+02:00,37,35,24072,28267,51044,71974,56345,91525,70000,128523,101345,135614,142966,154083,184742,233370,63822,115566,8688,8657,17639,23988,19827,34886,25269,50751,34274,48214,32391,31926,85477,110396,53962,97964,938804,638591,154483,45321,560179,421,82,103,61
2021-04-13T23:59:59+02:00,37,35,23835,28052,50351,71436,55403,90704,68367,127118,97623,132185,131145,140976,178356,225039,63482,114977,8454,8487,17295,23584,19407,34355,24605,49957,33209,47202,31010,30570,83338,108028,53606,97422,905600,629323,149973,40932,543685,299,82,101,59
2021-04-12T23:59:59+02:00,36,34,23628,27867,49801,70928,54542,89972,66906,125832,94997,129861,124044,132949,175134,221091,63213,114486,8216,8301,16936,23289,19039,33921,24135,49422,32541,46577,29494,29034,81682,106095,53280,96901,889218,620927,148437,37681,527801,280,81,100,57
2021-04-11T23:59:59+02:00,35,34,23456,27707,49278,70508,53814,89519,65770,125030,93143,128384,118571,126941,171218,216493,63044,114190,8084,8167,16640,23010,18721,33613,23779,49042,32095,46193,28861,28370,80662,104850,53072,96582,881763,615647,144030,35855,511477,265,79,99,56
2021-04-10T23:59:59+02:00,35,34,23395,27650,49111,70374,53615,89363,65444,124762,92620,127950,116490,124416,169781,214645,63003,114090,7497,7564,15750,22225,17765,32774,22659,48010,30985,45200,28202,27658,78571,102246,52806,96146,874785,600349,143178,35476,508954,259,74,99,56
2021-04-09T23:59:59+02:00,34,34,23149,27402,48612,69883,52977,88683,64449,123640,90796,126046,107679,113490,166408,210243,62805,113734,6539,6667,14224,20905,16048,31219,20522,46048,28788,43195,26432,25838,75077,98079,52263,95308,855411,572963,136133,33967,498665,248,67,94,55
2021-04-08T23:59:59+02:00,34,34,22854,27157,48033,69394,52227,87988,63145,122562,88385,123883,97384,101519,160876,203406,62479,113170,5898,6080,13038,19890,14791,29881,18882,44335,26293,40863,23419,22875,70440,92327,51126,93559,836787,541484,127249,32029,480651,215,57,92,55
2021-04-07T23:59:59+02:00,32,33,22544,26932,47233,68940,51305,87379,61758,121584,85253,121448,88209,91236,153883,194628,62185,112609,5518,5759,12382,19217,13978,29054,17840,43284,24387,38968,20886,20355,66492,87567,50133,91946,816430,518061,121663,29552,459257,183,53,91,54
2021-04-06T23:59:59+02:00,31,33,22334,26771,46708,68560,50718,86855,60727,120808,83151,119707,80454,82437,147532,186670,61842,111982,5326,5601,12035,18861,13627,28623,17307,42724,23525,38162,19762,19328,63341,83482,49214,90566,797180,504732,118455,26616,441846,172,49,89,52
2021-04-05T23:59:59+02:00,31,32,22236,26647,46397,68217,50336,86458,60181,120118,81973,118555,75981,77351,142538,180574,61641,111667,5188,5462,11774,18609,13333,28311,16986,42352,23081,37703,19299,18859,60467,79934,48516,89501,787768,495421,116704,23824,426623,167,46,87,52
2021-04-04T23:59:59+02:00,31,32,22188,26587,46277,67950,50167,86145,59902,119618,81466,117924,74541,75646,141838,179599,61604,111585,5184,5456,11756,18596,13322,28295,16968,42335,22983,37631,18892,18536,59033,78089,48311,89190,785236,490638,116601,23822,421432,160,42,84,50
2021-04-03T23:59:59+02:00,31,32,22126,26506,46154,67842,50005,85970,59586,119306,80899,117348,73196,74012,140724,178062,61521,111436,5175,5448,11743,18578,13299,28275,16934,42288,22878,37557,18756,18387,58683,77529,48222,89045,778881,488859,116559,23822,419486,160,41,83,50
2021-04-02T23:59:59+02:00,31,32,22049,26423,45994,67677,49788,85722,59118,118857,80021,116536,71642,72132,138446,175086,61324,111078,5156,5411,11696,18536,13245,28193,16845,42140,22605,37079,18399,18025,56344,74652,47412,87949,769782,480394,114785,23179,417560,160,39,82,48
2021-04-01T23:59:59+02:00,28,30,21855,26219,45577,67157,49144,84982,58243,117918,78140,114867,68383,68708,134371,169920,61007,110513,5009,5269,11425,18274,13022,27960,16523,41832,22105,36639,17584,17283,51517,68635,45736,85495,758156,462402,108706,21810,410374,146,34,80,47
2021-03-31T23:59:59+02:00,28,30,21529,26000,45177,66635,48652,84334,57516,116980,76983,113623,66345,66393,129619,163817,60605,109791,4931,5219,11330,18156,12862,27810,16284,41562,21513,36130,16456,16380,46317,62234,44361,83524,748420,444117,101562,20866,404255,143,30,78,43
2021-03-30T23:59:59+02:00,28,29,21352,25779,44779,66017,48148,83538,56810,115929,75850,112249,64510,64376,125246,158069,60138,108891,4864,5134,11225,18030,12670,27621,15956,41239,20936,35581,15622,15579,43560,58827,43246,81731,738259,432260,97348,19506,396318,114,26,73,42
2021-03-29T23:59:59+02:00,27,29,21155,25540,44320,65467,47672,82850,56076,114855,74627,110815,62024,61636,118516,149434,59368,107498,4767,5064,11120,17919,12518,27455,15709,40920,20479,35113,14970,15040,40976,55849,42141,79912,717748,421081,93928,18831,390418,99,26,73,41
2021-03-28T23:59:59+02:00,27,29,20950,25252,43822,64785,47158,82109,55397,113850,73687,109712,60765,60202,113816,143463,58924,106741,4712,5006,10974,17774,12264,27157,15518,40674,20312,34882,14731,14796,39896,54433,41793,79376,711223,416775,86624,17506,383027,79,26,72,38
2021-03-27T23:59:59+01:00,27,29,20831,25096,43530,64420,46798,81580,54897,113159,73017,108975,59612,59120,112335,141757,58857,106662,4699,4994,10947,17755,12246,27127,15157,40248,19913,34446,14438,14584,39411,53748,41320,78560,705958,412730,85924,16852,379004,73,26,72,38
2021-03-26T23:59:59+01:00,27,28,20579,24584,42728,62718,45832,79556,53564,110144,71008,105365,57603,57243,109586,138525,58531,106148,4681,4961,10924,17703,12177,27035,15079,40139,19574,33853,13971,13935,36349,49918,39265,75320,694587,398253,82619,16634,366746,60,23,71,38
2021-03-25T23:59:59+01:00,27,26,20148,23911,41855,60958,44740,77008,52053,106625,68624,101603,55013,54611,106279,134560,57961,105159,4635,4907,10833,17601,12055,26890,14895,39920,19300,33546,13496,13445,32501,44876,36271,70791,683185,379932,78425,16037,349734,55,21,70,38
2021-03-24T23:59:59+01:00,27,26,19748,23465,41079,59690,43728,75473,50679,104710,66532,99276,52232,51701,102033,129463,57324,104082,4581,4841,10740,17462,11888,26689,14664,39638,18932,33128,13040,12992,29936,41665,33160,65958,670401,364396,73555,14936,337500,49,16,68,38
2021-03-23T23:59:59+01:00,27,26,19502,23166,40519,58783,43007,74387,49647,103201,64881,97422,49946,49360,99277,126251,56765,103243,4522,4771,10640,17338,11742,26508,14418,39327,18515,32742,12538,12486,27506,38571,29499,60068,662295,346864,70214,14348,327090,45,15,66,38
2021-03-22T23:59:59+01:00,27,26,19283,22755,39883,57903,42342,73349,48703,101819,63408,95792,48117,47480,96880,123507,56293,102471,4464,4724,10554,17223,11612,26331,14260,39087,18276,32441,12228,12113,25673,36224,25554,53702,656012,330691,67408,13796,316806,42,15,65,37
2021-03-21T23:59:59+01:00,27,26,19146,22496,39392,57150,41793,72505,48051,100666,62465,94564,47073,46457,95235,121656,55924,101892,4450,4716,10518,17175,11567,26245,14200,38997,18195,32342,12109,11982,25245,35776,25200,53144,653443,328500,65381,13382,307879,42,14,64,37
2021-03-20T23:59:59+01:00,26,26,19086,22351,39182,56655,41555,71946,47740,100029,62028,93964,46423,45691,92637,118427,55639,101406,4441,4709,10509,17163,11540,26229,14157,38961,18113,32268,11950,11821,24606,35002,24438,52060,646989,324795,64933,13193,303072,42,14,64,37
2021-03-19T23:59:59+01:00,25,25,18733,21787,38050,54537,40277,69953,46007,97944,59154,91206,41990,41826,87427,112669,54938,100326,4421,4696,10476,17115,11476,26118,14067,38791,17878,31970,11598,11543,22939,32946,22758,49501,629259,315489,57735,12831,290061,35,14,62,37
2021-03-18T23:59:59+01:00,25,24,18340,21142,36875,52383,38737,67164,43854,93481,55311,85415,37963,38030,82700,107194,53851,98666,4401,4668,10409,17012,11398,25965,13917,38602,17660,31768,11366,11360,21694,31433,21047,46903,612341,307412,51998,12221,266991,32,14,62,36
2021-03-17T23:59:59+01:00,25,23,17921,20792,36150,51465,37973,66212,42774,92128,53524,83589,35294,35249,78679,102373,52907,97193,4378,4642,10347,16918,11326,25831,13804,38414,17462,31577,11129,11138,20455,30023,19458,44505,595700,299923,47603,11514,261139,29,14,61,36
2021-03-16T23:59:59+01:00,24,23,17564,20374,35404,50397,37160,65019,41679,90457,51688,81602,33092,33233,74658,97444,52027,95879,4328,4593,10274,16790,11235,25681,13706,38177,17328,31334,10959,10961,19176,28509,17977,42182,582470,292161,42917,11080,252505,28,11,60,36
2021-03-15T23:59:59+01:00,24,23,17286,20010,34699,49419,36371,63828,40776,88977,50428,80004,31375,31396,71378,93353,51330,94747,4306,4559,10208,16667,11169,25480,13592,37890,17179,31062,10792,10803,18445,27546,16720,40323,571360,286352,39594,10432,244646,27,0,58,36
2021-03-14T23:59:59+01:00,24,22,17018,19583,33846,48211,35472,62510,39721,87150,49174,78281,30213,30165,69384,90792,50885,94071,4282,4540,10163,16590,11112,25338,13532,37668,17089,30898,10721,10718,18263,27265,16458,39763,564255,285155,37718,9298,234725,17,0,54,36
2021-03-13T23:59:59+01:00,24,22,16208,18527,32352,46185,33900,60381,37686,84092,47049,75740,28866,28815,67370,88172,50616,93680,4282,4540,10161,16584,11109,25331,13523,37662,17083,30889,10684,10685,17515,26380,15413,38311,547910,280906,37433,9297,224504,17,0,54,36
2021-03-12T23:59:59+01:00,23,22,15106,17151,29911,43537,31235,57241,34823,79238,43841,71281,26034,25625,63067,82871,49637,92279,4270,4507,10142,16522,11091,25280,13477,37545,16992,30758,10407,10458,16634,25137,14343,36790,519909,275118,36122,9286,207045,14,0,52,35
2021-03-11T23:59:59+01:00,22,22,14066,15691,27666,40847,28917,54055,32236,74850,40088,66390,22636,22150,57061,75561,47707,89440,4229,4468,10061,16403,10981,25055,13360,37235,16827,30454,10105,10246,15999,24297,13675,35518,487891,271121,34532,7847,187121,11,0,50,34
2021-03-10T23:59:59+01:00,22,22,13470,14994,26259,39231,27268,52234,30675,72533,37573,63266,19889,19601,51146,68424,46156,87102,4195,4424,9962,16236,10863,24805,13212,36816,16626,30082,9869,10063,15255,23524,13016,34493,461491,266393,32486,7103,176025,9,0,49,34
2021-03-09T23:59:59+01:00,21,21,13187,14527,25138,38193,25853,51049,29612,70880,36193,61434,18712,18479,47638,63985,45031,85314,4171,4398,9878,16070,10760,24546,13059,36499,16451,29846,9745,9961,14594,22687,12521,33719,447896,262690,29961,6271,167534,9,0,49,32
2021-03-08T23:59:59+01:00,20,21,12856,13926,24054,37086,24586,49911,28676,69396,34962,59816,17634,17601,43522,59000,43803,83331,4156,4362,9817,15872,10658,24287,12926,36143,16324,29581,9662,9877,14100,22081,12207,33280,432448,259514,27956,5880,159919,4,0,48,31
2021-03-07T23:59:59+01:00,20,21,12623,13634,23460,36236,23890,49036,28076,68525,34353,59058,17372,17351,42456,57551,43436,82768,4144,4349,9797,15830,10631,24214,12894,35973,16267,29467,9640,9848,13901,21828,12071,33078,427692,258457,26142,5540,156151,0,0,47,30
2021-03-06T23:59:59+01:00,20,20,12510,13343,23058,35503,23360,48249,27030,66999,33255,57296,16986,17022,41811,56662,43135,82301,4141,4335,9786,15804,10613,24180,12884,35931,16249,29436,9623,9807,13854,21790,11968,32868,423634,258079,26078,5256,148965,0,0,47,29
2021-03-05T23:59:59+01:00,20,20,12098,12742,22377,34299,22678,47019,26274,65370,32023,54877,16341,16191,38351,52359,40979,78859,4114,4288,9716,15704,10562,24032,12816,35736,16163,29229,9527,9738,13668,21576,11598,32257,408454,256382,24627,4408,139906,0,0,47,28
2021-03-04T23:59:59+01:00,18,20,11339,11737,21189,32571,21460,44975,24919,62720,30328,52519,15611,15474,34347,47194,37899,74171,4064,4199,9603,15414,10460,23675,12683,35206,16018,28831,9352,9585,13510,21365,11514,32112,390015,253341,22553,4316,126030,0,0,47,26
2021-03-03T23:59:59+01:00,16,20,11033,11249,20500,31355,20688,43616,24014,60971,29286,50879,15136,14972,31737,43872,34814,69404,4024,4136,9524,15245,10381,23424,12577,34785,15842,28486,9170,9459,13385,21151,11368,31842,374584,250714,21760,4153,117324,0,0,44,24
2021-03-02T23:59:59+01:00,16,20,10770,10825,19855,30388,19975,42597,23228,59585,28314,49606,14509,14325,29061,40501,30928,63186,3976,4065,9462,15080,10313,23159,12474,34353,15741,28180,9045,9357,13247,20963,11291,31697,356399,248317,20250,4152,111140,0,0,43,24
2021-03-01T23:59:59+01:00,14,19,10599,10566,19343,29585,19414,41716,22639,58515,27602,48484,14094,13870,26991,37912,26673,56302,3961,4016,9408,14925,10250,22860,12394,33976,15634,27857,8963,9297,13064,20695,11176,31514,339189,245903,19137,4152,106109,0,0,43,24
2021-02-28T23:59:59+01:00,13,19,10433,10367,18876,28939,18882,40979,22161,57663,27117,47692,13887,13629,26383,37252,26268,55700,3945,4002,9384,14893,10231,22809,12377,33906,15607,27811,8937,9273,12933,20517,11113,31364,336743,245051,18277,4116,101335,0,0,43,24
2021-02-27T23:59:59+01:00,13,18,10254,9852,18547,28072,18624,40194,21876,56681,26789,46900,13611,13328,25716,36448,25346,54282,3933,3991,9363,14873,10199,22761,12338,33824,15563,27738,8915,9257,12923,20501,11108,31357,332838,244700,17555,4009,96251,0,0,43,24
2021-02-26T23:59:59+01:00,12,17,9458,9067,17645,26633,17843,37988,20948,53831,25330,44076,13145,12926,24127,34461,23822,51976,3852,3923,9285,14712,10125,22505,12257,33459,15446,27444,8835,9176,12856,20433,11067,31287,323727,242793,17302,3935,82364,0,0,43,22
2021-02-25T23:59:59+01:00,12,17,8299,8216,16323,25029,16575,35726,19710,50944,23621,41296,12672,12525,22847,32869,22327,49693,3730,3780,9123,14400,9905,21901,12003,32607,15120,26791,8639,9024,12596,20108,10926,31019,316108,238658,16531,3081,66148,0,0,42,21
2021-02-24T23:59:59+01:00,11,16,7934,7693,15668,23993,15946,34489,18996,49431,22830,40097,12277,12189,21541,31370,20647,47066,3658,3713,8983,14109,9729,21448,11801,31981,14857,26255,8498,8887,12454,19935,10861,30808,307863,235887,15567,2154,58847,0,0,42,21
2021-02-23T23:59:59+01:00,11,16,7450,7216,14854,22818,15261,33271,18276,48021,22112,39029,11970,11865,20204,29796,19033,44510,3618,3638,8863,13907,9593,21052,11614,31405,14558,25753,8329,8745,12327,19725,10791,30577,299752,233067,14767,1491,51273,0,0,42,21
2021-02-22T23:59:59+01:00,10,14,7343,7011,14470,22200,14911,32543,17814,47015,21618,38296,11772,11616,19457,28789,17719,42557,3588,3536,8726,13615,9429,20550,11360,30666,14185,25157,8082,8552,12128,19473,10687,30274,293897,229763,14157,307,47181,0,0,40,21
2021-02-21T23:59:59+01:00,10,14,7253,6886,14149,21758,14492,31960,17399,46364,21181,37802,11666,11515,19294,28576,17472,42224,3550,3496,8644,13492,9354,20334,11289,30374,14064,24888,8020,8490,12072,19366,10616,30111,292756,227928,13785,293,43550,0,0,40,21
2021-02-20T23:59:59+01:00,10,14,7136,6836,14024,21678,14376,31825,17280,46214,21023,37621,11567,11432,18512,27659,16416,40754,3548,3490,8634,13484,9344,20313,11275,30349,14051,24877,8015,8481,12007,19302,10562,30043,288503,227545,13588,292,42359,0,0,40,20
2021-02-19T23:59:59+01:00,8,13,6836,6584,13670,21239,14005,31156,16806,45418,20317,36752,10965,11031,17468,26327,15259,39145,3468,3467,8558,13457,9302,20256,11237,30258,13992,24783,7972,8421,11784,19029,10369,29712,282122,225837,13213,291,37736,0,0,37,19
2021-02-18T23:59:59+01:00,8,13,6439,6109,13043,20095,13365,29781,15990,43547,19445,35173,10735,10812,16876,25572,14682,38262,3283,3330,8224,12917,9009,19507,10887,29221,13627,23956,7767,8112,11197,18077,9872,28562,278546,217321,12631,291,28840,0,0,37,18
2021-02-17T23:59:59+01:00,8,12,6274,5766,12597,19214,12876,28590,15290,41825,18798,33847,10508,10561,16120,24758,13905,37072,3034,3170,7884,12402,8708,18718,10517,28177,13236,23106,7534,7877,10640,17225,9434,27744,273879,209177,11900,289,22308,0,0,37,18
2021-02-16T23:59:59+01:00,8,12,5948,5465,12060,18380,12372,27515,14745,40446,18205,32813,10354,10456,15452,23927,13397,36283,2851,3050,7582,11952,8402,17994,10120,27088,12771,22209,7264,7583,9923,16054,8707,26194,270345,199669,11404,134,16155,0,0,35,18
2021-02-15T23:59:59+01:00,8,12,5843,5284,11766,17737,12106,26731,14397,39452,17857,32043,10229,10346,14892,23273,13036,35744,2762,2970,7391,11630,8183,17489,9820,26245,12421,21526,6983,7298,9223,14999,8192,24913,267243,192017,10801,88,12778,0,0,35,17
2021-02-14T23:59:59+01:00,8,12,5575,5169,11518,17465,11883,26295,14163,39006,17666,31766,10184,10295,14659,22934,12871,35351,2712,2932,7277,11466,8054,17283,9644,25913,12243,21224,6888,7175,9002,14615,8004,24378,266244,188782,9865,87,10778,0,0,33,17
2021-02-13T23:59:59+01:00,8,12,5515,5131,11468,17429,11853,26264,14135,38974,17646,31747,10171,10268,14632,22903,12859,35334,2708,2929,7272,11459,8042,17263,9629,25879,12216,21181,6858,7141,8848,14403,7652,23752,266003,187282,9864,9,10550,0,0,32,16
2021-02-12T23:59:59+01:00,8,11,4999,4813,10897,17066,11535,25713,13816,38330,17318,31104,10060,10161,14448,22689,12779,35225,2658,2896,7178,11302,7941,17032,9479,25487,11999,20736,6677,6909,8487,13842,7060,22412,264306,182147,9853,7,6879,0,0,32,16
2021-02-11T23:59:59+01:00,8,10,4537,4512,10311,16385,11123,24906,13336,37067,16828,30244,9745,9900,14166,22240,12499,34541,2490,2622,6578,10113,7254,15297,8620,22876,10952,18659,6026,6196,7443,12226,6245,20092,261075,163741,8212,4,3137,0,0,30,15
2021-02-10T23:59:59+01:00,8,10,4290,4345,9975,15933,10814,24365,13024,36183,16413,29494,9531,9762,13985,22035,12407,34335,2129,2331,5641,8654,6452,13255,7629,19967,9826,16624,5481,5610,6459,10566,5469,18033,258427,144184,7713,3,835,0,0,29,2
2021-02-09T23:59:59+01:00,8,9,4227,4246,9852,15666,10705,23963,12852,35561,16201,29020,9353,9625,13790,21825,12265,34113,1733,1979,4864,7386,5681,11462,6709,17461,8740,14631,4904,4981,5412,9014,4739,15934,255981,125685,6935,1,431,0,0,28,2
2021-02-08T23:59:59+01:00,8,9,4193,4191,9759,15454,10597,23605,12734,35100,16060,28662,9261,9558,13588,21542,12156,33920,1569,1784,4307,6394,5021,9888,5887,14937,7720,12779,4344,4448,4426,7427,3976,13857,253614,108814,6421,1,425,0,0,28,2
2021-02-07T23:59:59+01:00,8,9,4028,4124,9603,15316,10494,23440,12655,34837,15948,28470,9220,9513,13443,21359,12083,33777,1354,1537,3887,5721,4608,9009,5463,13778,7235,11821,4088,4188,4196,7034,3816,13262,252513,101045,5875,1,0,0,0,28,1
2021-02-06T23:59:59+01:00,8,9,4019,4115,9593,15300,10481,23404,12633,34787,15931,28413,9200,9499,13425,21324,11978,33580,1202,1341,3654,5414,4422,8584,5243,13190,6955,11263,3951,4051,4070,6885,3538,12804,252170,96613,5590,1,0,0,0,28,0
2021-02-05T23:59:59+01:00,8,8,3946,4048,9521,15157,10414,23153,12548,34417,15816,28132,9116,9425,13352,21249,11629,32983,1061,1113,3374,4969,4162,8004,4925,12412,6569,10535,3690,3805,3909,6658,3036,11919,250284,90184,4698,0,0,0,0,27,0
2021-02-04T23:59:59+01:00,8,8,3889,3925,9401,14843,10237,22605,12360,33621,15600,27570,8992,9316,13128,20956,11516,32782,797,780,2549,3719,3226,6262,3973,9867,5244,8323,3009,3093,3284,5671,2644,10421,246344,72894,4474,0,0,0,0,26,0
2021-02-03T23:59:59+01:00,8,8,3820,3854,9297,14621,10133,22270,12227,33112,15450,27150,8883,9201,12987,20779,11440,32617,661,612,1924,2804,2492,4835,3003,7581,4012,6275,2199,2229,2399,4205,1917,7814,243612,54989,4306,0,0,0,0,26,0
2021-02-02T23:59:59+01:00,8,8,3754,3759,9197,14428,10036,21890,12084,32548,15248,26697,8759,9087,12864,20569,11357,32351,525,486,1455,2070,1904,3636,2258,5769,2992,4690,1556,1531,1637,2770,1333,5200,240399,39831,4304,0,0,0,0,26,0
2021-02-01T23:59:59+01:00,7,8,3714,3669,9117,14197,9930,21503,11947,31911,15064,26194,8641,8939,12755,20426,11306,32176,391,352,1014,1429,1254,2420,1471,3778,1857,2969,984,973,970,1691,765,3013,237260,25340,4304,0,0,0,0,25,0
2021-01-31T23:59:59+01:00,7,8,3696,3634,9064,14089,9861,21299,11881,31614,14960,25996,8585,8880,12704,20315,11261,32047,361,331,893,1239,1065,2047,1269,3226,1624,2603,886,882,866,1507,694,2707,235772,22207,4189,0,0,0,0,24,0
2021-01-30T23:59:59+01:00,7,8,3696,3631,9054,14076,9847,21277,11868,31594,14948,25982,8581,8875,12644,20252,11210,31982,344,307,833,1155,1008,1924,1205,3036,1549,2466,858,856,847,1467,679,2654,235453,21194,4139,0,0,0,0,24,0
2021-01-29T23:59:59+01:00,7,8,3636,3616,8993,14047,9818,21226,11836,31519,14901,25914,8557,8852,12457,20027,11030,31739,277,224,713,983,864,1564,1050,2646,1338,2141,769,766,798,1412,661,2601,234235,18811,4011,0,0,0,0,21,0
2021-01-28T23:59:59+01:00,7,8,3517,3530,8789,13660,9598,20714,11605,30940,14574,25415,8420,8751,12021,19406,10674,31158,131,57,294,360,376,608,460,1148,608,960,407,423,467,812,378,1571,229448,9062,3403,0,0,0,0,20,0
2021-01-27T23:59:59+01:00,7,8,3286,3395,8496,13244,9297,20092,11222,30104,14187,24678,8204,8540,11471,18600,10249,30395,79,33,203,222,242,413,306,802,429,662,309,309,347,605,284,1149,222740,6395,2794,0,0,0,0,20,0
2021-01-26T23:59:59+01:00,6,8,3120,3298,8214,12907,9034,19522,10917,29347,13790,24046,7968,8319,10893,17686,9602,29243,74,29,188,212,226,379,290,751,398,601,294,284,320,542,258,1019,216027,5866,1951,0,0,0,0,20,0
2021-01-25T23:59:59+01:00,6,8,3033,3203,7933,12425,8743,18816,10531,28345,13310,23284,7685,8119,10275,16870,9146,28342,66,21,168,191,194,323,251,631,346,497,257,240,266,465,210,831,209726,4958,406,0,0,0,0,18,0
2021-01-24T23:59:59+01:00,6,8,2989,3182,7848,12347,8669,18691,10422,28185,13182,23101,7643,8084,10210,16758,9098,28246,65,20,164,187,192,310,248,610,337,483,248,236,264,458,206,816,208422,4845,304,0,0,0,0,18,0
2021-01-23T23:59:59+01:00,6,8,2988,3181,7847,12344,8665,18681,10421,28172,13176,23096,7636,8081,10086,16593,8770,27659,64,20,164,187,191,309,246,610,335,483,248,236,264,458,206,815,207166,4837,302,0,0,0,0,17,0
2021-01-22T23:59:59+01:00,6,8,2926,3135,7723,12231,8582,18541,10311,28002,13096,22981,7606,8048,9888,16291,8252,26635,64,20,163,187,191,309,246,610,334,483,248,236,264,458,206,815,204019,4835,302,0,0,0,0,16,0
2021-01-21T23:59:59+01:00,6,8,2844,2965,7223,11318,8098,17395,9774,26378,12491,21765,7321,7720,9247,15329,7727,25563,58,18,148,173,174,278,221,534,297,443,222,209,233,378,176,684,192926,4247,302,0,0,0,0,16,0
2021-01-20T23:59:59+01:00,6,8,2485,2618,6342,9907,7354,15442,8820,23549,11381,19692,6720,7068,8153,13562,6912,23341,56,18,147,168,171,276,213,520,286,421,210,202,227,353,162,646,173110,4077,299,0,0,0,0,16,0
2021-01-19T23:59:59+01:00,6,8,2043,2263,5443,8522,6490,13548,7798,20759,10110,17452,5963,6183,6764,11370,5890,20286,40,11,98,124,115,171,150,356,187,293,133,115,139,235,113,479,150722,2759,218,0,0,0,0,16,0
2021-01-18T23:59:59+01:00,5,8,1770,1974,4688,7139,5535,11309,6600,17165,8681,14737,5080,5301,5378,9116,4816,16799,21,6,38,46,52,79,66,162,74,147,59,54,66,131,62,220,126045,1283,94,0,0,0,0,16,0
2021-01-17T23:59:59+01:00,4,8,1493,1684,4175,6345,5027,10175,6064,15590,8041,13472,4740,4952,5005,8443,4487,15792,8,2,8,15,15,28,20,51,27,56,23,23,20,31,13,47,115439,387,90,0,0,0,0,15,0
2021-01-16T23:59:59+01:00,4,7,1326,1481,3958,6024,4847,9735,5805,14924,7711,12779,4551,4724,4793,8167,4132,15188,0,0,0,1,1,2,1,1,1,2,0,1,1,0,0,1,110179,12,7,0,0,0,0,14,0
2021-01-15T23:59:59+01:00,4,7,1175,1255,3704,5602,4593,9170,5513,14085,7303,11980,4259,4430,4607,7860,3597,14142,0,0,0,0,0,0,0,0,0,0,0,0,0,0,0,0,103309,0,4,0,0,0,0,14,0
2021-01-14T23:59:59+01:00,3,4,901,942,2958,4413,3729,7354,4569,11340,5906,9634,3458,3561,3869,6635,3113,12330,0,0,0,0,0,0,0,0,0,0,0,0,0,0,0,0,84737,0,0,0,0,0,0,14,0
2021-01-13T23:59:59+01:00,3,3,765,788,2485,3681,3144,6130,3796,9402,4812,7760,2585,2648,2922,5052,2381,9426,0,0,0,0,0,0,0,0,0,0,0,0,0,0,0,0,67797,0,0,0,0,0,0,13,0
2021-01-12T23:59:59+01:00,2,3,634,657,2083,3020,2588,4982,3039,7579,3795,6096,1855,1828,1996,3417,1683,6429,0,0,0,0,0,0,0,0,0,0,0,0,0,0,0,0,51709,0,0,0,0,0,0,0,0
2021-01-11T23:59:59+01:00,1,1,493,522,1739,2444,2079,3980,2354,5761,2818,4423,1193,1131,1196,2004,923,3648,0,0,0,0,0,0,0,0,0,0,0,0,0,0,0,0,36729,0,0,0,0,0,0,0,0
2021-01-10T23:59:59+01:00,1,1,437,453,1479,2020,1738,3257,1945,4776,2342,3705,1052,1007,1051,1757,822,3195,0,0,0,0,0,0,0,0,0,0,0,0,0,0,0,0,31049,0,0,0,0,0,0,0,0
2021-01-09T23:59:59+01:00,1,1,405,409,1355,1843,1593,2967,1791,4327,2157,3374,977,936,992,1703,804,3152,0,0,0,0,0,0,0,0,0,0,0,0,0,0,0,0,28796,0,0,0,0,0,0,0,0
2021-01-08T23:59:59+01:00,1,1,308,281,1107,1501,1315,2298,1473,3548,1787,2757,844,830,904,1580,757,2999,0,0,0,0,0,0,0,0,0,0,0,0,0,0,0,0,24298,0,0,0,0,0,0,0,0
2021-01-07T23:59:59+01:00,1,0,145,76,398,507,479,788,594,1368,779,1204,467,481,560,961,464,1906,0,0,0,0,0,0,0,0,0,0,0,0,0,0,0,0,11179,0,0,0,0,0,0,0,0
2021-01-06T23:59:59+01:00,1,0,110,44,268,285,307,512,398,928,529,824,359,361,423,747,358,1439,0,0,0,0,0,0,0,0,0,0,0,0,0,0,0,0,7894,0,0,0,0,0,0,0,0
2021-01-05T23:59:59+01:00,1,0,86,31,189,230,240,426,320,819,446,704,343,345,406,714,351,1385,0,0,0,0,0,0,0,0,0,0,0,0,0,0,0,0,7037,0,0,0,0,0,0,0,0
2021-01-04T23:59:59+01:00,1,0,68,25,172,193,199,333,256,636,352,512,268,253,286,516,234,927,0,0,0,0,0,0,0,0,0,0,0,0,0,0,0,0,5231,0,0,0,0,0,0,0,0
2021-01-03T23:59:59+01:00,1,0,66,21,166,188,194,319,254,621,343,495,260,251,282,503,232,910,0,0,0,0,0,0,0,0,0,0,0,0,0,0,0,0,5106,0,0,0,0,0,0,0,0
2021-01-02T23:59:59+01:00,1,0,66,21,166,188,194,319,251,621,340,495,260,251,282,503,232,909,0,0,0,0,0,0,0,0,0,0,0,0,0,0,0,0,5099,0,0,0,0,0,0,0,0
2021-01-01T23:59:59+01:00,1,0,65,21,165,188,194,318,251,621,338,493,260,251,282,502,232,909,0,0,0,0,0,0,0,0,0,0,0,0,0,0,0,0,5091,0,0,0,0,0,0,0,0
2020-12-31T23:59:59+01:00,1,0,65,21,165,186,194,317,250,620,337,492,260,251,282,502,232,909,0,0,0,0,0,0,0,0,0,0,0,0,0,0,0,0,5084,0,0,0,0,0,0,0,0
2020-12-30T23:59:59+01:00,1,0,64,21,165,185,192,314,250,618,337,490,260,251,282,502,231,909,0,0,0,0,0,0,0,0,0,0,0,0,0,0,0,0,5072,0,0,0,0,0,0,0,0
2020-12-29T23:59:59+01:00,1,0,45,12,117,140,143,212,182,443,237,376,179,164,194,373,170,709,0,0,0,0,0,0,0,0,0,0,0,0,0,0,0,0,3697,0,0,0,0,0,0,0,0
2020-12-28T23:59:59+01:00,1,0,24,8,64,77,80,122,101,252,118,232,98,93,103,200,103,388,0,0,0,0,0,0,0,0,0,0,0,0,0,0,0,0,2064,0,0,0,0,0,0,0,0
2020-12-27T23:59:59+01:00,0,0,11,3,17,26,36,47,36,89,37,94,32,29,40,73,32,145,0,0,0,0,0,0,0,0,0,0,0,0,0,0,0,0,747,0,0,0,0,0,0,0,0
