Datum,<15_m,<15_w,15-24_1_m,15-24_1_w,25-34_1_m,25-34_1_w,35-44_1_m,35-44_1_w,45-54_1_m,45-54_1_w,55-64_1_m,55-64_1_w,65-74_1_m,65-74_1_w,75-84_1_m,75-84_1_w,>84_1_m,>84_1_w,<24_2_m,<24_2_w,25-34_2_m,25-34_2_w,35-44_2_m,35-44_2_w,45-54_2_m,45-54_2_w,55-64_2_m,55-64_2_w,65-74_2_m,65-74_2_w,75-84_2_m,75-84_2_w,>84_2_m,>84_2_w,bp_1,bp_2,mo_1,mo_2,az_1,az_2,ja,unb_1,unb_2
2021-09-05T23:59:59+02:00,34311,31997,268744,258324,375767,345891,392488,385122,457007,466180,510441,511844,349075,389690,244778,313510,72020,131886,242263,233202,352328,320680,371679,361119,435973,441921,490329,491378,338291,377322,237355,303263,69161,125888,3947983,3722120,519122,495751,807855,760540,264709,487,393
2021-09-04T23:59:59+02:00,34260,31962,268597,258206,375661,345773,392367,385026,456941,466102,510396,511808,349066,389676,244771,313499,72020,131885,242118,233068,352186,320535,371546,361012,435891,441830,490272,491334,338271,377308,237347,303253,69161,125887,3947309,3721382,519069,495621,807850,760522,264382,487,393
2021-09-03T23:59:59+02:00,33949,31662,267722,257414,374927,345129,391785,384448,456366,465626,509943,511479,348899,389502,244708,313394,71997,131853,241132,232249,351409,319842,370892,360372,435257,441265,489799,490937,338084,377115,237265,303149,69141,125860,3943040,3717270,518405,494174,807830,760451,262122,487,393
2021-09-02T23:59:59+02:00,33596,31340,266689,256566,374095,344321,391062,383715,455699,465011,509416,511068,348639,389254,244587,313231,71977,131788,240131,231471,350548,319093,370172,359686,434568,440665,489240,490488,337844,376866,237170,303020,69121,125810,3937299,3712313,518140,493748,807795,760135,259414,487,393
2021-09-01T23:59:59+02:00,33273,30976,265852,255743,373357,343659,390544,383181,455238,464544,509031,510728,348462,389062,244504,313116,71953,131728,239058,230432,349714,318274,369508,359002,433969,440078,488729,490021,337621,376611,237049,302870,69099,125760,3931954,3705709,517964,493238,807763,759924,257864,487,392
2021-08-31T23:59:59+02:00,32877,30634,264987,254840,372630,342962,389979,382603,454740,464064,508587,510368,348270,388873,244410,312973,71922,131690,238115,229561,348920,317556,368860,358373,433430,439586,488222,489630,337421,376410,236964,302733,69069,125707,3926498,3700566,517775,492857,807737,759515,255992,487,392
2021-08-30T23:59:59+02:00,32336,30156,263704,253682,371646,342061,389169,381799,453996,463364,508028,509879,348044,388661,244317,312823,71886,131623,236972,228598,347937,316681,368085,357648,432738,439017,487672,489131,337177,376176,236843,302559,69032,125633,3919146,3694701,517660,492420,807693,759265,253267,487,392
2021-08-29T23:59:59+02:00,32149,29968,263143,253188,371177,341651,388792,381472,453704,463079,507800,509657,347949,388553,244268,312759,71876,131599,236265,227974,347338,316144,367593,357189,432318,438650,487367,488874,337040,376024,236783,302488,69015,125609,3916106,3690899,517545,492025,807667,759013,252057,487,392
2021-08-28T23:59:59+02:00,32060,29876,262920,253011,371003,341499,388638,381352,453581,462964,507727,509607,347926,388532,244257,312747,71875,131596,235949,227718,347095,315954,367376,357027,432137,438489,487245,488782,337000,375985,236763,302463,69014,125605,3915083,3689345,517505,491911,807661,758988,251513,487,392
2021-08-27T23:59:59+02:00,31833,29628,262271,252447,370497,340991,388171,380910,453134,462572,507365,509330,347799,388400,244200,312663,71857,131576,235351,227229,346495,315462,366912,356610,431696,438142,486949,488540,336871,375871,236712,302402,69005,125598,3911336,3686210,517437,491700,807597,758932,249864,487,392
2021-08-26T23:59:59+02:00,31458,29244,261280,251476,369664,340186,387430,380180,452462,461907,506830,508854,347569,388147,244077,312548,71828,131515,233908,225897,345294,314304,365837,355633,430842,437365,486305,487976,336597,375565,236554,302238,68978,125554,3905250,3678109,517197,491067,807550,758580,247247,487,392
2021-08-25T23:59:59+02:00,31102,28916,260380,250634,368930,339429,386789,379493,451838,461324,506288,508412,347340,387898,243957,312392,71793,131449,231920,224073,343845,312932,364683,354461,429862,436420,485527,487272,336229,375184,236410,302008,68935,125470,3899671,3666459,517072,490660,807522,758432,244689,486,390
2021-08-24T23:59:59+02:00,30805,28662,259669,249881,368340,338816,386264,378936,451368,460835,505896,508060,347138,387683,243850,312235,71766,131379,230730,223027,342899,312026,363911,353728,429203,435788,484977,486736,335960,374882,236281,301851,68912,125407,3894952,3659419,516787,490219,807504,758132,242930,486,385
2021-08-23T23:59:59+02:00,30291,28142,258290,248583,367319,337909,385440,378160,450598,460162,505256,507500,346863,387404,243712,312047,71739,131321,229261,221724,341598,310975,362968,352884,428352,435049,484287,486172,335662,374553,236149,301666,68886,125348,3887622,3652127,516645,489751,807470,757854,239588,486,385
2021-08-22T23:59:59+02:00,30152,28030,257888,248221,366975,337589,385171,377898,450366,459921,505074,507356,346771,387311,243673,311989,71723,131295,228549,221059,340921,310325,362438,352390,427924,434647,483969,485912,335504,374378,236087,301564,68867,125312,3885455,3647813,516506,489297,807431,757559,238600,486,385
2021-08-21T23:59:59+02:00,29905,27827,257397,247762,366663,337272,384920,377642,450163,459748,504927,507219,346718,387255,243651,311951,71720,131286,227811,220409,340442,309931,362043,351989,427560,434342,483742,485723,335421,374312,236061,301521,68861,125300,3882937,3644876,516366,488102,807424,757503,237888,486,385
2021-08-20T23:59:59+02:00,29717,27630,256742,247107,365929,336656,384255,377122,449574,459258,504460,506902,346577,387100,243596,311856,71704,131253,226017,218806,339051,308758,360938,351040,426615,433551,483030,485178,335183,374065,235961,301403,68837,125271,3879514,3636726,516050,486954,807412,757137,235050,486,385
2021-08-19T23:59:59+02:00,29392,27321,255782,246271,364957,335887,383489,376441,448868,458641,503908,506424,346343,386843,243489,311710,71672,131182,223275,216384,336764,306949,359249,349576,425229,432295,481885,484227,334770,373644,235770,301164,68803,125201,3874136,3622496,515698,485203,807381,756671,231993,485,385
2021-08-18T23:59:59+02:00,29112,27063,254991,245573,364270,335285,382921,375874,448280,458155,503438,506022,346076,386607,243372,311564,71641,131117,220823,213878,334731,305199,357625,347937,423723,430982,480753,483201,334259,373101,235542,300875,68756,125109,3869111,3609360,515527,481317,807357,756296,229953,485,385
2021-08-17T23:59:59+02:00,28801,26788,254211,244870,363665,334622,382370,375336,447808,457687,503015,505610,345880,386403,243258,311436,71615,131066,218077,211140,332669,303376,355950,346481,422301,429725,479637,482225,333783,372566,235316,300594,68706,125035,3864208,3594439,515229,478549,807330,755866,228259,485,384
2021-08-16T23:59:59+02:00,28520,26531,253527,244232,363100,334075,381913,374882,447380,457252,502604,505247,345699,386199,243163,311276,71584,131027,214927,208087,330392,301279,354444,345045,421107,428602,478698,481391,333402,372134,235134,300325,68668,124949,3859882,3577190,515078,477852,807307,755519,226528,485,384
2021-08-15T23:59:59+02:00,28327,26371,253046,243795,362684,333696,381562,374551,447087,457004,502369,505059,345589,386086,243116,311196,71573,131006,210933,204044,328512,299675,353193,343838,420093,427673,477919,480738,333072,371802,235016,300150,68644,124899,3857109,3559683,514944,476944,807274,755197,225374,485,383
2021-08-14T23:59:59+02:00,28262,26315,252805,243597,362455,333522,381388,374403,446932,456876,502254,504953,345540,386054,243098,311173,71570,131002,209866,202949,327707,298915,352482,343169,419603,427216,477536,480418,332933,371675,234978,300093,68635,124882,3855953,3553042,514874,476581,807270,755122,224686,485,383
2021-08-13T23:59:59+02:00,28009,26075,252107,243014,361961,333099,380957,373978,446500,456517,501919,504698,345412,385905,243034,311098,71558,130974,207992,201172,326290,297611,351224,341986,418561,426281,476788,479783,332692,371387,234866,299951,68617,124830,3852177,3541167,514804,475985,807260,754932,223163,480,383
2021-08-12T23:59:59+02:00,27813,25852,251387,242384,361349,332520,380434,373500,445973,456082,501503,504352,345232,385707,242934,310996,71546,130926,205410,198913,323415,295093,349224,340202,417065,425049,475575,478728,332253,370861,234623,299675,68577,124748,3848282,3523866,514619,474823,807226,753910,220951,480,383
2021-08-11T23:59:59+02:00,27581,25603,250665,241705,360736,331951,379917,373027,445519,455666,501099,503930,345008,385470,242821,310864,71519,130875,202377,195937,320241,292165,347060,338143,415574,423649,474300,477445,331718,370227,234377,299276,68529,124627,3843516,3502110,514407,473761,807187,752975,219434,480,382
2021-08-10T23:59:59+02:00,27340,25347,249838,240983,360041,331414,379387,372488,445029,455196,500655,503538,344820,385277,242736,310727,71496,130831,198192,191828,315593,287980,344094,335383,413464,421711,472719,475998,331046,369561,234089,298874,68474,124511,3838506,3472115,514131,472687,807153,751828,217942,479,382
2021-08-09T23:59:59+02:00,27148,25149,249222,240417,359476,330948,378958,372114,444628,454859,500317,503260,344665,385131,242670,310618,71476,130796,193664,187251,309901,283242,341346,332902,411564,419948,471107,474542,330417,368877,233825,298507,68418,124379,3834897,3441852,513954,469946,807125,750744,216465,479,381
2021-08-08T23:59:59+02:00,26979,24995,248746,240019,359092,330603,378623,371834,444336,454610,500079,503070,344560,385028,242610,310540,71459,130763,192326,185893,308289,281918,340046,331758,410705,419198,470547,474033,330162,368612,233703,298342,68393,124329,3832407,3432846,513804,468593,807075,750269,215249,479,381
2021-08-07T23:59:59+02:00,26830,24822,248224,239569,358699,330271,378289,371555,444043,454375,499854,502897,344489,384935,242575,310491,71451,130752,188667,182308,306249,280072,338333,330243,409378,417941,469624,473245,329812,368242,233573,298154,68359,124293,3829572,3413299,513697,467264,807065,750055,214376,479,378
2021-08-06T23:59:59+02:00,26608,24588,247357,238909,357926,329666,377625,370980,443391,453855,499324,502510,344254,384731,242476,310376,71440,130730,184937,178769,302801,277283,336215,328418,407782,416612,468331,472283,329434,367858,233413,298000,68335,124247,3827026,3394075,512346,465542,807055,748964,210908,479,377
2021-08-05T23:59:59+02:00,26288,24266,246189,237981,357041,328809,376819,370263,442661,453186,498663,501977,343974,384433,242362,310202,71399,130668,180478,174832,297438,272907,332117,324881,404990,414135,466087,470502,328767,367159,233152,297632,68276,124137,3820763,3366288,512089,460854,806995,745269,207922,479,377
2021-08-04T23:59:59+02:00,25915,23923,245047,236996,356054,327905,376047,369554,442042,452590,498094,501457,343702,384165,242243,310032,71373,130598,177015,171537,293685,269784,327715,320986,402744,412048,464390,468957,328078,366464,232881,297285,68218,124036,3814322,3339214,511743,459098,806961,743523,205304,471,376
2021-08-03T23:59:59+02:00,25450,23503,243685,235817,355160,327082,375346,368873,441395,451934,497503,500927,343412,383867,242117,309857,71330,130531,173538,168099,289593,266152,322614,316391,400009,409499,462070,466869,327252,365605,232534,296821,68152,123899,3806432,3307228,511584,457231,806924,741453,203441,471,376
2021-08-02T23:59:59+02:00,25133,23196,242637,234861,354316,326331,374654,368282,440832,451396,496986,500480,343152,383593,242002,309707,71304,130472,169906,164510,284908,262200,316757,311450,397266,406952,459843,464882,326481,364773,232240,296424,68090,123782,3800131,3273841,511338,455269,806868,738927,201588,471,375
2021-08-01T23:59:59+02:00,24981,23009,242010,234261,353724,325829,374220,367899,440399,451077,496641,500203,343015,383430,241927,309590,71291,130445,168360,163066,282428,260212,312130,307736,395412,405382,458371,463637,326056,364293,232074,296208,68063,123723,3796498,3255987,511029,453140,806781,736484,200232,471,373
2021-07-31T23:59:59+02:00,24872,22904,241668,233943,353446,325608,373982,367733,440212,450926,496535,500104,342982,383392,241907,309577,71290,130440,164596,159229,279608,257674,310048,305745,394017,404100,457223,462649,325738,363917,231940,296036,68037,123677,3794902,3233110,510841,452203,806777,735693,199590,471,373
2021-07-30T23:59:59+02:00,24585,22647,240878,233232,352874,325081,373498,367271,439755,450527,496177,499814,342844,383252,241863,309498,71277,130424,160857,155467,276212,254573,307028,302935,391793,401992,455384,461070,325230,363389,231731,295744,68004,123620,3790848,3208085,510484,451004,806760,732503,197994,471,373
2021-07-29T23:59:59+02:00,24238,22308,239341,231966,351719,324011,372537,366365,438907,449738,495370,499190,342514,382942,241728,309318,71240,130360,156013,150998,270840,250399,301133,298166,387453,398517,452338,458672,324397,362548,231421,295337,67943,123522,3783310,3174256,509816,446164,806678,727407,194576,471,373
2021-07-28T23:59:59+02:00,23937,22023,238194,230934,350840,323176,371795,365683,438279,449078,494805,498703,342262,382646,241598,309135,71206,130289,152260,147357,266358,246755,296704,294222,384192,395673,450256,456831,323741,361793,231160,294953,67878,123399,3776623,3143615,509286,444247,806599,724777,192664,470,372
2021-07-27T23:59:59+02:00,23668,21799,237188,229966,349999,322440,371102,365097,437697,448466,494279,498247,342021,382345,241465,308942,71171,130191,147241,142238,260447,241621,291409,289468,380184,391982,447083,454031,322760,360696,230797,294450,67788,123243,3770372,3102095,508738,441954,806543,721042,191020,469,371
2021-07-26T23:59:59+02:00,23436,21562,236219,228998,349220,321740,370508,364551,437142,447983,493829,497883,341793,382106,241338,308786,71148,130134,142895,137851,254906,236839,286243,284998,375727,388033,443571,451007,321809,359733,230470,293972,67714,123106,3764742,3062723,508113,439703,806464,716696,189643,469,371
2021-07-25T23:59:59+02:00,23077,21261,234878,227846,348282,320979,369833,363895,436570,447445,493375,497481,341597,381893,241251,308656,71127,130070,141049,136103,252231,234627,283749,282910,373594,386264,441500,449231,321302,359222,230272,293744,67689,123030,3757703,3047784,507737,437530,806401,712349,188260,469,371
2021-07-24T23:59:59+02:00,22828,21066,233950,226988,347564,320329,369261,363373,436041,447008,493014,497204,341480,381796,241209,308594,71124,130059,138155,133304,249499,232307,281188,280704,371339,384409,440264,448248,320955,358886,230128,293566,67670,122996,3753701,3029461,506969,434524,806385,712012,186417,469,371
2021-07-23T23:59:59+02:00,22411,20680,232449,225652,346246,319398,368218,362514,435165,446222,492317,496673,341245,381526,241120,308481,71103,130023,132679,128462,244135,228015,276717,276921,367652,381219,437619,446051,320257,358165,229874,293256,67616,122915,3746268,2993978,506498,432752,806330,709876,182929,469,370
2021-07-22T23:59:59+02:00,21907,20204,230350,223683,344503,317863,366717,361228,433854,445082,491340,495780,340825,381078,240951,308237,71058,129943,128340,124416,238145,223511,270340,271864,360769,375732,432165,441555,319088,356914,229447,292739,67522,122764,3733867,2951985,504911,426776,806205,703568,180197,469,370
2021-07-21T23:59:59+02:00,21400,19685,228471,221870,342812,316339,365099,359660,432281,443699,490120,494616,340276,380557,240704,307953,71005,129848,124585,120855,232695,219278,264824,267342,352645,368812,427564,437818,317972,355765,228987,292175,67441,122585,3722910,2916545,501161,415909,805982,698791,176915,469,367
2021-07-20T23:59:59+02:00,21097,19406,227004,220402,341582,315178,364138,358790,431427,442912,489405,493977,339937,380189,240559,307732,70978,129759,120253,116626,226351,214110,259002,262176,345536,362713,422875,433514,316880,354511,228574,291593,67346,122404,3713650,2872831,500755,408699,805852,694406,174786,469,366
2021-07-19T23:59:59+02:00,20781,19111,225278,218715,340275,313930,363107,357818,430621,442141,488735,493364,339641,379828,240410,307501,70934,129661,117505,114031,221979,210521,254395,258224,341826,359543,420261,431338,316160,353784,228283,291203,67273,122280,3703116,2847846,500337,403322,805763,690090,173205,469,366
2021-07-18T23:59:59+02:00,20628,18980,223991,217448,338673,312510,362047,356903,429813,441422,488200,492822,339410,379543,240281,307324,70912,129599,116015,112650,219338,208348,252044,256133,339582,357698,418235,429651,315681,353301,228123,290985,67252,122213,3693715,2835595,499798,399056,805689,686399,171872,469,364
2021-07-17T23:59:59+02:00,20234,18558,222837,216395,338096,311971,361460,356390,429295,440973,487788,492533,339306,379426,240239,307269,70909,129589,113944,110549,216882,206047,249585,253941,337160,355566,416789,428389,315346,352911,227988,290818,67228,122173,3688156,2818106,499595,396336,805676,685614,170411,466,364
2021-07-16T23:59:59+02:00,19691,18045,220288,214253,336358,310679,359958,355100,427829,439769,486690,491672,338902,379057,240066,307111,70884,129552,110832,107748,212119,202118,245053,250304,332867,351870,413444,425670,314427,351985,227638,290402,67174,122091,3677965,2790438,498837,393986,805515,681801,164153,466,363
2021-07-15T23:59:59+02:00,19049,17419,217507,211829,334451,308979,358373,353663,426498,438589,485751,490823,338504,378631,239864,306856,70842,129448,106931,104540,203769,195883,237570,244705,326276,346644,406384,419240,312699,350180,227095,289736,67103,121893,3662947,2743963,498236,385564,805396,674383,161058,466,363
2021-07-14T23:59:59+02:00,18204,16694,215073,209509,332760,307450,356974,352327,425283,437390,484725,489869,338052,378169,239626,306544,70788,129362,103328,101211,197300,190729,231862,240042,321989,343171,402215,415614,311390,348869,226692,289178,67022,121739,3648050,2710414,497673,380003,805268,667590,158366,465,360
2021-07-13T23:59:59+02:00,17554,16036,212884,207485,331159,306078,355641,351108,424113,436303,483763,489010,337617,377696,239423,306299,70753,129270,99575,97678,190821,185336,224736,233987,315319,337112,393830,407766,309603,346947,226091,288391,66913,121541,3634236,2667696,497115,367337,805112,658130,156285,463,354
2021-07-12T23:59:59+02:00,16536,15104,209606,204306,329098,304352,354065,349641,422872,435103,482787,488110,337202,377228,239244,306070,70713,129193,96482,94962,185545,181046,217759,228316,308490,331082,388736,403495,307881,345085,225502,287659,66814,121372,3615793,2629445,496559,360207,804934,649724,154499,462,352
2021-07-11T23:59:59+02:00,16028,14629,208251,203037,328363,303641,353404,349019,422310,434602,482343,487769,337015,377025,239184,305965,70692,129153,95064,93677,182780,178740,214767,226033,305803,328931,385911,401110,305416,342463,225124,287190,66761,121274,3609582,2614491,495921,358220,804807,639243,152678,457,351
2021-07-10T23:59:59+02:00,15554,14170,206406,201257,326904,302382,352271,348047,421585,434009,481869,487371,336847,376860,239118,305879,70682,129133,93766,92406,180253,176632,211734,223549,303284,326771,384749,400075,304769,341793,224944,287002,66745,121247,3601006,2597700,495291,357991,804570,637492,150031,456,351
2021-07-09T23:59:59+02:00,15231,13891,204501,199418,325299,300934,351202,347089,420683,433297,481300,486895,336642,376639,239021,305759,70666,129099,90981,89682,176725,173407,207393,219402,298264,322169,381310,397099,303675,340568,224641,286634,66708,121183,3591874,2568732,494427,355932,804379,629902,147435,456,350
2021-07-08T23:59:59+02:00,14766,13463,201011,196433,321985,298267,348833,345106,418975,431848,479866,485829,336206,376196,238844,305513,70621,129024,86679,85920,169482,167761,199270,213010,290899,316067,374375,390898,300966,337658,223870,285701,66591,120925,3576548,2522593,490376,347288,803860,619558,142547,456,350
2021-07-07T23:59:59+02:00,14265,13009,197276,192574,318823,295410,346529,343065,417418,430380,478671,484730,335730,375635,238655,305242,70584,128919,82999,82479,162193,162059,190241,205843,282928,309512,367354,384092,297663,334059,222969,284601,66453,120679,3555293,2474680,489014,333871,803477,609580,139672,455,348
2021-07-06T23:59:59+02:00,13806,12637,193842,189194,315566,292679,344053,340775,415698,428820,477406,483596,335229,375080,238458,304952,70531,128833,79430,78902,155523,156550,182833,199642,273994,301564,360869,378009,294469,330819,222086,283511,66344,120448,3535447,2422217,485949,326894,803060,600077,137237,454,348
2021-07-05T23:59:59+02:00,13409,12300,189458,184954,311526,289353,341545,338450,414035,427280,476266,482524,334756,374563,238284,304708,70498,128748,76372,76085,150412,152474,178070,195516,267086,295304,354760,372476,291198,327375,221203,282394,66235,120279,3512658,2383200,484793,322405,802570,589722,133171,451,346
2021-07-04T23:59:59+02:00,13231,12143,185619,181089,308898,287331,340235,337382,413157,426501,475685,482038,334535,374310,238194,304584,70472,128695,74189,74218,147326,149925,175745,193478,264646,293246,351655,370274,287897,323987,220624,281729,66180,120160,3500440,2369463,483505,320113,802003,578216,128685,450,344
2021-07-03T23:59:59+02:00,12038,11088,179194,175097,304641,283879,337909,335217,411344,424693,474479,480978,334136,373864,238019,304337,70448,128652,72410,72645,144907,148049,173309,191398,261587,290524,349377,368420,286148,322006,220356,281368,66148,120111,3474107,2353760,482105,319914,801819,573729,122504,450,344
2021-07-02T23:59:59+02:00,10941,9996,175483,171637,302232,281685,336163,333518,410096,423508,473705,480293,333877,373551,237903,304156,70420,128604,69719,69960,140991,144767,168884,187363,255534,285086,344160,363717,282898,318282,219717,280597,66100,120027,3456030,2320597,480629,317130,801633,561154,119992,449,323
2021-07-01T23:59:59+02:00,9849,9068,171819,168208,298199,278403,333678,331255,408304,421935,472610,479332,333458,373090,237702,303884,70373,128526,64845,65245,134694,139443,161612,180863,245290,276244,333375,353950,278123,313015,217865,278344,65921,119714,3433521,2264362,478543,304784,801287,543452,116856,449,321
2021-06-30T23:59:59+02:00,9360,8676,168554,165134,292585,273778,330012,327920,406535,420406,471590,478365,333038,372609,237511,303585,70339,128438,61721,62404,129059,134765,154975,174868,235253,267108,319989,340691,272920,307479,215976,276025,65753,119396,3408463,2209422,476381,291983,800994,524633,113108,448,319
2021-06-29T23:59:59+02:00,8824,8153,164764,161362,288058,269527,326457,324626,404438,418328,470051,476954,332453,371973,237260,303231,70284,128329,58937,59417,124121,130365,148963,169348,223417,256428,311444,332340,266464,300298,214009,273571,65550,119051,3380999,2150263,474394,287331,800671,507247,109513,447,316
2021-06-28T23:59:59+02:00,8419,7773,161449,157910,283029,265215,323161,321776,402298,416403,468565,475645,331933,371364,237027,302920,70240,128235,56670,57075,120228,126862,144624,165271,214199,248024,305661,326944,261522,295004,212245,271340,65404,118787,3357109,2114599,470420,278735,800017,490733,106313,447,313
2021-06-27T23:59:59+02:00,8271,7650,159947,156386,280928,263409,321363,320243,400605,415043,467675,474934,331641,371072,236924,302758,70221,128186,55473,55968,118108,125156,142064,163146,210096,244644,302308,324090,257721,291010,209790,268432,65293,118599,3347120,2099181,468348,275255,798968,474615,103317,447,313
2021-06-26T23:59:59+02:00,7119,6554,156684,153046,278823,261525,318956,318011,399415,413892,466976,474232,331371,370789,236818,302601,70197,128156,54926,55384,116777,124007,140643,161911,207852,242642,299778,321680,256189,289352,209457,268022,65266,118529,3328012,2082419,465531,275167,798962,472120,103184,414,283
2021-06-25T23:59:59+02:00,5899,5438,152375,148769,275436,258569,316899,316050,398112,412647,465977,473410,331082,370455,236691,302446,70169,128106,53640,53759,114304,121313,136568,157345,199098,234196,294100,315811,254467,287234,208867,267222,65195,118411,3303077,2039960,464104,273475,798908,465547,102963,414,283
2021-06-24T23:59:59+02:00,5045,4651,147936,144642,270624,254638,312626,312279,395931,410778,464607,472279,330663,369993,236523,302210,70136,128019,50998,51172,109194,116607,129253,150714,187078,223758,282695,305592,249091,281400,207037,264880,64992,118011,3271958,1978005,462105,261721,798740,451804,101293,414,282
2021-06-23T23:59:59+02:00,4825,4444,144776,141530,266933,251487,307385,307483,393438,408435,463204,470964,330136,369375,236294,301901,70088,127914,49058,49093,105401,112700,123592,145040,177196,215102,270741,293617,244486,276596,205705,263184,64831,117651,3244441,1921770,458587,251871,798582,441117,99519,412,281
2021-06-22T23:59:59+02:00,4575,4215,141705,138405,263227,248112,301265,302049,390804,405878,461664,469484,329592,368771,236075,301551,70040,127808,47372,47356,101798,109402,118804,140472,164618,203971,259843,283330,240427,272131,203786,260777,64579,117181,3212423,1863497,456659,244167,798396,430165,98251,410,273
2021-06-21T23:59:59+02:00,4316,3970,138443,135467,258528,244222,296025,297188,387768,403012,460194,468137,329075,368214,235852,301240,70000,127695,46142,46129,99419,107187,116071,137773,158411,198207,252964,276690,235078,266303,199863,256270,64394,116806,3180737,1832553,454624,238655,798189,410412,96300,409,273
2021-06-20T23:59:59+02:00,4172,3852,136938,133963,254298,240754,293449,294952,386377,401699,459404,467394,328851,367933,235740,301108,69980,127633,45025,45211,97168,105402,113803,135789,155383,195674,248664,272626,232080,262778,198876,255017,64313,116680,3163324,1812266,452865,235106,798036,402554,94770,409,267
2021-06-19T23:59:59+02:00,3755,3501,134790,131867,251546,238433,291669,293307,384539,400130,458561,466666,328631,367681,235636,300968,69959,127601,44488,44561,95899,104148,112335,134327,153883,194240,245447,269613,231363,261931,198705,254754,64291,116627,3146987,1796336,450048,233529,798026,402276,94670,409,266
2021-06-18T23:59:59+02:00,2806,2588,131514,128726,248023,235389,287660,289903,382143,398005,457223,465503,328257,367281,235481,300732,69932,127552,43700,43646,94320,102371,110049,131662,150339,190212,238598,262347,229642,259931,198221,254116,64216,116493,3121201,1767074,445614,232995,797999,395587,94395,408,266
2021-06-17T23:59:59+02:00,2572,2365,127808,125440,242013,230955,282445,285518,377361,394022,454903,463672,327667,366562,235239,300377,69867,127439,41461,41823,90270,98902,105163,126919,142480,182541,227215,250969,224446,254004,196572,251965,63956,116074,3086469,1711462,442637,228858,797746,384692,89936,332,258
2021-06-16T23:59:59+02:00,2301,2132,124574,122037,237119,226624,277751,281257,372189,389531,452321,461540,326929,365767,234951,299967,69801,127326,39634,40231,86738,95881,100819,123101,134255,175212,215124,239072,218226,246907,194652,249642,63704,115586,3053004,1651760,437099,223257,797238,376613,87335,330,257
2021-06-15T23:59:59+02:00,1914,1800,119659,117171,231138,221481,272405,276275,367129,384901,449479,459130,326062,364798,234604,299453,69719,127143,38016,38623,83418,92839,96856,119056,127212,168844,202795,227067,212205,240122,192698,247215,63393,115017,3008335,1594558,435173,217424,796675,368945,84625,330,254
2021-06-14T23:59:59+02:00,1652,1525,115606,113013,225911,216572,267044,271302,361846,380160,446367,456539,325281,363943,234292,299065,69657,127023,37035,37736,81141,90754,94152,116541,123103,165100,196204,220581,209097,236617,191564,245744,63175,114628,2966222,1565017,432821,215152,796417,361291,81879,328,253
2021-06-13T23:59:59+02:00,1578,1440,114113,111636,223465,214470,264503,269041,359590,378205,445199,455509,325005,363639,234157,298897,69625,126949,36172,37007,79289,89088,92143,114729,120279,162504,192343,216880,206016,233182,190533,244378,62943,114217,2951237,1551057,430384,207889,796114,353093,79823,328,252
2021-06-12T23:59:59+02:00,1429,1303,111464,108891,221572,212742,263121,267767,358154,376807,444302,454740,324718,363330,234065,298794,69607,126921,35803,36603,78303,87993,90893,113434,118703,160944,188784,213578,204983,232056,189132,242721,62933,114185,2935070,1537918,429405,207880,796095,345710,79693,327,251
2021-06-11T23:59:59+02:00,1281,1167,108923,106378,218680,210121,259459,264579,355021,374079,442587,453268,324284,362880,233928,298588,69580,126866,35130,35492,76300,84623,88659,109908,114601,155803,182092,206138,202887,229687,188529,241953,62871,114087,2910668,1510458,426614,207185,795915,332264,79002,327,250
2021-06-10T23:59:59+02:00,1119,1013,104165,101973,212611,205361,252406,258757,348934,368787,438091,449498,323430,361911,233607,298141,69497,126714,33549,34010,72303,80452,83741,104406,107938,147601,169757,192503,196822,222810,186802,239814,62618,113685,2867067,1463375,419521,205446,795069,305263,74870,325,245
2021-06-09T23:59:59+02:00,971,883,100247,98270,206653,200632,245592,253050,342280,362838,434417,446475,322757,361168,233339,297763,69433,126582,32018,32754,69071,77802,80047,101240,103221,143325,158624,181759,186210,210834,184940,237569,62346,113190,2828098,1409398,410994,201471,794566,294001,70222,298,241
2021-06-08T23:59:59+02:00,789,702,95719,93729,200023,195070,238634,247041,334034,355563,429311,441810,321925,360169,232967,297279,69352,126446,30945,31898,66485,75504,76766,98520,98644,139408,151036,174275,177505,201127,183136,235323,62113,112824,2776154,1370239,405233,196558,793983,283146,65708,298,230
2021-06-07T23:59:59+02:00,631,560,92503,90631,193965,190368,232079,241801,326202,349393,426268,439368,321383,359538,232753,296956,69298,126350,30079,31052,64023,73550,73813,96364,94883,136474,142960,166491,173461,196514,181709,233512,61890,112441,2737181,1343149,399073,193266,793419,272053,60881,296,229
2021-06-06T23:59:59+02:00,593,524,90929,89315,190679,187822,228726,239033,321926,345991,424837,438292,321115,359245,232645,296798,69274,126303,29477,30497,62253,71871,71738,94357,91696,133408,137280,160713,170930,193895,180599,232112,61661,112061,2721779,1331310,391691,183617,792940,261613,58137,294,228
2021-06-05T23:59:59+02:00,513,444,88986,87301,185815,183607,226262,236903,320110,344365,423839,437380,320830,358925,232497,296629,69260,126271,29023,29741,61050,69920,70342,92208,90019,131142,132526,155383,167924,190230,180114,231455,61627,111995,2698305,1307700,391570,183141,792802,256224,57755,293,227
2021-06-04T23:59:59+02:00,413,359,86632,84772,182154,180000,222256,232956,316519,340725,421477,435186,320372,358390,232300,296400,69222,126208,28557,29070,59932,68268,69065,90128,88228,128528,129163,151728,163691,185461,179121,230188,61579,111909,2669056,1288884,387747,182369,792685,246142,57340,293,226
2021-06-03T23:59:59+02:00,320,285,83345,81705,176423,175342,214999,226863,308812,334029,413724,428330,319341,357212,231930,295951,69167,126077,27667,28059,58039,66081,66673,87385,84598,124416,122412,145063,157345,177857,177551,228162,61466,111672,2620142,1259697,377510,177054,792266,233400,54409,291,221
2021-06-02T23:59:59+02:00,271,226,81267,79539,172346,171622,211355,223707,305235,330684,411680,426500,318934,356760,231777,295745,69139,126026,27201,27580,56912,64969,65081,86112,82543,122479,117439,140180,149471,168897,176832,227207,61381,111503,2591397,1227512,376126,175084,792237,229783,53517,288,216
2021-06-01T23:59:59+02:00,172,158,77004,75715,164066,165059,201999,215977,296136,322809,403481,418665,317425,355154,231238,295009,69027,125798,25650,26164,52599,62019,60245,82823,77131,117978,110012,132971,138375,155495,174731,224472,61171,111076,2532733,1177392,364487,170973,791476,218004,46642,286,211
2021-05-31T23:59:59+02:00,150,141,74259,73238,158409,160745,194693,210012,288750,316430,397743,413702,316431,354045,230853,294489,68937,125627,24737,25106,49976,59804,57078,80288,73527,114700,105517,128528,134230,150594,173366,222752,61001,110744,2492334,1154973,355096,168641,790845,207610,40816,285,209
2021-05-30T23:59:59+02:00,139,133,73209,72171,155933,158715,192070,207659,285970,313913,395858,411961,316069,353634,230692,294253,68899,125547,24135,24318,48386,58076,55338,78433,71301,112136,102861,125665,132078,148069,172573,221816,60908,110533,2476520,1145204,352577,167335,790217,196233,37945,284,205
2021-05-29T23:59:59+02:00,136,131,72599,71579,154422,157314,189771,205628,284130,312326,395021,411189,315848,353389,230612,294175,68888,125529,23813,23793,47468,56580,53999,76557,69377,109291,100545,122865,129275,144648,171921,220908,60881,110481,2462627,1131599,352417,167270,790150,185697,37925,284,204
2021-05-28T23:59:59+02:00,132,128,71512,70461,152031,155057,186115,202090,280861,309191,393163,409423,315442,352887,230465,293960,68869,125472,23282,22791,45860,54452,52172,73999,67336,105338,96220,116972,124901,139597,170946,219600,60835,110367,2438828,1108989,351368,167057,789942,171163,37546,283,201
2021-05-27T23:59:59+02:00,121,118,68200,67446,145547,150120,177927,195839,274476,304036,386847,403742,314182,351443,230006,293430,68798,125290,21961,21107,42607,51401,48295,70179,62785,99323,89868,109459,120973,134977,168149,215899,60662,110054,2394273,1080561,343752,164315,788134,151085,31819,283,197
2021-05-26T23:59:59+02:00,117,115,66048,65269,140595,146037,171830,190774,267725,298369,380109,397054,312665,349841,229520,292734,68696,125079,21219,20191,40786,49264,45942,67447,59749,95532,85277,104347,115993,129259,164360,210565,60453,109627,2357012,1048655,330555,162739,786323,139608,29088,282,196
2021-05-25T23:59:59+02:00,116,108,64017,63280,136393,142549,166780,186484,260661,292093,374687,391669,311387,348436,229116,292092,68612,124902,20641,19528,39387,47746,44108,65432,57276,92531,81198,99972,111057,123573,158824,203323,60283,109320,2319497,1017136,323048,159316,783784,130379,27451,278,190
2021-05-24T23:59:59+02:00,113,106,62776,62067,133638,140446,163498,184071,253711,286105,369756,386997,310560,347518,228830,291707,68540,124773,20298,19122,38369,46674,42764,63947,55598,90520,78962,97461,109636,121917,158218,202532,60171,109118,2295764,1007780,311943,158017,781995,123693,25903,277,186
2021-05-23T23:59:59+02:00,108,106,62279,61551,132538,139554,162304,183037,252469,285084,368171,385569,309943,346861,228659,291481,68520,124737,20066,18935,37816,46118,42010,63248,54437,89524,77472,96095,108460,120521,157240,201311,60100,108976,2284274,999604,311360,154934,781951,122099,25777,277,184
2021-05-22T23:59:59+02:00,105,104,61585,60930,131050,138481,159932,181414,249500,282796,365693,383347,309413,346268,228482,291215,68494,124687,19747,18515,37205,45517,41370,62719,53781,88798,76701,94953,106910,118719,156467,200342,60073,108922,2266310,992903,311345,154930,781912,118673,24314,277,184
2021-05-21T23:59:59+02:00,101,100,60253,59490,128143,135889,156646,178092,244267,278033,359599,377660,308480,345177,228186,290819,68434,124579,19387,18149,36592,44747,40719,61668,52829,87405,74980,92649,103669,114768,155327,198891,59981,108747,2230254,979880,309706,154604,780338,112075,24031,274,182
2021-05-20T23:59:59+02:00,94,98,57204,56695,122409,131019,149722,171782,233960,269292,350577,369383,305948,342437,227420,289811,68302,124361,18091,17215,34417,42501,38265,58770,50015,83634,71049,88150,99548,110124,152868,195877,59801,108391,2172313,960594,303051,152658,774384,94404,21135,266,182
2021-05-19T23:59:59+02:00,93,96,54990,54502,117403,126340,142555,165170,223426,259935,340028,358494,303304,339571,226674,288768,68152,124085,17511,16430,33191,40913,36860,56708,48005,80854,67810,84573,95665,105647,149247,191155,59539,107900,2106428,937203,296796,150681,771405,84898,19307,266,169
2021-05-18T23:59:59+02:00,88,91,52893,52541,112618,122079,136178,159601,211859,249569,330156,348700,300636,336606,225797,287572,68000,123831,16993,15826,31980,39452,35505,54914,46199,78445,64924,81347,91663,101117,146054,187096,59326,107465,2046590,916981,287434,147823,767810,76255,17324,262,169
2021-05-17T23:59:59+02:00,85,88,51859,51548,110286,120023,133368,156946,205334,243555,322586,341616,298847,334636,225211,286749,67893,123619,16537,15377,30930,38407,34338,53623,44717,76646,62663,78954,86831,95259,144591,185212,59176,107150,2019799,905290,275138,140359,764385,69570,15266,261,167
2021-05-16T23:59:59+02:00,84,85,51072,50892,108844,118699,131628,155286,202364,240873,315154,334667,297830,333508,224904,286265,67841,123522,16253,15005,30180,37626,33466,52702,43652,75332,61330,77484,83414,91185,143802,184136,59089,107010,2004482,899208,264715,133591,761146,65429,13512,259,163
2021-05-15T23:59:59+02:00,84,85,50536,50259,107846,117711,130615,154176,200430,238939,311584,331457,297209,332822,224708,285994,67821,123458,16113,14841,29926,37320,33181,52271,43165,74687,60481,76502,82817,90368,143286,183468,59053,106963,1988293,893971,264697,133444,760276,64300,12802,257,162
2021-05-14T23:59:59+02:00,83,85,49276,48837,105594,115618,127027,150723,192224,231870,305273,325575,296229,331685,224423,285546,67774,123363,15615,14412,29142,36501,32411,51081,42086,72906,58918,74551,80914,87881,142673,182481,59013,106877,1951045,884328,263000,132573,755725,58877,11757,255,161
2021-05-13T23:59:59+02:00,79,84,47358,46891,101752,112390,122321,146617,182210,223293,294676,315760,293263,328266,223614,284407,67674,123156,14752,13966,28286,35805,31649,50179,41143,71812,57412,72986,77137,83531,139913,178873,58903,106661,1899494,871787,254391,125525,749494,55026,10740,252,158
2021-05-12T23:59:59+02:00,77,82,46447,46185,99833,110966,120262,144959,179664,221185,289946,310435,292101,327000,223374,284088,67636,123071,14587,13816,27966,35587,31248,49889,40698,71437,56871,72419,75800,81906,139134,177739,58817,106501,1876445,866056,252229,123733,749005,54755,9940,247,157
2021-05-11T23:59:59+02:00,73,76,44203,44710,95806,107891,114461,140233,166297,209918,278300,299675,288700,323089,222418,282687,67486,122772,14159,13248,26957,34161,30117,48087,39394,69158,55158,70154,72714,78322,137780,175909,58658,106143,1817602,853790,242534,121043,740494,46889,8464,243,155
2021-05-10T23:59:59+02:00,72,72,42951,43738,93204,105889,111206,137605,157913,202895,270428,292570,286526,320641,221844,281825,67362,122530,13817,12805,26197,33177,29324,46828,38399,67302,53932,68425,70626,75766,136635,174399,58538,105855,1782065,844927,236490,119990,733522,39689,7491,239,148
2021-05-09T23:59:59+02:00,71,72,41828,42967,90523,104136,108542,135837,152907,199478,264909,287632,285288,319260,221469,281298,67296,122384,13502,12587,25504,32507,28593,46025,37608,66341,52995,67479,69396,74364,136039,173564,58483,105724,1762763,840347,229394,119013,727533,34920,6501,235,146
2021-05-08T23:59:59+02:00,70,72,41537,42666,89678,103407,107449,134982,151461,198264,262348,285570,284787,318718,221350,281119,67280,122352,13400,12526,25377,32415,28449,45896,37419,66147,52655,67161,68431,73442,134970,172201,58436,105631,1750739,835741,228883,118269,727310,34142,6488,214,131
2021-05-07T23:59:59+02:00,68,71,40613,41950,87746,102069,104626,132773,146841,194458,256099,280065,283449,317119,221001,280662,67227,122229,12653,12043,24553,31680,27686,44836,36556,64884,51468,65650,66183,70756,132746,169382,58346,105453,1724973,826079,225674,116002,723188,27344,5534,213,129
2021-05-06T23:59:59+02:00,64,70,37968,40227,82999,98614,98631,128020,136656,185953,239651,265655,278326,311327,219715,278974,67052,121913,11966,11526,23616,30575,26690,43483,35201,62882,49730,63674,63695,67631,130634,166620,58232,105235,1659428,814983,215761,112894,712297,18976,4620,203,128
2021-05-05T23:59:59+02:00,62,67,36081,39032,79345,96031,94031,124374,128835,179424,224899,251617,272141,304189,218142,276984,66806,121390,11732,11251,23077,29850,26088,42561,34276,61483,48578,62261,61083,64525,127692,162921,58134,104985,1593237,802709,210688,109329,706261,14997,3547,203,124
2021-05-04T23:59:59+02:00,62,65,34977,37927,76624,93713,90530,121334,123274,174692,214282,241347,266654,297745,216702,275141,66597,120922,11570,11047,22673,29310,25630,41788,33559,60396,47469,60988,58364,61347,125328,159988,57984,104749,1544216,790837,205572,106693,700184,11851,2895,201,122
2021-05-03T23:59:59+02:00,61,63,34109,36872,74338,91898,87653,118985,118834,171047,207627,235346,263377,293880,215904,274059,66476,120627,11325,10774,22279,28734,25146,41088,32873,59430,46447,59849,55581,58010,121553,155097,57727,104312,1512473,775000,202461,104981,695256,9092,1237,199,121
2021-05-02T23:59:59+02:00,61,63,33757,36554,73164,90995,86186,117892,116409,169181,204531,232833,262419,292792,215620,273651,66410,120519,11253,10702,22090,28521,24916,40802,32532,59024,45996,59373,54392,56549,118490,151418,57643,104182,1501885,769986,199670,99428,691382,8190,367,198,117
2021-05-01T23:59:59+02:00,60,63,33440,36180,72403,90201,85115,116852,114942,167819,201450,229803,261729,291970,215410,273371,66399,120480,11239,10686,22037,28491,24856,40764,32470,58966,45913,59298,54150,56257,118331,151222,57634,104165,1486804,768677,199667,99388,691117,8141,361,197,117
2021-04-30T23:59:59+02:00,57,61,32897,35580,71196,88978,83655,115120,111164,164257,194053,222688,259738,289602,214961,272763,66339,120374,10918,10491,21676,28212,24580,40341,32145,58403,45450,58665,53254,55093,117379,150035,57579,104045,1453922,764999,199341,97398,690317,5798,162,194,114
2021-04-29T23:59:59+02:00,55,59,31397,34632,68277,86953,80020,112519,106059,160151,181240,211145,251808,280505,213764,271130,66203,120025,10612,10277,21200,27764,24150,39842,31560,57662,44642,57731,51420,52900,115531,147800,57479,103850,1399051,756170,192064,94718,684947,3482,141,185,112
2021-04-28T23:59:59+02:00,54,57,30163,34020,66410,85642,77541,110698,102632,157299,171559,201977,240952,267906,212485,269445,66006,119697,10427,10118,20902,27412,23786,39372,31136,57007,43915,56907,49298,50284,112951,144568,57356,103638,1346422,746629,188699,90172,679574,2257,111,178,108
2021-04-27T23:59:59+02:00,51,56,29404,33336,64834,84179,75533,108891,99879,154901,166838,197251,232449,258103,211337,267830,65886,119475,10302,10007,20621,27123,23550,39042,30776,56511,43232,56216,47293,47741,110312,141136,57239,103438,1312404,736825,186393,86162,671586,1539,110,173,103
2021-04-26T23:59:59+02:00,50,56,28975,32952,63733,83296,74032,107724,97594,153190,158223,189238,228262,253263,210630,266838,65794,119277,10207,9918,20406,26937,23314,38825,30480,56172,42614,55641,45487,45593,108417,138657,57143,103285,1283471,728862,184949,83067,664858,1159,106,169,101
2021-04-25T23:59:59+02:00,50,55,28724,32714,62958,82773,72970,106989,95866,151965,152839,184369,223930,248380,210040,266058,65728,119154,10152,9884,20328,26861,23228,38744,30369,56046,42454,55482,45073,45096,107736,137750,57115,103215,1270720,727205,178811,81297,656181,1028,103,168,99
2021-04-24T23:59:59+02:00,50,54,28382,32288,62020,81552,71785,105544,94321,150309,147938,179223,221143,245049,209570,265384,65694,119104,10137,9866,20287,26819,23176,38679,30288,55960,42305,55346,44829,44788,107486,137456,57094,103187,1245874,726120,178782,80597,654901,985,102,168,97
2021-04-23T23:59:59+02:00,48,54,27636,31663,60452,80045,69997,103526,91732,147670,143160,174833,216593,239504,208915,264395,65631,118989,10084,9803,20179,26732,23045,38529,30054,55753,41942,55016,44211,44031,106424,136170,56938,102912,1221022,722772,177602,78120,646362,933,101,165,94
2021-04-22T23:59:59+02:00,46,53,27021,31064,58916,78609,67533,101312,87611,144180,135127,167348,207559,228507,206877,261764,65433,118592,9959,9707,19929,26434,22690,38096,29539,55239,41187,54378,43042,42703,104433,133724,56709,102514,1179508,715299,170161,74178,638026,809,101,160,92
2021-04-21T23:59:59+02:00,46,51,26528,30542,57590,77508,65652,99681,84572,141544,127941,160537,194494,213175,204728,258876,65207,118166,9828,9621,19697,26186,22405,37771,29187,54789,40635,53848,42194,41685,102245,130941,56455,102103,1128050,708758,167279,70099,631653,737,101,154,91
2021-04-20T23:59:59+02:00,45,50,26103,30072,56432,76364,63977,98101,82027,138969,122862,155474,183018,199719,202304,255741,64970,117735,9725,9530,19478,25998,22112,37502,28776,54377,40096,53314,41378,40752,100027,127955,56118,101566,1085430,701212,163796,66848,624881,657,99,152,84
2021-04-19T23:59:59+02:00,45,49,25736,29715,55461,75544,62694,96923,79901,137043,119343,152094,177266,192877,200597,253507,64787,117402,9616,9437,19247,25778,21867,37228,28460,53986,39584,52785,40582,39843,96930,123990,55713,100854,1060891,690868,161966,64426,618275,620,98,146,84
2021-04-18T23:59:59+02:00,44,44,25428,29455,54693,74999,61572,95978,78049,135621,115978,149701,172159,187322,199587,252279,64674,117208,9542,9362,19058,25604,21690,37062,28242,53709,39324,52534,40254,39456,95714,122443,55531,100555,1046914,686995,160296,62494,607722,605,98,145,83
2021-04-17T23:59:59+02:00,43,43,25319,29363,54322,74804,61055,95626,77395,135022,115132,148960,167907,182437,199052,251553,64640,117143,9497,9303,18920,25416,21502,36832,28015,53434,39059,52266,39955,39134,94950,121515,55467,100471,1036031,682977,160268,62180,603657,593,98,145,83
2021-04-16T23:59:59+02:00,43,43,24945,29115,53334,74198,59771,94747,75770,133691,110985,144816,160269,173664,197396,249348,64531,116934,9289,9128,18527,24986,20921,36256,26905,52530,37035,50661,36639,36202,91761,117992,55064,99816,1010123,667904,159477,55263,594138,559,98,144,81
2021-04-15T23:59:59+02:00,39,39,24470,28663,52083,73028,57811,93018,72501,130846,105516,139536,152406,164685,192744,243475,64234,116315,9115,8965,18158,24562,20427,35597,26227,51736,35641,49429,34524,34162,88646,114258,54556,98959,977910,654798,157424,49672,576211,508,97,142,79
2021-04-14T23:59:59+02:00,37,35,24129,28338,51146,72090,56473,91632,70114,128689,101527,135768,143209,154303,185005,233596,63893,115647,8709,8692,17684,24056,19891,34952,25313,50857,34351,48306,32481,32004,85668,110611,54066,98099,940051,639906,154752,45444,560965,408,96,137,78
2021-04-13T23:59:59+02:00,37,35,23892,28121,50449,71555,55529,90807,68480,127280,97801,132335,131379,141184,178615,225267,63555,115059,8474,8520,17339,23649,19470,34416,24649,50064,33284,47292,31098,30643,83512,108230,53709,97555,906813,630587,150236,41051,544468,285,96,135,76
2021-04-12T23:59:59+02:00,36,34,23683,27933,49894,71046,54665,90074,67012,125990,95169,130011,124269,133149,175388,221318,63284,114568,8237,8335,16976,23353,19099,33981,24177,49527,32616,46666,29572,29104,81851,106290,53383,97034,890403,622155,148694,37794,528563,271,94,133,74
2021-04-11T23:59:59+02:00,35,34,23508,27773,49370,70623,53935,89620,65869,125187,93312,128534,118787,127136,171469,216713,63114,114270,8104,8201,16680,23074,18781,33672,23820,49147,32168,46279,28935,28438,80830,105044,53174,96715,882934,616866,144283,35967,512212,253,90,131,71
2021-04-10T23:59:59+02:00,35,34,23447,27716,49203,70488,53735,89462,65542,124917,92788,128098,116704,124609,170028,214862,63072,114170,7517,7597,15790,22288,17822,32832,22699,48115,31058,45283,28272,27726,78735,102437,52907,96279,875943,601546,143428,35587,509683,248,85,131,71
2021-04-09T23:59:59+02:00,34,34,23200,27466,48703,69997,53095,88779,64545,123794,90963,126189,107877,113669,166645,210454,62874,113814,6558,6697,14262,20965,16101,31272,20558,46151,28852,43275,26495,25901,75235,98262,52362,95440,856531,574100,136372,34074,499378,236,77,126,67
2021-04-08T23:59:59+02:00,34,34,22904,27220,48123,69506,52340,88079,63238,122711,88545,124021,97567,101679,161106,203610,62548,113250,5915,6110,13075,19946,14843,29933,18919,44432,26352,40941,23473,22934,70587,92491,51221,93690,837875,542552,127473,32133,481327,206,67,124,67
2021-04-07T23:59:59+02:00,32,33,22592,26995,47320,69049,51414,87467,61849,121732,85403,121581,88381,91386,154102,194824,62254,112690,5535,5789,12415,19273,14027,29106,17876,43380,24442,39044,20937,20409,66630,87727,50225,92075,817486,519094,121879,29650,459904,176,61,120,66
2021-04-06T23:59:59+02:00,31,33,22381,26834,46792,68668,50824,86943,60816,120955,83295,119838,80620,82582,147740,186865,61911,112062,5341,5630,12064,18916,13674,28674,17341,42818,23579,38235,19810,19377,63470,83632,49302,90693,798221,505724,118665,26705,442473,165,56,116,63
2021-04-05T23:59:59+02:00,31,32,22282,26709,46481,68323,50438,86545,60271,120264,82115,118688,76143,77488,142736,180764,61710,111747,5202,5491,11803,18664,13380,28362,17018,42446,23134,37774,19345,18907,60587,80079,48603,89626,788791,496390,116913,23911,427233,159,53,114,63
2021-04-04T23:59:59+02:00,31,32,22234,26650,46360,68055,50268,86231,59991,119762,81608,118056,74701,75782,142033,179791,61673,111665,5198,5484,11785,18651,13369,28346,16999,42429,23036,37702,18938,18584,59150,78232,48397,89315,786256,491598,116807,23909,422037,152,49,111,61
2021-04-03T23:59:59+02:00,31,32,22172,26569,46237,67947,50105,86056,59675,119450,81040,117477,73356,74146,140916,178255,61590,111516,5189,5475,11772,18633,13346,28326,16965,42382,22930,37628,18802,18433,58800,77670,48308,89169,779893,489812,116765,23909,420089,152,48,110,61
2021-04-02T23:59:59+02:00,31,32,22094,26486,46077,67781,49886,85808,59205,119000,80162,116665,71801,72262,138636,175274,61393,111157,5170,5437,11724,18590,13291,28244,16876,42234,22656,37151,18444,18070,56459,74788,47495,88068,770779,481329,114990,23265,418161,152,44,108,59
2021-04-01T23:59:59+02:00,28,30,21899,26282,45661,67260,49240,85065,58329,118060,78281,114994,68538,68830,134554,170100,61076,110590,5023,5293,11452,18327,13068,28008,16553,41925,22152,36708,17626,17325,51613,68756,45816,85612,759141,463277,108893,21894,410966,139,39,105,58
2021-03-31T23:59:59+02:00,28,30,21572,26064,45259,66736,48746,84417,57600,117123,77123,113752,66493,66511,129795,163988,60674,109867,4945,5242,11354,18209,12908,27858,16312,41655,21557,36197,16496,16422,46399,62338,44436,83629,749388,444936,101732,20946,404848,136,34,102,54
2021-03-30T23:59:59+02:00,28,29,21394,25841,44859,66117,48240,83620,56889,116071,75984,112374,64652,64490,125415,158236,60206,108968,4878,5157,11250,18083,12716,27669,15985,41331,20982,35648,15663,15619,43644,58928,43320,81834,739196,433080,97511,19583,396903,107,30,97,53
2021-03-29T23:59:59+02:00,27,29,21196,25603,44398,65568,47764,82929,56153,114997,74756,110941,62162,61743,118675,149595,59436,107575,4781,5084,11145,17969,12562,27503,15738,41008,20524,35180,15011,15078,41055,55944,42213,80012,718661,421876,94088,18904,390996,92,28,96,52
2021-03-28T23:59:59+02:00,27,29,20990,25314,43899,64883,47247,82188,55473,113990,73815,109835,60902,60309,113969,143619,58992,106818,4726,5025,10999,17823,12303,27204,15547,40761,20357,34947,14772,14834,39974,54523,41865,79473,712127,417552,86774,17577,383596,72,28,95,49
2021-03-27T23:59:59+01:00,27,29,20870,25157,43607,64517,46883,81659,54973,113301,73142,109097,59745,59224,112483,141911,58925,106738,4713,5013,10972,17804,12285,27174,15186,40332,19957,34511,14479,14622,39487,53834,41390,78655,706850,413494,86072,16922,379561,66,28,95,49
2021-03-26T23:59:59+01:00,27,28,20618,24643,42802,62813,45915,79634,53634,110279,71124,105483,57730,57341,109730,138669,58598,106222,4694,4980,10948,17752,12215,27082,15108,40222,19616,33916,14010,13970,36415,49995,39333,75411,695451,398979,82751,16703,367282,53,25,94,49
2021-03-25T23:59:59+01:00,27,26,20186,23971,41929,61049,44819,77083,52121,106753,68734,101719,55136,54706,106419,134700,58027,105231,4648,4925,10857,17649,12093,26936,14924,40003,19339,33609,13535,13479,32565,44946,36337,70877,684031,380636,78557,16105,350244,48,22,92,49
2021-03-24T23:59:59+01:00,27,26,19784,23524,41146,59779,43804,75546,50743,104828,66637,99389,52353,51793,102164,129601,57388,104154,4593,4859,10764,17506,11925,26733,14692,39719,18971,33190,13077,13025,29995,41734,33223,66040,671228,365074,73683,15004,337975,41,17,91,48
2021-03-23T23:59:59+01:00,27,26,19536,23222,40587,58865,43081,74455,49708,103316,64977,97530,50062,49447,99407,126389,56828,103314,4534,4789,10665,17381,11779,26549,14446,39406,18553,32803,12574,12518,27560,38638,29555,60146,663103,347513,70342,14415,327534,40,16,88,48
2021-03-22T23:59:59+01:00,27,26,19313,22808,39947,57983,42415,73416,48763,101929,63502,95897,48227,47561,97007,123643,56357,102543,4476,4742,10579,17265,11648,26371,14288,39166,18312,32501,12263,12146,25726,36285,25598,53764,656797,331299,67535,13862,317235,37,16,85,47
2021-03-21T23:59:59+01:00,27,26,19175,22549,39455,57230,41866,72571,48109,100773,62558,94662,47178,46536,95360,121792,55987,101964,4461,4733,10543,17217,11601,26285,14228,39076,18230,32402,12143,12014,25297,35837,25244,53206,654222,329102,65507,13448,308289,37,15,83,45
2021-03-20T23:59:59+01:00,26,26,19115,22404,39244,56735,41625,72010,47798,100136,62118,94060,46523,45770,92762,118561,55699,101477,4452,4725,10534,17205,11573,26268,14185,39039,18148,32327,11984,11853,24656,35062,24482,52120,647754,325387,65058,13259,303475,37,15,83,45
2021-03-19T23:59:59+01:00,25,25,18761,21839,38111,54610,40344,70016,46061,98049,59234,91301,42078,41895,87543,112797,54997,100397,4431,4712,10501,17154,11508,26156,14093,38869,17913,32028,11632,11570,22989,33002,22798,49560,629991,316057,57845,12897,290446,31,15,77,45
2021-03-18T23:59:59+01:00,25,24,18366,21191,36934,52455,38804,67225,43905,93577,55388,85504,38043,38095,82811,107312,53909,98737,4411,4684,10435,17051,11430,26001,13945,38681,17697,31825,11400,11387,21742,31488,21085,46961,613048,307978,52101,12286,267349,28,15,77,44
2021-03-17T23:59:59+01:00,25,23,17944,20838,36209,51537,38039,66271,42823,92225,53599,83676,35368,35308,78787,102487,52965,97264,4388,4658,10373,16956,11357,25867,13832,38492,17498,31632,11162,11162,20500,30076,19495,44561,596386,300473,47696,11577,261494,25,15,76,44
2021-03-16T23:59:59+01:00,24,23,17587,20419,35463,50467,37226,65076,41725,90549,51760,81688,33163,33288,74754,97541,52084,95950,4338,4609,10300,16828,11266,25716,13733,38255,17365,31389,10992,10983,19216,28555,18014,42235,583125,292692,43006,11143,252842,25,12,74,44
2021-03-15T23:59:59+01:00,24,23,17307,20055,34754,49489,36434,63886,40821,89069,50500,80087,31439,31447,71472,93447,51387,94817,4316,4574,10233,16705,11199,25515,13617,37967,17216,31117,10826,10825,18483,27589,16755,40373,571998,286867,39681,10494,244971,25,1,72,44
2021-03-14T23:59:59+01:00,24,22,17039,19628,33898,48279,35534,62566,39763,87243,49244,78357,30273,30214,69477,90884,50942,94141,4292,4555,10188,16628,11142,25372,13557,37745,17126,30953,10754,10739,18302,27308,16493,39812,564886,285666,37803,9361,235031,16,0,68,44
2021-03-13T23:59:59+01:00,24,22,16226,18565,32399,46245,33958,60430,37723,84168,47111,75803,28918,28860,67463,88259,50673,93750,4292,4555,10186,16622,11139,25365,13548,37739,17120,30944,10717,10707,17553,26422,15447,38360,548529,281415,37518,9360,224726,16,0,68,44
2021-03-12T23:59:59+01:00,23,22,15125,17188,29956,43596,31292,57289,34859,79312,43898,71339,26080,25668,63156,82956,49691,92345,4279,4522,10167,16560,11121,25314,13502,37621,17029,30813,10440,10480,16667,25174,14375,36836,520494,275610,36206,9349,207260,13,0,66,43
2021-03-11T23:59:59+01:00,22,22,14083,15728,27705,40901,28972,54099,32270,74920,40143,66441,22678,22190,57138,75636,47757,89504,4238,4482,10087,16441,11010,25089,13384,37310,16863,30509,10135,10267,16032,24332,13707,35561,488427,271604,34614,7908,187315,10,0,65,40
2021-03-10T23:59:59+01:00,22,22,13488,15030,26295,39284,27319,52278,30704,72602,37622,63313,19929,19636,51220,68492,46205,87165,4203,4438,9987,16274,10892,24840,13236,36890,16664,30136,9898,10084,15289,23559,13048,34535,461995,266873,32566,7164,176210,8,0,63,40
2021-03-09T23:59:59+01:00,21,21,13206,14562,25171,38243,25901,51092,29640,70947,36243,61479,18745,18511,47708,64051,45080,85376,4179,4412,9902,16107,10789,24580,13083,36572,16488,29899,9773,9982,14624,22722,12552,33761,448387,263159,30035,6331,167707,8,0,63,38
2021-03-08T23:59:59+01:00,20,21,12875,13954,24089,37133,24628,49954,28704,69463,35009,59860,17665,17631,43585,59061,43852,83392,4164,4376,9841,15909,10687,24319,12950,36214,16359,29634,9689,9898,14130,22117,12238,33322,432915,259977,28029,5940,160081,3,0,62,37
2021-03-07T23:59:59+01:00,20,21,12642,13661,23495,36283,23929,49078,28103,68592,34400,59101,17403,17380,42516,57610,43485,82828,4152,4363,9819,15867,10660,24246,12918,36044,16302,29520,9667,9869,13932,21863,12102,33120,428149,258917,26214,5600,156310,0,0,61,36
2021-03-06T23:59:59+01:00,20,20,12529,13369,23093,35549,23398,48291,27054,67064,33300,57336,17017,17051,41870,56720,43184,82359,4149,4349,9808,15841,10642,24212,12908,36002,16284,29489,9649,9828,13885,21825,11999,32909,424082,258537,26150,5316,149116,0,0,61,35
2021-03-05T23:59:59+01:00,20,20,12116,12767,22411,34346,22715,47060,26299,65433,32064,54916,16370,16216,38408,52412,41027,78915,4122,4302,9738,15741,10590,24064,12840,35806,16197,29282,9553,9758,13699,21610,11628,32298,408884,256836,24698,4467,140050,0,0,61,33
2021-03-04T23:59:59+01:00,18,20,11356,11759,21223,32618,21496,45011,24942,62781,30369,52559,15639,15497,34402,47243,37946,74227,4073,4211,9625,15449,10486,23706,12707,35273,16052,28881,9375,9604,13541,21399,11543,32153,390434,253780,22621,4374,126165,0,0,61,30
2021-03-03T23:59:59+01:00,16,20,11047,11263,20534,31397,20722,43648,24033,61030,29324,50917,15162,14994,31789,43920,34860,69457,4033,4148,9544,15279,10407,23454,12601,34851,15874,28535,9191,9478,13416,21185,11397,31883,374986,251145,21826,4209,117436,0,0,56,28
2021-03-02T23:59:59+01:00,16,20,10785,10838,19888,30428,20007,42628,23248,59642,28352,49641,14535,14347,29110,40546,30974,63236,3985,4077,9482,15113,10338,23189,12497,34418,15773,28228,9065,9376,13278,20998,11320,31738,356788,248743,20315,4208,111247,0,0,55,28
2021-03-01T23:59:59+01:00,14,19,10614,10578,19376,29624,19444,41744,22659,58571,27636,48519,14120,13893,27039,37955,26717,56347,3969,4027,9427,14958,10275,22890,12416,34042,15667,27905,8983,9316,13095,20728,11204,31555,339563,246324,19201,4208,106210,0,0,55,28
2021-02-28T23:59:59+01:00,13,19,10446,10377,18908,28975,18909,41006,22180,57718,27149,47725,13912,13651,26430,37295,26310,55745,3953,4013,9402,14925,10256,22839,12399,33972,15640,27859,8956,9292,12963,20549,11141,31405,337103,245468,18341,4172,101427,0,0,55,27
2021-02-27T23:59:59+01:00,13,18,10267,9862,18580,28107,18650,40219,21895,56733,26820,46931,13636,13350,25760,36489,25387,54325,3941,4001,9381,14904,10224,22791,12360,33890,15595,27785,8934,9276,12944,20527,11120,31385,333185,245111,17618,4023,96340,0,0,55,27
2021-02-26T23:59:59+01:00,12,17,9470,9077,17677,26663,17866,38010,20965,53879,25360,44107,13169,12948,24171,34500,23860,52019,3860,3933,9303,14743,10150,22535,12278,33524,15478,27490,8854,9195,12877,20459,11079,31316,324062,243202,17364,3949,82440,0,0,55,25
2021-02-25T23:59:59+01:00,12,17,8311,8225,16355,25058,16596,35746,19728,50988,23650,41322,12695,12548,22891,32908,22363,49733,3738,3789,9141,14430,9930,21930,12024,32672,15151,26835,8657,9044,12615,20133,10939,31047,316436,239061,16594,3093,66208,0,0,54,23
2021-02-24T23:59:59+01:00,11,16,7946,7701,15699,24022,15966,34508,19014,49471,22857,40122,12298,12212,21583,31408,20682,47106,3666,3722,9001,14138,9753,21475,11821,32046,14889,26297,8516,8907,12472,19960,10874,30836,308180,236287,15628,2162,58903,0,0,54,23
2021-02-23T23:59:59+01:00,11,16,7463,7224,14881,22844,15281,33287,18293,48062,22138,39053,11991,11887,20243,29831,19068,44548,3625,3646,8881,13936,9615,21077,11632,31469,14589,25795,8345,8765,12344,19749,10804,30604,300061,233454,14828,1498,51318,0,0,53,22
2021-02-22T23:59:59+01:00,10,14,7356,7018,14496,22226,14930,32559,17828,47056,21644,38321,11793,11638,19494,28822,17752,42594,3595,3544,8744,13644,9451,20575,11377,30728,14214,25197,8097,8571,12144,19496,10698,30301,294192,230140,14219,311,47226,0,0,51,22
2021-02-21T23:59:59+01:00,10,14,7266,6893,14173,21780,14509,31976,17412,46404,21205,37827,11686,11536,19331,28609,17505,42259,3556,3504,8660,13521,9375,20359,11306,30436,14093,24928,8035,8509,12088,19389,10627,30138,293048,228300,13847,297,43584,0,0,49,22
2021-02-20T23:59:59+01:00,10,14,7149,6843,14048,21700,14393,31841,17293,46254,21047,37646,11587,11452,18548,27691,16447,40789,3554,3498,8650,13513,9365,20338,11292,30411,14080,24917,8030,8500,12023,19325,10573,30070,288790,227917,13650,296,42393,0,0,49,21
2021-02-19T23:59:59+01:00,8,13,6847,6591,13694,21261,14022,31172,16819,45456,20340,36776,10985,11051,17501,26360,15288,39179,3474,3475,8574,13486,9322,20281,11254,30320,14021,24823,7987,8439,11802,19054,10380,29739,282401,226212,13275,294,37767,0,0,46,20
2021-02-18T23:59:59+01:00,8,13,6450,6116,13067,20117,13382,29798,16003,43584,19467,35197,10754,10832,16909,25605,14711,38296,3288,3338,8239,12946,9028,19531,10902,29277,13652,23995,7782,8130,11215,18101,9883,28589,278824,217677,12693,294,28870,0,0,46,19
2021-02-17T23:59:59+01:00,8,12,6284,5773,12621,19236,12892,28608,15302,41862,18820,33870,10525,10580,16152,24791,13934,37107,3039,3178,7899,12430,8727,18740,10532,28232,13260,23144,7548,7895,10658,17248,9445,27770,274157,209524,11961,292,22331,0,0,46,19
2021-02-16T23:59:59+01:00,8,12,5958,5472,12082,18401,12388,27533,14757,40482,18227,32835,10371,10476,15483,23960,13425,36318,2856,3058,7597,11978,8422,18016,10136,27142,12795,22246,7278,7600,9939,16074,8717,26220,270621,200007,11465,136,16174,0,0,44,19
2021-02-15T23:59:59+01:00,8,12,5852,5291,11786,17757,12121,26750,14409,39488,17878,32065,10245,10366,14922,23304,13064,35779,2766,2977,7404,11655,8203,17509,9834,26297,12445,21562,6997,7314,9238,15016,8202,24938,267516,192337,10862,90,12791,0,0,44,18
2021-02-14T23:59:59+01:00,8,12,5582,5176,11536,17486,11897,26314,14175,39041,17687,31788,10200,10315,14688,22964,12899,35386,2716,2939,7290,11490,8074,17303,9658,25965,12266,21260,6901,7190,9017,14632,8014,24402,266512,189098,9926,88,10789,0,0,42,18
2021-02-13T23:59:59+01:00,8,12,5522,5138,11486,17450,11866,26283,14147,39009,17667,31769,10186,10287,14661,22932,12887,35368,2712,2936,7285,11483,8062,17281,9642,25929,12239,21217,6871,7156,8863,14419,7662,23776,266267,187593,9925,9,10560,0,0,41,17
2021-02-12T23:59:59+01:00,8,11,5005,4820,10915,17086,11548,25731,13828,38365,17337,31125,10075,10179,14477,22718,12807,35259,2662,2903,7191,11325,7961,17050,9492,25536,12022,20771,6689,6923,8501,13857,7070,22436,264570,182451,9914,7,6883,0,0,40,17
2021-02-11T23:59:59+01:00,8,10,4543,4519,10327,16406,11135,24925,13348,37101,16847,30266,9759,9916,14195,22269,12527,34573,2494,2629,6591,10132,7273,15313,8630,22921,10970,18689,6035,6207,7454,12236,6254,20115,261339,164003,8271,4,3139,0,0,36,16
2021-02-10T23:59:59+01:00,8,10,4297,4351,9992,15953,10825,24384,13036,36216,16431,29516,9545,9778,14014,22065,12435,34366,2133,2336,5653,8670,6466,13269,7639,20005,9843,16653,5488,5621,6467,10573,5478,18056,258688,144414,7772,3,837,0,0,34,4
2021-02-09T23:59:59+01:00,8,9,4233,4253,9869,15685,10715,23982,12863,35596,16219,29042,9366,9640,13819,21855,12293,34144,1737,1981,4872,7401,5693,11476,6720,17490,8755,14657,4909,4991,5417,9020,4747,15958,256240,125884,6994,1,432,0,0,33,4
2021-02-08T23:59:59+01:00,8,9,4199,4198,9775,15473,10607,23622,12744,35135,16078,28684,9274,9573,13617,21570,12184,33951,1572,1786,4314,6404,5031,9900,5898,14963,7732,12800,4349,4458,4428,7432,3984,13878,253867,108984,6480,1,426,0,0,33,4
2021-02-07T23:59:59+01:00,8,9,4034,4131,9619,15337,10505,23458,12665,34872,15966,28490,9233,9528,13471,21386,12110,33808,1357,1539,3894,5730,4615,9021,5472,13803,7245,11841,4093,4198,4198,7038,3824,13282,252769,101203,5934,1,0,0,0,30,3
2021-02-06T23:59:59+01:00,8,9,4025,4122,9608,15321,10492,23422,12643,34822,15949,28433,9213,9514,13453,21351,12005,33610,1205,1343,3661,5423,4429,8596,5252,13213,6965,11283,3956,4061,4072,6889,3545,12824,252424,96768,5649,1,0,0,0,30,2
2021-02-05T23:59:59+01:00,8,8,3952,4054,9536,15178,10425,23171,12558,34452,15834,28152,9129,9440,13380,21276,11655,33013,1064,1114,3380,4978,4169,8016,4935,12432,6579,10554,3695,3815,3909,6658,3039,11934,250536,90319,4756,0,0,0,0,30,2
2021-02-04T23:59:59+01:00,8,8,3894,3930,9415,14861,10248,22623,12370,33656,15618,27590,9006,9330,13154,20983,11540,32809,800,781,2556,3725,3234,6272,3982,9883,5253,8339,3013,3102,3290,5680,2651,10445,246585,73041,4531,0,0,0,0,28,2
2021-02-03T23:59:59+01:00,8,8,3825,3858,9312,14638,10144,22287,12238,33148,15468,27173,8897,9215,13012,20806,11466,32643,664,613,1928,2810,2500,4843,3009,7589,4019,6289,2200,2235,2403,4210,1924,7828,243860,55093,4359,0,0,0,0,28,2
2021-02-02T23:59:59+01:00,8,8,3757,3763,9212,14445,10045,21906,12096,32584,15266,26720,8772,9101,12889,20595,11384,32379,528,486,1458,2075,1911,3643,2262,5771,2998,4700,1557,1537,1640,2773,1338,5209,240644,39906,4357,0,0,0,0,28,2
2021-02-01T23:59:59+01:00,7,8,3717,3673,9133,14215,9939,21521,11957,31948,15081,26216,8652,8954,12781,20452,11333,32203,393,352,1015,1432,1261,2426,1475,3780,1862,2977,986,980,972,1694,769,3022,237506,25405,4357,0,0,0,0,26,2
2021-01-31T23:59:59+01:00,7,8,3699,3638,9079,14107,9870,21317,11891,31651,14977,26019,8596,8895,12730,20341,11288,32074,363,331,893,1242,1071,2053,1273,3228,1629,2610,888,888,868,1510,698,2716,236017,22268,4242,0,0,0,0,25,2
2021-01-30T23:59:59+01:00,7,8,3698,3635,9069,14094,9856,21294,11878,31631,14965,26005,8592,8890,12661,20272,11221,31997,346,307,833,1158,1014,1929,1209,3038,1554,2473,860,862,849,1470,683,2663,235696,21254,4149,0,0,0,0,25,2
2021-01-29T23:59:59+01:00,7,8,3638,3620,9008,14064,9827,21242,11846,31556,14917,25937,8568,8867,12474,20047,11041,31754,279,224,712,985,870,1569,1054,2648,1343,2148,770,770,800,1415,665,2610,234476,18866,4020,0,0,0,0,22,2
2021-01-28T23:59:59+01:00,7,8,3520,3534,8803,13678,9607,20729,11614,30975,14590,25439,8431,8765,12037,19426,10685,31173,132,57,293,360,378,611,462,1148,612,964,407,426,469,814,382,1580,229687,9098,3411,0,0,0,0,20,1
2021-01-27T23:59:59+01:00,7,8,3289,3399,8510,13262,9306,20105,11231,30140,14203,24703,8215,8554,11486,18619,10260,30409,80,33,202,222,244,415,307,801,433,662,309,312,349,607,287,1158,222977,6423,2800,0,0,0,0,20,1
2021-01-26T23:59:59+01:00,6,8,3123,3301,8228,12925,9043,19535,10926,29383,13806,24070,7979,8332,10908,17703,9612,29257,75,29,187,212,228,381,291,750,402,601,294,286,322,544,260,1028,216258,5892,1957,0,0,0,0,20,1
2021-01-25T23:59:59+01:00,6,8,3035,3207,7945,12443,8753,18829,10540,28381,13325,23306,7697,8131,10289,16886,9156,28356,67,21,167,191,194,325,252,630,350,496,257,241,268,467,211,840,209953,4979,410,0,0,0,0,18,1
2021-01-24T23:59:59+01:00,6,8,2991,3186,7860,12365,8679,18704,10431,28221,13196,23123,7654,8095,10224,16774,9108,28260,66,20,163,187,192,311,249,609,341,482,248,237,266,460,207,825,208647,4865,307,0,0,0,0,18,1
2021-01-23T23:59:59+01:00,6,8,2990,3185,7859,12362,8675,18694,10429,28207,13190,23118,7647,8092,10100,16608,8780,27673,65,20,163,187,191,310,247,609,339,482,248,237,266,460,207,823,207388,4856,305,0,0,0,0,17,1
2021-01-22T23:59:59+01:00,6,8,2928,3139,7735,12249,8592,18552,10319,28036,13109,23003,7617,8058,9902,16305,8262,26649,65,20,162,187,191,310,247,609,338,482,248,237,266,460,207,823,204236,4854,304,0,0,0,0,16,1
2021-01-21T23:59:59+01:00,6,8,2846,2969,7236,11335,8107,17405,9783,26409,12502,21787,7335,7733,9265,15358,7744,25599,59,18,147,173,174,279,221,533,301,442,222,210,235,380,177,691,193190,4264,304,0,0,0,0,16,1
2021-01-20T23:59:59+01:00,6,8,2487,2622,6355,9923,7360,15449,8829,23579,11391,19714,6733,7081,8168,13590,6929,23377,57,18,146,168,171,277,213,519,289,420,210,203,229,355,163,653,173359,4093,301,0,0,0,0,16,1
2021-01-19T23:59:59+01:00,6,8,2047,2267,5455,8535,6500,13558,7808,20793,10123,17480,5977,6200,6783,11404,5907,20324,41,11,97,124,115,172,150,356,190,292,133,115,141,237,114,486,151005,2774,220,0,0,0,0,16,1
2021-01-18T23:59:59+01:00,5,8,1774,1977,4699,7151,5545,11318,6609,17195,8694,14764,5093,5317,5397,9151,4834,16842,22,6,38,46,52,80,66,162,76,146,59,54,66,131,62,220,126323,1286,96,0,0,0,0,16,1
2021-01-17T23:59:59+01:00,4,8,1499,1687,4186,6356,5036,10186,6072,15625,8052,13499,4753,4967,5024,8477,4505,15833,8,2,8,15,15,29,20,51,29,56,23,23,20,31,13,47,115718,389,91,0,0,0,0,15,1
2021-01-16T23:59:59+01:00,4,7,1332,1484,3969,6035,4856,9746,5813,14960,7722,12806,4563,4739,4811,8201,4150,15229,0,0,0,1,1,3,1,1,2,2,0,1,1,0,0,1,110457,13,8,0,0,0,0,14,1
2021-01-15T23:59:59+01:00,4,7,1181,1258,3715,5613,4602,9181,5522,14119,7314,12007,4271,4445,4624,7893,3614,14183,0,0,0,0,0,0,0,0,1,0,0,0,0,0,0,0,103584,0,4,0,0,0,0,14,1
2021-01-14T23:59:59+01:00,3,4,907,945,2969,4424,3737,7364,4578,11373,5918,9659,3469,3576,3883,6664,3127,12365,0,0,0,0,0,0,0,0,1,0,0,0,0,0,0,0,84989,0,0,0,0,0,0,14,1
2021-01-13T23:59:59+01:00,3,3,772,791,2496,3692,3153,6140,3805,9431,4824,7781,2596,2663,2934,5081,2394,9459,0,0,0,0,0,0,0,0,1,0,0,0,0,0,0,0,68037,0,0,0,0,0,0,13,1
2021-01-12T23:59:59+01:00,2,3,640,660,2089,3028,2596,4988,3046,7591,3804,6113,1864,1842,2007,3445,1695,6461,0,0,0,0,0,0,0,0,1,0,0,0,0,0,0,0,51900,0,0,0,0,0,0,1,1
2021-01-11T23:59:59+01:00,1,1,496,524,1741,2451,2083,3986,2359,5768,2824,4432,1199,1140,1203,2023,934,3678,0,0,0,0,0,0,0,0,1,0,0,0,0,0,0,0,36864,0,0,0,0,0,0,1,1
2021-01-10T23:59:59+01:00,1,1,440,455,1480,2026,1743,3263,1950,4783,2348,3714,1057,1015,1058,1776,833,3225,0,0,0,0,0,0,0,0,1,0,0,0,0,0,0,0,31180,0,0,0,0,0,0,1,1
2021-01-09T23:59:59+01:00,1,1,408,410,1356,1849,1598,2973,1796,4334,2163,3383,982,944,999,1722,815,3182,0,0,0,0,0,0,0,0,1,0,0,0,0,0,0,0,28926,0,0,0,0,0,0,1,1
2021-01-08T23:59:59+01:00,1,1,311,281,1107,1505,1320,2304,1477,3554,1793,2766,848,836,911,1599,767,3027,0,0,0,0,0,0,0,0,1,0,0,0,0,0,0,0,24416,0,0,0,0,0,0,1,1
2021-01-07T23:59:59+01:00,1,0,146,76,398,507,481,789,596,1369,783,1206,467,483,562,963,466,1912,0,0,0,0,0,0,0,0,1,0,0,0,0,0,0,0,11208,0,0,0,0,0,0,0,1
2021-01-06T23:59:59+01:00,1,0,111,44,268,285,308,513,400,928,533,826,359,363,425,749,359,1445,0,0,0,0,0,0,0,0,1,0,0,0,0,0,0,0,7920,0,0,0,0,0,0,0,1
2021-01-05T23:59:59+01:00,1,0,87,31,189,230,241,427,321,818,450,704,343,347,408,716,352,1391,0,0,0,0,0,0,0,0,1,0,0,0,0,0,0,0,7059,0,0,0,0,0,0,0,1
2021-01-04T23:59:59+01:00,1,0,69,25,172,193,199,334,257,635,356,512,268,254,288,518,235,933,0,0,0,0,0,0,0,0,1,0,0,0,0,0,0,0,5251,0,0,0,0,0,0,0,1
2021-01-03T23:59:59+01:00,1,0,67,21,166,188,194,319,255,620,346,495,260,252,284,505,233,916,0,0,0,0,0,0,0,0,1,0,0,0,0,0,0,0,5124,0,0,0,0,0,0,0,1
2021-01-02T23:59:59+01:00,1,0,67,21,166,188,194,319,252,620,343,495,260,252,284,505,233,915,0,0,0,0,0,0,0,0,1,0,0,0,0,0,0,0,5117,0,0,0,0,0,0,0,1
2021-01-01T23:59:59+01:00,1,0,66,21,165,188,194,318,251,620,340,493,260,252,284,504,233,915,0,0,0,0,0,0,0,0,1,0,0,0,0,0,0,0,5107,0,0,0,0,0,0,0,1
2020-12-31T23:59:59+01:00,1,0,66,21,165,186,194,317,250,619,339,492,260,252,284,504,233,915,0,0,0,0,0,0,0,0,1,0,0,0,0,0,0,0,5100,0,0,0,0,0,0,0,1
2020-12-30T23:59:59+01:00,1,0,65,21,165,185,192,314,250,617,339,490,260,252,284,504,232,915,0,0,0,0,0,0,0,0,1,0,0,0,0,0,0,0,5088,0,0,0,0,0,0,0,1
2020-12-29T23:59:59+01:00,1,0,46,12,117,140,143,212,182,443,239,376,179,164,196,375,171,715,0,0,0,0,0,0,0,0,1,0,0,0,0,0,0,0,3712,0,0,0,0,0,0,0,1
2020-12-28T23:59:59+01:00,1,0,25,8,64,77,80,122,101,252,119,231,98,93,103,200,103,388,0,0,0,0,0,0,0,0,1,0,0,0,0,0,0,0,2066,0,0,0,0,0,0,0,1
2020-12-27T23:59:59+01:00,0,0,12,3,17,26,36,47,36,89,38,94,32,29,40,73,32,145,0,0,0,0,0,0,0,0,0,0,0,0,0,0,0,0,749,0,0,0,0,0,0,0,0
