Datum,<15_1_m,<15_1_w,15-24_1_m,15-24_1_w,25-34_1_m,25-34_1_w,35-44_1_m,35-44_1_w,45-54_1_m,45-54_1_w,55-64_1_m,55-64_1_w,65-74_1_m,65-74_1_w,75-84_1_m,75-84_1_w,>84_1_m,>84_1_w,<15_2_m,<15_2_w,15-24_2_m,15-24_2_w,25-34_2_m,25-34_2_w,35-44_2_m,35-44_2_w,45-54_2_m,45-54_2_w,55-64_2_m,55-64_2_w,65-74_2_m,65-74_2_w,75-84_2_m,75-84_2_w,>84_2_m,>84_2_w,bp_1,bp_2,mo_1,mo_2,az_1,az_2,ja,unb_1,unb_2
2021-12-11T23:59:59+01:00,110561,103997,364037,341298,470076,433275,468517,455399,519202,523921,554715,553025,367019,410865,252990,326190,74768,138193,57632,54774,324914,307712,431843,394137,436331,421990,490689,493631,531836,529043,356075,397448,246376,316330,71785,131735,4769910,4362781,548100,523627,810889,767746,340829,1051,1097
2021-12-10T23:59:59+01:00,108086,101623,363447,340702,469532,432614,468083,454919,518820,523568,554443,552711,366844,410637,252916,326059,74732,138152,56802,53976,323463,306418,430542,392837,435261,420952,489759,492798,531320,528468,355896,397242,246318,316228,71772,131705,4760183,4350682,547713,523248,810887,767746,340783,1051,1097
2021-12-09T23:59:59+01:00,105626,99177,362587,339837,468735,431622,467455,454101,518307,522993,553985,552130,366571,410268,252760,325790,74679,138000,55281,52426,321095,304249,428321,390424,433389,419040,488193,491239,530230,527295,355446,396699,246129,315916,71730,131557,4747507,4328434,547194,522478,810887,767736,340714,1050,1096
2021-12-08T23:59:59+01:00,104115,97768,361966,339296,468131,430948,466965,453524,517919,522525,553620,551711,366361,409994,252641,325595,74619,137876,54358,51536,319425,302793,426670,388760,432016,417724,487031,490108,529317,526392,355099,396238,245989,315669,71688,131426,4738881,4312714,546812,521824,810887,767735,340669,1050,1096
2021-12-07T23:59:59+01:00,102536,96268,361592,339004,467828,430614,466733,453295,517743,522342,553452,551520,366277,409886,252593,325521,74595,137832,53927,51173,318603,302097,425832,388022,431429,417246,486547,489676,528940,526081,354997,396103,245949,315599,71678,131402,4733191,4306010,546589,521626,810887,767735,340633,1050,1096
2021-12-06T23:59:59+01:00,100099,93863,361060,338454,467288,429958,466277,452769,517378,521880,553098,551066,366058,409566,252480,325304,74541,137695,53061,50338,316781,300561,424136,386369,430087,415904,485386,488544,528014,525200,354628,395665,245796,315327,71629,131288,4722831,4289915,546212,521202,810886,767727,340573,1049,1096
2021-12-05T23:59:59+01:00,98828,92721,360624,338037,466816,429340,465861,452312,517044,521517,552760,550718,365831,409285,252380,325117,74507,137586,52547,49820,315328,299383,422539,385082,428919,414906,484532,487675,527340,524565,354371,395363,245692,315167,71595,131203,4715682,4277669,545856,520818,810886,767717,340528,1047,1094
2021-12-04T23:59:59+01:00,97279,91396,360411,337839,466611,429107,465701,452163,516907,521392,552657,550610,365782,409218,252366,325088,74497,137566,52265,49578,314417,298647,421618,384324,428255,414355,483994,487231,527000,524263,354296,395272,245653,315110,71588,131189,4711127,4270862,545737,520674,810886,767716,340508,1047,1094
2021-12-03T23:59:59+01:00,93804,88189,359907,337394,466222,428605,465351,451751,516626,521049,552416,550300,365642,409046,252308,324976,74465,137517,51642,49001,312650,297160,420058,382937,427019,413242,482951,486315,526231,523648,354133,395090,245581,314994,71573,131164,4700395,4257567,545478,520335,810885,767713,340478,1047,1094
2021-12-02T23:59:59+01:00,90490,85103,359167,336718,465483,427720,464739,451030,516126,520466,551977,549718,365393,408723,252148,324723,74405,137362,50683,48038,310483,295248,418012,380974,425150,411569,481376,484931,525193,522635,353812,394689,245402,314725,71517,131062,4686911,4238397,544959,519690,810884,767713,340403,1047,1092
2021-12-01T23:59:59+01:00,88334,83111,358614,336169,464903,426924,464210,450407,515661,519948,551537,549203,365125,408333,252012,324474,74357,137225,50057,47462,308848,293896,416308,379331,423738,410319,480182,483876,524313,521783,353479,394282,245245,314487,71485,130959,4676382,4223451,544606,519248,810881,767708,340345,1045,1092
2021-11-30T23:59:59+01:00,85684,80693,357975,335597,464155,426036,463607,449693,515170,519419,551042,548622,364796,407947,251855,324208,74284,137056,49584,47001,307497,292745,414804,377960,422600,409226,479119,482946,523528,521041,353168,393946,245098,314287,71455,130877,4664225,4210684,544117,518909,810878,767705,340285,1044,1092
2021-11-29T23:59:59+01:00,82735,78006,357411,335127,463525,425314,463103,449115,514772,518919,550657,548169,364548,407611,251758,323984,74227,136911,49201,46592,306159,291659,413285,376694,421392,408267,478116,482061,522777,520352,352895,393656,244962,314068,71432,130797,4652699,4198626,543755,518525,810872,767684,340230,1044,1092
2021-11-28T23:59:59+01:00,80639,76129,356956,334706,462995,424709,462710,448650,514401,518511,550325,547805,364384,407384,251672,323816,74190,136825,48943,46332,305360,290988,412257,375910,420594,407655,477486,481506,522321,519924,352731,393450,244870,313949,71409,130748,4643990,4191033,543430,518257,810863,767659,340185,1044,1090
2021-11-27T23:59:59+01:00,78605,74268,356643,334463,462669,424382,462421,448391,514174,518313,550173,547649,364326,407295,251648,323775,74174,136810,48783,46176,304800,290513,411623,375439,420090,407307,477053,481193,522058,519715,352674,393386,244843,313919,71401,130742,4637614,4186542,543222,518074,810862,767658,340141,1044,1090
2021-11-26T23:59:59+01:00,75088,70975,355942,333837,462048,423679,461946,447828,513693,517873,549822,547270,364182,407089,251580,323650,74157,136750,48402,45824,303747,289653,410514,374668,419157,406536,476264,480563,521583,519297,352556,393242,244787,313845,71384,130726,4625144,4177960,542987,517760,810856,767646,340082,1044,1090
2021-11-25T23:59:59+01:00,71228,67584,354899,332816,460986,422343,461037,446788,512861,516945,549147,546503,363813,406661,251405,323377,74102,136631,47797,45231,302150,288267,408780,373169,417789,405273,475008,479432,520776,518569,352337,392967,244687,313681,71354,130658,4607541,4163767,542428,517246,810845,767644,339964,1044,1090
2021-11-24T23:59:59+01:00,69517,65843,354046,332073,460145,421357,460246,445938,512188,516223,548519,545836,363521,406191,251262,323054,74036,136467,47472,44912,301156,287367,407488,372071,416774,404410,474119,478632,520072,517955,352121,392665,244566,313496,71320,130582,4595328,4153446,542079,516927,810838,767632,339869,1043,1090
2021-11-23T23:59:59+01:00,67721,64264,353142,331262,459252,420268,459400,445060,511427,515428,547887,545158,363191,405732,251059,322731,73962,136319,47176,44648,300265,286660,406339,371159,415877,403670,473297,477921,519477,517424,351902,392382,244441,313297,71277,130491,4582697,4144382,541608,516622,810836,767623,339772,1043,1088
2021-11-22T23:59:59+01:00,66293,62961,352203,330483,458249,419240,458509,444222,510760,514653,547288,544508,362875,405303,250905,322456,73906,136168,46941,44398,299352,285962,405204,370320,414968,402993,472584,477250,518925,516999,351704,392131,244337,313149,71250,130421,4570905,4135908,541254,516426,810833,767609,339641,1041,1086
2021-11-21T23:59:59+01:00,65210,61892,351416,329827,457335,418354,457741,443584,510152,514052,546800,543993,362645,404973,250798,322287,73867,136071,46814,44275,298827,285576,404558,369862,414431,402555,472156,476875,518611,516715,351560,391972,244273,313038,71233,130383,4561380,4131055,540938,516237,810812,767600,339517,1041,1086
2021-11-20T23:59:59+01:00,64520,61258,350690,329294,456590,417657,457043,443065,509686,513624,546481,543644,362523,404823,250752,322213,73855,136043,46751,44195,298506,285320,404123,369585,414076,402302,471847,476628,518424,516574,351512,391901,244251,313010,71228,130380,4554497,4128169,540668,516106,810808,767595,339437,1041,1086
2021-11-19T23:59:59+01:00,63253,59980,349162,327920,455243,416325,455889,441942,508761,512686,545845,542980,362283,404533,250662,322087,73830,135987,46497,43946,297571,284671,403179,368863,413273,401675,471137,476074,517954,516242,351394,391749,244193,312939,71215,130359,4540655,4120908,540264,515836,810802,767587,339293,1041,1086
2021-11-18T23:59:59+01:00,61590,58366,347124,326063,453339,414191,454248,440243,507422,511349,544942,541988,361861,404018,250497,321793,73795,135853,45994,43455,296214,283500,401788,367729,412093,400659,470163,475177,517171,515659,351149,391444,244062,312746,71172,130284,4520785,4109103,539732,515462,810795,767575,339013,1040,1085
2021-11-17T23:59:59+01:00,60548,57330,345377,324595,451650,412416,452843,438863,506239,510265,544095,541051,361485,403557,250344,321517,73737,135710,45699,43157,295313,282712,400735,366828,411268,399894,469394,474493,516565,515142,350910,391137,243948,312563,71146,130200,4504397,4100281,539290,515163,810784,767563,338790,1040,1085
2021-11-16T23:59:59+01:00,59612,56469,343441,323041,449681,410586,451296,437381,504995,509078,543201,540144,361108,403095,250161,321207,73673,135574,45424,42903,294475,282019,399852,366027,410540,399260,468783,473891,516048,514685,350688,390885,243794,312382,71114,130118,4487308,4092602,538793,514921,810778,767558,338501,1040,1083
2021-11-15T23:59:59+01:00,58770,55680,341253,321289,447476,408626,449652,435879,503699,507836,542289,539262,360747,402701,250001,320973,73634,135473,45212,42725,293706,281434,399051,365382,409884,398691,468275,473389,515654,514317,350498,390663,243697,312224,71079,130024,4469489,4086161,538446,514709,810760,767550,338178,1040,1082
2021-11-14T23:59:59+01:00,57868,54798,339412,319909,445668,406992,448285,434693,502619,506819,541530,538585,360486,402400,249896,320819,73606,135403,45003,42517,293043,280904,398352,364766,409335,398196,467804,472962,515321,513977,350301,390509,243621,312123,71059,129992,4454724,4080503,538085,514559,810734,767539,337877,1040,1079
2021-11-13T23:59:59+01:00,57341,54303,337871,318612,444195,405750,447131,433728,501729,506073,540988,538150,360373,402263,249846,320751,73590,135386,44906,42435,292707,280614,398027,364480,409075,397957,467550,472751,515162,513835,350247,390450,243595,312086,71054,129981,4443404,4077910,537898,514474,810723,767535,337686,1040,1079
2021-11-12T23:59:59+01:00,56508,53474,335229,316482,441970,403899,445375,432143,500374,504781,540080,537397,360185,402010,249749,320606,73565,135355,44708,42218,291931,280002,397300,363893,408450,397456,467025,472303,514792,513548,350135,390314,243555,312024,71038,129958,4425213,4072142,537490,514292,810717,767522,337387,1040,1078
2021-11-11T23:59:59+01:00,55318,52255,331712,313706,438862,401065,442809,429873,498422,502955,538811,536242,359783,401512,249587,320347,73516,135257,44249,41761,290859,279085,396360,362933,407604,396640,466325,471575,514231,513053,349916,390076,243441,311865,71003,129880,4399468,4063339,536707,513930,810699,767504,336778,1040,1075
2021-11-10T23:59:59+01:00,54525,51581,328936,311502,436042,398642,440686,428013,496747,501402,537686,535171,359411,401064,249426,320088,73473,135156,43989,41476,290040,278322,395507,362135,406917,395959,465717,470973,513751,512607,349668,389815,243303,311696,70970,129811,4378110,4055996,536200,513700,810672,767476,336178,1040,1075
2021-11-09T23:59:59+01:00,53893,50933,326646,309659,433721,396758,439024,426498,495325,500111,536699,534276,359090,400722,249284,319884,73440,135058,43706,41216,289349,277743,394847,361508,406390,395414,465268,470441,513310,512169,349462,389568,243191,311537,70933,129729,4360641,4050107,535685,513277,810644,767437,335652,1040,1074
2021-11-08T23:59:59+01:00,53174,50241,323523,307248,430731,394319,436766,424643,493555,498582,535543,533218,358677,400323,249133,319659,73409,134973,43501,41023,288659,277106,394129,360854,405898,394881,464807,469937,512934,511777,349259,389336,243115,311402,70905,129665,4338750,4044606,535097,512994,810612,767421,334856,1040,1074
2021-11-07T23:59:59+01:00,52772,49857,321910,306047,429011,392858,435376,423557,492504,497749,534906,532636,358478,400086,249039,319559,73389,134923,43342,40859,288172,276685,393613,360346,405476,394495,464489,469572,512674,511531,349146,389201,243038,311315,70894,129627,4326595,4040632,534691,512767,810592,767391,334374,1040,1073
2021-11-06T23:59:59+01:00,52464,49565,321064,305244,428041,392086,434659,422984,491892,497260,534571,532348,358417,400015,249004,319527,73383,134914,43289,40816,287982,276518,393394,360176,405341,394370,464376,469455,512598,511465,349117,389171,243025,311299,70890,129621,4319669,4039272,534574,512733,810588,767389,334198,1040,1073
2021-11-05T23:59:59+01:00,51840,48943,319331,303777,426334,390493,433169,421738,490741,496227,533888,531791,358301,399855,248964,319455,73376,134894,43060,40595,287419,276090,392938,359741,404960,394015,464043,469131,512378,511273,349046,389086,242989,311250,70883,129605,4306434,4035630,534050,512544,810580,767378,333639,1040,1072
2021-11-04T23:59:59+01:00,51120,48246,317059,301784,423819,388390,431203,420091,489079,494855,532948,531074,358090,399603,248877,319320,73349,134832,42650,40147,286451,275206,392026,358802,404177,393248,463403,468495,511849,510808,348862,388888,242886,311075,70840,129535,4288992,4028151,533486,512265,810566,767348,332273,1039,1071
2021-11-03T23:59:59+01:00,50733,47861,315663,300638,422090,387088,429910,419081,488058,494008,532294,530556,357931,399430,248806,319217,73326,134783,42348,39857,285653,274531,391260,358078,403603,392701,462899,468040,511469,510472,348699,388678,242778,310924,70804,129451,4277564,4021763,533200,512110,810559,767337,331725,1038,1070
2021-11-02T23:59:59+01:00,50405,47533,314313,299663,420396,385872,428614,418205,486980,493282,531673,530060,357785,399244,248735,319118,73307,134717,41973,39514,284814,273834,390480,357368,402982,392143,462401,467558,511086,510079,348511,388468,242687,310780,70774,129361,4266966,4015210,532892,511919,810552,767320,331053,1038,1069
2021-11-01T23:59:59+01:00,49999,47153,312808,298530,418710,384734,427256,417302,485936,492544,531129,529675,357657,399114,248685,319056,73294,134682,41721,39231,284132,273221,389793,356817,402413,391687,461940,467184,510773,509812,348395,388349,242628,310665,70754,129300,4256592,4010416,532629,511701,810519,767305,330082,1037,1068
2021-10-31T23:59:59+01:00,49940,47118,312604,298404,418469,384597,427030,417158,485799,492445,531061,529622,357642,399102,248682,319049,73294,134680,41664,39184,284011,273153,389687,356737,402319,391627,461882,467146,510739,509786,348384,388340,242625,310660,70750,129295,4255270,4009812,532562,511661,810515,767299,329907,1037,1067
2021-10-30T23:59:59+02:00,49883,47079,312400,298275,418144,384437,426808,416998,485590,492284,530938,529561,357621,399077,248677,319040,73291,134674,41628,39175,283908,273081,389575,356666,402226,391561,461821,467085,510696,509767,348375,388332,242622,310654,70746,129291,4253566,4009265,532515,511600,810514,767295,329738,1037,1067
2021-10-29T23:59:59+02:00,49663,46845,311352,297555,416814,383549,425678,416288,484687,491654,530426,529272,357550,399001,248640,318996,73281,134653,41496,39069,283409,272709,389081,356272,401800,391264,461464,466801,510488,509610,348317,388278,242602,310615,70739,129277,4245862,4006388,532227,511442,810510,767290,328858,1037,1067
2021-10-28T23:59:59+02:00,49208,46416,309549,296210,414712,382119,424035,415120,483374,490666,529684,528742,357393,398832,248574,318914,73270,134611,41181,38776,282440,271856,388117,355448,401021,390600,460839,466265,510019,509286,348168,388090,242529,310515,70717,129221,4233472,4000164,531790,511135,810495,767258,327212,1037,1066
2021-10-27T23:59:59+02:00,48879,46090,308639,295425,413601,381234,423162,414395,482646,490124,529267,528432,357292,398656,248515,318816,73252,134575,40886,38485,281689,271170,387461,354829,400527,390103,460408,465830,509712,509000,348007,387912,242450,310391,70690,129158,4225961,3994603,531478,510944,810489,767228,326609,1037,1066
2021-10-26T23:59:59+02:00,48467,45677,307557,294460,412440,380293,422253,413707,481945,489521,528843,528106,357172,398529,248455,318732,73230,134526,40526,38116,280808,270230,386694,354090,399960,389535,459961,465372,509350,508696,347860,387749,242350,310235,70664,129088,4217780,3988031,531256,510780,810476,767211,325933,1037,1066
2021-10-25T23:59:59+02:00,48310,45540,307038,293997,411856,379859,421759,413358,481522,489230,528653,527939,357128,398469,248442,318706,73224,134519,40460,38055,280578,270038,386446,353911,399780,389396,459809,465252,509247,508618,347838,387716,242339,310216,70660,129077,4214025,3986772,531187,510736,810472,767202,325396,1037,1066
2021-10-24T23:59:59+02:00,48097,45356,306481,293511,411162,379338,421234,412935,481094,488903,528433,527747,357063,398381,248411,318680,73216,134506,40269,37894,280100,269565,385976,353504,399421,389073,459533,464993,509073,508435,347744,387616,242301,310150,70647,129057,4209783,3983446,531030,510599,810469,767182,324795,1036,1064
2021-10-23T23:59:59+02:00,48060,45325,306317,293377,410947,379192,421078,412792,480981,488812,528360,527697,357042,398356,248407,318674,73215,134502,40229,37850,280009,269456,385854,353431,399342,388995,459461,464930,509037,508402,347723,387602,242300,310144,70646,129056,4208591,3982782,530962,510534,810467,767179,324643,1036,1064
2021-10-22T23:59:59+02:00,47805,45090,305529,292807,410048,378498,420328,412231,480407,488333,528004,527445,356984,398286,248388,318640,73209,134490,39977,37607,279443,268928,385350,352988,398916,388626,459152,464653,508810,508229,347655,387537,242278,310102,70640,129046,4202907,3979091,530687,510366,810465,767162,323987,1036,1064
2021-10-21T23:59:59+02:00,47328,44633,304394,291922,408788,377511,419313,411412,479564,487669,527454,527063,356858,398146,248321,318535,73190,134436,39395,37045,278368,267866,384438,352106,398186,387849,458508,464076,508388,507863,347496,387335,242185,309942,70615,128994,4194181,3971177,530407,509988,810460,767147,323012,1034,1063
2021-10-20T23:59:59+02:00,47102,44378,303777,291372,408100,376881,418745,410944,479122,487289,527158,526825,356765,398022,248250,318443,73165,134376,38975,36668,277611,267106,383816,351437,397655,387236,458073,463621,508032,507537,347318,387132,242086,309800,70576,128918,4188879,3964674,530253,509811,810451,767134,322647,1034,1063
2021-10-19T23:59:59+02:00,46812,44100,303211,290887,407576,376402,418351,410589,478826,487010,526919,526617,356649,397892,248189,318352,73132,134321,38521,36212,276718,266268,383098,350720,397171,386691,457662,463160,507695,507212,347129,386900,241980,309651,70539,128835,4184494,3957789,530124,509637,810441,767113,322291,1034,1060
2021-10-18T23:59:59+02:00,46612,43902,302648,290408,407047,375951,417971,410226,478534,486763,526681,526408,356553,397784,248137,318257,73111,134279,38233,35951,276067,265575,382544,350069,396747,386198,457320,462765,507402,506936,346974,386748,241895,309524,70506,128785,4180454,3952441,529976,509452,810436,767092,321918,1034,1060
2021-10-17T23:59:59+02:00,46498,43783,302315,290147,406767,375692,417746,410058,478374,486601,526574,526278,356493,397729,248115,318210,73098,134242,37984,35696,275553,265066,382166,349687,396458,385856,457074,462531,507233,506762,346883,386635,241858,309455,70482,128734,4178202,3948725,529899,509289,810423,767055,321706,1034,1060
2021-10-16T23:59:59+02:00,46469,43750,302235,290083,406686,375631,417701,410012,478328,486562,526547,526261,356487,397720,248111,318204,73096,134240,37942,35651,275445,264956,382085,349616,396401,385783,457032,462486,507205,506738,346874,386625,241855,309450,70481,128729,4177702,3948100,529873,509228,810423,767053,321635,1034,1060
2021-10-15T23:59:59+02:00,46319,43590,301797,289735,406305,375304,417400,409747,478080,486334,526385,526127,356435,397680,248094,318173,73087,134225,37709,35404,274881,264367,381672,349217,396057,385438,456753,462202,507006,506566,346813,386550,241815,309403,70476,128708,4174832,3944321,529750,509014,810419,767041,321321,1034,1060
2021-10-14T23:59:59+02:00,45985,43252,300999,289028,405633,374631,416873,409276,477644,485914,526064,525843,356319,397550,248038,318079,73058,134161,37152,34840,273626,263093,380857,348247,395369,384600,456099,461550,506578,506144,346579,386325,241704,309246,70445,128657,4169245,3935561,529485,508510,810400,766983,320717,1034,1058
2021-10-13T23:59:59+02:00,45671,42970,300411,288467,405132,374110,416463,408869,477298,485572,525797,525590,356194,397405,247972,317983,73034,134102,36821,34556,272853,262281,380246,347497,394843,383962,455671,461081,506209,505776,346402,386123,241606,309054,70409,128578,4164569,3929173,529299,508237,810393,766937,320280,1033,1058
2021-10-12T23:59:59+02:00,45342,42691,299748,287917,404602,373567,416051,408479,476986,485261,525545,525357,356086,397267,247926,317895,73006,134052,36525,34267,272014,261417,379551,346771,394299,383394,455248,460649,505846,505426,346176,385902,241499,308905,70368,128468,4159851,3922541,529117,508008,810384,766913,319924,1033,1056
2021-10-11T23:59:59+02:00,45098,42464,299158,287429,404107,373100,415637,408112,476678,484951,525300,525155,355976,397146,247857,317801,72970,133988,36238,34011,271257,260681,378874,346091,393806,382838,454864,460198,505511,505121,345981,385704,241405,308762,70327,128386,4155647,3916635,528940,507727,810372,766887,319464,1033,1056
2021-10-10T23:59:59+02:00,44937,42329,298793,287140,403758,372785,415398,407859,476494,484754,525151,525021,355926,397091,247833,317763,72952,133959,36070,33884,270776,260261,378409,345620,393472,382493,454574,459911,505288,504944,345885,385602,241350,308692,70309,128353,4153188,3912997,528796,507605,810359,766852,319096,1033,1056
2021-10-09T23:59:59+02:00,44907,42301,298689,287060,403667,372724,415331,407804,476442,484705,525122,525001,355916,397076,247831,317759,72951,133958,36020,33829,270657,260156,378308,345520,393389,382416,454515,459857,505250,504913,345875,385588,241344,308684,70308,128351,4152648,3912283,528755,507532,810356,766840,318981,1033,1056
2021-10-08T23:59:59+02:00,44665,42092,298180,286649,403204,372346,415023,407505,476155,484465,524907,524831,355854,397015,247796,317707,72933,133944,35812,33551,270089,259591,377881,345086,393007,382035,454234,459529,505070,504753,345811,385504,241310,308639,70297,128339,4149215,3908437,528627,507367,810352,766820,318570,1033,1055
2021-10-07T23:59:59+02:00,44282,41659,297190,285768,402410,371567,414374,406881,475632,483965,524497,524503,355725,396841,247707,317598,72901,133878,35160,32890,268693,258190,376882,343899,392198,381033,453518,458777,504520,504252,345553,385222,241174,308462,70242,128258,4142247,3898735,528388,506173,810343,766778,317891,1033,1054
2021-10-06T23:59:59+02:00,44020,41395,296475,285170,401878,371054,413965,406447,475264,483643,524225,524250,355593,396689,247632,317480,72877,133802,34832,32577,267949,257377,376338,343234,391720,380488,453094,458327,504170,503892,345380,385011,241062,308315,70213,128178,4137328,3892612,528255,506058,810336,766743,317395,1033,1054
2021-10-05T23:59:59+02:00,43702,41097,295755,284483,401235,370425,413440,405959,474877,483235,523938,523945,355446,396532,247554,317333,72848,133707,34531,32262,267130,256530,375645,342493,391177,379877,452587,457859,503817,503534,345187,384790,240950,308143,70166,128104,4131867,3886148,528117,505911,810329,766721,316650,1033,1054
2021-10-04T23:59:59+02:00,43422,40857,294906,283770,400497,369819,412927,405472,474455,482833,523633,523670,355312,396357,247480,317212,72818,133616,34225,31944,266210,255594,374916,341710,390575,379275,452108,457321,503425,503165,344994,384559,240795,307979,70126,128017,4126543,3879425,527963,505798,810318,766680,315681,1031,1054
2021-10-03T23:59:59+02:00,43261,40705,294493,283344,400068,369446,412602,405208,474232,482595,523454,523504,355228,396258,247434,317130,72811,133579,34045,31808,265714,255166,374457,341298,390217,378878,451835,457008,503176,502930,344869,384413,240734,307883,70108,127987,4123614,3875833,527859,505680,810292,766624,315035,1031,1053
2021-10-02T23:59:59+02:00,43224,40668,294369,283217,399944,369354,412514,405125,474168,482535,523417,523472,355214,396234,247433,317127,72809,133577,33998,31769,265575,255034,374357,341208,390139,378799,451778,456954,503145,502892,344856,384389,240732,307876,70106,127987,4122893,3875135,527781,505623,810290,766597,314885,1031,1053
2021-10-01T23:59:59+02:00,43012,40411,293743,282651,399372,368838,412049,404732,473826,482262,523148,523287,355128,396154,247405,317078,72797,133559,33698,31476,264912,254381,373864,340766,389753,378422,451450,456637,502920,502692,344779,384322,240705,307830,70097,127970,4118895,3871227,527638,505465,810278,766541,314088,1031,1051
2021-09-30T23:59:59+02:00,42605,40009,292597,281542,398336,367840,411224,403925,473150,481576,522632,522865,354954,395946,247312,316949,72774,133490,33160,30929,263708,253207,372987,339832,389038,377591,450845,455981,502444,502287,344610,384098,240624,307671,70068,127917,4111005,3864112,527291,504457,810256,766456,312614,1029,1051
2021-09-29T23:59:59+02:00,42261,39702,291815,280790,397588,367120,410663,403337,472642,481079,522266,522551,354770,395741,247236,316815,72745,133424,32858,30619,262944,252439,372336,339170,388575,377011,450416,455522,502090,501942,344435,383917,240531,307508,70046,127859,4105023,3858589,527131,504305,810248,766387,311575,1029,1050
2021-09-28T23:59:59+02:00,41925,39387,290936,279954,396776,366391,410048,402764,472115,480564,521881,522190,354560,395521,247140,316659,72707,133321,32547,30349,262078,251645,371615,338522,388058,376476,449967,455060,501735,501590,344253,383713,240438,307366,70019,127806,4098673,3853037,527003,504155,810240,766331,310349,1029,1050
2021-09-27T23:59:59+02:00,41507,39004,290039,279105,395968,365669,409476,402171,471629,480036,521477,521860,354400,395322,247053,316539,72679,133233,32226,29989,261043,250714,370734,337710,387385,375795,449418,454512,501326,501228,344070,383480,240348,307232,69993,127742,4092968,3846809,526836,504002,810232,766220,308547,1029,1050
2021-09-26T23:59:59+02:00,41133,38698,289459,278563,395458,365217,409130,401817,471321,479740,521265,521669,354289,395222,247010,316470,72660,133193,32067,29855,260532,250248,370279,337305,387037,375419,449123,454215,501118,501038,343977,383388,240290,307159,69977,127705,4089228,3843802,526688,503851,810206,766104,307606,1029,1049
2021-09-25T23:59:59+02:00,41078,38637,289289,278394,395299,365093,409011,401725,471225,479655,521203,521625,354275,395202,247001,316461,72658,133190,32023,29799,260363,250091,370129,337178,386914,375318,449050,454112,501054,501003,343955,383365,240280,307145,69977,127703,4088461,3843074,526613,503789,810203,766070,307157,1029,1049
2021-09-24T23:59:59+02:00,40879,38422,288645,277735,394640,364518,408478,401237,470768,479244,520899,521380,354168,395117,246960,316409,72652,133165,31763,29540,259687,249399,369514,336628,386460,374875,448629,453748,500730,500756,343837,383259,240237,307091,69965,127679,4084650,3839326,526460,503684,810193,765998,305420,1029,1048
2021-09-23T23:59:59+02:00,40240,37748,286918,276059,393149,363144,407279,400015,469716,478271,520142,520693,353871,394841,246829,316193,72609,133047,31368,29119,258379,248305,368350,335632,385513,374037,447806,453008,500132,500239,343599,383014,240124,306942,69939,127603,4074684,3833184,526046,503409,810181,765897,301247,1029,1046
2021-09-22T23:59:59+02:00,39904,37430,285912,275066,392273,362287,406521,399236,469045,477662,519599,520251,353638,394572,246719,315996,72559,132960,31079,28856,257593,247552,367592,334936,384877,373438,447291,452482,499659,499888,343393,382800,240019,306804,69906,127540,4067753,3828027,525823,503236,810160,765781,299284,1028,1044
2021-09-21T23:59:59+02:00,39486,36947,284818,273975,391293,361371,405752,398474,468410,477069,519145,519817,353412,394304,246616,315820,72505,132846,30760,28577,256722,246692,366810,334214,384230,372829,446785,451995,499242,499487,343196,382589,239914,306639,69873,127453,4060097,3822352,525660,503037,810149,765700,297538,1028,1044
2021-09-20T23:59:59+02:00,39131,36669,283669,272891,390228,360425,404917,397658,467703,476447,518646,519358,353165,394074,246508,315638,72461,132749,30375,28206,255592,245701,365811,333363,383426,372051,446060,451408,498775,499042,342967,382372,239808,306451,69837,127375,4052990,3815805,525510,502861,810136,765494,295076,1028,1043
2021-09-19T23:59:59+02:00,38970,36534,283069,272476,389642,359930,404505,397254,467359,476131,518375,519123,353078,393949,246468,315559,72450,132711,30257,28086,255073,245259,365296,332933,382999,371705,445689,451060,498486,498819,342858,382242,239751,306365,69828,127344,4049621,3812938,525365,502678,810112,765194,293854,1028,1043
2021-09-18T23:59:59+02:00,38915,36462,282906,272315,389440,359765,404320,397109,467248,476017,518306,519063,353062,393936,246460,315550,72448,132707,30126,27955,254758,244909,365040,332678,382757,371512,445526,450926,498391,498730,342828,382216,239732,306346,69825,127336,4048657,3811043,525250,502597,810109,765181,293380,1028,1042
2021-09-17T23:59:59+02:00,38582,36096,281999,271480,388644,359006,403593,396450,466631,475490,517923,518698,352911,393790,246397,315479,72424,132675,29857,27687,254013,244222,364345,332078,382162,371006,445056,450514,498051,498441,342706,382079,239681,306268,69812,127314,4043290,3807231,524914,502193,810097,765150,291325,1028,1042
2021-09-16T23:59:59+02:00,38010,35498,280403,269903,387268,357544,402374,395120,465606,474506,517146,517998,352593,393461,246267,315290,72378,132583,29418,27264,252859,243202,363370,331137,381325,370137,444386,449816,497531,497990,342477,381856,239582,306139,69781,127254,4032327,3800567,524148,501791,810056,765003,288770,1028,1040
2021-09-15T23:59:59+02:00,37630,35187,279265,268800,386358,356562,401510,394258,464926,473813,516613,517480,352370,393171,246098,315117,72344,132470,29116,26975,251997,242388,362580,330333,380635,369456,443813,449296,497024,497547,342266,381617,239446,305993,69758,127177,4024751,3794872,523857,501556,810042,764929,286664,1028,1040
2021-09-14T23:59:59+02:00,37317,34879,278291,267831,385410,355695,400766,393485,464315,473154,516081,517025,352122,392928,245969,314947,72301,132402,28840,26736,251211,241592,361843,329659,380022,368856,443268,448781,496602,497159,342070,381401,239335,305847,69734,127122,4017872,3789718,523523,501330,810012,764779,284851,1027,1039
2021-09-13T23:59:59+02:00,36927,34484,277041,266559,384449,354648,399985,392600,463616,472428,515550,516519,351898,392675,245846,314792,72263,132329,28379,26312,250080,240536,361015,328869,379418,368200,442708,448253,496143,496779,341874,381172,239234,305700,69705,127068,4009612,3782758,522798,501045,809979,764682,283556,1027,1038
2021-09-12T23:59:59+02:00,36783,34355,276452,266117,383970,354199,399592,392168,463289,472124,515334,516303,351791,392561,245800,314718,72253,132294,28221,26193,249547,240122,360504,328420,379044,367843,442402,447957,495893,496555,341747,381035,239176,305611,69690,127025,4006390,3779701,522630,500852,809942,764554,282477,1026,1034
2021-09-11T23:59:59+02:00,36704,34306,276261,265904,383744,354009,399430,392010,463154,472000,515263,516241,351761,392530,245791,314702,72251,132291,28074,26094,249264,239934,360281,328262,378894,367700,442252,447839,495825,496500,341723,381007,239168,305598,69690,127021,4005349,3778613,522541,500719,809933,764533,281860,1026,1032
2021-09-10T23:59:59+02:00,36373,33968,275175,264904,382780,353103,398543,391198,462349,471315,514703,515791,351552,392330,245703,314589,72233,132261,27865,25894,248349,239220,359448,327521,378102,367067,441558,447314,495332,496118,341561,380852,239087,305493,69668,126991,3999966,3775123,522397,500500,809923,764509,277905,1025,1031
2021-09-09T23:59:59+02:00,35936,33517,273856,263741,381720,351916,397597,390155,461543,470430,514119,515274,351311,392046,245575,314433,72198,132201,27480,25504,247268,238254,358528,326647,377279,366255,440865,446705,494744,495672,341344,380618,238965,305350,69637,126939,3991704,3768984,522092,500101,809876,764355,275211,1023,1025
2021-09-08T23:59:59+02:00,35533,33115,272887,262745,380907,351061,396893,389366,460904,469823,513678,514806,351109,391803,245471,314257,72169,132143,27185,25215,246341,237389,357707,325907,376587,365525,440256,446130,494292,495213,341141,380373,238852,305189,69604,126862,3985186,3763263,521865,499778,809820,764219,273106,1022,1022
2021-09-07T23:59:59+02:00,35158,32778,271861,261815,380067,350270,396241,388689,460369,469295,513236,514407,350915,391591,245369,314093,72136,132072,26909,25004,245461,236601,356899,325220,375930,364962,439750,445625,493844,494821,340933,380155,238765,305052,69577,126808,3979045,3758241,521621,499439,809805,764039,271193,1022,1021
2021-09-06T23:59:59+02:00,34759,32370,270737,260704,379112,349314,395547,387908,459760,468652,512794,513971,350693,391345,245280,313970,72106,132002,26673,24792,244687,235838,356148,324558,375309,364368,439283,445116,493430,494435,340720,379945,238687,304920,69548,126752,3971774,3753393,521481,499195,809754,763907,269310,1022,1020
2021-09-05T23:59:59+02:00,34603,32221,270324,260285,378791,348962,395242,387589,459521,468406,512615,513791,350620,391250,245238,313908,72090,131973,26537,24637,244255,235442,355747,324168,374948,364050,439020,444866,493230,494224,340620,379826,238642,304856,69531,126720,3969128,3750734,521371,498917,809724,763768,268498,1021,1018
2021-09-04T23:59:59+02:00,34544,32181,270151,260150,378667,348832,395113,387483,459444,468320,512563,513745,350608,391232,245231,313896,72090,131972,26499,24584,244085,235297,355581,323999,374800,363933,438928,444764,493164,494176,340599,379806,238634,304844,69531,126719,3968404,3749941,521316,498781,809719,763744,268074,1021,1018
2021-09-03T23:59:59+02:00,34227,31866,269245,259340,377920,348161,394519,386892,458867,467834,512100,513410,350436,391052,245165,313789,72066,131937,26175,24240,243062,234432,354779,323281,374121,363277,438272,444172,492673,493758,340401,379606,238547,304738,69511,126691,3964000,3745613,520609,497239,809691,763668,265813,1021,1016
2021-09-02T23:59:59+02:00,33859,31524,268177,258448,377047,347315,393771,386128,458169,467194,511565,512978,350170,390799,245042,313610,72041,131858,25874,23973,242033,233623,353882,322496,373370,362560,437553,443542,492106,493300,340155,379343,238440,304586,69486,126613,3957958,3740395,520318,496754,809655,763339,263045,1021,1014
2021-09-01T23:59:59+02:00,33530,31155,267318,257601,376276,346637,393238,385573,457693,466707,511176,512628,349988,390605,244953,313491,72017,131797,25486,23571,240935,232557,353006,321634,372676,361862,436934,442935,491575,492814,339922,379075,238310,304434,69461,126559,3952450,3733561,520132,496208,809620,763120,261455,1020,1008
2021-08-31T23:59:59+02:00,33132,30811,266442,256678,375525,345910,392651,384983,457175,466216,510719,512260,349791,390407,244857,313344,71985,131753,25201,23275,239978,231655,352191,320872,372005,361221,436374,442420,491053,492412,339717,378859,238222,304283,69427,126503,3946831,3728209,519941,495820,809593,762693,259541,1018,1006
2021-08-30T23:59:59+02:00,32585,30324,265132,255487,374517,344983,391829,384163,456414,465500,510153,511759,349561,390185,244764,313190,71949,131684,24880,22955,238814,230660,351178,319965,371209,360475,435666,441833,490496,491894,339461,378612,238096,304104,69386,126426,3939294,3722117,519823,495376,809548,762438,256772,1017,1003
2021-08-29T23:59:59+02:00,32395,30133,264559,254974,374028,344563,391441,383820,456116,465209,509922,511533,349460,390074,244714,313125,71939,131660,24654,22740,238094,230012,350554,319414,370708,359998,435233,441453,490184,491632,339320,378455,238035,304027,69368,126401,3936166,3718188,519701,494973,809517,762176,255535,1017,1002
2021-08-28T23:59:59+02:00,32305,30037,264329,254795,373848,344408,391283,383696,455992,465089,509846,511480,349435,390051,244703,313113,71938,131657,24588,22636,237774,229752,350300,319215,370486,359830,435051,441288,490056,491540,339278,378414,238015,304001,69367,126397,3935119,3716605,519660,494856,809511,762149,254967,1017,1002
2021-08-27T23:59:59+02:00,32076,29787,263682,254226,373332,343883,390806,383241,455534,464689,509470,511194,349304,389915,244645,313027,71919,131637,24441,22483,237168,229247,349678,318702,370007,359392,434592,440927,489749,491290,339146,378295,237960,303937,69356,126390,3931302,3713348,519590,494640,809452,762088,253272,1017,998
2021-08-26T23:59:59+02:00,31691,29398,262677,253240,372472,343062,390045,382493,454846,464011,508914,510711,349070,389654,244524,312909,71891,131576,24091,22118,235681,227876,348435,317501,368880,358387,433714,440109,489076,490711,338855,377973,237797,303767,69326,126345,3925074,3704924,519344,493989,809413,761724,250587,1017,993
2021-08-25T23:59:59+02:00,31325,29065,261747,252373,371712,342276,389381,381790,454203,463416,508351,510249,348826,389393,244401,312745,71856,131508,23485,21542,233621,226003,346938,316093,367681,357185,432706,439146,488273,489977,338474,377582,237643,303533,69282,126257,3919291,3692889,519211,493579,809383,761569,247962,1013,990
2021-08-24T23:59:59+02:00,31006,28797,261011,251591,371100,341639,388835,381208,453718,462898,507933,509871,348615,389168,244284,312581,71830,131436,23168,21226,232406,224933,345965,315170,366889,356426,432030,438489,487711,489427,338193,377265,237512,303373,69258,126193,3914312,3685673,518922,493127,809362,761261,246151,1013,983
2021-08-23T23:59:59+02:00,30483,28266,259618,250270,370062,340716,387993,380412,452938,462216,507280,509297,348331,388885,244144,312391,71803,131375,22858,20927,230916,223605,344639,314087,365932,355569,431166,437726,487004,488855,337887,376930,237379,303179,69232,126134,3906812,3678197,518773,492643,809327,760973,242782,1012,981
2021-08-22T23:59:59+02:00,30337,28152,259207,249898,369700,340379,387722,380142,452698,461969,507088,509145,348230,388788,244103,312333,71786,131349,22675,20744,230184,222918,343940,313419,365393,355059,430723,437316,486678,488583,337718,376743,237315,303074,69214,126099,3904554,3673753,518623,492173,809287,760668,241772,1010,976
2021-08-21T23:59:59+02:00,30084,27947,258709,249432,369382,340056,387465,379880,452492,461791,506939,509006,348174,388732,244081,312295,71783,131340,22399,20490,229438,222262,343448,313017,364988,354646,430358,437005,486448,488386,337632,376675,237288,303031,69208,126087,3901988,3670751,518479,490966,809278,760611,241047,1010,976
2021-08-20T23:59:59+02:00,29892,27748,258047,248764,368639,339419,386780,379346,451893,461289,506460,508680,348025,388569,244025,312198,71766,131305,21994,20149,227627,220636,342030,311813,363863,353681,429399,436201,485724,487833,337387,376426,237184,302911,69183,126057,3898466,3662454,518154,489799,809265,760244,238164,1008,975
2021-08-19T23:59:59+02:00,29559,27434,257051,247911,367626,338622,385986,378650,451178,460648,505892,508193,347783,388303,243916,312050,71732,131232,21496,19656,224851,218195,339705,309964,362147,352191,427990,434927,484562,486874,336965,375997,236990,302664,69149,125988,3892899,3648015,517786,488028,809222,759766,235057,1007,972
2021-08-18T23:59:59+02:00,29272,27173,256253,247202,366912,337997,385395,378072,450571,460143,505418,507778,347510,388060,243798,311902,71700,131166,21117,19280,222367,215665,337635,308197,360488,350531,426456,433593,483413,485834,336445,375443,236759,302365,69099,125894,3887736,3634690,517605,484078,809192,759381,232982,1006,971
2021-08-17T23:59:59+02:00,28952,26897,255466,246476,366288,337310,384830,377509,450072,459654,504981,507358,347304,387847,243681,311770,71674,131113,20645,18845,219612,212905,335552,306362,358788,349059,425016,432315,482288,484844,335953,374903,236525,302074,69046,125817,3882642,3619587,517302,481293,809166,758951,231263,1005,966
2021-08-16T23:59:59+02:00,28659,26634,254769,245819,365711,336749,384359,377043,449632,459210,504559,506991,347117,387638,243582,311605,71643,131073,20089,18361,216432,209819,333251,304233,357255,347600,423804,431165,481336,483995,335558,374450,236339,301803,69007,125727,3878193,3602079,517146,480584,809137,758599,229505,1005,963
2021-08-15T23:59:59+02:00,28462,26471,254269,245370,365272,336355,383994,376701,449332,458948,504315,506788,347002,387517,243532,311523,71632,131052,19304,17630,212404,205748,331341,302602,355986,346366,422769,430217,480547,483328,335223,374111,236212,301626,68983,125677,3875295,3584350,517001,479667,809099,758265,228328,1005,960
2021-08-14T23:59:59+02:00,28393,26412,254021,245171,365034,336176,383818,376550,449173,458817,504197,506680,346952,387484,243514,311500,71629,131047,18978,17332,211325,204640,330511,301834,355262,345683,422271,429755,480159,483006,335082,373983,236174,301569,68974,125660,3874109,3577624,516926,479293,809093,758187,227627,1005,959
2021-08-13T23:59:59+02:00,28135,26168,253312,244580,364529,335746,383377,376112,448731,458449,503855,506421,346822,387333,243449,311422,71617,131018,18372,16775,209428,202848,329073,300507,353987,344484,421217,428809,479405,482357,334837,373691,236061,301426,68956,125606,3870253,3565615,516853,478687,809083,757993,226076,999,955
2021-08-12T23:59:59+02:00,27935,25941,252585,243942,363904,335150,382830,375618,448190,457995,503427,506062,346638,387132,243345,311315,71604,130970,17790,16276,206819,200566,326178,297950,351959,342671,419698,427543,478175,481284,334381,373152,235815,301149,68916,125523,3866244,3548091,516661,477505,809044,756957,223819,997,952
2021-08-11T23:59:59+02:00,27698,25693,251849,243245,363275,334562,382298,375130,447720,457561,503016,505629,346409,386891,243228,311181,71577,130915,16970,15588,203757,197569,322981,294989,349773,340599,418187,426129,476888,479990,333833,372503,235565,300742,68866,125394,3861342,3526120,516441,476430,809004,756012,222275,994,948
2021-08-10T23:59:59+02:00,27452,25434,251009,242500,362553,333994,381745,374575,447218,457074,502559,505221,346212,386693,243141,311042,71554,130871,16173,14802,199541,193415,318292,290744,346770,337810,416049,424173,475284,478528,333149,371822,235272,300335,68811,125276,3856206,3495842,516152,475346,808965,754855,220708,992,948
2021-08-09T23:59:59+02:00,27254,25233,250377,241922,361959,333501,381290,374190,446796,456723,502208,504930,346047,386543,243075,310930,71534,130835,15179,13857,194980,188802,312557,285975,343997,335304,414125,422384,473657,477054,332509,371127,235007,299966,68755,125141,3852426,3465322,515972,472592,808929,753760,219204,989,941
2021-08-08T23:59:59+02:00,27079,25074,249891,241503,361554,333132,380938,373895,446489,456457,501962,504737,345938,386431,243012,310847,71517,130800,14957,13662,193623,187422,310918,284622,342664,334126,413239,421621,473078,476530,332242,370851,234878,299795,68729,125089,3849782,3456090,515814,471220,808874,753266,217966,987,939
2021-08-07T23:59:59+02:00,26930,24898,249361,241054,361152,332791,380601,373608,446194,456219,501734,504560,345865,386336,242978,310796,71509,130789,13785,12618,189935,183823,308861,282759,340936,332595,411896,420351,472144,475732,331886,370475,234747,299606,68696,125052,3846907,3436382,515707,469880,808859,753052,217080,987,935
2021-08-06T23:59:59+02:00,26704,24663,248489,240380,360358,332176,379921,373025,445535,455690,501195,504166,345628,386130,242879,310680,71498,130767,12877,11790,186179,180251,305371,279929,338803,330748,410287,419001,470843,474761,331503,370086,234588,299452,68671,125004,3844291,3416955,514337,468145,808845,751948,213591,983,932
2021-08-05T23:59:59+02:00,26379,24338,247307,239433,359451,331290,379084,372284,444784,454993,500522,503619,345343,385824,242763,310504,71456,130704,11871,10855,181685,176288,299958,275490,334664,327164,407459,416500,468573,472972,330830,369379,234326,299078,68609,124893,3837850,3388878,514068,463411,808772,748227,210558,981,929
2021-08-04T23:59:59+02:00,26006,23995,246161,238436,358438,330364,378299,371570,444149,454389,499941,503082,345068,385555,242641,310332,71429,130633,11056,10141,178186,172970,296164,272332,330235,323237,405201,414396,466853,471413,330133,368679,234049,298726,68548,124791,3831296,3361579,513723,461634,808736,746470,207892,975,929
2021-08-03T23:59:59+02:00,25542,23573,244789,237244,357516,329524,377581,370871,443489,453723,499336,502539,344771,385251,242509,310155,71385,130566,10493,9639,174680,169512,292030,268656,325106,318609,402443,411827,464506,469308,329293,367809,233699,298254,68481,124653,3823312,3329354,513558,459747,808687,744390,205962,974,927
2021-08-02T23:59:59+02:00,25224,23266,243729,236275,356660,328761,376873,370267,442909,453166,498810,502089,344505,384970,242391,310000,71359,130508,9936,9097,171026,165907,287305,264662,319213,313637,399674,409259,462265,467304,328513,366962,233404,297854,68419,124536,3816913,3295745,513306,457756,808624,741846,204072,972,920
2021-08-01T23:59:59+02:00,25065,23075,243094,235662,356055,328244,376422,369864,442469,452842,498461,501807,344363,384802,242314,309884,71345,130482,9668,8887,169467,164444,284802,262644,314555,309910,397804,407672,460780,466048,328078,366473,233232,297636,68390,124477,3813174,3277727,513000,455600,808530,739390,202697,968,910
2021-07-31T23:59:59+02:00,24955,22970,242747,235340,355770,328016,376175,369691,442277,452687,498353,501703,344329,384761,242294,309870,71344,130476,8432,7790,165678,160584,281959,260084,312454,307902,396400,406383,459630,465056,327758,366093,233098,297462,68364,124431,3811539,3254702,512810,454658,808520,738594,202040,967,910
2021-07-30T23:59:59+02:00,24664,22710,241941,234612,355183,327483,375676,369217,441811,452281,497988,501412,344191,384621,242249,309790,71331,130460,7492,6920,161917,156805,278547,256953,309413,305068,394157,404258,457776,463464,327246,365560,232887,297170,68331,124372,3807407,3229501,512437,453449,808499,735388,200425,966,908
2021-07-29T23:59:59+02:00,24315,22367,240400,233332,354006,326402,374704,368294,440947,451481,497169,500784,343856,384303,242111,309602,71293,130393,6506,6044,157041,152301,273132,252738,303477,300259,389773,400739,454714,461042,326406,364709,232574,296759,68271,124272,3799763,3195376,511747,448560,808410,730260,196979,964,906
2021-07-28T23:59:59+02:00,24013,22076,239240,232286,353117,325557,373950,367596,440304,450807,496598,500290,343598,384003,241973,309415,71259,130320,6013,5601,153253,148633,268603,249049,299010,296272,386490,397858,452607,459181,325736,363933,232306,296370,68206,124145,3792963,3164416,511205,446625,808332,727598,195036,964,902
2021-07-27T23:59:59+02:00,23740,21849,238228,231305,352261,324808,373240,366996,439713,450187,496069,499830,343349,383694,241840,309221,71223,130221,5443,5074,148204,143488,262643,243889,293688,291481,382456,394141,449413,456357,324746,362823,231940,295867,68113,123986,3786613,3122619,510646,444315,808274,723838,193376,962,898
2021-07-26T23:59:59+02:00,23508,21609,237247,230314,351463,324091,372622,366434,439153,449696,495613,499452,343111,383452,241713,309062,71199,130163,5019,4713,143841,139070,257062,239072,288498,286989,377968,390159,445879,453314,323784,361853,231610,295385,68038,123848,3780873,3082992,510010,442049,808187,719471,191966,957,896
2021-07-25T23:59:59+02:00,23149,21307,235899,229153,350513,323311,371936,365767,438567,449149,495146,499042,342909,383231,241623,308931,71177,130099,4764,4480,141981,137298,254352,236837,285974,284874,375818,388365,443776,451511,323259,361324,231402,295154,68013,123771,3773729,3067818,509630,439859,808117,715089,190558,955,894
2021-07-24T23:59:59+02:00,22898,21110,234970,228280,349787,322652,371359,365242,438039,448707,494783,498764,342792,383132,241579,308869,71174,130088,4441,4195,139072,134486,251607,234504,283398,282646,373552,386500,442531,450520,322907,360984,231257,294972,67994,123737,3769674,3049391,508862,436828,808102,714743,188707,955,893
2021-07-23T23:59:59+02:00,22480,20721,233461,226930,348449,321698,370303,364367,437153,447915,494083,498227,342553,382859,241489,308757,71153,130052,4017,3803,133570,129620,246210,230170,278893,278832,369841,383278,439870,448306,322200,360257,231000,294660,67940,123655,3762151,3013659,508388,435048,808046,712597,185171,955,888
2021-07-22T23:59:59+02:00,21971,20245,231351,224943,346687,320143,368793,363064,435831,446760,493096,497322,342117,382407,241313,308507,71109,129971,3595,3458,129210,125538,240175,225635,272472,273735,362921,377760,434388,443773,321010,358987,230559,294135,67846,123500,3749641,2971365,506797,429041,807911,706260,182372,953,886
2021-07-21T23:59:59+02:00,21461,19721,229458,223116,344974,318595,367167,361482,434251,445368,491867,496147,341563,381877,241065,308220,71055,129876,3392,3260,125436,121949,234684,221377,266911,269189,354764,370799,429757,440020,319888,357837,230095,293567,67765,123319,3738560,2935680,503039,418118,807685,701468,179059,952,884
2021-07-20T23:59:59+02:00,21158,19442,227988,221625,343728,317409,366197,360600,433383,444571,491140,495500,341220,381500,240916,307998,71026,129786,3131,2969,121083,117692,228305,216173,261060,263989,347622,364676,425042,435689,318786,356573,229676,292978,67667,123135,3729169,2891716,502633,410869,807555,697054,176905,948,883
2021-07-19T23:59:59+02:00,20844,19145,226246,219926,342401,316145,365151,359618,432564,443785,490466,494876,340918,381129,240764,307766,70981,129689,2935,2760,118314,115076,223891,212570,256423,260022,343887,361489,422415,433494,318054,355841,229376,292585,67592,123011,3718523,2866538,502208,405469,807460,692721,175296,946,881
2021-07-18T23:59:59+02:00,20690,19010,224937,218645,340766,314705,364072,358680,431737,443055,489926,494329,340681,380841,240634,307590,70959,129627,2843,2666,116804,113681,221212,210366,254056,257903,341629,359625,420372,431792,317559,355347,229216,292367,67571,122943,3708989,2854148,501672,401177,807383,689007,173905,942,878
2021-07-17T23:59:59+02:00,20292,18586,223782,217584,340182,314161,363475,358163,431216,442601,489506,494040,340577,380723,240592,307534,70956,129616,2579,2409,114731,111573,218743,208053,251576,255697,339193,357477,418916,430524,317221,354956,229081,292199,67548,122903,3703395,2836570,501469,398441,807355,688217,172431,940,878
2021-07-16T23:59:59+02:00,19748,18072,221240,215438,338433,312853,361960,356862,429746,441396,488404,493182,340170,380351,240421,307376,70932,129580,2312,2168,111609,108755,213951,204106,247023,252048,334874,353764,415561,427796,316297,354019,228729,291782,67495,122822,3693162,2808769,500707,396067,807197,684391,166146,939,875
2021-07-15T23:59:59+02:00,19106,17443,218447,213009,336519,311133,360366,355414,428396,440204,487454,492323,339763,379922,240218,307121,70890,129475,2134,2027,107687,105504,205534,197818,239481,246415,328239,348502,408457,421327,314547,352196,228178,291110,67423,122623,3678041,2761931,500104,387582,807080,676928,163002,933,873
2021-07-14T23:59:59+02:00,18261,16718,216002,210675,334807,309596,358950,354061,427166,439002,486422,491363,339305,379456,239977,306809,70837,129387,1982,1882,104059,102138,199024,192612,233733,241724,323927,345000,404262,417688,313227,350875,227767,290549,67339,122467,3663058,2728093,499515,382016,806955,670101,160277,932,867
2021-07-13T23:59:59+02:00,17607,16060,213811,208642,333196,308208,357605,352819,425989,437908,485454,490499,338863,378978,239772,306562,70802,129294,1869,1773,100286,98580,192502,187169,226564,235641,317217,338917,395839,409801,311413,348940,227159,289752,67227,122265,3649147,2685076,498953,369290,806796,660591,158177,932,862
2021-07-12T23:59:59+02:00,16589,15124,210509,205449,331124,306463,356014,351338,424740,436696,484468,489599,338444,378501,239594,306333,70762,129217,1788,1702,97171,95844,187193,182845,219563,229936,310356,332861,390723,405507,309672,347065,226565,289015,67127,122094,3630574,2646590,498393,362128,806614,652138,156379,929,859
2021-07-11T23:59:59+02:00,16079,14647,209142,204168,330366,305729,355341,350703,424168,436183,484015,489249,338246,378290,239533,306228,70740,129177,1753,1676,95740,94548,184384,180515,216543,227625,307654,330696,387875,403111,307186,344430,226187,288543,67073,121996,3624241,2631484,497749,360125,806482,641604,154530,921,854
2021-07-10T23:59:59+02:00,15604,14187,207289,202373,328886,304453,354199,349720,423432,435585,483539,488848,338077,378124,239467,306141,70730,129157,1712,1629,94430,93270,181829,178382,213503,225131,305118,328529,386706,402068,306536,343753,226007,288354,67057,121969,3615608,2614616,497103,359891,806246,639834,151842,920,853
2021-07-09T23:59:59+02:00,15278,13906,205372,200525,327272,302988,353122,348748,422521,434865,482961,488367,337870,377901,239371,306021,70715,129123,1038,973,91628,90539,178280,175132,209145,220956,300078,323917,383246,399077,305433,342520,225700,287983,67019,121903,3606400,2585498,496229,357817,806052,632211,149227,916,851
2021-07-08T23:59:59+02:00,14810,13477,201871,197525,323938,300301,350727,346751,420802,433396,481523,487295,337421,377455,239193,305773,70670,129045,920,862,87315,86756,171011,169435,200985,214538,292688,317779,376264,392842,302691,339581,224919,287041,66902,121643,3590951,2539126,492173,349126,805533,621803,144275,912,849
2021-07-07T23:59:59+02:00,14308,13023,198122,193647,320753,297425,348400,344692,419240,431920,480313,486188,336937,376888,239001,305499,70631,128939,787,766,83625,83296,163679,163699,191906,207339,284674,311198,369204,386006,299364,335949,224003,285937,66760,121396,3569563,2490984,490799,335647,805145,611767,141326,911,847
2021-07-06T23:59:59+02:00,13848,12649,194681,190264,317480,294672,345915,342392,417514,430348,479039,485046,336428,376323,238805,305210,70577,128853,665,648,80044,79706,156969,158170,184473,201119,275712,303227,362690,379895,296153,332689,223112,284840,66652,121167,3549602,2438300,487722,328647,804730,602222,138882,909,845
2021-07-05T23:59:59+02:00,13451,12312,190265,186004,313401,291311,343395,340044,415829,428793,477885,483966,335952,375797,238625,304962,70544,128766,589,553,76963,76858,151823,154062,179697,196983,268778,296939,356567,374342,292869,329226,222222,283717,66542,120995,3526644,2399107,486547,324136,804234,591833,134758,903,839
2021-07-04T23:59:59+02:00,13272,12151,186415,182113,310750,289265,342073,338960,414941,428005,477297,483470,335726,375537,238535,304834,70518,128712,556,524,74768,74965,148697,151468,177352,194928,266314,294876,353432,372117,289545,325818,221638,283045,66486,120873,3514317,2385205,485248,321824,803670,580257,130215,901,837
2021-07-03T23:59:59+02:00,12075,11093,179978,176097,306465,285798,339726,336779,413121,426197,476080,482412,335326,375092,238360,304585,70494,128669,525,505,72979,73377,146259,149578,174906,192835,263239,292147,351143,370257,287784,323824,221369,282681,66454,120824,3487858,2369397,483838,321616,803490,575753,124015,901,837
2021-07-02T23:59:59+02:00,10978,10000,176253,172618,304030,283584,337962,335062,411864,425005,475303,481720,335067,374776,238246,304403,70465,128621,487,454,70275,70674,142317,146277,170440,188772,257166,286679,345902,365542,284520,320081,220726,281905,66405,120740,3469689,2336039,482354,318818,803307,563145,121460,891,822
2021-07-01T23:59:59+02:00,9880,9070,172567,169156,299978,280267,335457,332778,410062,423419,474202,480749,334648,374311,238043,304132,70420,128541,414,380,65366,65936,135966,140903,163128,182235,246872,277788,335071,355719,279717,314789,218869,279638,66225,120427,3447033,2279452,480251,306426,802963,545359,118279,890,816
2021-06-30T23:59:59+02:00,9390,8677,169283,166057,294339,275625,331767,329431,408290,421878,473179,479776,334225,373822,237851,303829,70386,128452,332,318,62215,63075,130304,136206,156466,176225,236796,268611,321638,342414,274487,309222,216976,277307,66057,120104,3421847,2224248,478075,293589,802675,526477,114492,889,813
2021-06-29T23:59:59+02:00,8852,8154,165468,162255,289777,271332,328193,326120,406170,419786,471626,478356,333634,373179,237595,303473,70331,128342,274,247,59415,60049,125334,131767,150420,170682,224917,257883,313059,334027,268013,302017,214995,274843,65853,119756,3394187,2164791,476073,288910,802349,509041,110848,887,808
2021-06-28T23:59:59+02:00,8446,7774,162127,158783,284720,266998,324874,323267,404022,417849,470135,477039,333113,372565,237361,303164,70287,128249,214,197,57130,57679,121407,128233,146052,166584,215670,249444,307252,328600,263056,296709,213230,272604,65705,119488,3370163,2128916,472095,280259,801687,492480,107626,886,805
2021-06-27T23:59:59+02:00,8298,7651,160607,157244,282606,265176,323066,321716,402316,416485,469232,476315,332820,372272,237258,303001,70268,128200,187,176,55922,56557,119257,126506,143473,164438,211538,246037,303867,325725,259231,292690,210766,269686,65594,119293,3360073,2113342,470017,276734,800639,476294,104596,885,801
2021-06-26T23:59:59+02:00,7143,6552,157335,153900,280491,263290,320644,319470,401122,415329,468533,475616,332551,371991,237151,302843,70244,128170,175,164,55374,55962,117902,125335,142039,163188,209287,244023,301327,323295,257692,291026,210429,269272,65567,119224,3340904,2096429,467184,276642,800632,473789,104455,867,785
2021-06-25T23:59:59+02:00,5920,5436,153024,149601,277084,260323,318578,317501,399807,414073,467530,474784,332261,371656,237024,302687,70217,128121,146,142,54076,54327,115403,122615,137925,158600,200494,235551,295620,317402,255962,288897,209833,268469,65496,119108,3315877,2053773,465749,274932,800579,467171,104214,867,780
2021-06-24T23:59:59+02:00,5053,4645,148563,145456,272223,256362,314287,313709,397603,412188,466150,473644,331831,371191,236855,302449,70183,128033,127,112,51418,51721,110229,117856,130543,151927,188414,225059,284184,307144,250563,283034,207992,266121,65292,118707,3284547,1991487,463735,263078,800412,453376,102503,866,772
2021-06-23T23:59:59+02:00,4832,4440,145385,142325,268508,253186,309037,308895,395108,409836,464744,472323,331298,370566,236624,302137,70135,127926,95,82,49470,49622,106415,113921,124842,146221,178489,216372,272185,295120,245937,278194,206651,264417,65129,118346,3256904,1934942,460202,253190,800250,442651,100712,864,767
2021-06-22T23:59:59+02:00,4579,4211,142303,139189,264781,249791,302901,303451,392466,407272,463200,470829,330745,369956,236404,301784,70088,127819,64,61,47768,47865,102788,110592,120023,141620,165868,205211,261254,284795,241856,273701,204724,261999,64876,117873,3224770,1876372,458257,245437,800058,431672,99429,862,757
2021-06-21T23:59:59+02:00,4319,3965,139037,136235,260059,245871,297645,298570,389408,404391,461721,469464,330222,369391,236184,301473,70048,127707,56,53,46527,46629,100387,108348,117263,138898,159625,199417,254350,278149,236491,267838,200778,257455,64691,117495,3192927,1845224,456206,239906,799854,411830,97452,857,755
2021-06-20T23:59:59+02:00,4175,3847,137520,134715,255786,242361,295045,296322,388012,403070,460923,468712,329995,369098,236072,301340,70028,127645,50,50,45386,45694,98108,106538,114969,136898,156584,196858,250028,274054,233471,264296,199786,256198,64609,117369,3175348,1824723,454434,236336,799695,403936,95909,854,746
2021-06-19T23:59:59+02:00,3759,3497,135362,132609,253024,240032,293256,294662,386165,401500,460078,467982,329774,368845,235969,301203,70008,127613,49,48,44838,45042,96826,105262,113478,135413,155067,195413,246792,271015,232738,263441,199613,255933,64587,117316,3158975,1808655,451601,234742,799683,403639,95787,854,745
2021-06-18T23:59:59+02:00,2807,2585,132068,129463,249490,236967,289232,291242,383757,399370,458733,466824,329397,368445,235813,300968,69982,127564,49,48,44050,44119,95241,103469,111164,132735,151507,191364,239905,263700,231000,261424,199123,255290,64511,117181,3133108,1779218,447158,234205,799654,396900,95494,851,742
2021-06-17T23:59:59+02:00,2571,2362,128347,126167,243441,232504,283989,286839,378954,395369,456399,464981,328800,367723,235568,300611,69917,127450,47,48,41797,42284,91169,99974,106233,127962,143610,183660,228481,252275,225772,255471,197467,253126,64251,116761,3098174,1723324,444157,230041,799393,385952,91001,808,729
2021-06-16T23:59:59+02:00,2301,2127,125101,122753,238531,228147,279280,282575,373775,390858,453801,462838,328058,366929,235276,300199,69851,127335,47,44,39956,40671,87611,96922,101857,124116,135339,176293,216353,240333,219519,248330,195537,250792,63998,116272,3064558,1663297,438603,224413,798905,377811,88385,805,726
2021-06-15T23:59:59+02:00,1913,1794,120181,117877,232535,222979,273914,277577,368702,386217,450945,460410,327183,365948,234925,299687,69768,127151,46,42,38336,39043,84264,93854,97869,120049,128264,169905,203971,228277,213469,241515,193565,248353,63688,115699,3019747,1605821,436660,218543,798340,370100,85653,804,723
2021-06-14T23:59:59+02:00,1650,1518,116118,113708,227290,218057,268541,272598,363405,381453,447819,457811,326394,365084,234614,299298,69706,127031,42,41,37355,38151,81976,91744,95141,117516,124131,166139,197346,221760,210342,237991,192425,246870,63468,115305,2977510,1576091,434298,216250,798079,362420,82883,803,719
2021-06-13T23:59:59+02:00,1576,1433,114623,112324,224830,215938,265992,270333,361146,379487,446645,456778,326116,364777,234477,299127,69674,126957,39,41,36483,37410,80109,90064,93113,115689,121297,163519,193455,218037,207243,234538,191386,245493,63234,114890,2962457,1562009,431857,208961,797777,354156,80810,801,716
2021-06-12T23:59:59+02:00,1427,1296,111969,109570,222932,214203,264602,269046,359706,378087,445750,456009,325827,364467,234385,299024,69656,126928,39,41,36111,37000,79120,88964,91846,114377,119710,161948,189878,214724,206207,233410,189988,243836,63224,114858,2946250,1548781,430876,208945,797756,346773,80667,799,715
2021-06-11T23:59:59+02:00,1280,1160,109411,107048,220024,211568,260923,265845,356558,375348,444028,454536,325390,364013,234248,298814,69629,126873,39,40,35429,35876,77096,85560,89596,110828,115582,156780,183145,207233,204101,231032,189378,243062,63161,114759,2921759,1521100,428071,208241,797573,333289,79946,797,713
2021-06-10T23:59:59+02:00,1117,1003,104651,102625,213936,206794,253849,260008,350449,370039,439528,450754,324533,363040,233929,298367,69544,126720,37,39,33845,34378,73075,81366,84644,105300,108881,148526,170742,193557,197990,224113,187641,240915,62904,114354,2878037,1473694,420951,206483,796735,306213,75788,791,705
2021-06-09T23:59:59+02:00,969,872,100722,98904,207941,202054,247015,254287,343769,364079,435839,447727,323849,362288,233655,297983,69480,126586,36,37,32305,33111,69820,78701,80931,102123,104136,144225,159563,182758,187323,212075,185763,238663,62630,113858,2838907,1419433,412403,202490,796222,294896,71102,775,697
2021-06-08T23:59:59+02:00,787,691,96183,94344,201291,196469,240047,248264,335495,356789,430728,443052,323010,361278,233279,297497,69400,126450,33,35,31225,32243,67224,76386,77633,99379,99529,140292,151927,175230,178576,202323,183951,236404,62399,113489,2786832,1380028,406620,197554,795637,283993,66559,770,688
2021-06-07T23:59:59+02:00,628,552,92953,91233,195205,191751,233479,243003,327651,350606,427671,440596,322462,360636,233063,297169,69346,126354,29,31,30345,31389,64744,74419,74668,97206,95743,137351,143819,167416,174501,197673,182516,234588,62175,113103,2747712,1352771,400433,194241,795073,272837,61715,766,685
2021-06-06T23:59:59+02:00,590,517,91370,89908,191902,189180,230114,240216,323357,347194,426223,439513,322182,360336,232955,297011,69323,126307,29,31,29740,30826,62958,72724,72575,95184,92531,134265,138104,161593,171958,195026,181403,233186,61946,112722,2732219,1340821,393022,184512,794579,262375,58938,765,677
2021-06-05T23:59:59+02:00,508,437,89421,87889,187011,184935,227638,238081,321536,345572,425223,438600,321898,360017,232805,296844,69309,126275,29,29,29277,30059,61742,70756,71167,93025,90836,131979,133326,156241,168941,191345,180919,232527,61912,112657,2708645,1317115,392887,184045,794487,256912,58531,763,672
2021-06-04T23:59:59+02:00,408,352,87057,85353,183324,181296,223611,234118,317935,341922,422853,436401,321437,359481,232610,296615,69270,126213,29,27,28802,29380,60605,69079,69847,90912,89027,129332,129938,152562,164686,186560,179925,231259,61864,112569,2679305,1298103,389054,183262,794370,246812,58062,761,667
2021-06-03T23:59:59+02:00,316,275,83764,82264,177561,176599,216307,227989,310188,335186,415083,429531,320396,358291,232239,296162,69215,126081,26,27,27907,28355,58682,66859,67424,88133,85335,125179,123135,145866,158307,178911,178343,229221,61749,112330,2630194,1268664,378784,177898,793946,234024,55034,755,655
2021-06-02T23:59:59+02:00,265,217,81674,80084,173439,172835,212637,224810,306575,331815,413024,427688,319981,357826,232084,295953,69187,126029,25,25,27435,27865,57535,65714,65794,86827,83235,123210,118133,140957,150405,169907,177616,228263,61664,112159,2601262,1236243,377387,175918,793919,230384,54059,748,640
2021-06-01T23:59:59+02:00,164,150,77392,76247,165139,166242,203243,217057,297457,323915,404802,419851,318467,356210,231542,295215,69075,125802,24,22,25880,26444,53204,62741,60929,83518,77779,118675,110682,133699,139258,156439,175501,225516,61457,111734,2542457,1185839,365701,171792,793163,218581,47122,742,623
2021-05-31T23:59:59+02:00,143,132,74636,73749,159463,161905,195910,211072,290058,317509,399047,414872,317463,355089,231153,294693,68985,125631,24,21,24963,25376,50569,60495,57737,80964,74155,115369,106152,129228,135074,151499,174124,223785,61288,111401,2501926,1163253,356280,169417,792513,208144,41239,741,613
2021-05-30T23:59:59+02:00,133,124,73581,72677,156967,159845,193272,208707,287252,314986,397155,413123,317097,354673,230991,294453,68947,125550,24,21,24356,24587,48963,58732,55978,79086,71889,112787,103468,126341,132901,148953,173328,222846,61194,111189,2486043,1153356,353745,168096,791879,196720,38306,739,597
2021-05-29T23:59:59+02:00,130,122,72968,72082,155450,158441,190969,206677,285407,313397,396315,412352,316872,354425,230910,294373,68936,125531,23,21,24027,24059,48036,57225,54627,77197,69954,109931,101134,123532,130074,145507,172668,221938,61167,111135,2472130,1139641,353582,168024,791816,186162,38269,736,588
2021-05-28T23:59:59+02:00,126,119,71879,70963,153040,156172,187280,203124,282121,310259,394452,410578,316459,353919,230763,294160,68917,125474,23,20,23491,23050,46414,55078,52778,74625,67891,105966,96784,117631,125658,140412,171687,220623,61120,111021,2448228,1116790,352525,167808,791607,171641,37878,734,576
2021-05-27T23:59:59+02:00,115,110,68553,67936,146532,151213,179078,196857,275704,305076,388131,404879,315186,352466,230302,293627,68845,125292,21,19,22160,21359,43151,52008,48872,70785,63301,99924,90397,110087,121700,135758,168868,216907,60945,110705,2403529,1088147,344879,165049,789793,151498,32115,730,563
2021-05-26T23:59:59+02:00,111,107,66389,65747,141563,147109,172964,191786,268937,299395,381390,398183,313656,350845,229806,292929,68740,125079,21,18,21413,20433,41311,49854,46504,68027,60252,96111,85786,104941,116693,130004,165054,211543,60734,110276,2366153,1056006,331644,163459,787962,139985,29371,725,553
2021-05-25T23:59:59+02:00,110,100,64359,63745,137341,143607,167907,187478,261859,293091,375953,392783,312367,349429,229391,292279,68657,124902,21,18,20830,19764,39893,48318,44655,65991,57769,93089,81685,100540,111708,124268,159477,204256,60562,109969,2328492,1024187,324125,160031,785404,130728,27722,721,538
2021-05-24T23:59:59+02:00,109,97,63111,62521,134570,141485,164614,185049,254905,287091,371005,388092,311532,348503,229102,291893,68586,124771,21,18,20480,19352,38859,47230,43297,64494,56077,91070,79431,98010,110266,122598,158864,203460,60449,109764,2304663,1014703,312991,158716,783594,124024,26159,721,530
2021-05-23T23:59:59+02:00,105,96,62606,62002,133464,140578,163406,184008,253653,286061,369410,386655,310906,347839,228929,291664,68566,124735,21,15,20245,19161,38296,46663,42523,63779,54899,90057,77921,96629,109077,121183,157880,202231,60378,109622,2293091,1006417,312395,155620,783545,122402,26019,720,513
2021-05-22T23:59:59+02:00,102,94,61909,61373,131963,139487,161025,182373,250672,283761,366922,384418,310376,347243,228752,291396,68540,124684,20,15,19925,18737,37673,46053,41880,63245,54238,89316,77144,95476,107525,119368,157106,201261,60350,109568,2275023,999677,312378,155610,783507,118947,24541,720,512
2021-05-21T23:59:59+02:00,99,92,60564,59928,129028,136864,157707,179034,245416,278980,360811,378716,309435,346142,228456,290997,68479,124576,20,15,19553,18367,37046,45270,41212,62182,53268,87906,75403,93167,104268,115408,155962,199802,60256,109391,2238776,986530,310728,155277,781924,112329,24240,714,505
2021-05-20T23:59:59+02:00,90,90,57505,57126,123270,131965,150746,172700,235084,270197,351766,370418,306885,343386,227685,289980,68347,124356,19,15,18250,17426,34858,43012,38739,59261,50426,84121,71457,88645,100117,110732,153484,196762,60072,109033,2180580,967043,304048,153306,775957,94622,21330,708,499
2021-05-19T23:59:59+02:00,88,88,55286,54921,118242,127268,143555,166062,224522,260818,341200,359497,304227,340515,226935,288933,68197,124079,19,15,17665,16637,33625,41410,37314,57183,48395,81323,68193,85047,96217,106247,149839,192009,59810,108541,2114480,943471,297773,151303,772974,85089,19502,703,480
2021-05-18T23:59:59+02:00,84,84,53178,52950,113445,122992,137147,160480,212938,250431,331302,349684,301549,337537,226053,287733,68047,123824,19,15,17142,16030,32402,39934,35943,55381,46567,78899,65290,81807,92184,101694,146625,187926,59598,108106,2054486,923086,288369,148424,769369,76408,17515,699,478
2021-05-17T23:59:59+02:00,80,78,52135,51949,111095,120918,134317,157814,206390,244397,323716,342579,299743,335555,225461,286910,67938,123611,18,15,16682,15577,31346,38883,34757,54074,45078,77086,63004,79394,87333,95814,145153,186040,59448,107793,2027553,911283,276036,140950,765929,69697,15439,694,466
2021-05-16T23:59:59+02:00,78,75,51344,51294,109640,119588,132565,156140,203407,241705,316271,335606,298712,334417,225151,286425,67885,123513,18,15,16397,15203,30591,38096,33878,53147,44006,75767,61661,77918,83912,91720,144359,184960,59362,107651,2012134,905132,265591,134171,762674,65556,13678,687,454
2021-05-15T23:59:59+02:00,77,74,50804,50657,108629,118590,131545,155014,201467,239762,312693,332380,298086,333732,224955,286152,67865,123449,18,15,16254,15036,30327,37777,33591,52713,43510,75113,60804,76925,83315,90901,143840,184294,59325,107602,1995862,899845,265561,134017,761802,64414,12963,685,451
2021-05-14T23:59:59+02:00,76,73,49541,49218,106355,116477,127929,151548,193224,232671,306367,326478,297100,332590,224668,285702,67816,123355,18,15,15751,14603,29528,36937,32799,51511,42416,73309,59220,74967,81392,88396,143226,183297,59284,107517,1958431,890074,263848,133126,757246,58962,11900,682,448
2021-05-13T23:59:59+02:00,73,71,47613,47248,102483,113219,123181,147414,183172,224060,295739,316636,294129,329160,223855,284563,67716,123146,16,14,14890,14153,28663,36222,32027,50601,41453,72203,57695,73387,77601,84032,140451,179682,59174,107301,1906661,877434,255173,126050,751002,55098,10867,673,437
2021-05-12T23:59:59+02:00,70,69,46694,46530,100545,111767,121103,145733,180593,221935,290997,311297,292965,327876,223615,284246,67678,123061,16,13,14724,13998,28333,35996,31615,50302,41000,71819,57147,72809,76243,82391,139666,178543,59087,107141,1883434,871610,253001,124242,750505,54819,10059,663,433
2021-05-11T23:59:59+02:00,66,65,44443,45047,96491,108673,115270,140992,167201,210645,279324,300517,289557,323954,222662,282849,67529,122762,15,12,14286,13431,27307,34556,30467,48485,39682,69536,55423,70528,73135,78790,138301,176700,58926,106779,1824441,859185,243258,121536,741972,46946,8572,658,431
2021-05-10T23:59:59+02:00,65,61,43182,44062,93872,106651,111997,138341,158781,203605,271427,293399,287375,321496,222089,281989,67405,122521,15,11,13941,12982,26541,33566,29667,47220,38672,67676,54187,68792,71038,76225,137156,175184,58807,106489,1788749,850251,237195,120472,734971,39737,7592,648,425
2021-05-09T23:59:59+02:00,64,61,42054,43285,91182,104874,109314,136560,153746,200167,265887,288445,286128,320097,221712,281459,67339,122374,15,11,13623,12758,25838,32890,28933,46411,37870,66709,53256,67843,69800,74816,136558,174341,58752,106358,1769318,845627,230080,119489,728948,34952,6596,633,421
2021-05-08T23:59:59+02:00,64,61,41761,42979,90328,104135,108204,135686,152285,198940,263315,286374,285626,319552,221591,281283,67323,122342,15,11,13522,12693,25701,32795,28786,46277,37679,66510,52914,67522,68833,73890,135485,172970,58705,106265,1757192,840979,229559,118734,728713,34169,6578,626,414
2021-05-07T23:59:59+02:00,63,61,40834,42256,88381,102782,105352,133454,147652,195114,257045,280851,284280,317943,221246,280830,67271,122220,15,11,12775,12209,24866,32051,28012,45208,36812,65243,51727,66001,66575,71191,133247,170138,58616,106088,1731276,831216,226338,116455,724581,27375,5626,621,409
2021-05-06T23:59:59+02:00,60,60,38182,40525,83614,99304,99333,128683,137432,186581,240561,266416,279145,312138,219956,279144,67096,121905,15,11,12089,11690,23921,30945,27005,43851,35445,63234,49983,64009,64074,68052,131135,167365,58502,105870,1665543,820055,216413,113327,713639,18994,4708,603,402
2021-05-05T23:59:59+02:00,58,58,36288,39321,79942,96708,94718,125024,129583,180031,225790,252357,272951,304992,218377,277150,66850,121383,15,10,11851,11411,23370,30214,26396,42918,34514,61826,48819,62583,61453,64927,128188,163655,58404,105619,1599206,807661,211321,109745,707577,15024,3637,599,394
2021-05-04T23:59:59+02:00,58,56,35173,38202,77198,94371,91192,121968,123992,175288,215135,242050,267458,298531,216927,275305,66641,120916,15,10,11686,11202,22953,29665,25925,42132,33780,60723,47698,61295,58715,61727,125815,160715,58255,105383,1549990,795642,206182,107100,701469,11872,2980,588,387
2021-05-03T23:59:59+02:00,57,55,34298,37148,74891,92538,88306,119603,119538,171629,208455,236036,264159,294651,216131,274213,66518,120621,15,10,11438,10929,22553,29070,25436,41426,33086,59751,46666,60141,55907,58373,122028,155810,57997,104943,1518108,779679,203061,105379,696509,9108,1325,580,373
2021-05-02T23:59:59+02:00,57,55,33941,36832,73698,91621,86818,118492,117093,169749,205344,233505,263191,293558,215847,273806,66451,120514,15,9,11363,10851,22357,28852,25200,41136,32735,59342,46207,59660,54710,56904,118951,152124,57912,104811,1507413,774605,200259,99807,692614,8201,446,567,360
2021-05-01T23:59:59+02:00,56,55,33621,36447,72930,90823,85741,117446,115618,168379,202246,230472,262498,292729,215637,273525,66440,120475,15,9,11347,10834,22301,28821,25134,41096,32672,59285,46125,59581,54467,56610,118793,151926,57903,104794,1492261,773277,200246,99764,692344,8153,439,566,358
2021-04-30T23:59:59+02:00,54,53,33074,35843,71715,89590,84267,115706,111831,164797,194833,223353,260503,290357,215188,272916,66380,120366,15,9,11021,10636,21934,28539,24856,40667,32340,58722,45653,58941,53565,55443,117841,150739,57848,104675,1459285,769562,199916,97767,691536,5807,236,561,349
2021-04-29T23:59:59+02:00,52,52,31570,34884,68777,87547,80614,113078,106694,160673,181993,211789,252555,281244,213991,271286,66246,120023,15,9,10710,10419,21453,28086,24422,40165,31749,57976,44846,58006,51723,53240,115988,148493,57747,104477,1404232,760688,192625,95077,686143,3479,211,547,342
2021-04-28T23:59:59+02:00,51,51,30333,34269,66898,86224,78126,111246,103253,157808,172278,202589,241691,268634,212707,269600,66050,119696,15,9,10518,10255,21143,27720,24051,39687,31313,57313,44102,57169,49566,50596,113399,145251,57621,104265,1351443,751003,189258,90506,680767,2252,178,537,323
2021-04-27T23:59:59+02:00,48,50,29571,33580,65309,84743,76104,109428,100473,155402,167528,197843,233168,258808,211562,267984,65930,119474,15,9,10392,10141,20854,27422,23811,39352,30950,56808,43408,56477,47552,48043,110755,141809,57502,104064,1317272,741144,186946,86485,672760,1526,176,519,301
2021-04-26T23:59:59+02:00,47,50,29138,33192,64203,83844,74594,108253,98170,153680,158895,189820,228969,253954,210853,266987,65837,119274,15,9,10296,10051,20631,27230,23571,39131,30648,56460,42788,55896,45739,45889,108858,139322,57406,103909,1288223,733143,185501,83371,666022,1142,169,505,291
2021-04-25T23:59:59+02:00,47,49,28885,32950,63414,83310,73518,107508,96421,152440,153488,184934,224628,249060,210261,266205,65771,119152,15,9,10240,10014,20549,27145,23480,39043,30538,56331,42621,55735,45323,45391,108177,138414,57378,103839,1275354,731448,179353,81597,657325,1010,166,497,288
2021-04-24T23:59:59+02:00,47,48,28538,32521,62468,82079,72329,106049,94857,150771,148570,179777,221839,245719,209792,265531,65737,119102,15,9,10225,9994,20506,27099,23423,38973,30456,56244,42470,55600,45078,45079,107926,138118,57357,103811,1250412,730339,179318,80893,656030,966,165,492,286
2021-04-23T23:59:59+02:00,47,48,27786,31896,60888,80553,70517,104021,92247,148113,143756,175369,217266,240152,209137,264544,65674,118987,15,9,10172,9929,20395,27012,23284,38819,30218,56032,42102,55267,44462,44319,106860,136830,57200,103534,1225377,726958,178127,78409,647478,914,160,488,282
2021-04-22T23:59:59+02:00,45,48,27166,31293,59345,79105,68034,101787,88098,144609,135694,167855,208221,229143,207100,261914,65474,118590,14,9,10045,9829,20140,26711,22927,38378,29700,55513,41340,54629,43296,42998,104857,134376,56971,103136,1183733,719434,170649,74472,639119,791,160,476,275
2021-04-21T23:59:59+02:00,45,44,26669,30769,58007,77984,66138,100145,85041,141954,128492,161024,195124,213791,204949,259025,65248,118165,14,9,9911,9739,19905,26456,22635,38050,29338,55056,40785,54088,42442,41973,102658,131579,56715,102718,1132104,712829,167751,70363,632733,716,160,471,265
2021-04-20T23:59:59+02:00,43,44,26237,30296,56828,76824,64443,98546,82478,139367,123391,155936,183637,200318,202518,255887,65012,117735,13,9,9806,9645,19683,26264,22337,37773,28923,54634,40240,53554,41619,41036,100430,128580,56376,102184,1089324,705216,164255,67106,625933,634,158,467,254
2021-04-19T23:59:59+02:00,43,43,25869,29933,55850,76001,63147,97364,80340,137434,119849,152525,177861,193465,200808,253655,64827,117405,13,9,9697,9551,19446,26042,22089,37497,28605,54239,39726,53018,40822,40130,97311,124579,55969,101468,1064673,694786,162413,64684,619309,593,157,459,252
2021-04-18T23:59:59+02:00,42,38,25558,29666,55071,75447,62015,96411,78473,136006,116472,150120,172740,187900,199793,252423,64715,117213,13,9,9623,9474,19255,25862,21907,37325,28386,53960,39462,52764,40493,39747,96095,123023,55785,101167,1050609,690875,160736,62750,608730,578,157,454,250
2021-04-17T23:59:59+02:00,41,37,25445,29569,54693,75243,61493,96053,77812,135397,115619,149377,168476,183005,199259,251699,64681,117148,13,9,9578,9415,19113,25671,21718,37095,28158,53684,39199,52496,40187,39420,95327,122094,55720,101083,1039674,686836,160699,62432,604645,565,157,454,249
2021-04-16T23:59:59+02:00,41,37,25067,29318,53697,74625,60195,95163,76175,134057,111460,145225,160814,174210,197597,249494,64573,116941,13,9,9371,9237,18715,25233,21125,36513,27040,52773,37163,50886,36845,36450,92122,118551,55317,100426,1013659,671638,159900,55474,595102,534,155,451,244
2021-04-15T23:59:59+02:00,39,33,24588,28866,52432,73451,58217,93432,72882,131206,105969,139934,152924,165213,192938,243615,64277,116324,13,9,9196,9071,18343,24800,20628,35844,26358,51968,35773,49652,34722,34391,88993,114796,54808,99569,981337,658443,157834,49872,577141,483,153,443,237
2021-04-14T23:59:59+02:00,37,30,24247,28537,51487,72507,56865,92027,70488,129035,101960,136141,143707,154807,185195,233736,63936,115660,13,9,8781,8792,17864,24287,20081,35183,25439,51087,34483,48531,32664,32226,86007,111139,54313,98707,943354,643435,155152,45644,561877,391,152,427,236
2021-04-13T23:59:59+02:00,37,30,24003,28310,50777,71963,55899,91181,68832,127606,98219,132688,131839,141645,178795,225404,63597,115071,13,9,8541,8612,17512,23869,19640,34627,24755,50282,33398,47503,31269,30855,83835,108728,53952,98161,909914,633914,150622,41245,545341,268,151,421,234
2021-04-12T23:59:59+02:00,37,29,23793,28117,50215,71444,55027,90438,67353,126309,95572,130350,124716,133607,175570,221456,63326,114580,13,9,8304,8423,17144,23567,19266,34185,24278,49745,32730,46875,29731,29307,82169,106784,53625,97639,893441,625418,149067,37987,529421,256,149,410,229
2021-04-11T23:59:59+02:00,36,29,23616,27948,49681,71016,54281,89975,66201,125497,93697,128859,119221,127574,171650,216848,63156,114281,13,9,8166,8289,16843,23283,18944,33868,23915,49361,32281,46488,29090,28635,81148,105534,53416,97320,885896,620085,144650,36151,513026,241,142,397,224
2021-04-10T23:59:59+02:00,36,29,23554,27888,49508,70872,54072,89811,65865,125220,93168,128416,117132,125036,170208,214994,63114,114181,13,9,7577,7681,15947,22493,17980,33025,22793,48321,31162,45485,28425,27920,79050,102924,53148,96885,878855,604704,143790,35772,510474,238,131,396,223
2021-04-09T23:59:59+02:00,35,29,23306,27635,48993,70370,53415,89109,64862,124087,91331,126497,108288,114074,166822,210580,62914,113823,12,9,6616,6777,14411,21166,16255,31463,20650,46349,28938,43469,26640,26085,75535,98726,52603,96045,859316,577151,136724,34251,500153,226,118,389,220
2021-04-08T23:59:59+02:00,33,28,23005,27387,48408,69874,52651,88405,63542,122996,88898,124320,97952,102047,161273,203723,62584,113256,12,9,5970,6187,13213,20144,14988,30122,19008,44628,26435,41134,23611,23106,70857,92912,51445,94274,840553,545429,127807,32309,482059,200,105,381,218
2021-04-07T23:59:59+02:00,32,27,22684,27152,47591,69397,51712,87773,62139,121995,85726,121857,88718,91720,154254,194931,62290,112697,12,9,5588,5860,12547,19462,14167,29290,17965,43578,24518,39235,21064,20575,66879,88120,50447,92652,819974,521857,122186,29828,460585,175,95,365,212
2021-04-06T23:59:59+02:00,31,27,22469,26992,47051,69006,51120,87240,61102,121216,83608,120105,80943,82894,147870,186955,61944,112070,12,9,5390,5700,12190,19097,13811,28852,17429,43008,23656,38417,19931,19543,63704,84009,49523,91260,800620,508421,118964,26861,443124,163,89,348,206
2021-04-05T23:59:59+02:00,31,27,22369,26865,46736,68653,50725,86830,60545,120520,82421,118945,76454,77794,142883,180857,61743,111754,12,9,5251,5559,11928,18841,13517,28536,17108,42630,23207,37956,19467,19071,60807,80443,48826,90190,791134,499042,117204,24066,427890,159,83,337,205
2021-04-04T23:59:59+02:00,31,27,22319,26800,46611,68375,50553,86512,60263,120015,81903,118309,75002,76083,142180,179883,61706,111672,12,9,5245,5550,11909,18824,13505,28518,17087,42614,23107,37883,19059,18749,59364,78587,48618,89878,788561,494227,117093,24060,422681,152,76,329,199
2021-04-03T23:59:59+02:00,31,27,22256,26718,46483,68264,50386,86333,59946,119698,81333,117727,73656,74448,141063,178345,61623,111524,12,9,5234,5539,11896,18804,13483,28498,17053,42566,23001,37808,18923,18598,59009,78020,48529,89731,782181,492426,117047,24060,420725,150,74,328,199
2021-04-02T23:59:59+02:00,31,27,22176,26631,46317,68091,50161,86083,59471,119237,80443,116911,72100,72560,138780,175365,61429,111164,12,9,5213,5501,11844,18759,13426,28415,16963,42416,22728,37330,18566,18235,56669,75129,47715,88627,773026,483919,115261,23416,418788,150,69,324,197
2021-04-01T23:59:59+02:00,28,26,21981,26423,45896,67569,49510,85339,58595,118292,78554,115238,68830,69123,134686,170182,61112,110594,12,9,5066,5357,11568,18492,13199,28177,16641,42107,22221,36885,17731,17477,51796,69067,46021,86145,761342,465735,109156,22039,411584,137,64,317,188
2021-03-31T23:59:59+02:00,27,26,21649,26201,45491,67035,49008,84681,57858,117348,77388,113999,66773,66794,129924,164061,60705,109871,11,9,4986,5304,11466,18366,13032,28020,16399,41835,21620,36366,16590,16567,46560,62632,44634,84149,751534,447277,101969,21088,405449,134,54,314,185
2021-03-30T23:59:59+02:00,27,25,21469,25976,45086,66414,48497,83875,57143,116293,76247,112615,64924,64770,125542,158304,60238,108977,11,9,4919,5216,11359,18238,12836,27828,16068,41510,21043,35819,15751,15759,43790,59209,43519,82347,741315,435365,97737,19720,397499,107,47,303,180
2021-03-29T23:59:59+02:00,26,25,21271,25737,44622,65860,48016,83176,56403,115209,75005,111171,62423,62017,118804,149677,59468,107584,11,9,4819,5144,11251,18116,12678,27660,15818,41184,20579,35349,15096,15213,41182,56211,42411,80517,720738,424095,94312,19029,391578,90,45,298,176
2021-03-28T23:59:59+02:00,26,25,21067,25444,44118,65164,47491,82426,55718,114199,74049,110057,61160,60576,114092,143701,59025,106827,11,9,4762,5082,11105,17964,12418,27360,15625,40937,20410,35113,14854,14964,40103,54790,42059,79975,714163,419749,86997,17700,384138,69,45,294,165
2021-03-27T23:59:59+01:00,26,25,20946,25285,43820,64798,47125,81894,55211,113508,73372,109317,60002,59485,112600,141994,58958,106745,11,9,4747,5070,11078,17943,12399,27329,15263,40505,20010,34675,14559,14753,39616,54103,41586,79158,708873,415684,86290,17044,380079,64,45,291,164
2021-03-26T23:59:59+01:00,26,24,20694,24771,43008,63088,46146,79864,53867,110479,71352,105695,57979,57594,109846,138755,58630,106227,9,9,4726,5037,11056,17891,12327,27235,15183,40393,19665,34080,14087,14097,36528,50249,39524,75898,697440,401099,82966,16825,367775,52,41,282,163
2021-03-25T23:59:59+01:00,26,21,20262,24096,42128,61317,45044,77303,52347,106943,68955,101926,55379,54951,106529,134783,58060,105235,9,9,4680,4981,10965,17787,12202,27090,14993,40175,19384,33769,13606,13601,32678,45187,36517,71339,685968,382683,78757,16228,350721,45,38,276,159
2021-03-24T23:59:59+01:00,26,21,19856,23641,41341,60038,44016,75755,50960,105010,66847,99589,52588,52030,102273,129691,57420,104159,9,9,4624,4912,10871,17644,12034,26886,14762,39886,19017,33347,13146,13150,30101,41968,33389,66482,673118,367060,73875,15130,338413,39,33,272,155
2021-03-23T23:59:59+01:00,26,21,19608,23332,40780,59109,43283,74649,49911,103490,65172,97722,50283,49678,99517,126477,56863,103322,9,9,4563,4840,10770,17514,11884,26700,14513,39570,18599,32956,12640,12638,27662,38850,29684,60535,664910,349355,70525,14540,327953,35,31,270,153
2021-03-22T23:59:59+01:00,26,21,19382,22909,40131,58218,42607,73601,48959,102095,63694,96087,48446,47783,97121,123734,56394,102557,6,8,4506,4794,10682,17395,11752,26523,14352,39330,18357,32654,12323,12262,25817,36478,25678,54044,658548,332942,67718,13983,317641,30,31,268,151
2021-03-21T23:59:59+01:00,26,21,19242,22645,39631,57455,42037,72743,48293,100929,62743,94849,47395,46753,95477,121882,56021,101977,6,8,4490,4785,10645,17347,11702,26435,14291,39241,18275,32552,12201,12124,25387,36029,25324,53483,655890,330729,65682,13569,308689,30,26,266,146
2021-03-20T23:59:59+01:00,26,21,19181,22498,39415,56957,41796,72182,47977,100291,62298,94243,46737,45985,92880,118651,55733,101493,6,8,4481,4776,10635,17334,11673,26418,14248,39206,18193,32476,12046,11963,24746,35257,24559,52400,649399,327017,65233,13381,303871,30,26,264,146
2021-03-19T23:59:59+01:00,25,20,18824,21931,38283,54826,40511,70181,46235,98200,59409,91482,42292,42109,87654,112889,55034,100415,6,8,4460,4761,10602,17284,11608,26305,14156,39032,17956,32176,11690,11680,23065,33191,22874,49826,631618,317639,58013,13017,290827,28,25,260,145
2021-03-18T23:59:59+01:00,25,19,18429,21277,37101,52666,38971,67389,44076,93723,55558,85678,38251,38292,82920,107408,53944,98759,6,8,4440,4732,10534,17181,11529,26149,14009,38842,17746,31975,11453,11496,21818,31667,21158,47223,614647,309542,52272,12402,267700,26,24,255,141
2021-03-17T23:59:59+01:00,24,18,18001,20921,36368,51740,38204,66428,42991,92363,53768,83850,35565,35498,78901,102574,53003,97288,5,8,4417,4704,10470,17080,11454,26013,13895,38652,17550,31784,11217,11271,20563,30246,19567,44816,597931,302012,47864,11686,261837,24,22,252,135
2021-03-16T23:59:59+01:00,23,18,17640,20498,35614,50665,37386,65226,41890,90681,51925,81861,33352,33476,74857,97605,52120,95974,5,6,4366,4652,10398,16949,11363,25860,13795,38411,17415,31539,11035,11085,19279,28719,18085,42488,584608,294191,43170,11251,253159,23,18,248,133
2021-03-15T23:59:59+01:00,23,18,17359,20131,34898,49677,36591,64032,40982,89199,50661,80254,31623,31633,71561,93505,51427,94843,5,6,4344,4617,10329,16825,11295,25657,13675,38121,17266,31265,10866,10923,18548,27751,16816,40624,573440,288341,39838,10600,245276,23,6,241,127
2021-03-14T23:59:59+01:00,23,17,17087,19703,34038,48467,35685,62711,39916,87371,49402,78522,30451,30387,69560,90938,50983,94165,5,6,4319,4598,10284,16746,11238,25515,13614,37899,17173,31099,10793,10837,18369,27470,16554,40062,566293,287133,37956,9468,235316,14,3,235,127
2021-03-13T23:59:59+01:00,23,17,16267,18637,32537,46417,34100,60567,37871,84286,47259,75957,29094,29025,67540,88310,50715,93775,5,6,4319,4597,10282,16740,11233,25506,13605,37891,17165,31089,10758,10801,17619,26579,15505,38604,549911,282862,37672,9466,224932,13,3,234,122
2021-03-12T23:59:59+01:00,22,16,15164,17258,30089,43765,31431,57422,34998,79431,44036,71475,26251,25833,63226,82997,49730,92372,5,5,4306,4562,10262,16677,11212,25453,13557,37773,17076,30956,10476,10574,16724,25323,14432,37075,521794,277025,36358,9450,207469,11,3,231,118
2021-03-11T23:59:59+01:00,21,16,14119,15794,27823,41061,29099,54234,32399,75036,40268,66577,22831,22345,57195,75665,47800,89539,5,5,4263,4520,10180,16558,11098,25226,13438,37462,16911,30647,10172,10358,16096,24477,13762,35796,489643,273000,34763,8017,187505,9,3,218,103
2021-03-10T23:59:59+01:00,21,16,13524,15093,26409,39440,27437,52406,30829,72709,37737,63443,20070,19779,51273,68521,46248,87200,5,5,4226,4476,10081,16389,10976,24970,13289,37039,16711,30270,9927,10167,15354,23703,13101,34769,463155,268235,32715,7270,176374,5,3,214,100
2021-03-09T23:59:59+01:00,20,15,13240,14623,25278,38397,26017,51224,29761,71054,36354,61605,18877,18649,47758,64066,45124,85411,5,5,4201,4450,9996,16220,10872,24708,13133,36721,16533,30033,9800,10061,14688,22863,12601,33993,449520,264508,30170,6429,167862,5,3,210,92
2021-03-08T23:59:59+01:00,19,15,12907,14011,24196,37280,24744,50082,28821,69566,35111,59982,17801,17764,43632,59082,43897,83426,5,5,4186,4414,9934,16022,10769,24442,12998,36361,16401,29765,9715,9976,14190,22255,12285,33547,434032,261295,28160,6032,160223,1,3,205,91
2021-03-07T23:59:59+01:00,19,15,12673,13716,23598,36423,24040,49202,28215,68692,34492,59217,17535,17504,42564,57628,43531,82867,5,5,4173,4399,9911,15979,10741,24366,12966,36191,16344,29651,9693,9947,13991,21999,12150,33341,429243,260224,26342,5686,156431,0,3,194,90
2021-03-06T23:59:59+01:00,18,15,12558,13425,23194,35682,23503,48408,27160,67157,33388,57451,17145,17173,41917,56738,43231,82399,5,5,4170,4385,9899,15953,10723,24332,12956,36148,16326,29620,9675,9906,13944,21961,12047,33130,425157,259842,26278,5402,149208,0,3,193,89
2021-03-05T23:59:59+01:00,18,15,12143,12823,22508,34475,22815,47177,26401,65519,32148,55032,16494,16336,38453,52435,41077,78958,5,5,4143,4335,9829,15849,10672,24184,12887,35952,16239,29411,9578,9835,13759,21750,11675,32516,409954,258136,24823,4554,140126,0,1,192,83
2021-03-04T23:59:59+01:00,16,15,11383,11808,21318,32744,21595,45124,25042,62865,30451,52671,15763,15615,34447,47265,37997,74270,5,5,4093,4242,9714,15553,10568,23825,12753,35418,16093,29006,9396,9677,13599,21540,11590,32370,391488,255061,22739,4455,126235,0,1,191,76
2021-03-03T23:59:59+01:00,15,15,11071,11306,20630,31524,20816,43757,24126,61111,29403,51024,15284,15107,31829,43939,34904,69497,5,5,4051,4177,9633,15379,10488,23568,12644,34994,15912,28657,9210,9549,13472,21320,11445,32094,376001,252387,21938,4287,117489,0,1,187,71
2021-03-02T23:59:59+01:00,15,15,10809,10876,19977,30547,20099,42733,23335,59716,28425,49745,14652,14453,29150,40570,31007,63276,5,5,4003,4104,9570,15212,10418,23299,12535,34559,15807,28347,9083,9446,13332,21128,11368,31949,357758,249959,20423,4281,111288,0,0,183,71
2021-03-01T23:59:59+01:00,13,14,10636,10615,19462,29739,19534,41848,22742,58644,27709,48620,14226,13997,27075,37986,26735,56369,5,5,3987,4054,9514,15054,10349,22998,12451,34181,15697,28022,8998,9384,13149,20858,11252,31765,340485,247510,19306,4281,106240,0,0,180,71
2021-02-28T23:59:59+01:00,13,14,10466,10412,18992,29084,18994,41106,22260,57786,27216,47823,14014,13751,26468,37324,26329,55765,5,5,3970,4039,9488,15021,10330,22946,12433,34111,15669,27973,8971,9360,13016,20678,11188,31616,338009,246647,18441,4243,101432,0,0,179,68
2021-02-27T23:59:59+01:00,13,14,10287,9897,18663,28218,18735,40318,21975,56800,26888,47033,13741,13450,25797,36522,25403,54346,5,5,3956,4026,9466,15000,10297,22899,12394,34028,15622,27899,8950,9343,12995,20653,11166,31596,334094,246281,17714,4092,96353,0,0,179,66
2021-02-26T23:59:59+01:00,12,13,9490,9113,17760,26779,17952,38111,21042,53947,25428,44208,13274,13047,24204,34531,23874,52039,5,5,3875,3957,9386,14839,10222,22643,12314,33662,15505,27606,8870,9262,12928,20584,11126,31526,324953,244371,17459,4018,82468,0,0,176,64
2021-02-25T23:59:59+01:00,12,13,8332,8259,16437,25166,16680,35853,19801,51058,23715,41422,12796,12646,22925,32940,22373,49755,5,5,3751,3811,9220,14518,9998,22036,12056,32797,15172,26948,8673,9110,12666,20259,10986,31258,317315,240204,16682,3139,66234,0,0,172,62
2021-02-24T23:59:59+01:00,11,12,7965,7735,15781,24132,16054,34614,19087,49543,22923,40223,12400,12310,21617,31444,20697,47128,4,5,3678,3741,9076,14222,9818,21577,11849,32165,14909,26408,8530,8967,12522,20086,10921,31046,309075,237406,15716,2191,58929,0,0,172,61
2021-02-23T23:59:59+01:00,11,12,7482,7257,14966,22951,15366,33395,18364,48131,22200,39147,12080,11980,20274,29870,19083,44573,4,5,3636,3664,8955,14018,9677,21178,11661,31583,14606,25902,8359,8821,12392,19873,10849,30808,300929,234539,14914,1524,51339,0,0,170,60
2021-02-22T23:59:59+01:00,10,10,7375,7051,14580,22333,15011,32667,17897,47122,21706,38413,11875,11729,19525,28858,17762,42617,4,5,3606,3562,8817,13726,9513,20675,11406,30834,14233,25299,8108,8623,12190,19617,10743,30497,295038,231202,14306,328,47234,0,0,166,57
2021-02-21T23:59:59+01:00,10,10,7283,6925,14252,21885,14592,32083,17480,46470,21264,37919,11766,11624,19362,28644,17514,42282,4,5,3566,3522,8731,13599,9432,20454,11333,30540,14110,25026,8048,8562,12132,19506,10672,30333,293879,229336,13936,310,43588,0,0,161,56
2021-02-20T23:59:59+01:00,10,10,7166,6874,14125,21805,14474,31945,17359,46316,21102,37736,11666,11537,18577,27725,16452,40810,4,5,3564,3515,8720,13591,9422,20433,11318,30515,14095,25015,8043,8553,12067,19442,10618,30264,289606,228947,13739,309,42384,0,0,156,55
2021-02-19T23:59:59+01:00,8,9,6864,6621,13770,21364,14099,31273,16883,45520,20396,36861,11058,11134,17527,26394,15295,39201,4,5,3484,3490,8644,13560,9379,20374,11280,30421,14035,24920,8001,8493,11848,19169,10424,29934,283205,227231,13362,307,37750,0,0,151,54
2021-02-18T23:59:59+01:00,8,9,6464,6147,13141,20217,13458,29899,16066,43651,19517,35281,10824,10913,16934,25640,14717,38314,4,5,3296,3352,8309,13021,9085,19621,10928,29376,13664,24086,7793,8180,11259,18213,9926,28776,279606,218665,12782,304,28855,0,0,141,51
2021-02-17T23:59:59+01:00,8,8,6298,5804,12695,19336,12965,28708,15363,41929,18866,33953,10589,10656,16178,24825,13941,37130,3,5,3046,3191,7966,12502,8784,18829,10558,28328,13276,23233,7557,7942,10700,17357,9486,27960,274927,210495,12047,298,22320,0,0,135,51
2021-02-16T23:59:59+01:00,8,8,5972,5502,12158,18501,12461,27634,14817,40553,18271,32918,10431,10549,15508,23996,13433,36346,3,5,2864,3071,7661,12046,8478,18103,10160,27234,12811,22332,7282,7642,9979,16177,8753,26403,271394,200935,11550,142,16172,0,0,125,46
2021-02-15T23:59:59+01:00,8,8,5864,5318,11861,17856,12194,26850,14464,39559,17920,32144,10301,10436,14949,23342,13072,35807,3,5,2775,2991,7465,11719,8258,17594,9856,26383,12456,21648,7000,7354,9276,15117,8238,25120,268277,193239,10947,96,12783,0,0,118,41
2021-02-14T23:59:59+01:00,8,8,5596,5200,11613,17584,11969,26415,14232,39112,17728,31867,10254,10385,14714,23001,12908,35414,3,5,2724,2953,7348,11550,8128,17386,9678,26049,12278,21345,6902,7227,9052,14734,8051,24582,267270,189983,10008,93,10783,0,0,117,36
2021-02-13T23:59:59+01:00,8,8,5536,5162,11562,17546,11938,26383,14203,39079,17708,31847,10240,10355,14687,22969,12894,35396,3,5,2720,2950,7342,11541,8116,17364,9661,26014,12251,21300,6871,7190,8895,14520,7698,23950,267020,188466,10004,10,10551,0,0,116,31
2021-02-12T23:59:59+01:00,8,8,5019,4844,10993,17182,11621,25831,13883,38438,17378,31206,10126,10247,14503,22756,12813,35286,3,5,2669,2917,7246,11382,8014,17132,9512,25622,12036,20853,6688,6952,8530,13955,7104,22604,265326,183305,9989,8,6883,0,0,112,27
2021-02-11T23:59:59+01:00,8,8,4558,4541,10404,16498,11208,25022,13401,37176,16889,30345,9809,9983,14222,22307,12531,34599,3,5,2500,2642,6643,10184,7322,15396,8649,23002,10975,18764,6032,6234,7478,12336,6286,20286,262083,164821,8345,3,3139,0,0,105,19
2021-02-10T23:59:59+01:00,8,8,4309,4374,10070,16046,10896,24483,13088,36290,16475,29594,9589,9844,14039,22102,12438,34389,3,5,2137,2348,5704,8714,6508,13345,7659,20090,9843,16717,5488,5644,6489,10670,5509,18223,259421,145182,7842,2,841,0,0,96,6
2021-02-09T23:59:59+01:00,8,8,4246,4274,9946,15776,10787,24074,12913,35672,16260,29120,9410,9703,13843,21888,12295,34164,3,5,1742,1996,4917,7442,5733,11543,6739,17564,8755,14719,4909,5013,5437,9100,4774,16098,256956,126568,7060,1,434,0,0,94,3
2021-02-08T23:59:59+01:00,8,8,4212,4220,9850,15565,10674,23712,12789,35212,16114,28761,9314,9635,13640,21603,12188,33967,3,5,1577,1799,4353,6445,5066,9962,5921,15033,7737,12855,4354,4481,4459,7502,4010,14005,254562,109638,6544,1,428,0,0,91,3
2021-02-07T23:59:59+01:00,8,8,4047,4153,9693,15428,10572,23547,12708,34950,15999,28565,9273,9588,13496,21423,12113,33823,3,5,1363,1552,3930,5772,4645,9080,5492,13862,7247,11891,4099,4219,4227,7106,3849,13405,253463,101816,5996,1,0,0,0,86,2
2021-02-06T23:59:59+01:00,8,8,4037,4143,9682,15412,10559,23512,12686,34900,15980,28509,9254,9575,13478,21388,12007,33626,3,5,1210,1357,3697,5466,4459,8654,5273,13276,6968,11333,3963,4084,4100,6956,3569,12948,253118,97386,5711,1,0,0,0,86,2
2021-02-05T23:59:59+01:00,8,7,3964,4073,9609,15268,10492,23261,12600,34532,15866,28225,9170,9500,13407,21313,11657,33031,3,4,1069,1126,3415,5018,4200,8070,4958,12497,6584,10604,3706,3838,3939,6724,3058,12056,251230,90930,4818,0,0,0,0,84,2
2021-02-04T23:59:59+01:00,8,7,3906,3948,9487,14949,10312,22712,12411,33734,15652,27661,9047,9387,13181,21018,11543,32824,3,2,805,791,2588,3761,3265,6320,4003,9946,5259,8382,3029,3123,3319,5736,2669,10559,247262,73606,4589,0,0,0,0,83,2
2021-02-03T23:59:59+01:00,8,7,3836,3875,9383,14726,10209,22375,12278,33225,15504,27245,8937,9271,13040,20841,11467,32659,3,2,668,622,1956,2835,2524,4881,3024,7639,4026,6317,2211,2248,2418,4243,1933,7895,244537,55479,4415,0,0,0,0,81,1
2021-02-02T23:59:59+01:00,8,7,3769,3779,9283,14529,10110,21996,12137,32661,15301,26792,8809,9153,12917,20633,11384,32394,2,2,532,491,1485,2098,1932,3671,2276,5811,3007,4729,1570,1549,1654,2798,1347,5252,241316,40229,4411,0,0,0,0,79,1
2021-02-01T23:59:59+01:00,7,7,3729,3687,9204,14298,10003,21609,12000,32024,15115,26287,8686,9002,12807,20489,11336,32215,1,0,395,357,1038,1449,1274,2452,1487,3808,1873,3002,999,986,980,1710,772,3037,238164,25633,4410,0,0,0,0,73,0
2021-01-31T23:59:59+01:00,7,7,3708,3651,9149,14188,9931,21399,11932,31725,15012,26090,8630,8943,12755,20376,11291,32085,1,0,364,336,912,1258,1083,2074,1285,3252,1638,2631,900,895,878,1526,701,2729,236656,22474,4292,0,0,0,0,71,0
2021-01-30T23:59:59+01:00,7,7,3707,3648,9138,14173,9916,21375,11919,31705,15000,26076,8626,8938,12686,20307,11224,32007,1,0,348,311,851,1174,1025,1950,1221,3062,1563,2495,870,869,859,1486,686,2676,236330,21457,4198,0,0,0,0,71,0
2021-01-29T23:59:59+01:00,7,7,3646,3631,9077,14143,9887,21323,11887,31628,14951,26009,8602,8915,12500,20080,11042,31763,1,0,281,227,726,998,880,1587,1066,2673,1351,2168,779,777,811,1432,668,2623,235098,19056,4069,0,0,0,0,70,0
2021-01-28T23:59:59+01:00,7,6,3528,3544,8871,13754,9665,20807,11653,31041,14618,25508,8465,8808,12066,19461,10685,31184,1,0,133,60,308,371,386,627,470,1166,618,977,412,430,477,827,384,1591,230297,9242,3447,0,0,0,0,66,0
2021-01-27T23:59:59+01:00,7,6,3297,3406,8577,13333,9364,20178,11264,30205,14230,24766,8246,8593,11516,18651,10259,30420,1,0,82,35,215,231,251,430,312,812,441,676,313,314,354,617,289,1167,223569,6543,2822,0,0,0,0,60,0
2021-01-26T23:59:59+01:00,6,6,3132,3308,8293,12990,9100,19606,10956,29444,13831,24131,8005,8367,10938,17733,9609,29266,1,0,76,31,200,221,235,395,296,758,410,614,298,288,326,553,262,1037,216823,6004,1976,0,0,0,0,53,0
2021-01-25T23:59:59+01:00,6,6,3044,3214,8009,12506,8807,18897,10568,28439,13351,23363,7720,8163,10321,16914,9153,28365,1,0,68,23,176,198,201,336,256,637,357,509,260,243,272,475,213,850,210501,5078,426,0,0,0,0,47,0
2021-01-24T23:59:59+01:00,6,6,3000,3193,7922,12426,8732,18769,10458,28279,13220,23180,7676,8124,10253,16800,9105,28270,1,0,67,22,171,193,198,322,253,614,348,495,251,239,270,468,209,835,209185,4959,321,0,0,0,0,40,0
2021-01-23T23:59:59+01:00,6,6,2999,3192,7920,12422,8727,18758,10455,28265,13214,23174,7668,8119,10126,16634,8776,27683,1,0,66,21,170,192,198,320,251,613,346,495,251,239,270,468,209,833,207919,4946,317,0,0,0,0,34,0
