Datum,<15_1_m,<15_1_w,15-24_1_m,15-24_1_w,25-34_1_m,25-34_1_w,35-44_1_m,35-44_1_w,45-54_1_m,45-54_1_w,55-64_1_m,55-64_1_w,65-74_1_m,65-74_1_w,75-84_1_m,75-84_1_w,>84_1_m,>84_1_w,<15_2_m,<15_2_w,15-24_2_m,15-24_2_w,25-34_2_m,25-34_2_w,35-44_2_m,35-44_2_w,45-54_2_m,45-54_2_w,55-64_2_m,55-64_2_w,65-74_2_m,65-74_2_w,75-84_2_m,75-84_2_w,>84_2_m,>84_2_w,bp_1,bp_2,mo_1,mo_2,az_1,az_2,ja,unb_1,unb_2
2021-11-27T23:59:59+01:00,77517,73186,355469,333330,460996,422761,460978,447031,512913,517136,549235,546718,363652,406573,251461,323539,74125,136712,48607,46023,303980,289594,410278,374139,418928,406210,475982,480177,521190,518871,351949,392642,244611,313631,71336,130631,4624026,4176660,542210,517235,809951,766834,338853,814,842
2021-11-26T23:59:59+01:00,74823,70652,354885,332789,460452,422163,460566,446544,512485,516746,548922,546385,363527,406385,251402,323435,74112,136665,48274,45709,303050,288841,409296,373460,418080,405518,475281,479605,520757,518489,351840,392506,244555,313563,71321,130617,4613880,4168983,542022,516958,809945,766825,338799,814,842
2021-11-25T23:59:59+01:00,71082,67377,353898,331829,459440,420890,459715,445567,511682,515874,548275,545646,363165,405963,251233,323166,74057,136553,47714,45141,301570,287540,407658,372046,416778,404323,474081,478541,519994,517796,351628,392242,244459,313411,71292,130558,4597023,4155614,541472,516455,809933,766822,338684,814,842
2021-11-24T23:59:59+01:00,69385,65658,353073,331108,458620,419931,458945,444740,511027,515170,547655,544991,362878,405504,251091,322848,73994,136397,47400,44834,300600,286656,406398,370973,415792,403487,473204,477759,519299,517195,351411,391943,244338,313237,71259,130492,4585073,4145534,541128,516149,809926,766809,338588,813,842
2021-11-23T23:59:59+01:00,67601,64094,352190,330321,457745,418860,458115,443878,510279,514391,547035,544322,362550,405047,250896,322529,73922,136249,47108,44571,299731,285962,405261,370079,414909,402754,472400,477060,518718,516671,351200,391662,244215,313042,71218,130401,4572644,4136632,540668,515848,809924,766798,338487,813,841
2021-11-22T23:59:59+01:00,66184,62795,351287,329562,456767,417860,457246,443060,509630,513631,546444,543684,362236,404624,250743,322253,73870,136100,46883,44328,298845,285296,404162,369267,414021,402095,471706,476415,518183,516255,351008,391413,244112,312895,71191,130329,4561090,4128417,540312,515651,809921,766786,338353,812,840
2021-11-21T23:59:59+01:00,65108,61729,350510,328911,455867,416980,456490,442436,509033,513035,545960,543172,362009,404294,250636,322084,73831,136004,46757,44205,298325,284917,403523,368809,413491,401662,471285,476045,517867,515976,350866,391251,244049,312780,71174,130292,4551648,4123603,540003,515465,809906,766777,338231,812,840
2021-11-20T23:59:59+01:00,64417,61096,349791,328377,455126,416284,455794,441921,508571,512607,545642,542825,361888,404143,250590,322010,73819,135977,46696,44125,298007,284661,403090,368534,413140,401414,470978,475802,517679,515837,350818,391179,244027,312752,71169,130289,4544788,4120735,539737,515340,809902,766773,338150,812,840
2021-11-19T23:59:59+01:00,63144,59820,348273,327016,453793,414962,454643,440805,507649,511672,545013,542164,361649,403856,250501,321884,73794,135920,46443,43878,297081,284020,402162,367825,412348,400794,470277,475258,517211,515507,350701,391029,243971,312680,71156,130270,4531016,4113564,539334,515079,809898,766764,338005,812,840
2021-11-18T23:59:59+01:00,61486,58218,346253,325169,451902,412834,453016,439118,506322,510340,544115,541179,361228,403339,250335,321592,73759,135788,45942,43391,295730,282859,400788,366704,411174,399793,469314,474364,516434,514929,350457,390729,243840,312489,71113,130194,4511249,4101844,538815,514717,809891,766754,337730,812,840
2021-11-17T23:59:59+01:00,60449,57196,344533,323713,450232,411077,451625,437747,505148,509266,543267,540250,360853,402883,250180,321319,73700,135648,45648,43093,294834,282082,399744,365812,410359,399044,468548,473683,515836,514421,350226,390433,243736,312305,71087,130111,4495000,4093092,538388,514460,809880,766743,337507,812,840
2021-11-16T23:59:59+01:00,59519,56343,342624,322176,448283,409263,450089,436282,503916,508092,542378,539352,360479,402422,249998,321010,73636,135512,45375,42838,294003,281392,398863,365015,409632,398412,467940,473085,515326,513971,350003,390179,243583,312125,71055,130029,4478069,4085442,537899,514226,809874,766739,337220,812,839
2021-11-15T23:59:59+01:00,58681,55560,340461,320441,446102,407322,448463,434796,502639,506863,541477,538473,360123,402034,249839,320778,73599,135410,45164,42662,293237,280812,398071,364375,408982,397854,467434,472590,514933,513605,349813,389960,243485,311967,71020,129936,4460434,4079055,537558,514017,809856,766731,336898,812,838
2021-11-14T23:59:59+01:00,57781,54680,338632,319069,444313,405696,447108,433621,501567,505856,540727,537805,359868,401736,249734,320625,73571,135340,44955,42455,292583,280284,397379,363765,408442,397360,466966,472166,514601,513265,349617,389807,243410,311865,71000,129904,4445779,4073436,537203,513867,809831,766721,336600,812,838
2021-11-13T23:59:59+01:00,57251,54185,337094,317775,442847,404460,445963,432658,500678,505113,540187,537370,359754,401597,249683,320558,73555,135323,44858,42374,292249,279993,397061,363485,408184,397123,466714,471955,514441,513122,349563,389748,243384,311827,70995,129893,4434489,4070860,537014,513779,809818,766717,336413,812,838
2021-11-12T23:59:59+01:00,56420,53362,334475,315661,440644,402631,444226,431092,499343,503827,539287,536621,359565,401345,249586,320414,73530,135292,44660,42157,291480,279384,396338,362900,407562,396626,466189,471510,514072,512836,349453,389613,243344,311763,70979,129870,4416458,4065123,536618,513596,809812,766704,336113,812,838
2021-11-11T23:59:59+01:00,55239,52153,330988,312904,437571,399824,441686,428846,497410,502023,538023,535478,359164,400856,249427,320158,73482,135196,44202,41705,290407,278475,395410,361943,406722,395810,465499,470790,513516,512342,349235,389375,243229,311603,70944,129791,4390945,4056358,535851,513241,809794,766686,335513,812,837
2021-11-10T23:59:59+01:00,54451,51492,328252,310721,434779,397419,439583,427010,495751,500483,536907,534413,358798,400413,249266,319901,73438,135095,43942,41422,289591,277721,394563,361148,406043,395135,464895,470191,513037,511895,348988,389113,243089,311433,70911,129722,4369786,4049046,535366,513012,809767,766658,334922,812,837
2021-11-09T23:59:59+01:00,53818,50848,325978,308891,432487,395559,437934,425503,494341,499205,535930,533525,358478,400069,249124,319699,73405,135001,43661,41164,288904,277147,393913,360525,405519,394592,464446,469660,512598,511459,348781,388867,242978,311274,70874,129639,4352462,4043192,534858,512590,809740,766619,334398,812,836
2021-11-08T23:59:59+01:00,53110,50172,322905,306509,429532,393151,435706,423674,492592,497696,534794,532483,358069,399673,248973,319478,73374,134917,43456,40970,288214,276511,393200,359875,405032,394064,463988,469164,512226,511069,348578,388635,242901,311140,70846,129575,4330864,4037725,534295,512310,809708,766603,333603,812,836
2021-11-07T23:59:59+01:00,52714,49794,321320,305328,427847,391715,434337,422608,491565,496877,534168,531910,357873,399439,248877,319381,73355,134870,43298,40806,287729,276092,392685,359371,404614,393681,463671,468803,511968,510824,348465,388500,242823,311052,70834,129537,4318930,4033772,533898,512086,809691,766573,333119,812,836
2021-11-06T23:59:59+01:00,52407,49504,320480,304526,426884,390948,433624,422038,490957,496392,533835,531625,357814,399369,248842,319349,73349,134861,43246,40764,287541,275925,392467,359200,404480,393556,463562,468689,511892,510758,348436,388470,242810,311036,70830,129531,4312046,4032421,533782,512052,809687,766571,332946,812,836
2021-11-05T23:59:59+01:00,51792,48888,318770,303079,425213,389383,432161,420820,489824,495377,533163,531080,357701,399212,248803,319277,73342,134842,43019,40543,286982,275500,392022,358770,404107,393206,463235,468366,511678,510568,348366,388386,242775,310987,70823,129515,4299039,4028820,533263,511863,809676,766560,332401,812,836
2021-11-04T23:59:59+01:00,51076,48196,316520,301100,422728,387309,430216,419188,488183,494018,532231,530374,357491,398963,248717,319141,73315,134780,42612,40096,286018,274621,391121,357836,403326,392442,462597,467729,511151,510107,348187,388188,242673,310815,70780,129447,4281773,4021388,532718,511584,809662,766530,331039,811,836
2021-11-03T23:59:59+01:00,50691,47813,315141,299963,421022,386025,428948,418190,487177,493184,531582,529856,357335,398794,248646,319037,73292,134731,42312,39807,285227,273950,390360,357115,402756,391898,462096,467278,510771,509774,348025,387977,242565,310663,70745,129362,4270484,4015033,532441,511432,809655,766519,330492,810,836
2021-11-02T23:59:59+01:00,50364,47488,313802,298996,419343,384817,427668,417319,486113,492459,530968,529363,357190,398608,248574,318939,73273,134667,41937,39465,284390,273253,389584,356408,402138,391340,461600,466793,510393,509381,347839,387771,242476,310517,70714,129273,4259974,4008502,532140,511240,809648,766503,329822,810,835
2021-11-01T23:59:59+01:00,49960,47110,312309,297878,417679,383694,426326,416427,485084,491735,530429,528982,357065,398480,248524,318877,73260,134633,41685,39183,283712,272643,388899,355857,401576,390890,461144,466420,510080,509116,347723,387651,242418,310403,70694,129212,4249730,4003736,531885,511021,809615,766489,328854,809,835
2021-10-31T23:59:59+01:00,49904,47076,312118,297766,417467,383573,426120,416301,484965,491653,530368,528936,357051,398472,248522,318872,73260,134631,41628,39137,283594,272575,388794,355778,401485,390831,461093,466387,510047,509091,347713,387642,242415,310398,70690,129207,4248572,4003151,531821,510981,809612,766485,328682,809,835
2021-10-30T23:59:59+02:00,49850,47037,311918,297638,417147,383413,425898,416143,484755,491493,530246,528878,357030,398448,248517,318862,73257,134625,41591,39128,283491,272503,388685,355707,401393,390765,461032,466326,510005,509072,347706,387634,242412,310392,70686,129203,4246884,4002606,531774,510920,809611,766482,328516,809,835
2021-10-29T23:59:59+02:00,49630,46805,310878,296925,415824,382533,424774,415441,483854,490868,529736,528592,356959,398375,248479,318818,73247,134604,41459,39023,282996,272134,388194,355314,400969,390469,460680,466041,509798,508919,347647,387579,242392,310353,70679,129189,4239235,3999748,531489,510762,809607,766477,327639,809,835
2021-10-28T23:59:59+02:00,49178,46377,309080,295588,413744,381113,423152,414281,482550,489888,528997,528065,356804,398207,248413,318736,73236,134562,41148,38731,282033,271287,387233,354497,400201,389809,460063,465511,509330,508600,347498,387391,242323,310255,70657,129133,4226932,3993576,531057,510457,809592,766445,326007,809,835
2021-10-27T23:59:59+02:00,48851,46055,308174,294807,412649,380238,422285,413566,481823,489346,528581,527756,356704,398037,248355,318640,73219,134525,40853,38440,281286,270603,386579,353886,399708,389318,459635,465076,509026,508314,347340,387213,242244,310131,70630,129070,4219477,3988046,530756,510264,809586,766416,325407,809,835
2021-10-26T23:59:59+02:00,48440,45642,307097,293846,411495,379298,421385,412881,481125,488744,528159,527432,356585,397910,248292,318557,73196,134476,40493,38071,280408,269669,385815,353151,399143,388754,459193,464618,508664,508010,347193,387051,242144,309976,70604,129001,4211331,3981505,530537,510100,809573,766400,324729,809,835
2021-10-25T23:59:59+02:00,48284,45505,306579,293390,410912,378865,420894,412535,480711,488456,527969,527267,356542,397852,248279,318531,73190,134469,40427,38010,280179,269480,385569,352973,398965,388618,459043,464500,508563,507933,347171,387018,242133,309957,70601,128990,4207597,3980261,530473,510056,809571,766390,324198,809,835
2021-10-24T23:59:59+02:00,48071,45322,306024,292908,410223,378351,420379,412118,480289,488136,527751,527077,356478,397767,248247,318505,73182,134456,40236,37849,279709,269009,385102,352570,398609,388299,458770,464241,508393,507752,347078,386919,242094,309892,70588,128970,4203403,3976960,530316,509920,809569,766373,323602,809,835
2021-10-23T23:59:59+02:00,48035,45289,305862,292775,410013,378206,420226,411977,480176,488045,527677,527029,356459,397743,248243,318499,73182,134453,40196,37807,279618,268901,384982,352498,398529,388223,458699,464177,508357,507720,347058,386905,242093,309886,70587,128969,4202220,3976303,530256,509855,809567,766370,323452,809,835
2021-10-22T23:59:59+02:00,47782,45055,305084,292211,409123,377516,419483,411421,479605,487565,527320,526778,356401,397674,248224,318465,73176,134441,39945,37565,279057,268375,384481,352059,398105,387856,458394,463903,508130,507549,346990,386840,242071,309844,70581,128959,4196571,3972630,529984,509688,809565,766354,322805,809,835
2021-10-21T23:59:59+02:00,47303,44599,303952,291327,407872,376529,418471,410607,478766,486906,526774,526398,356275,397535,248156,318360,73155,134386,39363,37003,277985,267317,383574,351180,397378,387082,457756,463330,507710,507185,346833,386639,241978,309685,70555,128907,4187870,3964745,529706,509312,809560,766341,321834,809,835
2021-10-20T23:59:59+02:00,47077,44344,303340,290781,407190,375906,417915,410146,478331,486530,526483,526161,356182,397413,248085,318268,73130,134326,38943,36627,277229,266558,382953,350513,396849,386476,457322,462878,507355,506862,346658,386436,241879,309543,70516,128830,4182624,3958265,529556,509136,809552,766328,321470,808,835
2021-10-19T23:59:59+02:00,46789,44067,302778,290299,406669,375427,417526,409795,478037,486252,526246,525952,356066,397284,248023,318175,73097,134272,38490,36173,276337,265723,382236,349800,396368,385934,456915,462417,507018,506538,346473,386205,241773,309394,70479,128747,4178259,3951401,529430,508963,809542,766309,321116,808,834
2021-10-18T23:59:59+02:00,46591,43870,302219,289821,406146,374976,417146,409435,477746,486007,526009,525744,355970,397177,247971,318080,73076,134230,38202,35913,275689,265031,381685,349151,395945,385442,456574,462026,506727,506262,346319,386053,241689,309267,70446,128698,4174238,3946071,529284,508778,809537,766289,320746,808,834
2021-10-17T23:59:59+02:00,46478,43752,301887,289560,405871,374717,416920,409268,477587,485844,525905,525616,355910,397123,247950,318032,73062,134193,37953,35658,275176,264523,381311,348771,395658,385102,456328,461792,506562,506089,346228,385940,241651,309199,70423,128646,4171994,3942365,529207,508620,809527,766252,320536,808,834
2021-10-16T23:59:59+02:00,46449,43719,301807,289496,405790,374656,416875,409222,477541,485805,525878,525600,355904,397114,247946,318026,73060,134191,37912,35613,275069,264413,381231,348701,395601,385029,456287,461747,506534,506065,346219,385931,241648,309194,70422,128641,4171493,3941746,529183,508559,809527,766250,320465,808,834
2021-10-15T23:59:59+02:00,46299,43559,301370,289149,405415,374332,416576,408961,477295,485578,525717,525467,355852,397074,247929,317994,73051,134176,37680,35366,274506,263826,380822,348305,395258,384685,456008,461463,506335,505894,346157,385856,241608,309147,70417,128620,4168642,3937976,529060,508345,809523,766240,320153,808,834
2021-10-14T23:59:59+02:00,45967,43221,300575,288443,404747,373663,416052,408491,476860,485158,525397,525184,355736,396944,247871,317899,73020,134113,37123,34802,273256,262556,380011,347337,394570,383849,455359,460816,505909,505474,345923,385630,241496,308987,70386,128569,4163075,3929242,528793,507841,809504,766182,319549,808,832
2021-10-13T23:59:59+02:00,45654,42941,299990,287885,404251,373144,415645,408086,476522,484821,525131,524933,355612,396798,247803,317800,72994,134055,36792,34518,272485,261748,379403,346587,394047,383215,454935,460352,505542,505106,345746,385430,241399,308795,70350,128490,4158415,3922873,528609,507568,809497,766136,319124,808,832
2021-10-12T23:59:59+02:00,45326,42662,299330,287336,403725,372603,415235,407696,476213,484511,524878,524699,355505,396661,247757,317711,72966,134005,36496,34230,271648,260885,378708,345862,393505,382649,454515,459921,505180,504758,345523,385210,241293,308643,70309,128380,4153710,3916258,528432,507340,809488,766112,318768,807,830
2021-10-11T23:59:59+02:00,45082,42437,298742,286851,403231,372140,414822,407333,475908,484202,524636,524498,355394,396540,247686,317616,72930,133939,36210,33974,270894,260150,378033,345183,393015,382094,454132,459472,504847,504454,345330,385015,241199,308500,70268,128298,4149528,3910376,528250,507058,809477,766086,318309,807,830
2021-10-10T23:59:59+02:00,44921,42302,298382,286564,402884,371829,414586,407080,475728,484007,524491,524366,355344,396485,247662,317578,72912,133910,36042,33847,270415,259729,377572,344715,392685,381752,453843,459186,504624,504277,345234,384913,241143,308431,70251,128265,4147094,3906755,528107,506935,809464,766051,317943,807,830
2021-10-09T23:59:59+02:00,44891,42276,298278,286485,402794,371770,414520,407027,475678,483959,524462,524346,355335,396470,247660,317574,72911,133909,35992,33793,270297,259624,377472,344617,392602,381676,453785,459132,504586,504246,345224,384899,241137,308423,70250,128263,4146563,3906047,528069,506862,809461,766039,317829,807,830
2021-10-08T23:59:59+02:00,44650,42067,297769,286075,402334,371393,414214,406730,475394,483722,524247,524177,355273,396409,247625,317523,72893,133894,35784,33515,269731,259060,377046,344185,392222,381295,453505,458806,504406,504087,345160,384815,241103,308378,70239,128251,4143145,3902208,527940,506698,809457,766020,317421,807,829
2021-10-07T23:59:59+02:00,44268,41639,296787,285199,401539,370618,413566,406109,474878,483229,523840,523852,355146,396236,247534,317413,72861,133827,35132,32854,268344,257663,376052,342999,391414,380295,452794,458056,503856,503586,344904,384535,240965,308199,70181,128161,4136211,3892518,527705,505505,809449,765978,316748,807,828
2021-10-06T23:59:59+02:00,44005,41376,296075,284602,401008,370110,413159,405676,474514,482911,523566,523599,355016,396084,247459,317293,72837,133750,34804,32541,267603,256851,375508,342335,390938,379750,452371,457606,503506,503229,344731,384325,240853,308054,70152,128082,4131311,3886410,527570,505390,809442,765943,316253,807,828
2021-10-05T23:59:59+02:00,43687,41078,295362,283917,400369,369485,412636,405188,474129,482504,523280,523294,354870,395927,247381,317148,72808,133654,34503,32226,266785,256006,374820,341596,390397,379138,451867,457139,503155,502871,344538,384105,240742,307881,70104,128008,4125866,3879953,527433,505245,809435,765921,315516,807,828
2021-10-04T23:59:59+02:00,43409,40837,294515,283208,399634,368880,412124,404705,473709,482106,522976,523020,354735,395751,247307,317027,72778,133563,34197,31908,265866,255070,374093,340814,389797,378540,451391,456601,502765,502502,344346,383874,240586,307716,70064,127921,4120562,3873241,527279,505132,809425,765881,314549,805,828
2021-10-03T23:59:59+02:00,43248,40686,294109,282786,399209,368512,411801,404447,473487,481868,522798,522855,354652,395654,247260,316945,72771,133525,34016,31774,265371,254643,373635,340403,389442,378145,451118,456291,502516,502270,344221,383728,240525,307620,70046,127891,4117662,3869656,527176,505018,809399,765826,313906,805,828
2021-10-02T23:59:59+02:00,43212,40649,293985,282659,399088,368421,411715,404365,473425,481811,522762,522824,354638,395630,247259,316942,72769,133523,33969,31735,265232,254511,373535,340313,389364,378066,451061,456237,502485,502232,344209,383705,240523,307613,70044,127891,4116956,3868958,527098,504961,809397,765801,313756,805,828
2021-10-01T23:59:59+02:00,43001,40393,293360,282095,398520,367911,411252,403973,473088,481539,522493,522639,354553,395551,247230,316893,72757,133505,33669,31443,264569,253862,373044,339875,388978,377689,450735,455921,502260,502035,344133,383639,240497,307568,70035,127873,4112979,3865067,526954,504803,809388,765745,312961,805,828
2021-09-30T23:59:59+02:00,42596,39990,292219,280988,397492,366920,410432,403166,472417,480854,521977,522217,354381,395342,247137,316764,72732,133436,33131,30897,263366,252691,372173,338946,388265,376860,450130,455265,501784,501633,343964,383415,240417,307409,70006,127820,4105117,3857969,526609,503797,809367,765661,311491,803,828
2021-09-29T23:59:59+02:00,42252,39684,291438,280238,396746,366202,409874,402581,471911,480361,521614,521903,354200,395137,247062,316631,72703,133370,32829,30588,262606,251926,371527,338285,387803,376280,449702,454807,501432,501288,343791,383235,240324,307246,69984,127762,4099157,3852461,526450,503645,809359,765593,310457,803,827
2021-09-28T23:59:59+02:00,41916,39369,290560,279404,395937,365477,409261,402011,471383,479847,521229,521544,353990,394918,246966,316475,72663,133267,32518,30318,261740,251136,370812,337640,387288,375745,449255,454350,501078,500938,343611,383031,240228,307101,69957,127706,4092818,3846919,526321,503496,809351,765538,309237,803,827
2021-09-27T23:59:59+02:00,41499,38987,289663,278558,395132,364756,408694,401421,470899,479319,520825,521214,353831,394720,246880,316355,72634,133179,32197,29958,260708,250207,369934,336832,386619,375063,448708,453804,500669,500576,343428,382798,240137,306967,69932,127642,4087131,3840703,526154,503344,809344,765429,307439,803,827
2021-09-26T23:59:59+02:00,41125,38681,289085,278020,394626,364306,408350,401069,470595,479027,520613,521024,353722,394620,246836,316285,72615,133138,32038,29824,260197,249744,369482,336430,386274,374688,448414,453511,500462,500388,343335,382706,240079,306894,69916,127606,4083403,3837709,526010,503193,809318,765313,306506,803,827
2021-09-25T23:59:59+02:00,41070,38621,288914,277852,394469,364183,408231,400979,470500,478942,520551,520981,353710,394600,246827,316276,72613,133135,31995,29769,260030,249589,369334,336303,386151,374588,448342,453409,500399,500354,343315,382683,240069,306880,69916,127604,4082640,3836988,525935,503131,809315,765281,306063,803,827
2021-09-24T23:59:59+02:00,40871,38407,288272,277193,393814,363612,407699,400491,470047,478533,520250,520737,353604,394515,246786,316224,72607,133110,31735,29510,259359,248899,368719,335756,385700,374145,447922,453047,500075,500107,343198,382577,240026,306826,69904,127580,4078845,3833250,525784,503027,809305,765211,304330,803,826
2021-09-23T23:59:59+02:00,40234,37737,286556,275518,392329,362244,406504,399275,468995,477564,519494,520051,353304,394239,246655,316008,72564,132993,31340,29091,258056,247806,367560,334763,384757,373315,447106,452310,499477,499590,342961,382333,239914,306678,69878,127504,4068911,3827139,525374,502752,809293,765111,300165,803,826
2021-09-22T23:59:59+02:00,39898,37418,285552,274528,391456,361389,405749,398499,468326,476957,518952,519609,353072,393970,246546,315810,72514,132906,31052,28827,257270,247053,366804,334070,384125,372718,446591,451785,499009,499240,342756,382123,239809,306540,69845,127440,4062003,3822005,525152,502579,809271,764995,298200,802,826
2021-09-21T23:59:59+02:00,39480,36936,284461,273439,390478,360477,404981,397737,467695,476365,518500,519176,352848,393704,246444,315632,72460,132792,30733,28548,256399,246193,366027,333352,383480,372110,446087,451299,498592,498840,342562,381914,239703,306375,69811,127353,4054366,3816345,524990,502380,809260,764914,296458,802,826
2021-09-20T23:59:59+02:00,39125,36658,283314,272356,389417,359534,404151,396923,466989,475745,518001,518719,352601,393475,246335,315449,72416,132695,30348,28177,255271,245202,365033,332501,382680,371333,445362,450712,498126,498395,342332,381697,239597,306187,69775,127275,4047276,3809805,524841,502204,809246,764709,294001,802,825
2021-09-19T23:59:59+02:00,38964,36523,282719,271942,388839,359040,403741,396525,466646,475430,517732,518485,352513,393350,246295,315370,72405,132657,30230,28057,254757,244762,364526,332071,382254,370991,444992,450366,497840,498171,342223,381568,239540,306101,69766,127244,4043920,3806949,524696,502021,809222,764410,292793,802,825
2021-09-18T23:59:59+02:00,38909,36452,282556,271781,388637,358876,403557,396381,466535,475316,517664,518426,352497,393337,246287,315361,72403,132653,30099,27926,254442,244413,364271,331816,382015,370799,444829,450232,497745,498082,342193,381542,239521,306082,69763,127236,4042961,3805059,524581,501940,809219,764397,292320,802,824
2021-09-17T23:59:59+02:00,38576,36086,281649,270948,387842,358117,402830,395724,465918,474789,517281,518063,352347,393191,246224,315291,72379,132621,29831,27659,253697,243728,363580,331218,381423,370294,444359,449819,497407,497794,342072,381407,239471,306003,69750,127214,4037600,3801265,524245,501536,809209,764366,290266,802,824
2021-09-16T23:59:59+02:00,38004,35489,280055,269371,386476,356658,401617,394400,464896,473807,516506,517364,352029,392862,246093,315103,72333,132529,29393,27236,252547,242709,362611,330279,380589,369429,443690,449122,496890,497344,341845,381185,239373,305874,69719,127154,4026651,3794617,523488,501134,809168,764219,287726,802,822
2021-09-15T23:59:59+02:00,37625,35178,278923,268272,385573,355678,400754,393536,464219,473118,515971,516846,351806,392571,245924,314931,72299,132416,29091,26947,251687,241895,361823,329478,379900,368750,443119,448603,496381,496903,341635,380946,239237,305729,69696,127077,4019097,3788935,523198,500899,809154,764145,285622,802,822
2021-09-14T23:59:59+02:00,37312,34871,277950,267305,384626,354813,400015,392764,463610,472462,515439,516391,351560,392328,245794,314761,72256,132347,28815,26708,250903,241101,361086,328806,379289,368149,442575,448090,495960,496518,341439,380731,239126,305583,69672,127022,4012232,3783792,522866,500676,809124,763995,283811,801,821
2021-09-13T23:59:59+02:00,36922,34475,276702,266035,383669,353766,399235,391881,462912,471739,514911,515886,351337,392075,245671,314606,72218,132274,28354,26285,249774,240046,360261,328018,378686,367495,442016,447562,495503,496138,341244,380502,239025,305436,69643,126968,4003985,3776842,522141,500391,809091,763898,282522,801,820
2021-09-12T23:59:59+02:00,36778,34346,276115,265594,383192,353318,398845,391452,462584,471437,514697,515669,351230,391962,245625,314532,72208,132239,28196,26166,249241,239632,359752,327572,378316,367139,441711,447268,495253,495914,341118,380369,238967,305348,69628,126924,4000773,3773798,521974,500198,809054,763770,281446,801,818
2021-09-11T23:59:59+02:00,36699,34297,275924,265383,382966,353129,398684,391295,462449,471313,514626,515607,351200,391931,245616,314516,72206,132236,28049,26067,248958,239448,359529,327414,378166,366996,441561,447150,495185,495859,341094,380341,238959,305335,69628,126920,3999735,3772711,521885,500065,809045,763749,280832,801,816
2021-09-10T23:59:59+02:00,36368,33959,274840,264387,382003,352227,397801,390485,461647,470628,514066,515160,350992,391732,245528,314404,72188,132206,27840,25867,248045,238735,358696,326674,377377,366365,440868,446625,494692,495478,340933,380186,238878,305230,69606,126890,3994370,3769226,521742,499846,809035,763725,276885,801,815
2021-09-09T23:59:59+02:00,35930,33509,273523,263226,380948,351044,396856,389445,460843,469749,513482,514645,350751,391449,245401,314250,72153,132146,27456,25477,246967,237771,357778,325803,376555,365554,440173,446016,494105,495036,340718,379954,238757,305088,69575,126838,3986132,3763103,521438,499447,808988,763572,274198,799,809
2021-09-08T23:59:59+02:00,35527,33108,272557,262232,380136,350189,396156,388659,460205,469142,513042,514180,350548,391206,245297,314074,72124,132088,27161,25188,246041,236909,356959,325064,375869,364827,439566,445445,493653,494577,340516,379708,238644,304927,69541,126750,3979625,3757385,521213,499125,808932,763437,272097,798,807
2021-09-07T23:59:59+02:00,35152,32771,271533,261303,379297,349404,395509,387983,459672,468616,512599,513783,350356,390995,245196,313910,72091,132017,26885,24977,245162,236123,356151,324379,375217,364265,439060,444939,493207,494185,340308,379491,238557,304790,69514,126696,3973502,3752371,520969,498785,808918,763257,270190,798,806
2021-09-06T23:59:59+02:00,34753,32363,270411,260194,378343,348453,394817,387202,459068,467976,512159,513349,350136,390749,245107,313788,72061,131947,26649,24765,244389,235362,355400,323719,374600,363673,438595,444432,492796,493799,340096,379282,238479,304656,69485,126640,3966248,3747532,520830,498540,808869,763127,268314,798,806
2021-09-05T23:59:59+02:00,34597,32215,269999,259778,378025,348105,394518,386883,458832,467736,511982,513170,350063,390655,245065,313726,72045,131920,26513,24610,243957,234967,355000,323332,374244,363360,438333,444183,492598,493590,339997,379163,238436,304592,69468,126608,3963624,3744889,520726,498264,808840,762988,267506,797,806
2021-09-04T23:59:59+02:00,34538,32176,269830,259644,377903,347977,394389,386777,458755,467651,511931,513124,350051,390637,245058,313714,72045,131919,26475,24557,243788,234822,354838,323165,374096,363243,438241,444081,492531,493541,339976,379143,238428,304580,69468,126607,3962907,3744098,520672,498126,808835,762965,267086,797,806
2021-09-03T23:59:59+02:00,34220,31860,268928,258837,377157,347307,393794,386185,458178,467167,511469,512787,349880,390458,244992,313607,72022,131885,26151,24215,242766,233961,354039,322449,373422,362588,437588,443491,492040,493127,339779,378944,238342,304474,69448,126580,3958506,3739791,519967,496583,808807,762892,264831,797,806
2021-09-02T23:59:59+02:00,33853,31519,267866,257951,376286,346464,393054,385426,457486,466530,510935,512354,349614,390205,244869,313428,71997,131806,25851,23950,241737,233156,353143,321666,372675,361873,436870,442861,491472,492668,339532,378681,238234,304322,69423,126502,3952497,3734580,519678,496098,808771,762564,262068,797,804
2021-09-01T23:59:59+02:00,33525,31151,267008,257107,375519,345790,392521,384873,457013,466045,510547,512003,349434,390012,244780,313309,71973,131745,25463,23548,240644,232095,352268,320807,371980,361176,436253,442256,490944,492182,339301,378414,238103,304169,69397,126448,3947010,3727760,519492,495553,808735,762349,260483,797,798
2021-08-31T23:59:59+02:00,33127,30807,266134,256186,374772,345065,391938,384284,456496,465556,510090,511635,349240,389816,244684,313161,71941,131701,25178,23252,239689,231196,351454,320052,371312,360537,435694,441744,490421,491780,339098,378198,238015,304018,69363,126392,3941404,3722417,519301,495166,808709,761925,258577,795,798
2021-08-30T23:59:59+02:00,32580,30320,264825,254998,373767,344141,391117,383464,455736,464840,509525,511135,349010,389595,244591,313007,71905,131632,24858,22933,238526,230205,350444,319150,370518,359791,434986,441157,489865,491265,338842,377952,237889,303839,69322,126315,3933878,3716341,519184,494723,808664,761672,255811,794,795
2021-08-29T23:59:59+02:00,32390,30129,264253,254487,373281,343722,390732,383121,455438,464551,509294,510910,348912,389486,244541,312943,71895,131608,24632,22718,237808,229563,349828,318602,370018,359317,434553,440777,489553,491004,338701,377796,237828,303765,69304,126290,3930762,3712430,519063,494322,808633,761411,254580,794,795
2021-08-28T23:59:59+02:00,32300,30033,264023,254308,373103,343568,390574,382997,455313,464431,509218,510857,348887,389463,244530,312931,71894,131605,24567,22614,237489,229303,349576,318404,369795,359150,434370,440612,489425,490912,338659,377755,237808,303739,69303,126286,3929716,3710850,519022,494205,808627,761384,254013,794,795
2021-08-27T23:59:59+02:00,32070,29782,263377,253741,372588,343045,390100,382543,454856,464032,508842,510571,348757,389326,244472,312845,71875,131585,24420,22463,236884,228802,348957,317896,369321,358715,433915,440255,489120,490662,338529,377638,237753,303675,69292,126279,3925895,3707613,518953,493989,808569,761325,252330,794,794
2021-08-26T23:59:59+02:00,31687,29394,262372,252758,371727,342227,389340,381797,454167,463354,508288,510089,348524,389066,244351,312727,71847,131524,24070,22098,235398,227432,347716,316700,368196,357717,433036,439443,488448,490086,338240,377317,237591,303506,69262,126234,3919681,3699213,518707,493339,808530,760964,249647,794,792
2021-08-25T23:59:59+02:00,31321,29060,261445,251892,370968,341445,388676,381097,453527,462761,507727,509631,348285,388808,244228,312563,71812,131456,23464,21523,233341,225562,346220,315291,367002,356516,432029,438481,487645,489355,337859,376926,237436,303272,69218,126146,3913920,3687185,518574,492930,808500,760811,247029,792,789
2021-08-24T23:59:59+02:00,31002,28792,260710,251110,370357,340809,388134,380519,453043,462246,507313,509256,348075,388583,244111,312399,71786,131384,23147,21207,232127,224493,345250,314367,366211,355762,431354,437828,487084,488807,337579,376614,237305,303113,69194,126082,3908955,3679982,518285,492479,808479,760504,245228,792,783
2021-08-23T23:59:59+02:00,30479,28262,259319,249790,369320,339888,387294,379723,452263,461563,506660,508685,347791,388298,243971,312209,71759,131323,22837,20908,230639,223169,343930,313292,365259,354908,430492,437065,486377,488236,337273,376280,237168,302920,69168,126023,3901465,3672532,518136,491998,808444,760216,241859,791,781
2021-08-22T23:59:59+02:00,30333,28148,258908,249418,368961,339553,387022,379456,452025,461318,506468,508533,347692,388202,243930,312152,71742,131297,22655,20725,229913,222485,343233,312627,364718,354399,430051,436658,486053,487967,337106,376095,237104,302815,69150,125988,3899219,3668109,517986,491529,808404,759915,240851,790,776
2021-08-21T23:59:59+02:00,30082,27943,258410,248953,368643,339232,386765,379195,451819,461140,506319,508394,347637,388146,243908,312114,71739,131288,22379,20471,229168,221831,342743,312227,364313,353986,429686,436350,485823,487770,337021,376027,237077,302772,69144,125976,3896657,3665114,517842,490323,808396,759859,240128,790,776
2021-08-20T23:59:59+02:00,29890,27744,257750,248285,367902,338597,386082,378661,451221,460639,505841,508070,347492,387986,243853,312017,71722,131253,21974,20130,227358,220205,341328,311025,363192,353022,428728,435547,485100,487217,336777,375778,236974,302652,69119,125946,3893150,3656826,517517,489157,808383,759492,237251,788,776
2021-08-19T23:59:59+02:00,29557,27430,256759,247432,366893,337802,385290,377966,450509,460000,505275,507584,347250,387721,243744,311869,71688,131180,21478,19637,224585,217767,339008,309179,361479,351536,427321,434274,483940,486259,336356,375352,236780,302405,69085,125877,3887595,3642406,517149,487387,808340,759016,234155,787,773
2021-08-18T23:59:59+02:00,29270,27169,255962,246725,366185,337180,384705,377390,449904,459498,504801,507168,346978,387479,243626,311721,71656,131114,21100,19264,222104,215238,336943,307413,359821,349880,425788,432941,482793,485220,335838,374798,236549,302108,69035,125783,3882451,3629100,516968,483441,808311,758630,232087,786,772
2021-08-17T23:59:59+02:00,28951,26893,255177,246002,365561,336495,384142,376829,449410,459011,504365,506748,346772,387268,243510,311589,71629,131060,20628,18829,219351,212479,334861,305580,358122,348408,424347,431662,481666,484227,335341,374255,236315,301815,68981,125707,3877372,3613982,516667,480657,808285,758200,230372,785,768
2021-08-16T23:59:59+02:00,28658,26630,254480,245348,364986,335937,383677,376364,448971,458568,503945,506383,346585,387059,243411,311424,71598,131020,20073,18345,216173,209400,332565,303454,356594,346951,423137,430515,480714,483380,334949,373805,236129,301544,68942,125617,3872935,3596501,516511,479949,808256,757849,228623,785,766
2021-08-15T23:59:59+02:00,28461,26467,253981,244900,364549,335544,383315,376024,448673,458307,503702,506183,346472,386940,243361,311344,71587,130999,19288,17615,212148,205332,330658,301827,355326,345719,422104,429572,479926,482717,334615,373469,236002,301367,68918,125567,3870055,3578797,516366,479033,808218,757517,227451,785,763
2021-08-14T23:59:59+02:00,28392,26408,253733,244701,364311,335365,383139,375873,448514,458176,503584,506075,346422,386907,243343,311321,71584,130994,18962,17317,211070,204225,329829,301061,354602,345036,421606,429110,479537,482395,334475,373341,235964,301310,68909,125550,3868869,3572074,516291,478661,808212,757439,226751,785,763
2021-08-13T23:59:59+02:00,28134,26165,253024,244111,363807,334936,382700,375436,448075,457809,503244,505816,346294,386757,243278,311243,71572,130965,18357,16760,209175,202433,328392,299736,353328,343838,420552,428167,478785,481749,334230,373049,235851,301167,68891,125496,3865023,3560076,516218,478055,808202,757246,225203,782,760
2021-08-12T23:59:59+02:00,27934,25938,252297,243473,363185,334341,382159,374944,447537,457358,502820,505457,346111,386556,243175,311136,71559,130917,17773,16262,206570,200153,325504,297183,351305,342030,419037,426910,477558,480677,333777,372514,235605,300890,68851,125413,3861026,3542583,516026,476874,808164,756215,222958,780,758
2021-08-11T23:59:59+02:00,27698,25691,251564,242779,362558,333756,381630,374459,447069,456926,502410,505025,345883,386314,243058,311002,71532,130862,16953,15574,203512,197159,322312,294228,349122,339959,417528,425495,476274,479385,333232,371868,235355,300483,68801,125284,3856143,3520639,515806,475800,808124,755269,221420,777,756
2021-08-10T23:59:59+02:00,27452,25432,250727,242038,361837,333192,381077,373904,446568,456442,501953,504619,345685,386116,242971,310863,71509,130818,16156,14789,199299,193009,317627,289989,346120,337169,415396,423544,474666,477922,332541,371193,235056,300074,68744,125165,3851020,3490398,515515,474686,808086,754113,219858,775,756
2021-08-09T23:59:59+02:00,27254,25231,250097,241461,361246,332701,380626,373519,446150,456090,501606,504331,345522,385966,242905,310751,71489,130782,15162,13845,194743,188402,311898,285224,343349,334667,413473,421759,473039,476451,331894,370498,234780,299702,68685,125029,3847256,3459907,515335,471908,808053,753018,218358,773,750
2021-08-08T23:59:59+02:00,27080,25072,249613,241046,360844,332339,380272,373225,445844,455825,501361,504138,345413,385856,242842,310671,71472,130748,14940,13650,193389,187026,310264,283876,342022,333493,412588,420996,472464,475931,331631,370225,234652,299533,68659,124977,3844632,3450713,515177,470536,807998,752528,217124,772,749
2021-08-07T23:59:59+02:00,26931,24896,249083,240597,360443,331998,379934,372940,445550,455588,501134,503962,345340,385761,242808,310620,71464,130737,13768,12605,189704,183430,308211,282016,340296,331964,411248,419726,471532,475134,331276,369850,234521,299344,68625,124940,3841759,3431021,515070,469199,807985,752315,216240,772,746
2021-08-06T23:59:59+02:00,26705,24661,248212,239924,359654,331383,379254,372360,444893,455061,500597,503570,345106,385557,242709,310505,71453,130715,12860,11778,185948,179864,304725,279189,338167,330118,409640,418376,470233,474165,330895,369462,234361,299191,68600,124893,3839158,3411622,513700,467464,807973,751210,212754,772,743
2021-08-05T23:59:59+02:00,26380,24337,247030,238981,358750,330502,378420,371625,444144,454366,499926,503025,344821,385252,242595,310329,71412,130652,11854,10844,181453,175906,299314,274755,334030,326541,406817,415877,467964,472378,330225,368757,234099,298817,68539,124782,3832736,3383567,513431,462737,807903,747488,209731,772,742
2021-08-04T23:59:59+02:00,26007,23994,245883,237987,357740,329583,377639,370912,443509,453763,499345,502492,344548,384983,242472,310156,71385,130581,11039,10132,177958,172591,295528,271605,329605,322621,404558,413773,466246,470821,329529,368057,233822,298464,68479,124680,3826193,3356296,513088,460962,807869,745735,207071,768,741
2021-08-03T23:59:59+02:00,25543,23572,244513,236797,356821,328743,376922,370214,442851,453101,498742,501954,344256,384682,242343,309979,71341,130513,10476,9631,174456,169133,291401,267939,324481,317992,401802,411209,463901,468716,328692,367188,233472,297992,68411,124541,3818224,3324090,512923,459076,807819,743655,205159,767,739
2021-08-02T23:59:59+02:00,25225,23265,243455,235831,355964,327981,376216,369613,442271,452547,498216,501505,343991,384405,242225,309823,71315,130454,9920,9089,170807,165528,286683,263952,318592,313023,399034,408645,461660,466712,327915,366345,233176,297593,68349,124423,3811836,3290506,512672,457089,807758,741118,203273,765,733
2021-08-01T23:59:59+02:00,25066,23074,242821,235221,355361,327464,375768,369214,441835,452224,497869,501224,343849,384238,242149,309707,71301,130428,9653,8880,169250,164066,284186,261941,313940,309299,397165,407060,460177,465459,327479,365858,233004,297375,68320,124364,3808116,3272514,512366,454937,807664,738662,201902,761,725
2021-07-31T23:59:59+02:00,24956,22969,242475,234900,355077,327236,375523,369043,441643,452070,497761,501120,343816,384198,242129,309694,71300,130422,8417,7783,165466,160209,281351,259382,311842,307293,395763,405772,459029,464468,327159,365480,232870,297201,68294,124318,3806484,3249512,512176,453996,807656,737867,201251,760,725
2021-07-30T23:59:59+02:00,24665,22709,241668,234173,354493,326704,375027,368570,441177,451665,497397,500829,343678,384058,242084,309614,71287,130406,7478,6913,161708,156433,277945,256254,308807,304462,393522,403649,457177,462877,326647,364947,232659,296909,68261,124260,3802359,3224341,511804,452787,807635,734664,199639,759,723
2021-07-29T23:59:59+02:00,24317,22367,240128,232895,353318,325626,374056,367651,440315,450866,496580,500202,343344,383744,241946,309427,71249,130339,6493,6038,156840,151932,272539,252047,302876,299661,389141,400140,454117,460458,325809,364098,232346,296498,68201,124160,3794725,3190263,511121,447901,807548,729541,196201,758,723
2021-07-28T23:59:59+02:00,24015,22078,238969,231851,352431,324782,373303,366954,439672,450193,496010,499708,343087,383442,241808,309240,71214,130265,6001,5595,153056,148266,268018,248364,298414,295682,385859,397269,452016,458601,325144,363331,232079,296109,68137,124034,3787936,3159363,510577,445968,807470,726888,194260,758,720
2021-07-27T23:59:59+02:00,23742,21851,237957,230871,351576,324033,372594,366355,439081,449575,495483,499250,342837,383134,241674,309045,71178,130166,5432,5068,148009,143124,262069,243208,293092,290896,381830,393558,448826,455780,324157,362226,231714,295605,68045,123876,3781589,3117607,510019,443660,807412,723136,192604,756,717
2021-07-26T23:59:59+02:00,23509,21611,236978,229883,350780,323322,371979,365794,438522,449085,495027,498874,342602,382892,241547,308886,71154,130108,5009,4707,143647,138712,256490,238399,287905,286407,377347,389583,445295,452741,323196,361256,231383,295122,67970,123738,3775862,3078018,509387,441397,807326,718770,191198,752,715
2021-07-25T23:59:59+02:00,23150,21310,235632,228723,349831,322545,371296,365127,437938,448539,494560,498466,342401,382674,241457,308756,71133,130044,4754,4474,141792,136945,253783,236163,285385,284295,375199,387791,443196,450936,322673,360734,231176,294892,67945,123661,3768737,3062867,509007,439207,807257,714396,189793,751,715
2021-07-24T23:59:59+02:00,22900,21114,234703,227855,349106,321890,370721,364603,437409,448100,494198,498188,342284,382575,241413,308694,71130,130033,4432,4189,138886,134137,251043,233834,282813,282066,372931,385929,441954,449948,322322,360396,231031,294713,67926,123627,3764698,3044467,508239,436178,807242,714052,187944,751,714
2021-07-23T23:59:59+02:00,22482,20725,233196,226505,347771,320939,369665,363732,436523,447312,493500,497653,342046,382302,241323,308582,71109,129997,4008,3797,133386,129280,245650,229507,278314,278259,369223,382713,439295,447736,321617,359669,230775,294401,67872,123546,3757184,3008771,507767,434398,807186,711907,184418,751,714
2021-07-22T23:59:59+02:00,21975,20249,231087,224519,346015,319388,368157,362433,435203,446160,492515,496750,341611,381850,241147,308332,71065,129916,3586,3453,129026,125206,239628,224981,271905,273172,362307,377200,433821,443208,320428,358401,230334,293875,67778,123391,3744689,2966533,506177,428394,807052,705577,181631,750,712
2021-07-21T23:59:59+02:00,21465,19725,229195,222693,344307,317846,366532,360856,433624,444772,491288,495579,341059,381323,240899,308047,71011,129821,3383,3256,125254,121621,234147,220730,266352,268633,354160,370245,429196,439460,319307,357250,229870,293308,67697,123210,3733630,2930892,502419,417478,806825,700788,178332,750,710
2021-07-20T23:59:59+02:00,21162,19445,227725,221204,343062,316664,365564,359975,432757,443978,490562,494934,340717,380948,240751,307826,70982,129731,3122,2965,120902,117368,227775,215536,260509,263441,347025,364124,424486,435132,318207,355991,229453,292717,67599,123026,3724254,2886973,502013,410233,806693,696382,176185,748,709
2021-07-19T23:59:59+02:00,20848,19148,225986,219506,341740,315402,364521,358993,431940,443196,489889,494312,340418,380580,240599,307594,70937,129634,2926,2756,118137,114754,223366,211940,255876,259479,343296,360941,421858,432941,317481,355260,229153,292324,67524,122902,3713624,2861822,501588,404840,806598,692048,174589,746,707
2021-07-18T23:59:59+02:00,20694,19015,224681,218227,340111,313967,363445,358057,431114,442468,489349,493766,340184,380293,240470,307418,70915,129572,2834,2663,116630,113361,220693,209743,253509,257365,341041,359079,419818,431242,316988,354769,228993,292106,67503,122834,3704113,2849460,501052,400548,806522,688339,173206,744,704
2021-07-17T23:59:59+02:00,20295,18592,223525,217167,339530,313424,362851,357542,430593,442017,488931,493477,340080,380175,240428,307362,70912,129561,2570,2406,114557,111254,218227,207431,251035,255163,338606,356934,418364,429976,316650,354377,228858,291938,67480,122794,3698523,2831893,500849,397816,806496,687549,171740,742,704
2021-07-16T23:59:59+02:00,19751,18078,220984,215019,337784,312118,361340,356245,429125,440813,487833,492619,339675,379804,240258,307203,70888,129525,2303,2165,111437,108442,213443,203487,246486,251520,334294,353222,415013,427250,315726,353443,228508,291520,67427,122713,3688301,2804118,500088,395448,806337,683725,165467,741,703
2021-07-15T23:59:59+02:00,19109,17450,218191,212592,335874,310403,359743,354801,427778,439622,486884,491763,339270,379376,240055,306948,70846,129420,2125,2024,107520,105202,205037,197211,238952,245894,327668,347963,407920,420782,313978,351622,227959,290848,67355,122514,3673192,2757336,499486,386975,806219,676270,162332,738,701
2021-07-14T23:59:59+02:00,18263,16725,215745,210259,334164,308866,358332,353451,426549,438418,485852,490803,338814,378912,239814,306636,70792,129332,1973,1879,103895,101843,198531,192016,233212,241207,323359,344468,403734,417146,312662,350306,227548,290287,67271,122359,3658217,2723552,498898,381417,806095,669447,159610,737,696
2021-07-13T23:59:59+02:00,17609,16067,213557,208230,332559,307482,356991,352212,425369,437323,484885,489940,338373,378437,239611,306389,70757,129239,1860,1770,100126,98289,192016,186582,226051,235126,316656,338388,395311,409264,310855,348375,226942,289492,67158,122157,3644327,2680582,498336,368699,805937,659940,157515,737,691
2021-07-12T23:59:59+02:00,16590,15131,210258,205039,330490,305737,355405,350735,424123,436111,483899,489041,337955,377961,239433,306160,70717,129161,1780,1699,97014,95556,186712,182262,219058,229430,309802,332337,390196,404980,309116,346502,226349,288755,67058,121986,3625773,2642142,497777,361542,805756,651498,155717,734,688
2021-07-11T23:59:59+02:00,16081,14654,208893,203759,329735,305010,354738,350102,423553,435602,483449,488694,337760,377755,239372,306054,70695,129121,1746,1673,95586,94262,183912,179942,216043,227126,307104,330176,387351,402585,306633,343873,225971,288285,67004,121888,3619469,2627071,497134,359541,805623,640974,153880,726,684
2021-07-10T23:59:59+02:00,15606,14194,207042,201965,328260,303736,353598,349121,422819,435003,482972,488295,337591,377589,239306,305968,70685,129101,1705,1626,94277,92985,181363,177815,213001,224636,304570,328008,386183,401545,305986,343201,225791,288096,66988,121861,3610847,2610215,496488,359310,805388,639212,151197,725,684
2021-07-09T23:59:59+02:00,15281,13913,205128,200120,326649,302271,352523,348153,421911,434284,482395,487814,337383,377365,239210,305848,70670,129067,1031,970,91477,90258,177819,174578,208646,220471,299537,323396,382731,398556,304887,341968,225485,287726,66950,121796,3601652,2581138,495615,357240,805191,631596,148591,721,684
2021-07-08T23:59:59+02:00,14812,13486,201631,197123,323325,299587,350133,346158,420194,432819,480960,486744,336937,376921,239031,305600,70625,128989,913,859,87169,86480,170563,168893,200496,214060,292148,317262,375757,392327,302151,339033,224704,286786,66833,121536,3586231,2534814,491561,348560,804672,621202,143651,718,683
2021-07-07T23:59:59+02:00,14310,13032,197883,193247,320141,296715,347809,344101,418632,431342,479751,485639,336455,376354,238839,305327,70586,128883,779,763,83481,83024,163239,163162,191425,206864,284143,310683,368703,385498,298829,335405,223790,285682,66691,121288,3564858,2486720,490187,335095,804285,611170,140706,716,680
2021-07-06T23:59:59+02:00,13850,12658,194444,189865,316870,293968,345328,341802,416912,429775,478479,484502,335950,375791,238643,305037,70533,128798,657,645,79904,79436,156540,157633,184000,200648,275183,302714,362198,379391,295623,332150,222902,284586,66583,121059,3544935,2434070,487110,328102,803868,601635,138270,713,680
2021-07-05T23:59:59+02:00,13452,12321,190038,185612,312800,290617,342810,339460,415227,428221,477329,483424,335476,375269,238463,304791,70500,128712,581,550,76828,76597,151403,153531,179223,196516,268256,296431,356076,373844,292342,328698,222014,283464,66473,120888,3522014,2394906,485941,323603,803371,591255,134165,707,676
2021-07-04T23:59:59+02:00,13273,12162,186191,181730,310154,288577,341491,338378,414341,427439,476745,482928,335251,375013,238376,304664,70474,128658,549,521,74638,74716,148284,150948,176881,194466,265800,294369,352950,371625,289021,325292,221433,282794,66417,120766,3509716,2381045,484644,321300,802807,579688,129642,707,675
2021-07-03T23:59:59+02:00,12077,11104,179755,175721,305875,285115,339147,336200,412523,425631,475529,481872,334852,374567,238202,304417,70450,128615,518,502,72854,73134,145851,149062,174437,192377,262730,291642,350664,369767,287261,323303,221165,282430,66385,120717,3483283,2365260,483234,321097,802627,575191,123452,707,675
2021-07-02T23:59:59+02:00,10978,10011,176036,172248,303444,282906,337389,334488,411270,424441,474753,481180,334593,374252,238088,304235,70422,128567,480,451,70152,70439,141916,145764,169978,188320,256669,286183,345427,365049,284002,319569,220524,281655,66336,120632,3465132,2331941,481750,318300,802443,562594,120916,702,661
2021-07-01T23:59:59+02:00,9880,9082,172354,168792,299397,279596,334887,332210,409470,422858,473656,480216,334173,373788,237887,303965,70376,128487,408,377,65248,65710,135572,140408,162673,181794,246389,277307,334609,355231,279210,314285,218669,279393,66157,120319,3442512,2275436,479649,305917,802097,544834,117748,701,656
2021-06-30T23:59:59+02:00,9390,8689,169076,165702,293762,274960,331201,328866,407697,421319,472633,479244,333752,373300,237695,303664,70342,128398,326,316,62106,62856,129918,135719,156017,175785,236319,268139,321180,341936,273987,308725,216776,277065,65989,119997,3417347,2220287,477473,293088,801808,525958,113979,700,654
2021-06-29T23:59:59+02:00,8852,8166,165265,161912,289210,270679,327629,325560,405580,419230,471082,477827,333163,372660,237440,303309,70287,128289,268,245,59306,59848,124961,131289,149983,170246,224448,257416,312604,333551,267520,301531,214797,274603,65786,119650,3389735,2160890,475471,288411,801482,508539,110352,698,650
2021-06-28T23:59:59+02:00,8447,7786,161929,158443,284160,266348,324315,322710,403434,417297,469593,476511,332644,372048,237207,303000,70243,128196,208,195,57027,57486,121040,127759,145621,166152,215211,248981,306803,328130,262569,296226,213032,272365,65638,119383,3365737,2125062,471499,279771,800823,491986,107135,698,648
2021-06-27T23:59:59+02:00,8299,7663,160410,156910,282048,264536,322508,321166,401730,415938,468695,475792,332353,371756,237104,302837,70224,128147,182,175,55819,56367,118904,126044,143045,164010,211086,245581,303425,325263,258748,292209,210569,269449,65527,119188,3355678,2109518,469421,276261,799776,475814,104120,697,646
2021-06-26T23:59:59+02:00,7144,6564,157138,153568,279936,262651,320088,318918,400537,414781,467996,475093,332083,371475,236997,302679,70200,128117,171,163,55271,55775,117552,124885,141613,162764,208838,243571,300888,322841,257208,290547,210233,269038,65500,119118,3336512,2092648,466589,276169,799769,473312,103981,679,629
2021-06-25T23:59:59+02:00,5922,5447,152827,149276,276534,259690,318030,316951,399224,413529,466993,474265,331794,371140,236870,302523,70173,128068,142,141,53974,54144,115059,122175,137512,158189,200057,235109,295186,316956,255481,288421,209637,268236,65429,119002,3311511,2050049,465158,274468,799718,466709,103748,679,625
2021-06-24T23:59:59+02:00,5056,4658,148372,145137,271683,255731,313746,313165,397019,411645,465615,473126,331365,370677,236701,302285,70139,127980,123,111,51320,51546,109903,117430,130146,151528,187986,224634,283755,306711,250093,282567,207797,265888,65226,118601,3280216,1987836,463148,262646,799551,452934,102046,678,622
2021-06-23T23:59:59+02:00,4835,4452,145201,142012,267974,252558,308498,308353,394525,409296,464209,471804,330835,370056,236470,301973,70091,127873,91,81,49373,49451,106095,113503,124457,145833,178074,215956,271761,294691,245474,277736,206458,264184,65063,118241,3252597,1931359,459617,252766,799390,442220,100262,676,617
2021-06-22T23:59:59+02:00,4582,4222,142119,138878,264251,249170,302365,302917,391886,406733,462666,470315,330284,369447,236250,301621,70044,127766,61,60,47674,47699,102474,110181,119643,141241,165466,204801,260835,284373,241400,273256,204534,261771,64811,117769,3220490,1872863,457676,245021,799199,431252,98984,675,608
2021-06-21T23:59:59+02:00,4323,3976,138852,135927,259533,245258,297117,298043,388836,403857,461188,468955,329762,368882,236029,301311,70004,127654,53,52,46438,46466,100079,107945,116894,138524,159232,199013,253936,277733,236039,267400,200590,257234,64626,117392,3188685,1841771,455630,239496,798995,411424,97016,670,606
2021-06-20T23:59:59+02:00,4179,3858,137338,134413,255266,241754,294522,295797,387441,402538,460394,468204,329537,368593,235917,301178,69984,127592,47,49,45300,45533,97808,106140,114607,136529,156193,196469,249618,273649,233025,263864,199601,255979,64544,117266,3171138,1821318,453861,235937,798836,403543,95480,668,599
2021-06-19T23:59:59+02:00,3763,3508,135182,132311,252512,239426,292733,294139,385594,400968,459550,467474,329316,368340,235814,301040,69964,127560,46,47,44751,44883,96530,104868,113124,135051,154681,195026,246386,270612,232298,263010,199428,255714,64522,117213,3154778,1805283,451029,234347,798825,403249,95362,668,598
2021-06-18T23:59:59+02:00,2811,2595,131890,129169,248984,236367,288713,290722,383187,398838,458208,466314,328940,367940,235659,300805,69938,127511,46,47,43964,43964,94948,103079,110817,132378,151128,190981,239507,263307,230563,260997,198939,255072,64446,117078,3128929,1775887,446587,233816,798798,396521,95074,667,596
2021-06-17T23:59:59+02:00,2575,2372,128176,125874,242942,231910,283477,286327,378386,394839,455876,464472,328344,367218,235414,300449,69873,127397,44,47,41716,42132,90885,99591,105897,127615,143242,183290,228093,251896,225346,255049,197284,252910,64186,116658,3094039,1720076,443586,229660,798535,385583,90591,618,587
2021-06-16T23:59:59+02:00,2304,2137,124935,122463,238034,227556,278768,282064,373211,390337,453277,462329,327602,366421,235122,300036,69807,127283,43,42,39876,40525,87335,96547,101528,123775,134984,175930,215970,239961,219101,247924,195355,250580,63934,116171,3060441,1660119,438034,224048,798045,377452,87980,616,584
2021-06-15T23:59:59+02:00,1915,1804,120016,117591,232044,222400,273405,277069,368140,385698,450424,459902,326731,365441,234772,299524,69725,127099,42,40,38256,38907,83998,93487,97549,119716,127915,169544,203593,227915,213056,241119,193385,248142,63624,115598,3015657,1602701,436097,218183,797482,369755,85257,615,581
2021-06-14T23:59:59+02:00,1652,1528,115954,113425,226807,217487,268035,272093,362846,380937,447299,457306,325943,364578,234462,299135,69663,126979,38,39,37275,38017,81716,91383,94830,117188,123788,165787,196976,221401,209933,237602,192247,246665,63405,115204,2973442,1573017,433739,215899,797222,362082,82500,615,577
2021-06-13T23:59:59+02:00,1579,1443,114459,112045,224352,215373,265489,269833,360588,378975,446125,456279,325666,364271,234325,298964,69631,126905,35,39,36403,37280,79851,89704,92811,115362,120958,163169,193090,217682,206835,234152,191210,245292,63172,114790,2958417,1558958,431298,208613,796921,353829,80433,614,575
2021-06-12T23:59:59+02:00,1430,1305,111806,109293,222456,213641,264100,268548,359149,377575,445230,455510,325376,363961,234233,298861,69613,126876,35,39,36033,36871,78860,88608,91550,114053,119375,161601,189517,214373,205800,233024,189812,243634,63162,114758,2942217,1545755,430320,208600,796899,346447,80291,612,574
2021-06-11T23:59:59+02:00,1284,1169,109253,106775,219553,211011,260427,265354,356006,374836,443511,454036,324938,363509,234096,298651,69586,126821,35,38,35355,35751,76845,85214,89308,110511,115257,156442,182794,206903,203702,230651,189204,242862,63099,114659,2917754,1518155,427516,207901,796716,332974,79582,611,572
2021-06-10T23:59:59+02:00,1122,1012,104497,102355,213471,206242,253360,259520,349902,369534,439012,450259,324082,362537,233776,298204,69502,126669,33,37,33772,34256,72835,81025,84373,104994,108566,148197,170405,193236,197603,223741,187472,240717,62843,114254,2874061,1470824,420398,206150,795882,305920,75437,606,566
2021-06-09T23:59:59+02:00,974,881,100570,98640,207488,201509,246533,253803,343229,363578,435326,447232,323402,361791,233504,297821,69438,126536,32,35,32232,32990,69590,78367,80667,101821,103828,143903,159234,182446,186951,211711,185602,238466,62570,113759,2834974,1416628,411859,202158,795371,294615,70768,588,558
2021-06-08T23:59:59+02:00,792,700,96032,94086,200845,195930,239567,247779,334959,356289,430215,442557,322564,360787,233129,297335,69359,126400,30,33,31156,32128,66999,76056,77375,99078,99230,139976,151602,174927,178213,201971,183789,236211,62340,113391,2782919,1377279,406077,197231,794787,283718,66236,586,550
2021-06-07T23:59:59+02:00,633,559,92803,90980,194768,191218,233003,242527,327121,350109,427158,440104,322020,360148,232912,297007,69305,126304,28,30,30278,31277,64525,74095,74414,96914,95451,137038,143501,167116,174146,197328,182355,234396,62116,113005,2743833,1350068,399897,193922,794221,272573,61400,586,549
2021-06-06T23:59:59+02:00,595,524,91221,89660,191471,188655,229642,239745,322832,346698,425717,439022,321742,359849,232804,296849,69282,126257,28,30,29675,30719,62744,72404,72323,94894,92246,133958,137793,161301,171609,194689,181244,232996,61887,112626,2728365,1338162,392494,184198,793730,262120,58633,585,542
2021-06-05T23:59:59+02:00,513,444,89274,87643,186582,184425,227171,237611,321014,345077,424719,438109,321458,359530,232654,296682,69268,126225,28,29,29213,29956,61535,70442,70919,92739,90554,131674,133020,155952,168594,191012,180758,232337,61853,112560,2704813,1314476,392361,183731,793636,256667,58237,583,539
2021-06-04T23:59:59+02:00,413,359,86911,85112,182907,180796,223150,233655,317416,341431,422355,435911,320999,358994,232459,296453,69229,126163,28,27,28740,29279,60405,68775,69611,90635,88756,129038,129637,152283,164345,186229,179765,231069,61805,112472,2675514,1295530,388533,182953,793518,246571,57780,581,535
2021-06-03T23:59:59+02:00,321,282,83621,82032,177160,176110,215861,227535,309683,334713,414591,429043,319962,357809,232088,296001,69174,126031,26,26,27849,28260,58496,66568,67201,87869,85091,124894,122848,145591,157984,178594,178186,229032,61690,112233,2626472,1266194,378274,177593,793096,233797,54784,579,524
2021-06-02T23:59:59+02:00,271,223,81533,79859,173045,172359,212199,224363,306081,331346,412537,427203,319551,357350,231935,295793,69146,125980,25,25,27377,27775,57354,65433,65581,86574,83006,122934,117852,140687,150085,169600,177461,228074,61605,112062,2597594,1233829,376882,175616,793070,230167,53829,573,512
2021-06-01T23:59:59+02:00,171,156,77258,76027,164749,165767,202816,216614,296965,323451,404318,419363,318039,355737,231393,295053,69034,125753,24,22,25822,26355,53028,62466,60724,83267,77560,118411,110409,133442,138952,156144,175345,225328,61398,111637,2538816,1183482,365205,171497,792313,218377,46903,567,499
2021-05-31T23:59:59+02:00,149,138,74508,73535,159079,161435,195493,210633,289568,317052,398570,414388,317039,354617,231005,294531,68944,125582,24,21,24907,25291,50396,60232,57540,80718,73939,115113,105889,128978,134779,151208,173969,223598,61229,111304,2498316,1160949,355796,169124,791669,207950,41034,566,489
2021-05-30T23:59:59+02:00,139,130,73454,72464,156589,159388,192860,208275,286770,314534,396683,412642,316675,354206,230844,294290,68906,125501,24,21,24299,24503,48793,58480,55788,78848,71683,112536,103219,126097,132616,148672,173174,222661,61135,111092,2482464,1151093,353267,167811,791039,196542,38122,565,475
2021-05-29T23:59:59+02:00,136,128,72842,71870,155073,157983,190560,206247,284928,312948,395846,411873,316451,353961,230763,294211,68895,125482,23,21,23971,23975,47868,56979,54440,76965,69752,109688,100891,123288,129797,145230,172515,221753,61108,111038,2468564,1137405,353104,167741,790976,185993,38094,563,469
2021-05-28T23:59:59+02:00,132,125,71754,70755,152665,155722,186877,202697,281647,309812,393983,410102,316037,353455,230617,293998,68876,125425,23,20,23435,22972,46252,54843,52598,74399,67700,105730,96546,117392,125394,140152,171537,220439,61061,110924,2444686,1114637,352049,167527,790768,171475,37710,561,460
2021-05-27T23:59:59+02:00,121,116,68432,67734,146166,150770,178681,196433,275239,304637,387666,404409,314769,352006,230156,293466,68804,125243,21,19,22106,21286,42992,51786,48705,70573,63124,99697,90173,109862,121445,135506,168721,216723,60887,110608,2400024,1086071,344413,164778,788959,151343,31968,557,450
2021-05-26T23:59:59+02:00,117,113,66274,65548,141207,146673,172570,191365,268481,298960,380923,397716,313240,350386,229661,292769,68699,125030,21,18,21359,20363,41157,49642,46345,67825,60076,95890,85575,104725,116445,129762,164906,211363,60676,110179,2362674,1053985,331190,163193,787134,139845,29232,553,442
2021-05-25T23:59:59+02:00,116,106,64244,63550,136993,143179,167517,187062,261408,292661,375489,392319,311951,348969,229247,292119,68616,124853,21,18,20779,19695,39748,48113,44499,65796,57596,92875,81482,100333,111480,124038,159333,204083,60506,109872,2325040,1022248,323674,159766,784585,130596,27589,549,434
2021-05-24T23:59:59+02:00,114,103,62997,62330,134227,141066,164233,184639,254456,286663,370541,387634,311120,348050,228961,291733,68545,124722,21,18,20433,19282,38722,47030,43146,64306,55908,90862,79234,97810,110040,122375,158720,203290,60393,109667,2301257,1012813,312547,158456,782776,123894,26033,547,426
2021-05-23T23:59:59+02:00,109,102,62496,61812,133124,140165,163032,183603,253210,285637,368948,386200,310495,347389,228788,291505,68525,124686,21,15,20199,19091,38165,46468,42383,63599,54734,89858,77731,96435,108854,120962,157738,202063,60322,109525,2289714,1004565,311958,155367,782731,122282,25898,546,415
2021-05-22T23:59:59+02:00,106,100,61799,61186,131624,139079,160654,181974,250233,283339,366463,383967,309966,346794,228611,291237,68499,124635,20,15,19879,18666,37545,45861,41744,63068,54077,89121,76956,95282,107302,119149,156963,201094,60294,109471,2271677,997838,311941,155360,782692,118832,24423,546,414
2021-05-21T23:59:59+02:00,102,98,60455,59742,128699,136470,157344,178644,244987,278565,360359,378277,309027,345697,228315,290839,68438,124527,20,15,19510,18296,36923,45082,41082,62011,53114,87720,75225,92977,104053,115193,155822,199640,60201,109295,2235497,984741,310295,155032,781112,112224,24133,540,408
2021-05-20T23:59:59+02:00,93,96,57400,56943,122950,131582,150399,172324,234662,269793,351318,369986,306481,342948,227545,289826,68306,124307,19,15,18212,17358,34739,42831,38616,59097,50278,83941,71289,88464,99908,110526,153344,196604,60017,108937,2177390,965303,303618,153070,775150,94535,21230,533,404
2021-05-19T23:59:59+02:00,91,94,55185,54746,117931,126893,143222,165696,224107,260425,340762,359066,303826,340083,226795,288777,68155,124030,19,15,17627,16570,33510,41239,37201,57026,48253,81154,68030,84877,96013,106045,149703,191852,59755,108445,2111356,941782,297359,151082,772168,85012,19407,529,386
2021-05-18T23:59:59+02:00,87,90,53081,52780,113140,122623,136824,160120,212529,250044,330872,349259,301154,337111,225915,287578,68005,123775,19,15,17104,15964,32291,39770,35834,55228,46431,78736,65131,81645,91992,101505,146492,187773,59543,108010,2051416,921449,287967,148205,768571,76347,17425,524,385
2021-05-17T23:59:59+02:00,84,85,52041,51782,110794,120554,134000,157460,205994,244019,323294,342159,299357,335135,225325,286755,67896,123563,18,15,16644,15513,31237,38722,34653,53925,44945,76934,62853,79236,87144,95630,145023,185887,59394,107697,2024541,909680,275644,140732,765135,69641,15360,519,376
2021-05-16T23:59:59+02:00,82,82,51250,51128,109342,119227,132251,155790,203016,241333,315853,335196,298332,334003,225015,286271,67843,123465,18,15,16360,15141,30484,37937,33776,53002,43879,75617,61514,77761,83726,91544,144231,184808,59308,107555,2009153,903547,265207,133963,761884,65500,13606,515,369
2021-05-15T23:59:59+02:00,81,82,50711,50493,108335,118233,131231,154669,201081,239395,312280,331976,297709,333318,224819,286000,67823,123401,18,15,16217,14977,30224,37623,33489,52568,43387,74965,60659,76772,83129,90727,143711,184142,59272,107506,1992910,898277,265185,133813,761013,64360,12895,514,365
2021-05-14T23:59:59+02:00,80,81,49449,49060,106070,116129,127625,151209,192856,232310,305960,326082,296726,332180,224533,285552,67774,123307,18,15,15716,14544,29429,36793,32701,51372,42303,73169,59082,74818,81210,88228,143099,183146,59231,107421,1955550,888551,263480,132929,756463,58918,11837,511,363
2021-05-13T23:59:59+02:00,77,79,47527,47102,102213,112883,122890,147090,182815,223711,295344,316253,293760,328758,223723,284415,67674,123099,16,14,14856,14096,28569,36086,31934,50465,41345,72069,57566,73242,77427,83867,140326,179533,59122,107205,1903877,875947,254830,125864,750227,55060,10812,505,355
2021-05-12T23:59:59+02:00,75,77,46611,46388,100287,111440,120816,145417,180247,221594,290609,310921,292598,327481,223483,284097,67636,123014,16,13,14690,13944,28244,35862,31524,50172,40893,71689,57020,72669,76072,82229,139543,178395,59035,107045,1880717,870147,252663,124062,749734,54787,10006,499,352
2021-05-11T23:59:59+02:00,71,71,44361,44910,96238,108350,114990,140681,166865,210309,278943,300151,289193,323566,222531,282699,67487,122715,15,12,14256,13377,27226,34427,30383,48360,39578,69410,55305,70393,72975,78632,138179,176555,58874,106683,1821788,857778,242919,121363,741210,46918,8520,494,351
2021-05-10T23:59:59+02:00,70,67,43104,43927,93628,106334,111722,138043,158463,203280,271057,293037,287017,321112,221958,281840,67363,122474,15,11,13911,12931,26461,33440,29586,47097,38573,67553,54073,68662,70882,76069,137034,175039,58754,106393,1786165,848869,236863,120303,734224,39713,7542,487,344
2021-05-09T23:59:59+02:00,69,67,41978,43150,90943,104567,109049,136268,153439,199851,265530,288087,285772,319718,221581,281310,67297,122327,15,11,13594,12708,25760,32769,28856,46291,37777,66588,53142,67713,69646,74662,136436,174197,58699,106262,1766781,844265,229755,119320,728212,34930,6552,478,341
2021-05-08T23:59:59+02:00,68,67,41685,42845,90091,103832,107943,135401,151984,198629,262959,286016,285269,319174,221461,281133,67281,122295,15,11,13493,12643,25624,32675,28709,46159,37586,66391,52800,67392,68680,73736,135363,172828,58652,106169,1754677,839625,229238,118566,727982,34147,6534,470,334
2021-05-07T23:59:59+02:00,67,66,40760,42127,88148,102482,105102,133175,147358,194814,256694,280499,283926,317571,221116,280680,67229,122173,15,11,12745,12160,24792,31934,27940,45096,36720,65125,51613,65873,66425,71040,133127,169998,58563,105992,1728817,829886,226025,116289,723853,27355,5584,465,330
2021-05-06T23:59:59+02:00,63,65,38111,40400,83393,99015,99092,128414,137150,186292,240238,266078,278802,311770,219826,278994,67054,121859,15,11,12060,11641,23849,30829,26938,43742,35354,63121,49871,63888,63929,67905,131016,167229,58449,105775,1663175,818748,216110,113169,712930,18979,4673,450,324
2021-05-05T23:59:59+02:00,61,63,36218,39201,79726,96421,94483,124757,129311,179749,225476,252023,272612,304631,218249,277002,66808,121337,15,10,11824,11364,23298,30099,26329,42815,34425,61718,48712,62466,61310,64785,128070,163521,58351,105524,1596888,806384,211025,109592,706876,15008,3604,446,318
2021-05-04T23:59:59+02:00,61,61,35107,38087,76987,94089,90970,121706,123730,175013,214833,241734,267124,298178,216800,275159,66599,120870,15,10,11658,11156,22884,29555,25860,42037,33696,60617,47597,61186,58577,61589,125699,160583,58202,105288,1547746,794410,205893,106950,700782,11856,2950,438,312
2021-05-03T23:59:59+02:00,60,59,34234,37034,74690,92262,88088,119347,119287,171364,208159,235726,263834,294308,216003,274071,66477,120575,15,10,11410,10883,22486,28967,25376,41333,33004,59649,46569,60040,55774,58241,121917,155682,57944,104849,1515925,778488,202775,105231,695836,9095,1300,431,302
2021-05-02T23:59:59+02:00,60,59,33879,36718,73504,91349,86607,118243,116851,169491,205054,233198,262867,293216,215718,273664,66410,120467,15,9,11336,10806,22292,28750,25140,41044,32654,59241,46111,59559,54581,56774,118842,152001,57860,104717,1505262,773423,199975,99663,691950,8190,428,422,290
2021-05-01T23:59:59+02:00,59,59,33560,36337,72739,90554,85533,117200,115378,168125,201964,230165,262175,292388,215507,273384,66399,120428,15,9,11322,10790,22237,28719,25074,41005,32591,59184,46029,59481,54338,56480,118685,151804,57851,104700,1490135,772101,199966,99623,691684,8142,421,421,287
2021-04-30T23:59:59+02:00,56,57,33014,35736,71530,89330,84064,115468,111594,164549,194553,223049,260182,290016,215058,272775,66339,120319,15,9,10997,10594,21872,28440,24796,40577,32260,58622,45559,58845,53440,55315,117733,150617,57796,104581,1457197,768403,199637,97628,690882,5796,219,417,281
2021-04-29T23:59:59+02:00,54,56,31512,34781,68594,87295,80417,112848,106465,160427,181719,211488,252240,280907,213862,271144,66205,119976,15,9,10685,10379,21392,27989,24364,40078,31668,57879,44754,57911,51602,53115,115881,148375,57695,104384,1402188,759544,192351,94944,685499,3471,194,405,277
2021-04-28T23:59:59+02:00,53,55,30276,34166,66719,85980,77931,111022,103034,157566,172012,202299,241383,268305,212581,269459,66009,119650,15,9,10495,10216,21085,27627,23995,39603,31235,57217,44018,57078,49455,50477,113296,145133,57570,104172,1349466,749899,188986,90382,680126,2246,161,398,259
2021-04-27T23:59:59+02:00,50,54,29517,33477,65133,84505,75911,109206,100263,155166,167270,197559,232867,258491,211435,267844,65889,119428,15,9,10370,10103,20800,27333,23757,39269,30872,56713,43323,56388,47445,47931,110654,141691,57451,103971,1315346,740057,186675,86366,672125,1521,159,387,242
2021-04-26T23:59:59+02:00,49,54,29086,33091,64031,83614,74405,108033,97963,153450,158647,189546,228670,253638,210728,266846,65796,119228,15,9,10274,10013,20580,27141,23517,39050,30571,56367,42704,55811,45636,45778,108759,139206,57355,103816,1286345,732069,185233,83257,665391,1139,152,373,234
2021-04-25T23:59:59+02:00,49,53,28833,32851,63247,83082,73334,107291,96223,152213,153247,184668,224333,248750,210137,266065,65730,119106,15,9,10218,9977,20499,27056,23427,38965,30462,56239,42540,55651,45223,45280,108079,138299,57327,103745,1273517,730385,179091,81486,656702,1007,149,366,233
2021-04-24T23:59:59+02:00,49,52,28486,32423,62303,81855,72146,105836,94665,150545,148332,179511,221547,245411,209668,265391,65696,119056,15,9,10203,9957,20456,27011,23370,38898,30382,56152,42389,55516,44979,44969,107828,138003,57306,103717,1248598,729280,179058,80786,655409,963,148,362,231
2021-04-23T23:59:59+02:00,47,52,27735,31799,60732,80337,70340,103813,92063,147895,143532,175108,216983,239854,209013,264403,65633,118942,15,9,10150,9892,20345,26924,23232,38747,30147,55941,42024,55184,44362,44209,106763,136715,57149,103441,1223630,725904,177873,78309,646865,911,143,359,228
2021-04-22T23:59:59+02:00,45,51,27116,31197,59193,78897,67866,101589,87920,144399,135477,167606,207951,228855,206975,261776,65434,118545,14,9,10025,9793,20091,26625,22876,38308,29629,55423,41265,54544,43200,42890,104764,134261,56920,103043,1182053,718394,170405,74379,638515,790,143,353,220
2021-04-21T23:59:59+02:00,45,47,26619,30675,57861,77785,65975,99950,84869,141754,128285,160784,194859,213514,204826,258891,65208,118119,14,9,9893,9706,19856,26373,22587,37982,29268,54969,40711,54006,42347,41867,102565,131464,56665,102626,1130490,711807,167516,70276,632135,715,143,349,212
2021-04-20T23:59:59+02:00,43,46,26191,30204,56686,76632,64289,98359,82309,139177,123193,155706,183386,200048,202398,255753,64972,117689,13,9,9788,9612,19635,26183,22290,37707,28855,54549,40167,53475,41525,40931,100338,128467,56326,102092,1087783,704208,164023,67023,625346,633,141,347,202
2021-04-19T23:59:59+02:00,43,45,25823,29845,55708,75814,62999,97181,80173,137250,119656,152308,177616,193205,200689,253522,64787,117360,13,9,9680,9518,19400,25961,22042,37431,28537,54154,39651,52940,40728,40025,97222,124466,55919,101377,1063180,693785,162186,64599,618731,593,140,341,200
2021-04-18T23:59:59+02:00,42,40,25514,29580,54936,75264,61868,96232,78307,135822,116286,149909,172499,187644,199674,252291,64675,117168,13,9,9606,9441,19209,25783,21861,37262,28321,53873,39390,52689,40399,39643,96007,122913,55735,101076,1049146,689889,160514,62670,608159,578,140,337,196
2021-04-17T23:59:59+02:00,41,39,25402,29485,54562,75062,61348,95877,77650,135217,115433,149166,168242,182754,199141,251567,64641,117103,13,9,9561,9382,19070,25594,21673,37033,28093,53598,39126,52421,40095,39318,95240,121985,55670,100992,1038232,685861,160482,62354,604084,566,140,336,195
2021-04-16T23:59:59+02:00,41,39,25027,29235,53569,74448,60057,94995,76017,133883,111280,145017,160590,173972,197481,249363,64533,116895,13,9,9355,9205,18672,25156,21081,36455,26978,52690,37094,50815,36758,36353,92041,118451,55267,100336,1012271,670695,159687,55410,594553,535,138,333,191
2021-04-15T23:59:59+02:00,39,35,24549,28786,52309,73278,58089,93267,72727,131038,105799,139734,152713,164985,192826,243489,64238,116278,13,9,9180,9041,18299,24726,20584,35787,26297,51886,35704,49583,34641,34297,88912,114702,54758,99479,980006,657519,157629,49813,576612,484,136,327,184
2021-04-14T23:59:59+02:00,37,32,24209,28458,51365,72338,56743,91872,70339,128871,101794,135952,143503,154593,185084,233610,63897,115613,13,9,8768,8765,17820,24217,20042,35130,25379,51009,34416,48462,32586,32132,85927,111045,54264,98616,942069,642539,154954,45587,561360,392,135,317,183
2021-04-13T23:59:59+02:00,37,32,23965,28234,50661,71798,55780,91033,68692,127447,98055,132506,131654,141453,178687,225285,63559,115024,13,9,8529,8587,17468,23801,19607,34583,24703,50209,33337,47438,31196,30762,83760,108636,53904,98071,908703,633075,150430,41190,544845,269,134,310,180
2021-04-12T23:59:59+02:00,37,31,23756,28042,50103,71283,54909,90294,67216,126155,95411,130176,124534,133419,175459,221338,63288,114533,13,9,8292,8398,17101,23500,19234,34143,24227,49672,32669,46810,29661,29218,82095,106694,53577,97549,892256,624594,148880,37933,528931,256,132,301,176
2021-04-11T23:59:59+02:00,36,31,23580,27875,49570,70859,54168,89834,66066,125347,93544,128690,119043,127392,171543,216733,63118,114235,13,9,8155,8264,16800,23219,18914,33826,23868,49289,32223,46424,29022,28548,81076,105446,53368,97230,884734,619276,144469,36102,512554,242,126,293,172
2021-04-10T23:59:59+02:00,36,31,23518,27816,49398,70716,53962,89672,65732,125073,93018,128249,116956,124858,170102,214879,63076,114135,13,9,7566,7657,15905,22430,17953,32984,22745,48251,31108,45424,28357,27835,78980,102837,53100,96794,877701,603911,143610,35723,510016,239,118,291,171
2021-04-09T23:59:59+02:00,35,31,23270,27565,48888,70219,53308,88973,64731,123941,91188,126336,108121,113907,166721,210469,62876,113777,12,9,6605,6755,14369,21103,16229,31424,20601,46279,28888,43411,26573,26006,75467,98644,52556,95954,858216,576382,136548,34203,499700,227,106,284,169
2021-04-08T23:59:59+02:00,35,31,22971,27317,48306,69725,52547,88274,63414,122853,88760,124163,97795,101891,161170,203620,62546,113208,12,9,5960,6165,13174,20083,14964,30084,18959,44563,26390,41078,23547,23031,70792,92835,51398,94187,839480,544699,127646,32263,481620,201,94,279,167
2021-04-07T23:59:59+02:00,33,30,22656,27088,47493,69252,51610,87648,62014,121858,85594,121706,88577,91579,154158,194831,62252,112651,12,9,5579,5841,12510,19404,14143,29251,17918,43514,24475,39180,21003,20503,66817,88048,50400,92567,818964,521155,122037,29781,460160,176,85,266,163
2021-04-06T23:59:59+02:00,32,30,22442,26929,46960,68865,51019,87118,60978,121079,83479,119956,80812,82764,147779,186858,61906,112025,12,9,5381,5682,12156,19040,13788,28813,17381,42947,23614,38365,19871,19472,63644,83935,49476,91174,799637,507730,118818,26814,442714,164,79,257,159
2021-04-05T23:59:59+02:00,32,29,22342,26804,46647,68515,50626,86714,60423,120384,82294,118802,76327,77669,142795,180766,61705,111709,12,9,5242,5543,11896,18785,13494,28497,17061,42569,23166,37905,19407,19001,60748,80371,48779,90106,790172,498363,117064,24022,427494,159,73,248,158
2021-04-04T23:59:59+02:00,32,29,22293,26739,46524,68239,50454,86399,60142,119882,81780,118169,74877,75955,142092,179792,61668,111627,12,9,5236,5534,11877,18769,13482,28480,17042,42553,23067,37833,19000,18679,59307,78519,48572,89794,787609,493556,116953,24017,422289,152,67,243,156
2021-04-03T23:59:59+02:00,32,29,22231,26658,46398,68129,50289,86222,59827,119566,81211,117590,73531,74321,140978,178257,61585,111479,12,9,5225,5525,11864,18749,13460,28460,17009,42506,22961,37758,18864,18528,58952,77952,48483,89647,781242,491758,116910,24017,420339,150,66,242,156
2021-04-02T23:59:59+02:00,32,29,22152,26571,46233,67959,50064,85972,59352,119109,80324,116776,71974,72434,138695,175276,61391,111119,12,9,5204,5487,11814,18705,13405,28378,16920,42357,22688,37281,18508,18165,56613,75062,47671,88543,772097,483267,115127,23372,418401,150,62,238,152
2021-04-01T23:59:59+02:00,29,28,21957,26366,45815,67439,49417,85228,58479,118166,78436,115105,68711,68999,134604,170098,61074,110550,12,9,5057,5343,11538,18440,13179,28140,16598,42049,22181,36837,17677,17411,51741,69005,45979,86064,760430,465101,109033,21997,411206,137,57,233,147
2021-03-31T23:59:59+02:00,28,28,21627,26147,45411,66909,48915,84574,57745,117224,77272,113865,66660,66673,129844,163977,60668,109826,11,9,4979,5290,11438,18316,13013,27985,16358,41780,21585,36319,16539,16506,46506,62572,44592,84070,750638,446664,101854,21056,405077,134,49,230,144
2021-03-30T23:59:59+02:00,28,27,21449,25922,45007,66290,48407,83771,57033,116170,76131,112484,64813,64651,125464,158222,60201,108932,11,9,4912,5203,11333,18188,12818,27794,16026,41456,21009,35773,15701,15700,43739,59155,43480,82269,740436,434776,97626,19687,397131,107,42,220,140
2021-03-29T23:59:59+02:00,27,27,21251,25683,44543,65739,47926,83074,56296,115088,74892,111044,62314,61900,118727,149599,59431,107540,11,9,4814,5131,11226,18070,12660,27626,15777,41132,20546,35304,15048,15158,41134,56159,42372,80439,719879,423524,94203,18999,391215,90,40,216,138
2021-03-28T23:59:59+02:00,27,27,21047,25391,44042,65045,47404,82328,55615,114080,73941,109933,61053,60463,114016,143627,58988,106781,11,9,4757,5070,11081,17919,12400,27325,15584,40885,20378,35070,14808,14911,40057,54738,42020,79897,713319,419187,86892,17672,383792,69,40,212,127
2021-03-27T23:59:59+01:00,27,27,20926,25232,43746,64680,47039,81798,55109,113389,73265,109195,59898,59373,112526,141922,58921,106699,11,9,4742,5058,11054,17899,12381,27294,15222,40453,19978,34632,14514,14701,39571,54051,41548,79080,708038,415125,86188,17019,379740,64,40,209,125
2021-03-26T23:59:59+01:00,27,26,20674,24719,42935,62973,46062,79772,53770,110363,71247,105577,57880,57484,109773,138686,58593,106181,9,9,4722,5025,11032,17847,12310,27201,15143,40343,19634,34037,14042,14047,36485,50198,39488,75821,696619,400553,82869,16800,367450,52,37,203,125
2021-03-25T23:59:59+01:00,27,23,20242,24046,42056,61206,44961,77215,52256,106829,68852,101811,55281,54845,106458,134718,58023,105188,9,9,4676,4969,10941,17743,12186,27056,14955,40125,19353,33727,13561,13551,32636,45140,36484,71265,685165,382152,78664,16203,350408,45,34,198,121
2021-03-24T23:59:59+01:00,27,23,19839,23595,41271,59929,43937,75670,50870,104899,66747,99475,52493,51925,102204,129627,57384,104111,9,9,4620,4901,10847,17600,12018,26852,14725,39837,18986,33306,13102,13103,30064,41922,33363,66420,672334,366561,73784,15106,338111,39,29,195,117
2021-03-23T23:59:59+01:00,27,23,19591,23288,40711,59003,43207,74569,49825,103387,65074,97610,50191,49580,99450,126414,56827,103274,9,9,4559,4829,10747,17473,11868,26666,14479,39523,18568,32916,12598,12592,27625,38806,29661,60479,664149,348880,70441,14516,327665,35,27,193,115
2021-03-22T23:59:59+01:00,27,23,19366,22867,40063,58116,42534,73523,48878,101998,63598,95977,48357,47686,97054,123674,56359,102508,6,8,4502,4783,10659,17355,11736,26488,14319,39284,18326,32613,12281,12218,25780,36436,25657,53990,657806,332476,67637,13959,317366,30,27,191,113
2021-03-21T23:59:59+01:00,27,23,19226,22605,39564,57353,41973,72674,48219,100836,62651,94742,47308,46659,95410,121823,55987,101930,6,8,4486,4774,10622,17307,11686,26401,14258,39195,18244,32512,12160,12083,25350,35987,25303,53430,655182,330267,65604,13545,308423,30,24,189,109
2021-03-20T23:59:59+01:00,26,23,19165,22460,39349,56857,41733,72113,47903,100200,62209,94139,46650,45890,92816,118591,55699,101446,6,8,4477,4765,10612,17294,11657,26383,14215,39160,18163,32436,12005,11923,24709,35215,24538,52347,648701,326556,65154,13357,303610,30,24,187,109
2021-03-19T23:59:59+01:00,25,22,18808,21893,38218,54727,40448,70117,46165,98109,59326,91380,42208,42017,87592,112832,55000,100368,6,8,4456,4750,10579,17244,11592,26270,14123,38986,17926,32137,11650,11641,23028,33150,22853,49775,630934,317184,57938,12993,290578,28,23,183,108
2021-03-18T23:59:59+01:00,25,21,18414,21243,37036,52569,38911,67325,44007,93633,55477,85579,38172,38205,82859,107353,53910,98714,6,8,4436,4721,10512,17141,11513,26114,13977,38796,17713,31933,11415,11458,21781,31626,21137,47175,613974,309089,52202,12379,267466,26,22,179,104
2021-03-17T23:59:59+01:00,24,20,17986,20889,36305,51646,38144,66366,42925,92273,53688,83752,35492,35413,78844,102522,52969,97243,5,8,4413,4693,10448,17041,11438,25980,13863,38606,17515,31740,11176,11230,20526,30206,19546,44769,597276,301552,47800,11666,261607,24,20,177,97
2021-03-16T23:59:59+01:00,23,20,17627,20468,35553,50573,37328,65166,41824,90596,51846,81765,33281,33393,74804,97556,52086,95929,5,6,4362,4641,10376,16911,11348,25827,13763,38367,17380,31496,10998,11046,19244,28681,18064,42441,583974,293744,43107,11231,252937,23,17,174,96
2021-03-15T23:59:59+01:00,23,20,17346,20102,34839,49587,36533,63972,40914,89116,50584,80161,31554,31556,71509,93458,51392,94797,5,6,4340,4606,10309,16788,11280,25625,13645,38078,17231,31223,10829,10885,18513,27714,16796,40578,572819,287903,39778,10581,245056,23,5,168,92
2021-03-14T23:59:59+01:00,23,19,17074,19675,33984,48380,35630,62655,39850,87289,49327,78431,30384,30310,69511,90893,50950,94119,5,6,4316,4587,10264,16710,11223,25483,13584,37856,17139,31058,10756,10798,18334,27433,16534,40016,565686,286699,37898,9449,235110,14,2,164,91
2021-03-13T23:59:59+01:00,23,19,16254,18610,32483,46333,34052,60512,37808,84206,47184,75867,29028,28951,67491,88269,50681,93729,5,6,4316,4586,10262,16704,11218,25474,13575,37848,17131,31048,10722,10766,17585,26545,15487,38560,549315,282437,37614,9448,224739,13,2,164,89
2021-03-12T23:59:59+01:00,22,18,15152,17234,30036,43683,31383,57368,34937,79353,43967,71394,26186,25762,63179,82959,49696,92327,5,5,4303,4551,10243,16642,11199,25421,13529,37730,17042,30917,10442,10539,16692,25292,14414,37032,521232,276612,36303,9434,207279,11,2,159,87
2021-03-11T23:59:59+01:00,21,18,14109,15770,27773,40984,29056,54181,32341,74959,40203,66501,22772,22281,57150,75631,47768,89498,5,5,4261,4510,10161,16523,11084,25195,13411,37419,16877,30609,10137,10326,16060,24446,13746,35753,489114,272598,34709,7989,187330,9,2,153,78
2021-03-10T23:59:59+01:00,21,18,13515,15069,26360,39367,27398,52354,30775,72637,37675,63372,20013,19718,51232,68490,46217,87159,5,5,4224,4466,10062,16355,10962,24941,13263,36998,16678,30235,9894,10138,15318,23672,13086,34727,462652,267847,32662,7244,176213,5,2,149,76
2021-03-09T23:59:59+01:00,20,17,13231,14603,25233,38324,25980,51170,29709,70983,36294,61535,18825,18590,47718,64036,45094,85371,5,5,4199,4440,9977,16187,10858,24681,13109,36681,16500,29998,9767,10033,14653,22832,12587,33951,449027,264124,30118,6406,167714,5,2,147,70
2021-03-08T23:59:59+01:00,19,17,12900,13992,24152,37208,24708,50028,28770,69499,35053,59915,17750,17707,43596,59054,43867,83386,5,5,4184,4404,9915,15989,10755,24418,12974,36321,16369,29732,9683,9949,14156,22225,12271,33507,433557,260921,28108,6011,160081,1,2,143,69
2021-03-07T23:59:59+01:00,19,17,12666,13697,23555,36354,24009,49148,28165,68627,34439,59153,17486,17451,42529,57602,43501,82827,5,5,4171,4389,9892,15946,10727,24342,12942,36151,16312,29618,9661,9920,13957,21969,12136,33301,428780,259850,26290,5665,156301,0,2,137,68
2021-03-06T23:59:59+01:00,18,17,12551,13406,23151,35618,23472,48355,27113,67093,33336,57386,17098,17121,41882,56711,43201,82359,5,5,4168,4375,9880,15919,10709,24308,12932,36110,16294,29587,9643,9879,13910,21931,12033,33090,424699,259470,26226,5381,149085,0,2,136,66
2021-03-05T23:59:59+01:00,18,17,12137,12802,22467,34413,22784,47125,26356,65458,32099,54968,16448,16285,38420,52410,41048,78919,5,5,4141,4327,9810,15818,10658,24160,12864,35914,16207,29379,9548,9809,13725,21720,11662,32477,409508,257771,24773,4533,140008,0,1,136,64
2021-03-04T23:59:59+01:00,16,17,11377,11788,21277,32683,21569,45074,24997,62805,30402,52609,15717,15564,34415,47242,37969,74231,5,5,4091,4235,9695,15522,10555,23802,12731,35379,16061,28975,9368,9652,13567,21510,11578,32331,391047,254704,22692,4435,126125,0,1,135,59
2021-03-03T23:59:59+01:00,14,17,11065,11289,20589,31464,20792,43709,24083,61053,29356,50965,15238,15059,31798,43916,34879,69461,5,5,4049,4170,9614,15349,10474,23547,12622,34956,15880,28627,9182,9524,13440,21290,11434,32056,375577,252037,21895,4267,117384,0,1,131,53
2021-03-02T23:59:59+01:00,14,17,10803,10859,19940,30489,20076,42687,23295,59662,28379,49688,14608,14406,29120,40548,30982,63240,5,5,4001,4098,9551,15182,10404,23280,12514,34523,15776,28317,9055,9421,13300,21098,11357,31911,357351,249615,20381,4262,111188,0,0,128,53
2021-03-01T23:59:59+01:00,12,16,10630,10599,19425,29682,19512,41802,22703,58592,27664,48563,14184,13952,27046,37964,26712,56338,5,5,3985,4048,9495,15025,10336,22980,12430,34146,15666,27993,8970,9359,13117,20829,11241,31727,340090,247172,19265,4262,106145,0,0,126,53
2021-02-28T23:59:59+01:00,12,16,10459,10396,18956,29029,18973,41061,22221,57735,27172,47766,13974,13707,26439,37303,26307,55735,5,5,3968,4034,9469,14992,10317,22928,12412,34076,15638,27945,8943,9335,12984,20649,11177,31577,337619,246310,18401,4224,101343,0,0,125,50
2021-02-27T23:59:59+01:00,12,15,10280,9881,18627,28164,18714,40272,21937,56751,26845,46978,13701,13407,25770,36502,25383,54317,5,5,3954,4022,9447,14971,10284,22881,12373,33993,15591,27871,8922,9318,12963,20624,11155,31557,333709,245945,17679,4073,96266,0,0,125,48
2021-02-26T23:59:59+01:00,11,14,9483,9098,17727,26727,17932,38066,21005,53902,25384,44156,13234,13006,24178,34512,23854,52010,5,5,3873,3953,9367,14811,10209,22625,12293,33627,15474,27578,8842,9237,12896,20555,11115,31487,324571,244036,17424,3999,82395,0,0,124,46
2021-02-25T23:59:59+01:00,11,14,8327,8246,16404,25116,16663,35813,19768,51015,23672,41372,12756,12605,22899,32921,22355,49727,5,5,3749,3807,9201,14493,9985,22018,12035,32765,15146,26920,8645,9085,12633,20230,10975,31219,316940,239873,16648,3128,66181,0,0,119,43
2021-02-24T23:59:59+01:00,10,13,7961,7722,15752,24082,16038,34578,19054,49501,22880,40174,12361,12268,21592,31425,20680,47100,4,5,3676,3737,9057,14198,9806,21560,11828,32134,14884,26383,8502,8946,12489,20057,10910,31007,308707,237083,15681,2184,58885,0,0,119,42
2021-02-23T23:59:59+01:00,10,13,7478,7244,14938,22904,15351,33360,18331,48093,22157,39102,12047,11941,20251,29852,19067,44546,4,5,3634,3660,8937,13994,9665,21161,11640,31554,14581,25878,8331,8801,12361,19846,10838,30769,300577,234225,14879,1518,51306,0,0,118,41
2021-02-22T23:59:59+01:00,9,11,7371,7038,14556,22286,14997,32632,17864,47084,21662,38368,11843,11691,19502,28839,17747,42593,4,5,3604,3558,8799,13703,9502,20658,11385,30807,14210,25277,8081,8605,12160,19591,10732,30458,294692,230896,14271,324,47204,0,0,114,41
2021-02-21T23:59:59+01:00,9,11,7280,6912,14228,21839,14578,32048,17447,46433,21222,37874,11735,11588,19340,28625,17499,42259,4,5,3564,3518,8714,13579,9421,20439,11312,30513,14087,25004,8021,8544,12102,19480,10661,30294,293540,229036,13901,306,43561,0,0,109,40
2021-02-20T23:59:59+01:00,9,11,7163,6862,14101,21759,14460,31910,17326,46280,21060,37691,11635,11503,18557,27708,16440,40788,4,5,3562,3511,8703,13571,9411,20418,11297,30488,14072,24993,8016,8535,12037,19416,10607,30225,289274,228647,13704,305,42359,0,0,107,39
2021-02-19T23:59:59+01:00,7,10,6861,6609,13747,21319,14087,31239,16852,45484,20354,36818,11028,11100,17508,26378,15284,39180,4,5,3482,3486,8627,13541,9368,20359,11259,30395,14013,24898,7974,8475,11818,19144,10414,29895,282882,226936,13327,303,37728,0,0,104,38
2021-02-18T23:59:59+01:00,7,10,6462,6136,13119,20175,13446,29866,16036,43614,19476,35237,10797,10882,16916,25624,14707,38294,4,5,3294,3348,8292,13002,9073,19606,10909,29351,13643,24066,7766,8164,11229,18188,9916,28737,279291,218375,12747,300,28838,0,0,100,37
2021-02-17T23:59:59+01:00,7,9,6296,5793,12673,19297,12952,28675,15334,41892,18827,33912,10564,10626,16160,24809,13931,37109,3,5,3044,3187,7950,12485,8772,18814,10540,28302,13256,23213,7532,7926,10673,17335,9478,27921,274620,210218,12014,295,22304,0,0,94,37
2021-02-16T23:59:59+01:00,7,9,5970,5491,12136,18463,12448,27601,14788,40517,18233,32878,10407,10521,15490,23980,13423,36324,3,5,2862,3067,7645,12029,8466,18089,10143,27208,12793,22312,7259,7629,9957,16159,8747,26368,271087,200683,11517,139,16158,0,0,88,32
2021-02-15T23:59:59+01:00,7,9,5862,5307,11839,17819,12181,26817,14439,39523,17882,32106,10277,10408,14931,23327,13062,35787,3,5,2773,2987,7450,11704,8248,17580,9840,26358,12440,21629,6988,7342,9260,15101,8234,25087,267974,193020,10914,93,12773,0,0,83,28
2021-02-14T23:59:59+01:00,7,9,5594,5189,11591,17548,11956,26383,14207,39076,17691,31829,10231,10357,14696,22986,12898,35394,3,5,2722,2949,7334,11535,8118,17372,9663,26024,12261,21326,6891,7216,9036,14718,8047,24550,266967,189765,9976,91,10776,0,0,82,25
2021-02-13T23:59:59+01:00,7,9,5534,5151,11540,17510,11925,26351,14178,39043,17671,31809,10217,10329,14669,22954,12884,35376,3,5,2718,2946,7328,11526,8106,17350,9646,25989,12234,21282,6859,7180,8881,14504,7694,23918,266718,188248,9973,8,10544,0,0,81,23
2021-02-12T23:59:59+01:00,7,8,5017,4834,10971,17146,11608,25799,13858,38403,17341,31170,10106,10222,14486,22741,12803,35266,3,5,2667,2913,7232,11367,8005,17118,9498,25597,12021,20835,6676,6944,8517,13940,7100,22572,265025,183092,9960,6,6878,0,0,80,22
2021-02-11T23:59:59+01:00,7,8,4556,4533,10382,16463,11194,24991,13379,37141,16853,30311,9791,9959,14206,22292,12522,34579,3,5,2498,2638,6631,10172,7313,15382,8635,22977,10964,18749,6022,6226,7465,12322,6282,20254,261789,164620,8318,3,3138,0,0,76,15
2021-02-10T23:59:59+01:00,7,8,4307,4366,10048,16013,10882,24453,13065,36255,16439,29561,9572,9821,14023,22086,12430,34369,3,5,2135,2345,5693,8703,6501,13332,7648,20068,9833,16702,5478,5637,6476,10658,5506,18201,259128,145007,7815,2,841,0,0,70,3
2021-02-09T23:59:59+01:00,7,8,4244,4268,9924,15744,10773,24046,12890,35637,16224,29088,9393,9680,13827,21872,12287,34144,3,5,1740,1992,4908,7431,5726,11530,6729,17545,8747,14703,4901,5007,5424,9090,4771,16079,256669,126405,7033,1,434,0,0,68,2
2021-02-08T23:59:59+01:00,7,8,4210,4214,9828,15534,10661,23685,12767,35178,16079,28728,9298,9613,13624,21587,12180,33947,3,5,1575,1795,4345,6434,5058,9949,5912,15017,7730,12842,4347,4475,4447,7495,4008,13990,254280,109494,6519,1,428,0,0,65,2
2021-02-07T23:59:59+01:00,7,8,4045,4147,9671,15399,10559,23520,12686,34916,15965,28533,9257,9566,13480,21407,12105,33803,3,5,1361,1549,3924,5761,4639,9068,5483,13847,7241,11878,4093,4214,4215,7099,3847,13390,253183,101682,5973,1,0,0,0,60,1
2021-02-06T23:59:59+01:00,7,8,4035,4138,9660,15383,10546,23485,12664,34866,15946,28477,9238,9553,13462,21372,11999,33606,3,5,1208,1354,3691,5455,4454,8643,5264,13262,6961,11320,3957,4079,4088,6949,3567,12933,252839,97255,5688,1,0,0,0,60,0
2021-02-05T23:59:59+01:00,7,7,3962,4069,9587,15240,10479,23234,12579,34498,15832,28193,9154,9478,13390,21297,11649,33011,3,4,1067,1123,3409,5008,4195,8059,4949,12483,6576,10592,3700,3833,3928,6717,3056,12041,250953,90801,4795,0,0,0,0,58,0
2021-02-04T23:59:59+01:00,7,7,3904,3944,9465,14922,10300,22686,12390,33701,15618,27629,9031,9366,13164,21002,11535,32804,3,2,804,789,2582,3753,3261,6309,3994,9931,5251,8371,3024,3119,3309,5730,2667,10544,246990,73487,4567,0,0,0,0,57,0
2021-02-03T23:59:59+01:00,7,7,3834,3871,9361,14698,10197,22349,12257,33193,15470,27213,8921,9251,13024,20826,11459,32639,3,2,667,620,1951,2832,2521,4872,3017,7627,4021,6310,2207,2245,2415,4239,1933,7892,244268,55407,4393,0,0,0,0,55,0
2021-02-02T23:59:59+01:00,7,7,3767,3775,9262,14502,10098,21970,12116,32629,15267,26762,8793,9134,12901,20619,11376,32374,2,2,531,489,1480,2096,1928,3663,2270,5801,3004,4722,1566,1546,1651,2795,1347,5249,241054,40164,4389,0,0,0,0,53,0
2021-02-01T23:59:59+01:00,6,7,3727,3683,9183,14271,9991,21584,11978,31992,15082,26257,8671,8985,12792,20475,11328,32195,1,0,394,355,1033,1447,1271,2444,1481,3800,1870,2996,996,986,979,1707,772,3037,237902,25581,4389,0,0,0,0,51,0
2021-01-31T23:59:59+01:00,6,7,3706,3647,9129,14162,9919,21377,11910,31693,14979,26061,8615,8926,12740,20362,11283,32065,1,0,363,334,909,1256,1081,2069,1279,3245,1635,2625,897,895,877,1523,701,2729,236399,22429,4272,0,0,0,0,49,0
2021-01-30T23:59:59+01:00,6,7,3705,3644,9118,14148,9905,21353,11897,31673,14967,26047,8611,8921,12671,20293,11216,31987,1,0,347,310,848,1172,1024,1945,1215,3055,1560,2489,869,869,858,1483,686,2676,236074,21416,4179,0,0,0,0,49,0
2021-01-29T23:59:59+01:00,6,7,3644,3627,9057,14119,9876,21301,11865,31597,14918,25980,8587,8898,12485,20069,11034,31743,1,0,280,226,724,997,879,1583,1060,2666,1348,2162,778,777,810,1429,668,2623,234847,19018,4050,0,0,0,0,48,0
2021-01-28T23:59:59+01:00,6,6,3526,3540,8851,13732,9654,20786,11632,31013,14590,25480,8450,8793,12051,19451,10678,31165,1,0,133,59,306,370,385,623,467,1159,615,973,411,430,476,826,384,1591,230055,9212,3435,0,0,0,0,46,0
2021-01-27T23:59:59+01:00,6,6,3295,3402,8557,13312,9354,20160,11243,30177,14203,24741,8232,8579,11501,18643,10253,30400,1,0,82,35,213,230,251,426,310,808,438,672,313,314,353,617,289,1168,223333,6522,2814,0,0,0,0,43,0
2021-01-26T23:59:59+01:00,5,6,3130,3304,8273,12970,9090,19591,10937,29419,13805,24107,7991,8354,10923,17726,9603,29248,1,0,76,31,198,220,235,391,294,755,407,610,298,288,325,553,262,1038,216600,5984,1970,0,0,0,0,37,0
2021-01-25T23:59:59+01:00,5,6,3042,3210,7989,12487,8800,18884,10550,28416,13325,23340,7707,8151,10306,16908,9147,28348,1,0,68,23,174,197,201,332,255,634,354,505,260,243,271,475,213,851,210290,5059,421,0,0,0,0,32,0
2021-01-24T23:59:59+01:00,5,6,2998,3189,7902,12407,8725,18756,10441,28256,13194,23157,7664,8113,10239,16795,9099,28253,1,0,67,22,169,192,198,318,252,612,345,491,251,239,269,468,209,836,208975,4941,316,0,0,0,0,29,0
2021-01-23T23:59:59+01:00,5,6,2997,3188,7900,12403,8720,18745,10438,28242,13188,23152,7656,8109,10114,16629,8770,27666,1,0,66,21,169,191,198,316,250,611,343,491,251,239,269,468,209,834,207710,4929,312,0,0,0,0,26,0
2021-01-22T23:59:59+01:00,5,6,2934,3142,7775,12287,8636,18602,10328,28068,13106,23037,7625,8072,9915,16325,8252,26641,1,0,66,20,168,190,197,316,250,610,342,491,251,239,269,468,209,834,204545,4923,310,0,0,0,0,21,0
2021-01-21T23:59:59+01:00,5,6,2848,2970,7275,11372,8152,17453,9791,26441,12499,21822,7341,7747,9282,15387,7738,25597,1,0,60,18,150,176,179,283,224,535,305,449,227,212,236,384,176,695,193514,4312,309,0,0,0,0,16,0
2021-01-20T23:59:59+01:00,5,6,2488,2625,6392,9960,7400,15492,8839,23615,11389,19748,6739,7095,8183,13619,6924,23376,1,0,58,18,148,171,176,281,215,521,292,427,214,205,230,359,162,657,173677,4137,305,0,0,0,0,14,0
2021-01-19T23:59:59+01:00,5,6,2049,2270,5490,8571,6537,13597,7818,20829,10118,17511,5986,6214,6804,11433,5903,20343,0,0,41,12,98,126,119,171,150,357,192,298,137,117,143,242,114,491,151336,2809,223,0,0,0,0,14,0
2021-01-18T23:59:59+01:00,4,6,1776,1981,4733,7185,5580,11363,6619,17231,8694,14792,5096,5335,5420,9181,4834,16864,0,0,22,7,39,47,54,79,66,163,76,148,63,56,68,135,62,223,126665,1309,97,0,0,0,0,14,0
2021-01-17T23:59:59+01:00,3,6,1501,1694,4218,6390,5070,10230,6081,15664,8054,13528,4758,4988,5045,8506,4507,15863,0,0,8,2,9,15,16,29,20,50,29,58,25,23,20,31,13,47,116077,395,90,0,0,0,0,13,0
2021-01-16T23:59:59+01:00,3,6,1335,1491,4001,6069,4890,9790,5822,15001,7724,12834,4566,4759,4830,8228,4153,15260,0,0,0,0,0,1,1,2,1,1,1,2,0,1,1,0,0,1,110810,12,9,0,0,0,0,13,0
2021-01-15T23:59:59+01:00,3,6,1185,1264,3745,5645,4633,9221,5531,14160,7318,12033,4275,4463,4640,7919,3616,14214,0,0,0,0,0,0,0,0,0,0,0,0,0,0,0,0,0,0,103919,0,4,0,0,0,0,13,0
2021-01-14T23:59:59+01:00,3,4,912,949,2997,4456,3766,7401,4586,11413,5921,9684,3473,3590,3897,6686,3132,12406,0,0,0,0,0,0,0,0,0,0,0,0,0,0,0,0,0,0,85314,0,0,0,0,0,0,13,0
2021-01-13T23:59:59+01:00,3,3,776,794,2524,3719,3179,6173,3813,9463,4828,7798,2602,2675,2939,5096,2398,9487,0,0,0,0,0,0,0,0,0,0,0,0,0,0,0,0,0,0,68301,0,0,0,0,0,0,12,0
2021-01-12T23:59:59+01:00,2,3,643,662,2112,3048,2619,5018,3053,7615,3809,6127,1872,1853,2012,3457,1700,6484,0,0,0,0,0,0,0,0,0,0,0,0,0,0,0,0,0,0,52125,0,0,0,0,0,0,0,0
2021-01-11T23:59:59+01:00,1,1,498,526,1759,2470,2097,4011,2365,5790,2833,4447,1206,1146,1206,2039,938,3693,0,0,0,0,0,0,0,0,0,0,0,0,0,0,0,0,0,0,37051,0,0,0,0,0,0,0,0
2021-01-10T23:59:59+01:00,1,1,440,457,1496,2042,1754,3284,1955,4804,2353,3727,1065,1020,1062,1791,837,3240,0,0,0,0,0,0,0,0,0,0,0,0,0,0,0,0,0,0,31345,0,0,0,0,0,0,0,0
2021-01-09T23:59:59+01:00,1,1,409,412,1370,1865,1608,2993,1802,4356,2168,3397,992,951,1007,1738,819,3197,0,0,0,0,0,0,0,0,0,0,0,0,0,0,0,0,0,0,29100,0,0,0,0,0,0,0,0
2021-01-08T23:59:59+01:00,1,1,312,282,1119,1517,1328,2322,1481,3574,1796,2778,856,843,919,1614,771,3040,0,0,0,0,0,0,0,0,0,0,0,0,0,0,0,0,0,0,24565,0,0,0,0,0,0,0,0
2021-01-07T23:59:59+01:00,1,0,147,77,410,516,489,804,598,1381,784,1213,470,488,567,975,468,1920,0,0,0,0,0,0,0,0,0,0,0,0,0,0,0,0,0,0,11311,0,0,0,0,0,0,0,0
2021-01-06T23:59:59+01:00,1,0,113,45,281,295,316,528,403,937,536,835,364,366,430,757,361,1453,0,0,0,0,0,0,0,0,0,0,0,0,0,0,0,0,0,0,8024,0,0,0,0,0,0,0,0
2021-01-05T23:59:59+01:00,1,0,88,33,200,239,249,440,325,826,452,713,348,350,413,725,354,1399,0,0,0,0,0,0,0,0,0,0,0,0,0,0,0,0,0,0,7158,0,0,0,0,0,0,0,0
2021-01-04T23:59:59+01:00,1,0,70,27,180,200,206,345,261,642,357,523,273,257,293,528,237,943,0,0,0,0,0,0,0,0,0,0,0,0,0,0,0,0,0,0,5345,0,0,0,0,0,0,0,0
2021-01-03T23:59:59+01:00,1,0,68,23,172,194,201,329,259,625,348,505,265,255,289,515,235,926,0,0,0,0,0,0,0,0,0,0,0,0,0,0,0,0,0,0,5212,0,0,0,0,0,0,0,0
2021-01-02T23:59:59+01:00,1,0,68,22,172,193,201,328,255,625,345,505,265,255,289,515,235,925,0,0,0,0,0,0,0,0,0,0,0,0,0,0,0,0,0,0,5201,0,0,0,0,0,0,0,0
2021-01-01T23:59:59+01:00,1,0,67,21,171,192,200,325,254,625,342,503,265,255,289,513,235,925,0,0,0,0,0,0,0,0,0,0,0,0,0,0,0,0,0,0,5185,0,0,0,0,0,0,0,0
2020-12-31T23:59:59+01:00,1,0,67,21,170,190,200,324,252,624,341,502,265,255,289,513,235,925,0,0,0,0,0,0,0,0,0,0,0,0,0,0,0,0,0,0,5176,0,0,0,0,0,0,0,0
2020-12-30T23:59:59+01:00,1,0,66,21,169,189,198,321,251,621,340,500,264,255,289,513,234,925,0,0,0,0,0,0,0,0,0,0,0,0,0,0,0,0,0,0,5159,0,0,0,0,0,0,0,0
2020-12-29T23:59:59+01:00,1,0,46,13,119,142,148,214,182,446,239,385,181,167,201,384,173,723,0,0,0,0,0,0,0,0,0,0,0,0,0,0,0,0,0,0,3765,0,0,0,0,0,0,0,0
2020-12-28T23:59:59+01:00,1,0,25,9,66,79,82,124,101,254,118,235,100,95,106,203,102,391,0,0,0,0,0,0,0,0,0,0,0,0,0,0,0,0,0,0,2092,0,0,0,0,0,0,0,0
2020-12-27T23:59:59+01:00,0,0,12,3,18,27,37,47,36,90,37,97,35,30,42,73,31,146,0,0,0,0,0,0,0,0,0,0,0,0,0,0,0,0,0,0,761,0,0,0,0,0,0,0,0
