Datum,<15_m,<15_w,15-24_1_m,15-24_1_w,25-34_1_m,25-34_1_w,35-44_1_m,35-44_1_w,45-54_1_m,45-54_1_w,55-64_1_m,55-64_1_w,65-74_1_m,65-74_1_w,75-84_1_m,75-84_1_w,>84_1_m,>84_1_w,<24_2_m,<24_2_w,25-34_2_m,25-34_2_w,35-44_2_m,35-44_2_w,45-54_2_m,45-54_2_w,55-64_2_m,55-64_2_w,65-74_2_m,65-74_2_w,75-84_2_m,75-84_2_w,>84_2_m,>84_2_w,bp_1,bp_2,mo_1,mo_2,az_1,az_2,ja,unb_1,unb_2
2021-07-15T23:59:59+02:00,18683,17122,215244,209626,331249,306336,355678,351349,424014,436449,483597,489005,337328,377450,239186,306164,70662,129215,104906,102723,200332,192931,234163,241672,322745,343348,402573,415808,310551,347868,225807,288302,66798,121469,3642015,2716601,495459,381879,802242,668636,158668,545,429
2021-07-14T23:59:59+02:00,17906,16446,213068,207569,329783,305001,354439,350177,422927,435382,482669,488143,336924,377027,238979,305895,70619,129143,101892,99886,194889,188530,229076,237485,318738,340102,398685,412439,309307,346625,225433,287785,66731,121336,3628876,2687727,494912,376472,802126,662093,156210,545,428
2021-07-13T23:59:59+02:00,17300,15826,211042,205644,328279,303706,353191,349022,421839,434361,481764,487327,336507,376575,238789,305662,70585,129058,98452,96627,188899,183549,222647,232031,312808,334714,390963,405190,307591,344785,224864,287041,66627,121153,3615929,2649835,494371,364428,801992,652905,154222,535,357
2021-07-12T23:59:59+02:00,16332,14919,207903,202562,326279,302026,351652,347594,420634,433196,480808,486449,336099,376122,238614,305440,70546,128981,95415,93953,183706,179323,215773,226443,306069,328756,385934,400973,305882,342942,224283,286316,66530,120990,3598045,2612122,493834,357392,801849,644612,152466,534,356
2021-07-11T23:59:59+02:00,15829,14455,206574,201315,325562,301331,351008,346994,420095,432718,480381,486116,335918,375924,238555,305338,70525,128945,94020,92686,180983,177046,212828,224192,303427,326641,383160,398628,303473,340384,223918,285858,66479,120895,3592011,2597395,493216,355427,801733,634384,150668,527,352
2021-07-10T23:59:59+02:00,15356,13997,204756,199559,324126,300096,349904,346044,419385,432129,479917,485724,335756,375759,238490,305253,70515,128925,92760,91436,178519,174977,209850,221743,300954,324514,382014,397600,302833,339723,223738,285674,66463,120870,3583559,2580823,492594,355207,801517,632745,148066,527,352
2021-07-09T23:59:59+02:00,15036,13721,202862,197741,322544,298680,348856,345103,418499,431430,479354,485257,335554,375543,238394,305134,70499,128891,90013,88740,175021,171785,205547,217629,295972,319940,378604,394640,301750,338513,223437,285311,66426,120806,3574576,2552134,491746,353162,801340,625203,145481,527,352
2021-07-08T23:59:59+02:00,14591,13305,199479,194841,319328,296088,346544,343170,416828,430017,477945,484215,335132,375108,238220,304892,70460,128815,85772,85023,167865,166210,197518,211286,288706,313903,371750,388508,299083,335628,222667,284388,66312,120551,3559800,2506405,487725,344621,800830,615095,140668,527,352
2021-07-07T23:59:59+02:00,14100,12856,195826,191064,316244,293302,344270,341174,415287,428573,476763,483138,334663,374557,238036,304625,70423,128714,82139,81626,160678,160577,188583,204195,280826,307429,364810,381757,295808,332065,221774,283296,66179,120318,3538963,2458939,486393,331385,800458,605283,137845,527,352
2021-07-06T23:59:59+02:00,13646,12490,192435,187724,313026,290603,341829,338913,413600,427032,475514,482024,334169,374008,237842,304337,70370,128629,78621,78106,154090,155132,181265,198033,271996,299545,358388,375725,292638,328849,220895,282210,66071,120089,3519390,2406990,483353,324517,800049,595864,135442,527,352
2021-07-05T23:59:59+02:00,13253,12159,188083,183533,309038,287313,339349,336619,411950,425507,474389,480969,333697,373494,237671,304095,70337,128546,75599,75328,149037,151090,176556,193946,265154,293324,352333,370218,289385,325422,220018,281101,65963,119920,3496845,2368256,482215,320110,799575,585601,131417,520,350
2021-07-04T23:59:59+02:00,13076,12004,184313,179720,306456,285330,338067,335564,411091,424742,473814,480498,333482,373243,237581,303973,70313,128495,73436,73473,145971,148565,174248,191924,262741,291283,349265,368028,286109,322069,219444,280445,65910,119803,3484880,2354628,480937,317831,799015,574209,126980,520,347
2021-07-03T23:59:59+02:00,11896,10957,177918,173760,302236,281902,335765,333414,409295,422951,472622,479447,333083,372799,237408,303727,70289,128452,71675,71913,143570,146707,171832,189869,259702,288583,346996,366186,284367,320092,219177,280087,65879,119754,3458765,2339048,479538,317642,798830,569747,120837,520,347
2021-07-02T23:59:59+02:00,10809,9877,174235,170333,299860,279726,334042,331739,408060,421775,471855,478769,332826,372483,237293,303545,70261,128405,69025,69277,139722,143463,167447,185874,253694,283202,341842,361525,281152,316417,218539,279319,65832,119671,3440863,2306281,478085,314900,798642,557296,118351,519,315
2021-07-01T23:59:59+02:00,9723,8961,170621,166944,295900,276493,331598,329513,406307,420218,470787,477830,332419,372029,237095,303275,70219,128327,64186,64588,133501,138193,160248,179446,243544,274426,331126,351832,276409,311179,216697,277084,65654,119359,3418656,2250447,476027,302662,798308,539732,115315,519,313
2021-06-30T23:59:59+02:00,9243,8575,167403,163933,290372,271925,327974,326217,404553,418702,469784,476876,332004,371552,236908,302981,70187,128243,61079,61761,127904,133549,153654,173490,233560,265334,317816,338652,271233,305683,214819,274769,65488,119041,3393969,2195803,473893,289924,798007,521036,111610,519,312
2021-06-29T23:59:59+02:00,8710,8059,163644,160206,285898,267720,324448,322953,402476,416649,468257,475477,331421,370922,236661,302630,70133,128136,58312,58803,123006,129179,147681,168002,221771,254707,309310,330339,264809,298523,212860,272323,65286,118697,3366786,2136949,471930,285304,797683,503725,108047,519,308
2021-06-28T23:59:59+02:00,8306,7687,160357,156787,280924,263448,321182,320133,400359,414743,466784,474186,330908,370319,236430,302322,70090,128042,56068,56482,119145,125711,143363,163947,212604,246335,303557,324972,259890,293255,211102,270099,65141,118434,3343166,2101496,467977,276767,797031,487275,104878,519,305
2021-06-27T23:59:59+02:00,8160,7567,158882,155289,278854,261665,319397,318618,398687,413397,465916,473496,330622,370034,236328,302166,70071,127994,54893,55394,117047,124026,140831,161845,208540,242993,300235,322133,256114,289293,208654,267201,65030,118247,3333338,2086246,465935,273326,796000,471253,101915,519,305
2021-06-26T23:59:59+02:00,7018,6477,155652,151980,276768,259792,317009,316399,397508,412256,465223,472795,330355,369749,236223,302009,70047,127964,54351,54818,115738,122896,139428,160628,206318,241003,297729,319750,254590,287647,208322,266793,65003,118177,3314411,2069692,463136,273245,795993,468771,101783,462,247
2021-06-25T23:59:59+02:00,5812,5368,151383,147733,273416,256877,314971,314450,396214,411023,464231,471977,330071,369418,236098,301856,70020,127916,53081,53210,113286,120225,135383,156101,197623,232606,292085,313927,252876,285545,207735,265992,64932,118059,3289698,2027546,461725,271572,795945,462232,101564,462,247
2021-06-24T23:59:59+02:00,4973,4597,147000,143658,268674,253003,310743,310714,394069,409178,462877,470866,329658,368962,235934,301623,69987,127831,50464,50649,108225,115553,128141,149519,185689,222219,280730,303764,247544,279753,205915,263665,64729,117660,3258950,1965957,459759,259920,795781,448585,99955,461,247
2021-06-23T23:59:59+02:00,4762,4397,143877,140602,265039,249908,305559,305966,391597,406871,461493,469564,329134,368347,235707,301315,69941,127730,48552,48583,104460,111679,122517,143901,175868,213618,268847,291867,242970,274988,204590,261974,64569,117300,3231820,1910160,456277,250129,795627,437948,98182,461,246
2021-06-22T23:59:59+02:00,4520,4170,140829,137513,261375,246565,299480,300578,388991,404346,459966,468100,328596,367749,235489,300966,69895,127625,46873,46853,100892,108407,117767,139363,163334,202531,258014,281631,238928,270530,202678,259573,64319,116833,3200089,1852151,454389,242466,795446,427075,96925,459,238
2021-06-21T23:59:59+02:00,4264,3925,137583,134599,256723,242715,294280,295751,385987,401505,458507,466760,328081,367196,235266,300661,69855,127515,45661,45644,98527,106213,115043,136679,157157,196803,251185,275035,233627,264737,198776,255081,64135,116463,3168675,1821415,452374,236989,795231,407451,94987,459,238
2021-06-20T23:59:59+02:00,4124,3807,136090,133127,252619,239367,291761,293560,384614,400210,457728,466027,327863,366926,235156,300530,69836,127453,44559,44746,96320,104450,112808,134725,154159,194295,246923,271011,230717,261317,197827,253872,64054,116341,3151719,1801368,450642,233478,795057,399875,93472,459,236
2021-06-19T23:59:59+02:00,3715,3458,133957,131059,249904,237081,290008,291948,382794,398661,456893,465297,327644,366679,235053,300394,69816,127421,44026,44113,95062,103209,111349,133280,152670,192871,243730,268023,230011,260478,197659,253613,64032,116288,3135586,1785581,447851,231910,795051,399604,93383,459,236
2021-06-18T23:59:59+02:00,2771,2546,130701,127940,246421,234066,286042,288585,380432,396560,455555,464139,327274,366284,234900,300160,69789,127372,43253,43211,93506,101450,109075,130636,149155,188865,236932,260822,228303,258488,197176,252980,63957,116155,3109998,1756576,443489,231395,795025,392945,93113,459,234
2021-06-17T23:59:59+02:00,2538,2325,127026,124699,240473,229671,280902,284234,375702,392606,453278,462323,326696,365572,234665,299807,69724,127261,41047,41405,89506,98018,104263,125931,141369,181253,225636,249516,223132,252602,195531,250834,63698,115735,3075671,1701358,440542,227307,794775,382127,88759,299,220
2021-06-16T23:59:59+02:00,2269,2094,123835,121336,235615,225363,276248,280006,370581,388153,450720,460205,325973,364784,234379,299398,69659,127148,39239,39838,86003,95032,99959,122153,133193,173977,213614,237684,216941,245551,193625,248528,63446,115246,3042509,1642040,435060,221752,794265,374132,86175,299,219
2021-06-15T23:59:59+02:00,1885,1766,118950,116508,229673,220273,270941,275057,365547,383549,447901,457803,325115,363820,234034,298886,69578,126966,37631,38243,82701,92025,96019,118139,126196,167636,201344,225735,210955,238800,191684,246113,63136,114678,2998156,1585132,433154,215977,793710,366510,83483,288,217
2021-06-14T23:59:59+02:00,1624,1498,114928,112378,224494,215398,265612,270116,360297,378829,444801,455233,324333,362973,233723,298498,69516,126846,36689,37358,80465,89964,93347,115651,122125,163928,194805,219282,207869,235318,190561,244655,62923,114292,2956310,1555782,430828,213758,793450,358994,80759,286,216
2021-06-13T23:59:59+02:00,1551,1414,113442,111009,222069,213312,263091,267877,358055,376887,443635,454201,324059,362668,233588,298331,69485,126773,35840,36635,78632,88315,91359,113859,119319,161345,190980,215617,204808,231901,189532,243293,62692,113882,2941421,1541960,428403,206528,793142,350849,78730,286,214
2021-06-12T23:59:59+02:00,1403,1278,110805,108278,220185,211594,261719,266609,356632,375492,442746,453435,323773,362362,233496,298228,69467,126745,35473,36232,77653,87230,90123,112581,117772,159799,187464,212339,203778,230779,188138,241639,62682,113853,2925336,1528969,427431,206519,793118,343493,78611,285,213
2021-06-11T23:59:59+02:00,1258,1143,108284,105785,217315,208991,258077,263443,353513,372775,441038,451964,323336,361913,233364,298022,69439,126690,34806,35128,75674,83895,87915,109073,113699,154687,180823,204947,201697,228420,187538,240875,62621,113755,2901074,1501700,424656,205843,792933,330132,77933,285,211
2021-06-10T23:59:59+02:00,1100,991,103558,101406,211303,204278,251079,257667,347477,367514,436585,448215,322481,360947,233045,297574,69355,126540,33231,33655,71707,79758,83031,103614,107076,146545,168572,191384,195671,221578,185822,238747,62370,113354,2857781,1454947,417645,204119,792085,303249,73849,281,210
2021-06-09T23:59:59+02:00,953,865,99691,97732,205488,199587,244354,252001,340872,361599,432928,445213,321812,360212,232780,297197,69291,126410,31710,32412,68502,77124,79363,100469,102398,142302,157528,180714,185111,209662,183966,236510,62099,112862,2819091,1401304,409362,200173,791578,292069,69234,240,209
2021-06-08T23:59:59+02:00,773,686,95192,93230,198907,194057,237421,246025,332660,354358,427850,440570,320984,359217,232411,296714,69210,126273,30646,31569,65928,74847,76108,97762,97844,138419,149993,173284,176450,199999,182169,234280,61867,112496,2767419,1362354,403631,195300,791002,281311,64760,240,190
2021-06-07T23:59:59+02:00,615,544,92004,90146,192883,189377,230894,240814,324852,348215,424817,438145,320450,358590,232198,296390,69156,126177,29786,30729,63469,72909,73157,95610,94093,135497,141965,165542,172438,195413,180761,232488,61651,112117,2728623,1335354,397516,192033,790437,270336,59961,236,189
2021-06-06T23:59:59+02:00,577,508,90445,88837,189614,186850,227572,238072,320605,344831,423397,437071,320181,358303,232087,296230,69132,126131,29191,30179,61712,71244,71097,93628,90941,132455,136325,159801,169923,192807,179659,231096,61422,111738,2713318,1323597,390177,182441,789958,259977,57258,234,189
2021-06-05T23:59:59+02:00,498,428,88509,86819,184777,182649,225115,235931,318798,343198,422398,436148,319891,357981,231939,296063,69118,126099,28746,29447,60534,69334,69715,91520,89278,130233,131604,154510,166938,189159,179177,230442,61388,111672,2689984,1300118,390061,181972,789681,254757,56902,233,189
2021-06-04T23:59:59+02:00,399,344,86180,84319,181153,179083,221147,232007,315232,339594,420050,433974,319436,357451,231748,295834,69080,126036,28286,28785,59435,67700,68456,89466,87521,127647,128276,150879,162716,184415,178193,229182,61340,111586,2660959,1281472,386264,181208,789567,244710,56543,233,189
2021-06-03T23:59:59+02:00,307,270,82916,81267,175453,174474,213929,225956,307584,332940,412331,427137,318411,356284,231379,295390,69025,125905,27404,27783,57564,65546,66099,86754,83923,123582,121576,144247,156410,176862,176636,227167,61227,111349,2612333,1252495,376057,175950,789143,232043,53687,232,185
2021-06-02T23:59:59+02:00,259,211,80857,79120,171429,170801,210331,222859,304037,329628,410303,425308,318006,355837,231226,295186,68997,125855,26954,27315,56454,64461,64554,85514,81905,121674,116638,139390,148564,167933,175923,226215,61142,111180,2583801,1220505,374680,173990,789114,228452,52912,232,182
2021-06-01T23:59:59+02:00,163,145,76615,75310,163211,164282,201037,215172,294984,321795,402120,417504,316501,354230,230687,294455,68886,125629,25412,25907,52173,61539,59774,82265,76532,117220,109261,132225,137511,154591,173829,223494,60933,110754,2525358,1170663,363101,169911,788354,216721,46161,231,178
2021-05-31T23:59:59+02:00,142,128,73888,72845,157585,159995,193771,209248,287634,315455,396398,412551,315510,353124,230303,293937,68796,125458,24510,24861,49587,59358,56655,79782,72978,113992,104812,127831,133388,149725,172469,221785,60764,110424,2485059,1148402,353756,167637,787730,206450,40467,231,176
2021-05-30T23:59:59+02:00,131,120,72845,71793,155129,157986,191176,206911,284887,312958,394519,410816,315152,352715,230143,293703,68759,125378,23920,24095,48030,57663,54953,77961,70794,111478,102182,124998,131247,147217,171682,220859,60672,110216,2469275,1138721,351250,166332,787123,195220,37728,219,175
2021-05-29T23:59:59+02:00,129,119,72244,71204,153629,156589,188885,204887,283055,311378,393680,410038,314930,352471,230064,293625,68748,125360,23600,23576,47121,56175,53622,76092,68884,108647,99882,122220,128462,143813,171033,219955,60645,110164,2455426,1125224,351103,166270,787051,184721,37708,219,175
2021-05-28T23:59:59+02:00,125,116,71160,70088,151254,154339,185248,201371,279789,308244,391822,408276,314520,351973,229917,293411,68729,125303,23075,22579,45523,54057,51809,73550,66858,104725,95591,116355,124116,138783,170060,218649,60599,110050,2431702,1102800,350060,166057,786839,170243,37335,218,147
2021-05-27T23:59:59+02:00,114,108,67855,67080,144791,149421,177092,195141,273427,303108,385526,402612,313263,350532,229459,292881,68658,125121,21765,20903,42296,51025,47949,69761,62340,98752,89273,108884,120224,134198,167279,214968,60427,109738,2387273,1074537,342482,163329,785053,150341,31626,218,146
2021-05-26T23:59:59+02:00,110,105,65718,64911,139856,145352,171021,190094,266692,297456,378798,395933,311748,348930,228974,292188,68556,124911,21032,19998,40486,48899,45608,67040,59325,94974,84708,103803,115275,128501,163502,209648,60219,109314,2350112,1042758,329322,161772,783255,138943,28908,214,145
2021-05-25T23:59:59+02:00,109,101,63694,62935,135678,141882,165986,185818,259640,291192,373391,390565,310474,347533,228570,291545,68475,124733,20464,19340,39092,47392,43786,65033,56870,92004,80667,99454,110384,122852,157994,202447,60053,109014,2312707,1011482,321838,158371,780741,129767,27278,212,142
2021-05-24T23:59:59+02:00,106,100,62460,61736,132939,139797,162723,183415,252719,285219,368472,385899,309651,346617,228284,291163,68403,124605,20123,18941,38080,46332,42451,63565,55216,90011,78456,96969,108984,121214,157394,201670,59944,108817,2289035,1002265,310802,157088,778972,123131,25737,212,140
2021-05-23T23:59:59+02:00,101,100,61966,61221,131848,138914,161529,182384,251485,284201,366888,384473,309040,345960,228113,290938,68383,124569,19897,18760,37536,45781,41710,62879,54067,89029,76986,95625,107825,119830,156420,200456,59877,108680,2277582,994205,310231,154041,778924,121554,25613,212,139
2021-05-22T23:59:59+02:00,98,98,61274,60603,130376,137851,159172,180771,248527,281919,364418,382265,308516,345368,227936,290672,68357,124518,19583,18338,36929,45184,41075,62353,53419,88312,76226,94489,106283,118039,155655,199489,59850,108626,2259717,987556,310214,154039,778884,118149,24157,212,139
2021-05-21T23:59:59+02:00,95,95,59948,59173,127486,135273,155913,177461,243315,277172,358346,376592,307585,344281,227639,290276,68297,124411,19224,17974,36320,44419,40430,61314,52474,86927,74522,92215,103061,114110,154524,198045,59758,108451,2223812,974636,308584,153715,777323,111592,23876,204,139
2021-05-20T23:59:59+02:00,87,93,56906,56387,121775,130422,149011,171171,233037,268454,349344,368336,305059,341546,226874,289273,68165,124192,17933,17045,34161,42183,37992,58429,49672,83177,70615,87746,98970,109522,152081,195046,59580,108097,2166026,955492,301962,151789,771389,94021,20993,194,139
2021-05-19T23:59:59+02:00,86,91,54705,54200,116779,125763,141869,164583,222539,259122,338843,357482,302426,338687,226130,288237,68016,123916,17356,16267,32944,40607,36590,56374,47672,80417,67389,84188,95107,105071,148466,190343,59319,107605,2100361,932207,295731,149830,768444,84564,19166,194,129
2021-05-18T23:59:59+02:00,82,87,52623,52247,112003,121520,135532,159031,210996,248775,329004,347718,299763,335726,225256,287041,67864,123662,16840,15668,31750,39157,35252,54590,45877,78033,64517,80977,91126,100562,145285,186297,59108,107170,2040663,912094,286420,146987,764878,75985,17193,191,129
2021-05-17T23:59:59+02:00,80,85,51594,51258,109682,119479,132748,156389,204503,242789,321461,340659,297985,333766,224672,286221,67757,123451,16410,15230,30721,38120,34100,53317,44411,76256,62280,78597,86314,94726,143827,184419,58959,106855,2013964,900522,274206,139547,761494,69382,15138,190,128
2021-05-16T23:59:59+02:00,79,82,50813,50605,108248,118163,131011,154734,201551,240119,314046,333728,296968,332642,224365,285739,67705,123354,16130,14862,29974,37349,33235,52403,43356,74953,60960,77137,82914,90677,143044,183348,58872,106716,1998700,894508,263809,132815,758276,65267,13389,189,124
2021-05-15T23:59:59+02:00,79,82,50278,49973,107252,117179,130002,153625,199627,238190,310495,330533,296350,331955,224169,285469,67685,123290,15993,14701,29721,37046,32947,51974,42873,74310,60124,76159,82321,89865,142531,182684,58836,106669,1982564,889299,263792,132670,757412,64150,12685,188,123
2021-05-14T23:59:59+02:00,78,82,49028,48558,105011,115093,126420,150185,191459,231156,304213,324676,295378,330825,223883,285023,67638,123196,15495,14279,28942,36234,32186,50795,41802,72538,58568,74218,80429,87389,141925,181700,58796,106582,1945499,879739,262099,131795,752877,58743,11649,181,123
2021-05-13T23:59:59+02:00,75,81,47122,46621,101201,111882,121731,146091,181477,222607,293639,314897,292414,327411,223072,283886,67538,122990,14640,13838,28092,35542,31427,49904,40866,71461,57075,72658,76675,83065,139178,178112,58686,106367,1894072,867276,253543,124795,746696,54917,10641,177,122
2021-05-12T23:59:59+02:00,73,79,46217,45922,99292,110460,119684,144442,178947,220507,288916,309587,291250,326144,222830,283564,67500,122905,14476,13688,27777,35326,31031,49618,40429,71089,56543,72093,75352,81458,138404,176992,58600,106207,1871094,861613,251386,123019,746212,54648,9844,175,121
2021-05-11T23:59:59+02:00,69,73,43984,44457,95295,107400,113902,139727,165626,209266,277308,298858,287866,322250,221877,282163,67351,122607,14050,13123,26773,33905,29910,47833,39136,68822,54839,69830,72289,77893,137060,175173,58442,105851,1812414,849451,241735,120349,737762,46787,8383,171,119
2021-05-10T23:59:59+02:00,68,70,42742,43496,92715,105410,110666,137111,157264,202275,269472,291773,285699,319811,221303,281304,67226,122368,13709,12682,26018,32925,29124,46583,38149,66969,53625,68103,70217,75357,135921,173669,58323,105565,1776991,840639,235716,119308,730858,39616,7421,168,114
2021-05-09T23:59:59+02:00,67,70,41629,42729,90054,103676,108022,135355,152272,198873,263983,286870,284468,318430,220927,280776,67160,122222,13399,12467,25329,32260,28399,45781,37363,66011,52686,67156,68995,73959,135329,172842,58269,105434,1757792,836088,228648,118326,724918,34872,6435,167,114
2021-05-08T23:59:59+02:00,66,70,41339,42433,89213,102949,106946,134511,150845,197668,261447,284817,283968,317888,220806,280597,67144,122190,13297,12406,25201,32171,28254,45653,37176,65819,52349,66840,68036,73041,134271,171485,58222,105341,1745881,831524,228141,117587,724696,34097,6425,130,85
2021-05-07T23:59:59+02:00,64,69,40418,41719,87296,101620,104146,132311,146249,193883,255226,279325,282638,316294,220459,280139,67092,122067,12553,11923,24381,31445,27497,44601,36316,64565,51176,65334,65799,70368,132066,168685,58133,105163,1720241,821931,224949,115352,720592,27317,5475,130,85
2021-05-06T23:59:59+02:00,61,68,37788,40004,82576,98172,98191,127580,136112,185403,238846,264959,277530,310525,219172,278457,66917,121750,11869,11407,23447,30341,26504,43256,34966,62572,49448,63375,63326,67263,129980,165947,58020,104945,1654863,810937,215083,112271,709836,18963,4565,124,84
2021-05-05T23:59:59+02:00,59,65,35909,38815,78943,95597,93618,123942,128312,178890,224138,250957,271354,303400,217602,276468,66671,121226,11635,11134,22914,29620,25906,42334,34042,61176,48303,61970,60734,64172,127068,162277,57922,104696,1588808,798765,210034,108729,703862,14986,3493,124,83
2021-05-04T23:59:59+02:00,59,63,34810,37715,76230,93297,90125,120909,122764,174166,213555,240711,265878,296960,216164,274628,66463,120758,11474,10933,22514,29081,25444,41569,33334,60103,47202,60703,58026,61010,124719,159357,57772,104461,1539867,786973,204937,106113,697835,11843,2844,123,81
2021-05-03T23:59:59+02:00,58,61,33947,36666,73955,91492,87257,118569,118336,170534,206923,234720,262610,293104,215366,273549,66342,120464,11232,10665,22125,28509,24966,40873,32654,59144,46186,59569,55258,57680,120970,154484,57516,104024,1508206,771230,201833,104411,692945,9090,1194,121,80
2021-05-02T23:59:59+02:00,58,61,33600,36348,72789,90597,85800,117478,115923,168678,203840,232220,261653,292016,215079,273141,66277,120356,11164,10596,21938,28301,24742,40589,32319,58740,45735,59099,54071,56232,117925,150825,57433,103894,1497646,766261,199047,98889,689112,8195,330,120,78
2021-05-01T23:59:59+02:00,57,61,33288,35977,72032,89809,84734,116443,114466,167324,200782,229200,260966,291198,214872,272860,66266,120318,11150,10581,21885,28271,24683,40552,32259,58683,45652,59024,53830,55941,117767,150630,57424,103877,1482654,764957,199045,98850,688849,8148,326,119,78
2021-04-30T23:59:59+02:00,54,58,32747,35378,70829,88597,83278,114725,110705,163777,193414,222104,258978,288836,214424,272254,66206,120212,10832,10388,21526,27995,24409,40131,31935,58123,45193,58394,52937,54781,116820,149448,57369,103760,1449886,761302,198719,96870,688059,5814,130,118,75
2021-04-29T23:59:59+02:00,52,57,31253,34437,67939,86590,79664,112134,105613,159690,180641,210592,251074,279760,213230,270629,66072,119865,10531,10178,21054,27548,23984,39634,31359,57384,44397,57465,51117,52598,114977,147222,57269,103566,1395218,752528,191443,94206,682738,3516,110,115,73
2021-04-28T23:59:59+02:00,51,55,30023,33828,66081,85288,77186,110327,102203,156851,170986,201436,240248,267190,211953,268945,65875,119538,10348,10021,20758,27199,23624,39170,30942,56733,43672,56647,49005,49995,112408,144004,57147,103355,1342709,743047,188107,89684,677385,2291,82,111,73
2021-04-27T23:59:59+02:00,48,54,29269,33150,64514,83830,75204,108532,99461,154467,166293,196730,231759,257398,210809,267334,65755,119315,10226,9912,20478,26911,23389,38843,30588,56238,42992,55959,47008,47460,109773,140584,57030,103156,1308802,733277,185816,85692,669439,1576,81,109,70
2021-04-26T23:59:59+02:00,47,54,28842,32768,63426,82954,73714,107375,97191,152768,157705,188736,227578,252569,210105,266346,65664,119117,10135,9824,20269,26730,23155,38627,30294,55903,42385,55386,45206,45320,107890,138113,56935,103003,1279970,725366,184379,82616,662746,1195,78,107,68
2021-04-25T23:59:59+02:00,47,53,28592,32531,62654,82436,72659,106647,95474,151552,152345,183879,223256,247701,209518,265570,65599,118996,10080,9791,20191,26655,23069,38547,30184,55779,42225,55227,44794,44824,107213,137207,56907,102933,1267298,723715,178249,80853,654097,1063,76,107,67
2021-04-24T23:59:59+02:00,47,52,28250,32105,61721,81223,71479,105209,93935,149903,147462,178752,220479,244381,209049,264901,65565,118946,10066,9774,20150,26615,23020,38483,30104,55694,42076,55091,44553,44517,106965,136914,56886,102905,1242534,722640,178224,80158,652835,1021,75,107,66
2021-04-23T23:59:59+02:00,45,52,27508,31489,60163,79723,69699,103199,91356,147280,142718,174385,215939,238850,208397,263909,65503,118831,10016,9715,20041,26530,22889,38334,29872,55490,41715,54761,43936,43762,105908,135639,56730,102631,1217781,719313,177049,77695,644347,969,74,105,65
2021-04-22T23:59:59+02:00,44,51,26896,30890,58635,78295,67241,100998,87248,143801,134702,166917,206928,227878,206359,261279,65305,118436,9891,9620,19797,26238,22540,37903,29357,54976,40957,54124,42768,42438,103923,133203,56502,102233,1176374,711884,169625,73751,636035,844,74,101,63
2021-04-21T23:59:59+02:00,44,49,26409,30374,57318,77199,65369,99378,84227,141170,127541,160125,193887,212575,204212,258393,65080,118012,9763,9535,19566,25995,22256,37584,29007,54531,40412,53595,41930,41423,101747,130438,56251,101823,1125053,705397,166753,69695,629690,774,74,95,62
2021-04-20T23:59:59+02:00,43,48,25986,29909,56168,76061,63707,97810,81698,138605,122482,155082,182439,199156,201791,255270,64847,117591,9662,9446,19350,25809,21966,37316,28603,54122,39876,53064,41121,40496,99541,127464,55917,101287,1082605,697907,163275,66451,622947,696,73,94,59
2021-04-19T23:59:59+02:00,43,47,25622,29556,55209,75241,62431,96641,79583,136690,118973,151718,176714,192332,200086,253048,64666,117262,9555,9356,19124,25594,21726,37049,28293,53736,39376,52540,40330,39592,96458,123508,55513,100578,1058174,687617,161455,64065,616371,661,72,90,59
2021-04-18T23:59:59+02:00,42,45,25320,29298,54442,74696,61312,95699,77740,135276,115616,149332,171622,186796,199076,251824,64558,117072,9483,9282,18937,25423,21550,36885,28078,53462,39119,52292,40005,39208,95246,121968,55332,100283,1044270,683781,159789,62140,605840,648,72,90,58
2021-04-17T23:59:59+02:00,41,44,25211,29207,54071,74502,60799,95348,77091,134680,114771,148595,167386,181925,198542,251101,64523,117007,9438,9223,18799,25238,21364,36655,27854,53188,38856,52027,39710,38889,94489,121042,55268,100201,1033422,679797,159761,61826,601793,634,72,90,58
2021-04-16T23:59:59+02:00,41,44,24839,28960,53090,73896,59519,94472,75480,133353,110633,144459,159775,173168,196892,248899,64414,116799,9233,9050,18412,24819,20791,36088,26766,52297,36866,50443,36448,36008,91332,117562,54866,99547,1007583,664952,158978,54994,592303,598,72,90,56
2021-04-15T23:59:59+02:00,37,40,24366,28510,51848,72734,57571,92748,72221,130516,105169,139192,151924,164214,192245,243039,64118,116183,9060,8888,18045,24399,20301,35431,26091,51508,35480,49220,34351,33997,88244,113846,54360,98691,975449,651956,156929,49429,574426,546,71,89,54
2021-04-14T23:59:59+02:00,35,36,24024,28186,50915,71800,56236,91361,69843,128363,101193,135436,142752,153857,184511,233164,63778,115516,8657,8620,17572,23898,19769,34792,25184,50634,34198,48102,32317,31861,85276,110217,53871,97834,937644,637155,154264,45220,559227,448,70,86,53
2021-04-13T23:59:59+02:00,35,36,23787,27971,50223,71262,55299,90543,68214,126961,97472,132013,130952,140760,178128,224836,63438,114928,8423,8450,17231,23496,19351,34264,24523,49841,33134,47096,30940,30510,83155,107860,53515,97292,904478,627939,149757,40837,542752,326,70,84,52
2021-04-12T23:59:59+02:00,34,35,23580,27788,49678,70758,54439,89816,66762,125681,94850,129690,123857,132742,174907,220890,63169,114437,8186,8265,16877,23203,18986,33830,24055,49307,32468,46475,29426,28977,81502,105927,53189,96771,888127,619564,148229,37592,526884,307,70,83,52
2021-04-11T23:59:59+02:00,33,35,23411,27630,49158,70339,53713,89365,65630,124882,93001,128218,118386,126748,170990,216293,63001,114141,8055,8131,16581,22925,18671,33522,23699,48928,32024,46093,28793,28313,80485,104686,52981,96454,880699,614299,143829,35768,510572,293,69,83,51
2021-04-10T23:59:59+02:00,33,35,23350,27574,48992,70206,53515,89210,65307,124615,92478,127785,116309,124224,169557,214444,62960,114040,7471,7529,15693,22145,17717,32684,22579,47898,30914,45100,28135,27601,78397,102084,52714,96019,873726,599021,142979,35390,508056,286,67,83,51
2021-04-09T23:59:59+02:00,32,35,23106,27327,48494,69716,52880,88533,64316,123495,90660,125885,107512,113309,166190,210048,62761,113684,6513,6632,14171,20826,16000,31132,20447,45937,28719,43099,26365,25785,74906,97921,52173,95181,854392,571668,135944,33883,497778,274,62,79,50
2021-04-08T23:59:59+02:00,32,35,22813,27082,47916,69229,52132,87838,63020,122420,88248,123723,97233,101353,160668,203216,62435,113120,5874,6048,12985,19812,14742,29798,18812,44227,26227,40768,23356,22825,70275,92180,51037,93435,835800,540241,127077,31945,479777,237,54,77,50
2021-04-07T23:59:59+02:00,30,34,22503,26857,47117,68778,51213,87237,61637,121445,85130,121295,88077,91101,153684,194449,62143,112560,5494,5727,12331,19139,13931,28974,17771,43180,24324,38875,20826,20310,66335,87429,50046,91822,815486,516857,121503,29476,458443,203,50,77,49
2021-04-06T23:59:59+02:00,29,34,22295,26697,46593,68399,50627,86717,60607,120668,83030,119555,80327,82314,147336,186498,61800,111934,5303,5570,11986,18788,13583,28544,17238,42624,23466,38070,19703,19283,63193,83350,49129,90448,796255,503567,118300,26547,441050,191,47,74,47
2021-04-05T23:59:59+02:00,29,33,22199,26574,46282,68059,50247,86319,60062,119978,81855,118404,75861,77235,142346,180412,61598,111619,5165,5431,11724,18536,13289,28233,16919,42252,23022,37610,19240,18815,60328,79809,48433,89384,786858,494276,116553,23757,425847,186,44,72,47
2021-04-04T23:59:59+02:00,29,33,22151,26516,46163,67792,50079,86007,59785,119478,81348,117775,74427,75531,141646,179436,61561,111537,5162,5425,11709,18523,13278,28217,16901,42235,22925,37538,18834,18492,58895,77967,48229,89073,784335,489504,116452,23755,420660,179,40,69,45
2021-04-03T23:59:59+02:00,29,33,22089,26436,46040,67685,49918,85832,59469,119167,80781,117199,73085,73900,140535,177901,61478,111389,5154,5418,11696,18505,13255,28197,16867,42189,22820,37467,18699,18343,58545,77410,48140,88929,777992,487736,116410,23755,418718,179,39,68,45
2021-04-02T23:59:59+02:00,29,33,22013,26354,45881,67522,49701,85585,59003,118717,79906,116387,71531,72023,138261,174926,61281,111031,5136,5381,11651,18464,13201,28115,16779,42041,22548,36991,18342,17981,56211,74535,47330,87837,768906,479288,114640,23114,416793,179,38,67,43
2021-04-01T23:59:59+02:00,26,31,21815,26150,45469,67004,49061,84848,58129,117781,78027,114721,68279,68604,134189,169765,60963,110466,4993,5241,11381,18204,12978,27882,16457,41733,22050,36552,17531,17241,51398,68525,45658,85383,757294,461339,108568,21747,409624,164,33,66,42
2021-03-31T23:59:59+02:00,26,31,21489,25931,45069,66485,48572,84201,57403,116844,76876,113482,66243,66293,129449,163661,60561,109744,4915,5191,11286,18086,12820,27732,16218,41466,21460,36046,16407,16343,46206,62137,44287,83414,747567,443097,101434,20806,403522,161,29,65,38
2021-03-30T23:59:59+02:00,26,30,21315,25712,44673,65869,48071,83406,56700,115794,75744,112113,64410,64276,125078,157916,60094,108844,4848,5107,11183,17961,12629,27543,15891,41142,20886,35496,15577,15540,43456,58734,43176,81627,737419,431267,97223,19449,395598,131,25,61,38
2021-03-29T23:59:59+02:00,25,30,21118,25472,44216,65320,47596,82717,55966,114721,74529,110684,61933,61538,118360,149292,59324,107451,4752,5039,11078,17851,12478,27378,15645,40825,20430,35031,14926,15002,40874,55756,42073,79813,716946,420108,93807,18776,389707,117,25,61,38
2021-03-28T23:59:59+02:00,25,30,20915,25186,43719,64638,47084,81979,55289,113719,73592,109584,60677,60108,113667,143330,58880,106695,4698,4981,10933,17708,12225,27079,15454,40579,20264,34799,14690,14759,39796,54343,41725,79277,710438,415817,86516,17452,382332,94,25,60,35
2021-03-27T23:59:59+01:00,25,30,20796,25031,43427,64276,46725,81452,54790,113029,72924,108849,59524,59027,112189,141626,58813,106616,4685,4969,10906,17689,12207,27049,15094,40155,19867,34363,14397,14547,39312,53659,41252,78461,705181,411777,85818,16800,378318,88,25,60,35
2021-03-26T23:59:59+01:00,25,29,20545,24520,42629,62580,45761,79435,53459,110015,70918,105248,57519,57152,109445,138402,58487,106102,4667,4936,10883,17637,12138,26958,15016,40046,19530,33777,13931,13899,36255,49833,39199,75224,693841,397326,82520,16583,366077,74,22,59,35
2021-03-25T23:59:59+01:00,25,27,20114,23850,41758,60824,44673,76887,51950,106497,68534,101493,54933,54523,106142,134437,57916,105113,4621,4882,10792,17535,12020,26816,14832,39829,19258,33473,13457,13409,32420,44807,36211,70705,682444,379063,78330,15988,349090,70,20,58,35
2021-03-24T23:59:59+01:00,25,27,19717,23408,40989,59565,43665,75364,50585,104586,66449,99172,52155,51615,101900,129353,57279,104037,4567,4816,10700,17399,11856,26617,14604,39546,18891,33055,13002,12956,29860,41598,33102,65875,669689,363548,73467,14888,336906,66,16,57,35
2021-03-23T23:59:59+01:00,25,27,19471,23110,40432,58659,42948,74279,49556,103079,64800,97319,49870,49279,99151,126147,56721,103203,4508,4746,10601,17275,11710,26438,14362,39237,18477,32669,12501,12449,27435,38507,29448,59991,661610,346050,70127,14300,326511,61,15,55,35
2021-03-22T23:59:59+01:00,25,27,19252,22702,39800,57783,42286,73245,48616,101696,63330,95695,48049,47407,96758,123407,56248,102430,4451,4699,10515,17161,11581,26262,14205,38998,18239,32368,12192,12079,25607,36164,25510,53637,655335,329916,67323,13748,316269,59,15,55,34
2021-03-21T23:59:59+01:00,25,27,19116,22444,39313,57028,41741,72403,47972,100546,62391,94470,47007,46386,95118,121562,55879,101852,4438,4692,10479,17114,11537,26177,14145,38908,18159,32269,12073,11948,25179,35715,25157,53079,652772,327735,65299,13335,307378,54,14,54,34
2021-03-20T23:59:59+01:00,24,27,19056,22298,39103,56538,41504,71845,47661,99914,61953,93868,46358,45621,92526,118337,55594,101367,4429,4685,10470,17102,11510,26161,14103,38872,18077,32195,11914,11787,24540,34941,24396,51995,646329,324032,64854,13146,302578,54,14,54,34
2021-03-19T23:59:59+01:00,24,26,18703,21736,37973,54423,40228,69857,45935,97832,59081,91113,41931,41761,87322,112588,54895,100287,4409,4672,10438,17056,11447,26051,14014,38705,17842,31899,11563,11510,22875,32888,22720,49438,628621,314750,57668,12784,289591,47,14,52,34
2021-03-18T23:59:59+01:00,24,25,18311,21093,36802,52274,38689,67071,43784,93373,55240,85323,37910,37972,82600,107114,53808,98629,4389,4644,10370,16953,11369,25899,13865,38510,17622,31694,11331,11329,21631,31378,21011,46844,611723,306678,51932,12174,266546,41,14,52,33
2021-03-17T23:59:59+01:00,24,24,17892,20744,36080,51360,37929,66120,42704,92023,53457,83499,35249,35198,78581,102295,52864,97156,4366,4620,10308,16860,11297,25766,13752,38324,17424,31504,11094,11108,20395,29971,19422,44446,595104,299202,47543,11469,260707,38,14,51,33
2021-03-16T23:59:59+01:00,23,24,17536,20327,35336,50295,37115,64931,41609,90363,51622,81513,33049,33184,74576,97371,51985,95844,4316,4572,10235,16733,11206,25616,13655,38088,17289,31261,10924,10933,19119,28458,17944,42128,581908,291457,42859,11035,252089,37,11,50,33
2021-03-15T23:59:59+01:00,23,24,17258,19964,34630,49319,36328,63741,40708,88882,50366,79916,31333,31350,71299,93286,51289,94710,4295,4538,10169,16610,11140,25415,13541,37801,17140,30989,10757,10774,18395,27497,16690,40271,570805,285665,39541,10387,244241,33,0,50,33
2021-03-14T23:59:59+01:00,23,23,16990,19537,33779,48113,35429,62424,39657,87056,49116,78197,30170,30120,69308,90726,50845,94034,4270,4520,10124,16533,11083,25273,13481,37579,17050,30825,10686,10690,18213,27216,16428,39712,563709,284471,37667,9253,234332,22,0,46,33
2021-03-13T23:59:59+01:00,23,23,16184,18491,32298,46111,33861,60317,37625,84014,46995,75673,28827,28772,67294,88110,50575,93643,4270,4520,10122,16528,11080,25266,13472,37572,17044,30816,10649,10657,17470,26331,15384,38263,547376,280231,37382,9252,224226,22,0,46,33
2021-03-12T23:59:59+01:00,22,23,15083,17115,29860,43464,31197,57180,34767,79160,43791,71220,25996,25587,62996,82811,49596,92243,4259,4487,10104,16466,11062,25215,13426,37456,16954,30686,10374,10431,16591,25089,14316,36745,519396,274459,36072,9241,206786,19,0,44,32
2021-03-11T23:59:59+01:00,21,23,14048,15657,27619,40775,28880,53997,32180,74778,40045,66333,22600,22118,57000,75503,47667,89404,4218,4452,10024,16349,10952,24989,13310,37146,16789,30382,10072,10219,15960,24254,13649,35473,487407,270478,34485,7804,186887,15,0,43,31
2021-03-10T23:59:59+01:00,21,22,13454,14960,26215,39163,27235,52179,30623,72466,37532,63213,19859,19572,51088,68372,46116,87066,4184,4408,9926,16182,10834,24739,13164,36727,16589,30011,9839,10037,15218,23480,12990,34448,461025,265758,32444,7064,175816,12,0,42,31
2021-03-09T23:59:59+01:00,20,21,13171,14495,25098,38126,25825,50997,29566,70815,36154,61381,18684,18451,47583,63938,44991,85277,4160,4383,9842,16015,10731,24480,13012,36411,16415,29775,9716,9935,14557,22644,12495,33675,447450,262061,29921,6232,167338,12,0,42,29
2021-03-08T23:59:59+01:00,19,21,12842,13895,24017,37022,24558,49859,28629,69334,34924,59766,17608,17573,43472,58954,43764,83294,4145,4348,9781,15817,10629,24224,12880,36055,16288,29510,9634,9853,14063,22038,12181,33236,432012,258895,27915,5841,159737,4,0,42,29
2021-03-07T23:59:59+01:00,19,21,12609,13603,23425,36173,23862,48985,28031,68464,34319,59013,17348,17324,42407,57509,43399,82731,4133,4335,9761,15775,10602,24151,12848,35885,16231,29396,9613,9824,13866,21785,12045,33034,427270,257840,26104,5502,155979,0,0,41,28
2021-03-06T23:59:59+01:00,19,20,12496,13313,23023,35441,23333,48198,26987,66940,33222,57253,16962,16995,41763,56620,43098,82264,4130,4321,9750,15750,10584,24118,12838,35843,16213,29365,9596,9783,13819,21747,11942,32826,423214,257464,26040,5220,148802,0,0,41,27
2021-03-05T23:59:59+01:00,19,20,12086,12712,22343,34239,22652,46969,26232,65316,31991,54836,16319,16165,38304,52318,40942,78822,4103,4274,9680,15650,10535,23971,12770,35648,16127,29160,9501,9714,13634,21534,11579,32222,408038,255777,24590,4384,139759,0,0,41,26
2021-03-04T23:59:59+01:00,17,20,11328,11707,21156,32516,21437,44927,24878,62664,30298,52482,15589,15449,34301,47156,37867,74137,4056,4186,9570,15364,10433,23616,12638,35125,15983,28765,9330,9563,13478,21324,11495,32077,389616,252768,22517,4292,125896,0,0,41,26
2021-03-03T23:59:59+01:00,15,20,11024,11221,20470,31304,20669,43574,23977,60920,29259,50845,15114,14946,31692,43835,34783,69369,4016,4124,9491,15196,10354,23368,12533,34706,15807,28419,9148,9437,13353,21110,11349,31808,374191,250149,21726,4129,117219,0,0,38,24
2021-03-02T23:59:59+01:00,15,20,10761,10797,19827,30338,19956,42560,23196,59538,28290,49572,14487,14299,29019,40464,30900,63155,3968,4053,9429,15033,10286,23105,12432,34278,15706,28113,9023,9335,13216,20922,11273,31663,356025,247764,20219,4128,111042,0,0,38,24
2021-03-01T23:59:59+01:00,13,19,10591,10538,19316,29536,19396,41681,22607,58468,27579,48450,14072,13844,26952,37878,26650,56275,3953,4005,9374,14878,10222,22808,12352,33901,15601,27790,8941,9275,13035,20658,11163,31484,338831,245371,19110,4125,106013,0,0,38,24
2021-02-28T23:59:59+01:00,12,19,10425,10339,18849,28892,18867,40947,22130,57617,27094,47660,13865,13603,26347,37218,26246,55673,3937,3991,9350,14846,10203,22757,12335,33831,15575,27744,8915,9251,12905,20483,11101,31334,336395,244524,18251,4090,101244,0,0,38,24
2021-02-27T23:59:59+01:00,12,18,10246,9825,18520,28025,18609,40163,21846,56636,26766,46867,13588,13301,25680,36414,25325,54255,3925,3981,9329,14826,10171,22709,12296,33749,15533,27671,8894,9235,12896,20467,11097,31328,332490,244176,17529,3987,96162,0,0,38,24
2021-02-26T23:59:59+01:00,11,17,9452,9040,17620,26586,17827,37957,20918,53790,25308,44045,13123,12901,24093,34427,23804,51950,3844,3914,9251,14665,10097,22454,12215,33384,15416,27377,8814,9153,12829,20399,11056,31258,323389,242270,17276,3913,82284,0,0,38,22
2021-02-25T23:59:59+01:00,11,17,8294,8190,16297,24985,16560,35694,19682,50905,23603,41266,12650,12502,22814,32836,22309,49668,3722,3771,9089,14353,9877,21853,11963,32533,15091,26725,8619,9001,12570,20076,10915,30990,315774,238140,16507,3066,66080,0,0,37,21
2021-02-24T23:59:59+01:00,11,16,7929,7669,15643,23949,15931,34457,18967,49394,22812,40067,12254,12167,21511,31339,20630,47044,3650,3705,8949,14062,9703,21401,11765,31910,14829,26190,8480,8864,12429,19903,10850,30779,307540,235377,15543,2147,58783,0,0,37,21
2021-02-23T23:59:59+01:00,11,16,7444,7193,14831,22777,15246,33239,18248,47985,22094,38999,11948,11845,20174,29766,19018,44489,3610,3631,8829,13860,9568,21006,11578,31334,14530,25693,8311,8722,12303,19693,10780,30548,299436,232563,14743,1487,51218,0,0,37,21
2021-02-22T23:59:59+01:00,10,14,7338,6988,14448,22160,14897,32513,17786,46979,21600,38266,11751,11597,19427,28760,17705,42538,3580,3530,8693,13568,9404,20506,11324,30598,14158,25098,8065,8529,12105,19441,10676,30244,293586,229268,14133,304,47132,0,0,36,21
2021-02-21T23:59:59+01:00,10,14,7248,6863,14128,21719,14478,31930,17371,46326,21165,37771,11645,11496,19264,28547,17458,42205,3542,3490,8611,13445,9329,20289,11253,30308,14037,24830,8003,8467,12049,19334,10605,30081,292443,227435,13761,290,43504,0,0,36,21
2021-02-20T23:59:59+01:00,10,14,7131,6813,14003,21639,14362,31796,17252,46176,21007,37590,11546,11414,18486,27630,16403,40736,3540,3484,8601,13437,9319,20268,11239,30283,14024,24819,7998,8458,11985,19271,10552,30014,288197,227056,13564,289,42314,0,0,36,20
2021-02-19T23:59:59+01:00,8,13,6832,6561,13650,21201,13991,31128,16779,45381,20303,36721,10944,11014,17443,26299,15246,39128,3460,3461,8525,13410,9278,20211,11201,30192,13965,24725,7955,8399,11763,18998,10359,29683,281824,225351,13189,288,37695,0,0,33,19
2021-02-18T23:59:59+01:00,8,13,6435,6088,13023,20060,13351,29753,15964,43511,19432,35144,10714,10795,16853,25548,14670,38245,3275,3325,8192,12872,8986,19465,10852,29156,13600,23900,7750,8091,11178,18047,9862,28533,278259,216850,12607,288,28805,0,0,33,19
2021-02-17T23:59:59+01:00,8,12,6270,5745,12578,19180,12863,28561,15265,41788,18785,33819,10489,10544,16097,24734,13893,37055,3026,3165,7853,12359,8685,18678,10482,28113,13209,23050,7518,7855,10622,17198,9424,27717,273588,208719,11876,286,22283,0,0,33,19
2021-02-16T23:59:59+01:00,8,12,5944,5444,12042,18346,12359,27484,14720,40408,18193,32786,10336,10439,15429,23904,13385,36267,2844,3046,7552,11911,8379,17955,10087,27030,12745,22155,7248,7563,9905,16028,8698,26167,270051,199231,11380,132,16136,0,0,31,19
2021-02-15T23:59:59+01:00,8,12,5839,5267,11749,17705,12093,26701,14372,39416,17846,32016,10211,10329,14871,23250,13024,35728,2755,2966,7363,11590,8161,17451,9788,26188,12395,21473,6967,7280,9205,14973,8183,24887,266953,191589,10777,87,12768,0,0,31,18
2021-02-14T23:59:59+01:00,8,12,5572,5153,11501,17433,11871,26265,14138,38971,17655,31739,10166,10278,14637,22911,12859,35334,2705,2928,7249,11426,8034,17246,9613,25857,12217,21172,6872,7157,8985,14589,7995,24353,265952,188362,9842,86,10771,0,0,29,18
2021-02-13T23:59:59+01:00,8,12,5512,5115,11451,17397,11841,26234,14111,38939,17635,31720,10153,10251,14610,22880,12847,35317,2701,2925,7244,11419,8022,17226,9598,25824,12190,21128,6842,7123,8831,14378,7644,23727,265711,186865,9841,8,10544,0,0,28,17
2021-02-12T23:59:59+01:00,8,11,4996,4797,10880,17035,11523,25685,13792,38295,17307,31078,10043,10145,14426,22666,12767,35208,2651,2892,7152,11264,7921,16995,9448,25432,11973,20684,6662,6893,8470,13818,7052,22388,264019,181739,9830,7,6874,0,0,28,17
2021-02-11T23:59:59+01:00,8,10,4534,4499,10294,16355,11111,24878,13313,37034,16817,30219,9729,9886,14145,22218,12487,34525,2483,2619,6554,10077,7234,15264,8591,22824,10926,18609,6016,6181,7427,12203,6237,20069,260796,163358,8190,4,3135,0,0,28,16
2021-02-10T23:59:59+01:00,8,10,4287,4333,9958,15902,10803,24339,13002,36152,16401,29467,9516,9748,13965,22012,12395,34319,2124,2331,5620,8627,6440,13225,7603,19926,9807,16583,5472,5596,6445,10543,5462,18011,258147,143866,7694,2,835,0,0,27,3
2021-02-09T23:59:59+01:00,8,9,4224,4236,9835,15635,10694,23939,12831,35532,16189,28994,9338,9612,13771,21803,12254,34097,1729,1980,4845,7367,5671,11433,6686,17425,8722,14592,4895,4969,5398,8992,4732,15911,255712,125395,6917,1,431,0,0,26,3
2021-02-08T23:59:59+01:00,8,9,4192,4183,9743,15425,10586,23580,12713,35069,16049,28635,9245,9546,13571,21523,12149,33908,1565,1784,4290,6380,5013,9864,5868,14904,7705,12745,4338,4440,4419,7412,3970,13840,253363,108582,6402,1,425,0,0,26,3
2021-02-07T23:59:59+01:00,8,9,4025,4116,9587,15288,10482,23413,12634,34806,15937,28441,9205,9501,13427,21342,12077,33765,1351,1537,3871,5709,4601,8987,5444,13748,7223,11794,4082,4181,4190,7021,3812,13246,252260,100840,5857,1,0,0,0,26,2
2021-02-06T23:59:59+01:00,8,9,4016,4107,9577,15272,10469,23377,12612,34756,15920,28384,9185,9487,13409,21307,11972,33569,1199,1341,3640,5402,4415,8562,5224,13161,6943,11236,3945,4044,4065,6872,3534,12789,251917,96413,5573,1,0,0,0,26,1
2021-02-05T23:59:59+01:00,8,8,3943,4041,9505,15129,10401,23127,12527,34385,15805,28103,9102,9413,13336,21232,11623,32972,1058,1113,3360,4957,4157,7983,4906,12385,6558,10509,3684,3798,3904,6645,3032,11904,250031,89991,4681,0,0,0,0,26,1
2021-02-04T23:59:59+01:00,8,8,3886,3918,9385,14814,10224,22582,12338,33589,15588,27540,8978,9304,13112,20940,11510,32771,794,780,2535,3710,3222,6245,3956,9844,5235,8299,3005,3086,3280,5660,2639,10406,246091,72723,4457,0,0,0,0,25,1
2021-02-03T23:59:59+01:00,8,8,3817,3847,9279,14591,10120,22243,12205,33079,15436,27118,8869,9189,12970,20762,11434,32606,658,612,1914,2799,2489,4825,2991,7564,4005,6256,2198,2225,2397,4198,1912,7800,243345,54865,4289,0,0,0,0,25,1
2021-02-02T23:59:59+01:00,8,8,3751,3754,9179,14398,10024,21862,12061,32515,15234,26662,8746,9075,12848,20553,11349,32339,523,485,1445,2065,1903,3629,2248,5754,2987,4681,1556,1527,1634,2763,1331,5188,240130,39735,4287,0,0,0,0,25,1
2021-02-01T23:59:59+01:00,7,8,3711,3665,9099,14166,9918,21473,11923,31877,15052,26159,8628,8927,12739,20410,11298,32164,389,352,1005,1426,1253,2415,1464,3773,1854,2966,984,972,971,1686,763,3011,236989,25292,4287,0,0,0,0,24,1
2021-01-31T23:59:59+01:00,7,8,3693,3630,9046,14057,9849,21269,11857,31582,14949,25962,8572,8868,12688,20298,11253,32035,359,331,885,1236,1064,2044,1263,3221,1621,2600,886,881,867,1504,692,2706,235502,22166,4173,0,0,0,0,23,1
2021-01-30T23:59:59+01:00,7,8,3693,3627,9036,14045,9835,21247,11844,31562,14937,25948,8568,8863,12630,20236,11204,31972,342,307,826,1153,1007,1921,1199,3032,1546,2463,858,855,848,1464,677,2654,235188,21157,4126,0,0,0,0,23,1
2021-01-29T23:59:59+01:00,7,8,3633,3613,8975,14016,9806,21196,11812,31487,14891,25880,8544,8840,12444,20011,11024,31729,275,224,707,981,863,1561,1045,2643,1335,2138,769,765,799,1409,659,2601,233971,18777,4000,0,0,0,0,20,1
2021-01-28T23:59:59+01:00,7,8,3514,3527,8772,13628,9586,20684,11581,30909,14565,25382,8408,8740,12010,19391,10668,31148,129,57,289,359,376,606,457,1146,607,959,408,423,468,809,377,1572,229187,9043,3396,0,0,0,0,20,1
2021-01-27T23:59:59+01:00,7,8,3283,3392,8479,13213,9285,20064,11199,30075,14178,24645,8192,8528,11461,18588,10243,30386,77,33,200,221,241,411,303,799,428,661,310,309,348,603,283,1150,222488,6377,2789,0,0,0,0,20,1
2021-01-26T23:59:59+01:00,6,8,3116,3295,8198,12877,9022,19494,10894,29319,13782,24018,7956,8307,10883,17674,9596,29234,72,29,185,211,225,377,287,748,397,600,295,284,321,541,257,1020,215781,5849,1948,0,0,0,0,20,1
2021-01-25T23:59:59+01:00,6,8,3029,3200,7917,12396,8731,18787,10508,28317,13301,23255,7673,8108,10264,16858,9140,28333,64,21,165,190,193,321,248,628,345,496,258,240,267,465,209,832,209479,4942,402,0,0,0,0,18,1
2021-01-24T23:59:59+01:00,6,8,2985,3180,7832,12318,8659,18663,10399,28157,13173,23073,7632,8073,10199,16746,9092,28237,63,20,161,186,191,308,245,607,337,482,248,236,265,458,205,817,208181,4829,300,0,0,0,0,18,1
2021-01-23T23:59:59+01:00,6,8,2984,3179,7831,12315,8655,18653,10398,28145,13167,23068,7625,8070,10074,16582,8765,27650,62,20,161,186,190,307,243,607,335,482,248,236,265,458,205,816,206927,4821,298,0,0,0,0,17,1
2021-01-22T23:59:59+01:00,6,8,2922,3133,7708,12203,8572,18514,10288,27975,13087,22953,7595,8037,9876,16280,8247,26626,62,20,160,186,190,307,243,607,334,482,248,236,265,458,205,816,203783,4819,298,0,0,0,0,16,1
2021-01-21T23:59:59+01:00,6,8,2840,2963,7209,11290,8088,17371,9751,26354,12482,21738,7312,7709,9236,15319,7722,25554,56,18,145,172,173,276,218,532,297,442,222,209,234,378,175,685,192702,4232,298,0,0,0,0,16,1
2021-01-20T23:59:59+01:00,6,8,2481,2617,6329,9886,7345,15417,8799,23524,11373,19666,6711,7057,8141,13552,6908,23332,55,18,144,167,170,274,211,518,286,420,210,202,228,353,162,647,172898,4065,295,0,0,0,0,16,1
2021-01-19T23:59:59+01:00,6,8,2039,2260,5431,8506,6483,13525,7779,20735,10102,17427,5954,6173,6753,11358,5886,20276,39,11,95,124,114,170,148,353,187,292,133,115,139,235,113,480,150521,2747,214,0,0,0,0,16,1
2021-01-18T23:59:59+01:00,5,8,1765,1971,4677,7123,5528,11286,6584,17140,8671,14711,5074,5295,5367,9105,4812,16790,21,6,37,46,52,79,65,161,75,147,59,54,66,131,62,221,125853,1281,91,0,0,0,0,16,1
2021-01-17T23:59:59+01:00,4,8,1489,1682,4165,6330,5021,10155,6048,15565,8032,13450,4734,4945,4995,8431,4483,15785,8,2,8,15,15,28,19,51,28,56,23,23,20,31,13,48,115260,387,88,0,0,0,0,15,1
2021-01-16T23:59:59+01:00,4,7,1322,1478,3949,6009,4841,9715,5789,14899,7702,12756,4545,4717,4783,8156,4128,15181,0,0,0,1,1,2,1,1,2,2,0,1,1,0,0,1,110001,12,5,0,0,0,0,14,1
2021-01-15T23:59:59+01:00,4,7,1172,1252,3695,5588,4588,9150,5497,14060,7294,11957,4253,4423,4597,7849,3593,14135,0,0,0,0,0,0,0,0,1,0,0,0,0,0,0,0,103133,0,3,0,0,0,0,14,1
2021-01-14T23:59:59+01:00,3,4,898,939,2949,4402,3724,7335,4554,11320,5899,9613,3456,3557,3864,6628,3109,12325,0,0,0,0,0,0,0,0,1,0,0,0,0,0,0,0,84593,0,0,0,0,0,0,14,1
2021-01-13T23:59:59+01:00,3,3,762,785,2477,3673,3139,6114,3785,9385,4807,7740,2584,2644,2917,5047,2377,9421,0,0,0,0,0,0,0,0,1,0,0,0,0,0,0,0,67674,0,0,0,0,0,0,13,1
2021-01-12T23:59:59+01:00,2,3,632,656,2076,3014,2584,4972,3033,7565,3791,6084,1854,1825,1993,3411,1680,6424,0,0,0,0,0,0,0,0,1,0,0,0,0,0,0,0,51620,0,0,0,0,0,0,0,1
2021-01-11T23:59:59+01:00,1,1,491,523,1734,2441,2075,3972,2349,5754,2815,4416,1192,1130,1196,2001,920,3646,0,0,0,0,0,0,0,0,1,0,0,0,0,0,0,0,36674,0,0,0,0,0,0,0,1
2021-01-10T23:59:59+01:00,1,1,435,453,1476,2016,1734,3252,1939,4769,2339,3698,1051,1006,1051,1756,819,3195,0,0,0,0,0,0,0,0,1,0,0,0,0,0,0,0,31002,0,0,0,0,0,0,0,1
2021-01-09T23:59:59+01:00,1,1,403,409,1353,1840,1589,2962,1786,4322,2154,3367,976,935,992,1702,801,3153,0,0,0,0,0,0,0,0,1,0,0,0,0,0,0,0,28755,0,0,0,0,0,0,0,1
2021-01-08T23:59:59+01:00,1,1,306,281,1106,1498,1311,2296,1470,3544,1784,2753,844,830,904,1579,756,3001,0,0,0,0,0,0,0,0,1,0,0,0,0,0,0,0,24272,0,0,0,0,0,0,0,1
2021-01-07T23:59:59+01:00,1,0,143,76,397,505,476,786,591,1366,777,1201,467,481,561,961,463,1908,0,0,0,0,0,0,0,0,1,0,0,0,0,0,0,0,11161,0,0,0,0,0,0,0,1
2021-01-06T23:59:59+01:00,1,0,108,44,267,283,305,510,395,927,527,822,359,361,424,747,357,1441,0,0,0,0,0,0,0,0,1,0,0,0,0,0,0,0,7879,0,0,0,0,0,0,0,1
2021-01-05T23:59:59+01:00,1,0,84,31,188,229,238,424,317,818,444,703,343,345,407,714,350,1386,0,0,0,0,0,0,0,0,1,0,0,0,0,0,0,0,7023,0,0,0,0,0,0,0,1
2021-01-04T23:59:59+01:00,1,0,66,25,171,192,197,331,253,635,350,511,268,253,286,516,233,928,0,0,0,0,0,0,0,0,1,0,0,0,0,0,0,0,5216,0,0,0,0,0,0,0,1
2021-01-03T23:59:59+01:00,1,0,64,21,165,187,193,317,251,620,342,494,260,251,282,503,231,911,0,0,0,0,0,0,0,0,1,0,0,0,0,0,0,0,5093,0,0,0,0,0,0,0,1
2021-01-02T23:59:59+01:00,1,0,64,21,165,187,193,317,249,620,339,494,260,251,282,503,231,910,0,0,0,0,0,0,0,0,1,0,0,0,0,0,0,0,5087,0,0,0,0,0,0,0,1
2021-01-01T23:59:59+01:00,1,0,63,21,164,187,193,316,249,620,337,492,260,251,282,502,231,910,0,0,0,0,0,0,0,0,1,0,0,0,0,0,0,0,5079,0,0,0,0,0,0,0,1
2020-12-31T23:59:59+01:00,1,0,63,21,164,185,193,315,248,619,336,491,260,251,282,502,231,910,0,0,0,0,0,0,0,0,1,0,0,0,0,0,0,0,5072,0,0,0,0,0,0,0,1
2020-12-30T23:59:59+01:00,1,0,62,21,164,184,191,312,248,617,336,489,260,251,282,502,231,910,0,0,0,0,0,0,0,0,1,0,0,0,0,0,0,0,5061,0,0,0,0,0,0,0,1
2020-12-29T23:59:59+01:00,1,0,45,12,116,140,142,212,181,443,237,375,179,164,194,373,170,710,0,0,0,0,0,0,0,0,1,0,0,0,0,0,0,0,3694,0,0,0,0,0,0,0,1
2020-12-28T23:59:59+01:00,1,0,24,8,64,77,80,122,100,252,118,232,98,93,103,200,103,389,0,0,0,0,0,0,0,0,1,0,0,0,0,0,0,0,2064,0,0,0,0,0,0,0,1
2020-12-27T23:59:59+01:00,0,0,11,3,17,26,36,47,36,89,37,94,32,29,40,73,32,145,0,0,0,0,0,0,0,0,0,0,0,0,0,0,0,0,747,0,0,0,0,0,0,0,0
