Datum,<15_m,<15_w,15-24_1_m,15-24_1_w,25-34_1_m,25-34_1_w,35-44_1_m,35-44_1_w,45-54_1_m,45-54_1_w,55-64_1_m,55-64_1_w,65-74_1_m,65-74_1_w,75-84_1_m,75-84_1_w,>84_1_m,>84_1_w,<24_2_m,<24_2_w,25-34_2_m,25-34_2_w,35-44_2_m,35-44_2_w,45-54_2_m,45-54_2_w,55-64_2_m,55-64_2_w,65-74_2_m,65-74_2_w,75-84_2_m,75-84_2_w,>84_2_m,>84_2_w,bp_1,bp_2,mo_1,mo_2,az_1,az_2,ja,unb_1,unb_2
2021-07-31T23:59:59+02:00,24620,22666,240261,232410,351459,323821,372271,366279,438682,449541,495162,498949,342242,382617,241459,309111,71168,130267,163292,157910,277515,255764,308031,303938,391943,402118,455025,460683,324476,362637,231149,295183,67852,123432,3781508,3217114,509013,449714,805087,732456,197582,512,344
2021-07-30T23:59:59+02:00,24359,22429,239508,231750,350948,323326,371818,365846,438253,449166,494823,498672,342110,382487,241419,309039,71155,130253,159634,154237,274223,252726,305091,301194,389782,400073,453324,459224,324000,362124,230945,294903,67820,123377,3777695,3192462,508665,448532,805073,729689,196133,512,344
2021-07-29T23:59:59+02:00,24027,22098,238023,230527,349829,322293,370891,364971,437434,448415,494043,498070,341790,382190,241288,308870,71124,130199,154879,149871,269103,248744,299385,296583,385539,396688,450351,456889,323185,361303,230645,294506,67761,123287,3770461,3159594,508046,443954,804992,724697,192788,512,344
2021-07-28T23:59:59+02:00,23736,21816,236901,229512,348974,321490,370184,364320,436828,447765,493498,497602,341548,381903,241162,308692,71091,130133,151182,146279,264691,245142,295014,292684,382324,393886,448298,455072,322539,360560,230393,294132,67699,123172,3763952,3129319,507533,442082,804916,722102,190960,511,344
2021-07-27T23:59:59+02:00,23473,21602,235950,228597,348185,320790,369528,363764,436279,447184,493001,497169,341320,381613,241033,308509,71058,130035,146241,141249,258899,240104,289814,288027,378417,390272,445192,452324,321573,359473,230037,293645,67612,123017,3757976,3088538,507011,439831,804861,718420,189448,511,344
2021-07-26T23:59:59+02:00,23243,21372,235006,227656,347439,320116,368953,363235,435749,446712,492563,496819,341098,381379,240907,308357,71035,129978,141954,136914,253422,235397,284713,283636,374051,386429,441730,449357,320634,358519,229716,293179,67541,122881,3752521,3049809,506404,437625,804787,714101,188111,511,344
2021-07-25T23:59:59+02:00,22893,21078,233702,226541,346530,319380,368311,362597,435187,446201,492121,496426,340908,381169,240821,308231,71014,129923,140127,135194,250789,233226,282259,281590,371938,384679,439672,447595,320135,358012,229520,292955,67516,122808,3745723,3035120,506048,435474,804729,709780,186739,511,344
2021-07-24T23:59:59+02:00,22654,20892,232812,225722,345845,318768,367777,362102,434691,445789,491789,496165,340801,381076,240781,308171,71011,129914,137266,132437,248101,230946,279740,279414,369723,382862,438469,446627,319799,357683,229379,292779,67497,122774,3741855,3016963,505291,432488,804722,709444,185098,511,344
2021-07-23T23:59:59+02:00,22249,20520,231359,224448,344561,317873,366762,361272,433847,445024,491114,495659,340574,380816,240697,308060,70990,129879,131850,127638,242803,226704,275332,275679,366084,379715,435853,444452,319106,356971,229129,292473,67443,122694,3734668,2981809,504836,430755,804668,707321,181738,511,343
2021-07-22T23:59:59+02:00,21751,20047,229280,222508,342854,316377,365306,360025,432566,443919,490152,494783,340159,380377,240528,307820,70945,129799,127558,123632,236870,222242,269015,270660,359247,374274,430431,439981,317942,355726,228705,291957,67349,122544,3722491,2940125,503344,424857,804538,701062,179029,511,343
2021-07-21T23:59:59+02:00,21247,19533,227422,220710,341202,314881,363722,358483,431026,442558,488955,493645,339615,379866,240284,307542,70892,129706,123826,120108,231457,218035,263530,266169,351180,367398,425873,436267,316829,354583,228248,291394,67268,122367,3711712,2904934,499687,414065,804320,696307,175776,511,340
2021-07-20T23:59:59+02:00,20946,19258,225980,219272,340000,313744,362775,357627,430186,441793,488252,493019,339283,379509,240144,307324,70865,129619,119540,115922,225165,212914,257744,261028,344109,361327,421202,431980,315751,353337,227840,290813,67174,122186,3702625,2861497,499292,406904,804204,691952,173681,511,340
2021-07-19T23:59:59+02:00,20633,18967,224269,217601,338714,312518,361761,356666,429395,441026,487587,492413,338987,379154,239997,307097,70821,129521,116813,113360,220839,209367,253176,257096,340420,358183,418605,429816,315038,352616,227550,290426,67103,122064,3692207,2836726,498884,401568,804119,687664,172122,511,340
2021-07-18T23:59:59+02:00,20481,18841,223000,216364,337146,311128,360722,355766,428610,440327,487065,491874,338760,378873,239869,306920,70800,129460,115336,111986,218227,207222,250845,255019,338196,356348,416592,428144,314563,352135,227389,290208,67082,121997,3682991,2824586,498355,397311,804046,684002,170818,511,339
2021-07-17T23:59:59+02:00,20090,18421,221860,215318,336580,310594,360143,355264,428104,439885,486657,491589,338659,378758,239828,306868,70797,129450,113280,109905,215779,204936,248404,252841,335792,354227,415155,426888,314233,351745,227254,290041,67059,121958,3677513,2807214,498162,394602,804037,683227,169363,505,338
2021-07-16T23:59:59+02:00,19552,17913,219331,213197,334861,309314,358652,353979,426654,438693,485573,490730,338259,378395,239658,306711,70772,129413,110201,107125,211059,201048,243896,249239,331533,350566,411841,424193,313319,350826,226910,289630,67006,121877,3667410,2779802,497412,392280,803884,679433,163161,505,336
2021-07-15T23:59:59+02:00,18919,17297,216587,210822,332984,307641,357090,352555,425337,437530,484647,489888,337864,377979,239462,306458,70730,129310,106332,103951,202765,194862,236469,243680,324991,345375,404829,417791,311593,349034,226373,288969,66935,121680,3652632,2733646,496822,383943,803773,672062,160080,505,336
2021-07-14T23:59:59+02:00,18084,16578,214194,208531,331316,306132,355709,351228,424137,436349,483633,488943,337417,377522,239227,306149,70676,129225,102752,100652,196347,189735,230795,239046,320727,341921,400673,414190,310296,347728,225973,288413,66856,121526,3637941,2700307,496266,378432,803652,665305,157397,505,335
2021-07-13T23:59:59+02:00,17439,15930,212041,206528,329744,304790,354400,350023,422994,435284,482696,488099,336985,377058,239026,305911,70642,129136,99041,97144,189917,184380,223715,233024,314092,335897,392318,406371,308510,345811,225376,287628,66748,121329,3624367,2657865,495717,365815,803511,655883,155337,505,330
2021-07-12T23:59:59+02:00,16434,15003,208810,203376,327704,303084,352848,348577,421772,434106,481730,487208,336574,376597,238847,305686,70603,129059,95963,94442,184663,180108,216770,227388,307306,329893,387253,402115,306793,343954,224793,286897,66650,121161,3606131,2619801,495173,358720,803361,647518,153559,504,329
2021-07-11T23:59:59+02:00,15930,14536,207474,202120,326977,302379,352198,347970,421224,433618,481293,486875,336387,376399,238787,305584,70582,129019,94549,93163,181912,177813,213790,225119,304634,327753,384442,399746,304336,341341,224417,286429,66598,121063,3600034,2604935,494544,356743,803239,637075,151747,497,325
2021-07-10T23:59:59+02:00,15457,14078,205644,200361,325527,301136,351087,347012,420507,433029,480824,486481,336222,376233,238722,305498,70572,128999,93264,91908,179407,175727,210781,222651,302133,325616,383287,398714,303691,340678,224237,286244,66582,121038,3591545,2588285,493921,356520,803005,635335,149128,497,325
2021-07-09T23:59:59+02:00,15136,13802,203741,198532,323934,299702,350026,346064,419611,432323,480261,486009,336019,376014,238625,305379,70556,128965,90495,89193,175892,172515,206455,218513,297131,321026,379864,395746,302605,339461,223935,285878,66545,120974,3582483,2559430,493067,354471,802815,627766,146541,497,324
2021-07-08T23:59:59+02:00,14681,13381,200287,195583,320650,297055,347677,344101,417916,430885,478839,484950,335588,375577,238448,305135,70513,128889,86220,85454,168680,166895,198365,212141,289798,314945,372960,389574,299920,336561,223163,284950,66428,120716,3567339,2513468,489036,345871,802298,617488,141688,497,324
2021-07-07T23:59:59+02:00,14185,12928,196575,191757,317518,294219,345392,342083,416370,429431,477650,483867,335115,375023,238263,304865,70476,128785,82553,82035,161427,161223,189374,205009,281849,308407,365974,382795,296627,332973,222264,283854,66290,120471,3546261,2465737,487688,332505,801918,607559,138839,497,322
2021-07-06T23:59:59+02:00,13727,12557,193168,188403,314290,291510,342939,339811,414672,427882,476397,482745,334617,374473,238068,304577,70424,128699,79018,78490,154791,155746,182010,198825,272966,300486,359526,376740,293448,329746,221385,282768,66182,120240,3526600,2413552,484646,325590,801502,598088,136414,497,322
2021-07-05T23:59:59+02:00,13332,12223,188802,184194,310279,288206,340451,337515,413018,426351,475265,481684,334145,373958,237895,304335,70391,128615,75976,75694,149701,151685,177266,194713,266089,294251,353443,371221,290189,326309,220506,281657,66074,120071,3503974,2374681,483503,321136,801025,587769,132364,490,322
2021-07-04T23:59:59+02:00,13155,12067,185004,180358,307681,286207,339156,336453,412152,425579,474687,481208,333926,373706,237805,304212,70365,128562,73800,73828,146625,149147,174948,192684,263665,292198,350347,369020,286892,322928,219930,280995,66020,119953,3491918,2360993,482221,318850,800458,576290,127893,490,319
2021-07-03T23:59:59+02:00,11970,11018,178599,174388,303450,282773,336847,334295,410349,423779,473490,480154,333526,373262,237631,303966,70341,128519,72028,72260,144215,147281,172521,190614,260617,289485,348074,367171,285146,320951,219663,280635,65989,119904,3465725,2345341,480826,318656,800272,571815,121736,490,319
2021-07-02T23:59:59+02:00,10877,9935,174902,170943,301062,280587,335116,332606,409109,422595,472719,479473,333267,372947,237515,303784,70313,128471,69349,69597,140321,144022,168118,186603,254590,284077,342878,362480,281903,317237,219025,279865,65941,119820,3447742,2312362,479362,315886,800078,559269,119239,489,292
2021-07-01T23:59:59+02:00,9789,9017,171257,167536,297066,277339,332649,330363,407330,421024,471635,478525,332855,372489,237316,303512,70268,128393,64488,64888,134066,138728,160881,180133,244385,275263,332120,352751,277145,311984,217179,277618,65762,119508,3425420,2256332,477293,303601,799734,541630,116115,489,291
2021-06-30T23:59:59+02:00,9304,8628,168012,164498,291503,272752,329005,327050,405570,419503,470625,477561,332436,372005,237126,303216,70234,128307,61372,62052,128458,134060,154265,174152,234370,266148,318771,339530,271954,306471,215297,275300,65596,119190,3400560,2201516,475155,290833,799432,522887,112385,489,289
2021-06-29T23:59:59+02:00,8769,8108,164241,160754,287014,268527,325468,323766,403484,417438,469092,476159,331852,371371,236878,302864,70180,128198,58597,59083,123538,129676,148271,168649,222559,255492,310248,331200,265516,299300,213335,272849,65394,118845,3373258,2142521,473187,286194,799103,505538,108809,489,285
2021-06-28T23:59:59+02:00,8365,7732,160943,157320,282014,264243,322197,320936,401355,415525,467610,474857,331336,370761,236647,302555,70137,128104,56344,56751,119657,126190,143939,164578,213362,247103,304484,325824,260584,294022,211576,270624,65249,118581,3349533,2106965,469226,277626,798448,489058,105620,489,282
2021-06-27T23:59:59+02:00,8218,7610,159453,155810,279933,262444,320404,319418,399672,414171,466737,474159,331045,370474,236545,302397,70118,128056,55157,55655,117547,124494,141399,162463,209272,243739,301144,322977,256803,290045,209123,267720,65138,118394,3339641,2091632,467171,274164,797409,472994,102633,489,282
2021-06-26T23:59:59+02:00,7071,6517,156200,152492,277842,260568,318008,317192,398491,413029,466040,473452,330775,370190,236439,302239,70094,128026,54615,55076,116222,123357,139991,161236,207039,241744,298624,320582,255275,288396,208790,267312,65111,118324,3320633,2074992,464368,274079,797403,470502,102500,437,234
2021-06-25T23:59:59+02:00,5857,5405,151914,148231,274477,257641,315963,315238,397195,411790,465045,472634,330489,369857,236314,302086,70067,127978,53338,53461,113760,120674,135931,156693,198305,233320,292959,314729,253557,286286,208202,266513,65040,118205,3295834,2032672,462953,272395,797353,463951,102279,437,234
2021-06-24T23:59:59+02:00,5008,4625,147505,144136,269700,253750,311710,311486,395032,409939,463688,471511,330073,369399,236148,301851,70034,127892,50705,50882,108671,115984,128646,150082,186329,222910,281577,304533,248211,280487,206379,264180,64837,117805,3264940,1970896,460970,260691,797187,450273,100625,436,233
2021-06-23T23:59:59+02:00,4790,4419,144360,141044,266027,250626,306500,306707,392548,407613,462294,470199,329547,368785,235919,301541,69986,127789,48783,48809,104898,112095,123004,144433,176481,214284,269663,292603,243619,275694,205048,262486,64676,117445,3237577,1914889,457466,250874,797033,439609,98853,436,232
2021-06-22T23:59:59+02:00,4547,4191,141301,137940,262343,247273,300405,301297,389930,405082,460760,468725,329009,368186,235701,301192,69939,127684,47101,47074,101309,108819,118236,139881,163930,203171,258804,282347,239573,271236,203134,260083,64425,116977,3205738,1856771,455551,243194,796854,428700,97593,434,225
2021-06-21T23:59:59+02:00,4290,3946,138050,135015,257672,243410,295188,296457,386918,402222,459294,467380,328493,367632,235475,300883,69899,127573,45886,45859,98935,106618,115509,137187,157739,197431,251957,275740,234241,265425,199227,255586,64241,116604,3174210,1825966,453526,237701,796639,409006,95650,433,225
2021-06-20T23:59:59+02:00,4149,3828,136549,133526,253521,240018,292656,294248,385533,400919,458511,466641,328274,367355,235364,300750,69879,127511,44775,44952,96709,104847,113257,135221,154724,194904,247676,271703,231251,261910,198241,254338,64160,116479,3157082,1805798,451773,234176,796469,401172,94131,433,223
2021-06-19T23:59:59+02:00,3737,3479,134410,131449,250790,237721,290892,292623,383704,399361,457671,465911,328055,367106,235261,300613,69858,127479,44239,44315,95449,103599,111794,133770,153231,193477,244476,268704,230543,261068,198073,254079,64138,116426,3140871,1789965,448969,232604,796461,400900,94037,433,222
2021-06-18T23:59:59+02:00,2790,2567,131143,128320,247284,234689,286894,289230,381318,397247,456331,464749,327682,366706,235107,300377,69831,127430,43465,43409,93881,101832,109518,131114,149706,189461,237661,261480,228828,259075,197589,253440,64063,116293,3115164,1760863,444549,232086,796436,394226,93764,432,222
2021-06-17T23:59:59+02:00,2557,2344,127447,125061,241293,230269,281695,284861,376549,393276,454019,462927,327097,365989,234867,300022,69765,127318,41244,41592,89843,98375,104646,126384,141871,181811,226312,250138,223647,253165,195943,251291,63804,115874,3080625,1705426,441584,227961,796182,383366,89317,295,211
2021-06-16T23:59:59+02:00,2288,2112,124233,121675,236415,225952,277012,280613,371395,388802,451446,460800,326364,365195,234580,299612,69699,127205,39428,40011,86324,95375,100321,122579,133674,174506,214262,238278,217447,246094,194033,248978,63552,115386,3047284,1645942,436074,222371,795667,375336,86725,293,210
2021-06-15T23:59:59+02:00,1902,1782,119327,116825,230450,220831,271681,275639,366343,384181,448612,458394,325499,364227,234235,299098,69617,127023,37816,38411,83017,92348,96372,118550,126655,168153,201966,226310,211446,239331,192090,246557,63241,114817,3002725,1588919,434158,216557,795103,367699,84027,293,207
2021-06-14T23:59:59+02:00,1641,1512,115288,112681,225246,215936,266325,270674,361078,379445,445501,455813,324718,363375,233923,298709,69555,126903,36841,37524,80753,90276,93684,116054,122566,164433,195399,219840,208349,235840,190961,245089,63024,114430,2960716,1559483,431816,214324,794843,360077,81294,291,206
2021-06-13T23:59:59+02:00,1567,1427,113796,111307,222810,213843,263789,268424,358829,377496,444331,454782,324444,363071,233788,298542,69524,126830,35988,36798,78912,88622,91685,114256,119750,161846,191560,216158,205282,232417,189931,243723,62792,114019,2945766,1545604,429385,207082,794539,351909,79254,291,204
2021-06-12T23:59:59+02:00,1419,1290,111152,108564,220921,212119,262414,267155,357397,376100,443437,454014,324157,362763,233696,298439,69506,126802,35620,36396,77931,87529,90443,112971,118189,160290,188012,212866,204251,231293,188532,242068,62782,113989,2929627,1532526,428409,207073,794520,344539,79132,290,203
2021-06-11T23:59:59+02:00,1272,1153,108619,106060,218041,209507,258754,263978,354270,373379,441724,452542,323722,362313,233562,298233,69479,126747,34952,35288,75936,84177,88221,109455,114104,155163,181347,205453,202165,228931,187931,241301,62720,113892,2905283,1505170,425626,206391,794337,331133,78448,290,201
2021-06-10T23:59:59+02:00,1113,1000,103878,101665,211997,204768,251722,258175,348193,368093,437248,448775,322869,361346,233242,297787,69395,126596,33378,33810,71956,80024,83330,103980,107465,146999,169064,191860,196122,222071,186210,239171,62469,113491,2861783,1458284,418566,204657,793494,304207,74352,288,198
2021-06-09T23:59:59+02:00,965,871,99971,97975,206060,200055,244927,252482,341553,362153,433575,445764,322197,360607,232974,297408,69331,126464,31851,32563,68739,77387,79650,100829,102774,142740,157990,181158,185546,210133,184351,236931,62197,112999,2822921,1404520,410063,200692,792988,292999,69724,249,197
2021-06-08T23:59:59+02:00,783,690,95455,93449,199452,194504,237980,246489,333314,354893,428481,441112,321367,359608,232604,296924,69250,126327,30783,31713,66160,75101,76386,98115,98211,138840,150434,173710,176865,200457,182551,234696,61965,112633,2771086,1365480,404312,195805,792408,282211,65232,249,181
2021-06-07T23:59:59+02:00,625,549,92252,90356,193411,189816,231439,241260,325492,348732,425444,438676,320828,358980,232391,296599,69196,126231,29920,30869,63703,73160,73443,95962,94462,135918,142394,165950,172842,195860,181133,232898,61743,112251,2732196,1338477,398170,192526,791843,271189,60419,246,180
2021-06-06T23:59:59+02:00,587,513,90682,89043,190134,187282,228102,238508,321229,345339,424019,437600,320558,358690,232283,296441,69172,126184,29321,30317,61939,71487,71373,93969,91288,132862,136736,160197,170319,193249,180025,231501,61514,111871,2716841,1326680,390802,182913,791368,260773,57702,244,180
2021-06-05T23:59:59+02:00,508,433,88740,87029,185270,183075,225645,236374,319414,343708,423020,436683,320269,358368,232135,296273,69158,126152,28872,29571,60749,69554,69985,91839,89621,130624,131999,154888,167329,189594,179540,230844,61480,111805,2693428,1303146,390685,182448,791158,255467,57329,243,180
2021-06-04T23:59:59+02:00,408,349,86392,84509,181620,179484,221650,232432,315838,340084,420663,434497,319811,357834,231940,296045,69120,126089,28410,28905,59645,67915,68721,89775,87846,128027,128652,151247,163102,184840,178554,229581,61432,111719,2664240,1284429,386874,181679,791044,245407,56949,243,180
2021-06-03T23:59:59+02:00,315,275,83111,81451,175906,174845,214407,226351,308151,333403,412921,427645,318783,356661,231571,295600,69065,125958,27523,27900,57768,65742,66350,87049,84231,123940,121926,144596,156783,177266,176991,227560,61319,111482,2615430,1255358,376640,176399,790626,232700,54058,241,176
2021-06-02T23:59:59+02:00,267,216,81047,79295,171850,171147,210779,223219,304590,330075,410883,425814,318377,356211,231418,295394,69037,125907,27067,27428,56651,64643,64781,85790,82198,122017,116975,139727,148924,168325,176277,226607,61234,111313,2586777,1223286,375263,174438,790595,229098,53220,239,173
2021-06-01T23:59:59+02:00,171,150,76794,75477,163602,164609,201450,215505,295508,322214,402691,417992,316870,354601,230879,294661,68926,125680,25517,26013,52359,61715,59966,82519,76803,117541,109579,132543,137854,154960,174180,223879,61025,110887,2528210,1173316,363647,170347,789835,217349,46405,237,169
2021-05-31T23:59:59+02:00,150,133,74056,73007,157966,160308,194159,209560,288140,315854,396961,413031,315877,353493,230495,294143,68836,125509,24609,24961,49756,59517,56820,80010,73228,114287,105103,128118,133721,150080,172817,222164,60855,110556,2487855,1150997,354281,168049,789209,206987,40643,236,167
2021-05-30T23:59:59+02:00,139,125,73008,71945,155500,158289,191544,207213,285371,313345,395075,411290,315517,353083,230335,293908,68799,125429,24009,24183,48184,57807,55095,78171,71017,111745,102461,125268,131572,147561,172027,221235,60763,110346,2472050,1141286,351766,166743,788583,195662,37825,236,166
2021-05-29T23:59:59+02:00,136,124,72401,71357,153996,156892,189249,205185,283536,311765,394237,410515,315294,352839,230255,293830,68788,125411,23686,23660,47270,56316,53762,76299,69102,108907,100152,122482,128780,144149,171378,220330,60736,110294,2458187,1127744,351612,166680,788513,185145,37805,236,165
2021-05-28T23:59:59+02:00,131,121,71318,70240,151615,154638,185605,201659,280272,308633,392377,408751,314884,352339,230108,293616,68769,125354,23157,22661,45664,54195,51947,73751,67066,104976,95844,116604,124428,139114,170405,219024,60690,110180,2434428,1105236,350568,166467,788306,170641,37431,235,163
2021-05-27T23:59:59+02:00,120,113,68012,67231,145150,149715,177430,195423,273902,303488,386077,403080,313628,350897,229649,293085,68698,125172,21844,20980,42426,51158,48076,69948,62536,98985,89513,109114,120521,134502,167615,215330,60518,109867,2389952,1076907,342980,163729,786514,150645,31717,235,160
2021-05-26T23:59:59+02:00,116,110,65863,65059,140210,145641,171345,190371,267159,297831,379347,396397,312113,349294,229163,292391,68596,124961,21108,20072,40612,49029,45730,67221,59519,95199,84932,104021,115562,128792,163834,210006,60310,109441,2352752,1045073,329805,162167,784708,139220,28991,232,159
2021-05-25T23:59:59+02:00,115,105,63837,63076,136019,142162,166300,186090,260098,291561,373933,391019,310838,347898,228758,291747,68513,124784,20537,19412,39216,47520,43902,65214,57058,92213,80876,99658,110652,123128,158315,202788,60144,109141,2315293,1013710,322310,158750,782180,130021,27358,229,156
2021-05-24T23:59:59+02:00,112,104,62600,61872,133275,140070,163034,183683,253165,285581,369004,386353,310013,346980,228473,291365,68441,124656,20195,19013,38202,46455,42563,63737,55396,90210,78653,97160,109239,121482,157713,202007,60033,108943,2291593,1004441,311246,157458,780409,123352,25816,229,154
2021-05-23T23:59:59+02:00,107,104,62106,61357,132178,139180,161840,182652,251927,284563,367421,384926,309401,346325,228302,291140,68421,124620,19968,18831,37658,45903,41821,63046,54244,89221,77176,95807,108074,120093,156738,200792,59966,108806,2280128,996343,310671,154407,780361,121770,25691,229,153
2021-05-22T23:59:59+02:00,104,102,61413,60738,130699,138116,159478,181034,248962,282278,364949,382715,308877,345734,228126,290874,68395,124569,19653,18409,37049,45303,41185,62519,53594,88502,76413,94668,106527,118294,155967,199824,59939,108752,2262231,989665,310656,154405,780321,118360,24231,229,153
2021-05-21T23:59:59+02:00,100,98,60085,59303,127803,135530,156209,177723,243744,277521,358867,377036,307944,344646,227829,290478,68335,124462,19294,18044,36437,44536,40536,61472,52648,87110,74702,92370,103297,114353,154834,198377,59847,108577,2226261,976695,309022,154080,778762,111775,23948,221,151
2021-05-20T23:59:59+02:00,92,96,57041,56513,122084,130669,149294,171420,233457,268796,349857,368771,305417,341911,227063,289475,68203,124244,17999,17111,34269,42294,38090,58581,49837,83350,70784,87895,99193,109746,152383,195370,59668,108224,2168417,957496,302381,152143,772823,94158,21056,213,151
2021-05-19T23:59:59+02:00,91,94,54834,54322,117082,125996,142139,164819,222942,259457,339338,357904,302779,339048,226318,288437,68054,123968,17419,16331,33047,40714,36686,56521,47830,80582,67552,84330,95320,105282,148766,190660,59407,107732,2102654,934157,296140,150176,769860,84686,19228,213,138
2021-05-18T23:59:59+02:00,86,89,52744,52365,112302,121743,135777,159257,211394,249100,329486,348127,300115,336086,225443,287241,67902,123714,16903,15733,31848,39260,35344,54735,46030,78193,64678,81114,91333,100766,145582,186609,59196,107297,2042895,914019,286802,147330,766280,76086,17250,210,138
2021-05-17T23:59:59+02:00,83,86,51712,51372,109975,119696,132984,156616,204891,243102,321934,341061,298332,334122,224859,286419,67795,123502,16471,15293,30815,38220,34189,53459,44555,76408,62434,78730,86514,94918,144122,184728,59046,106982,2016157,902414,274561,139877,762885,69462,15192,209,136
2021-05-16T23:59:59+02:00,82,83,50929,50717,108537,118378,131247,154959,201929,240427,314512,334121,297316,332994,224552,285936,67743,123405,16190,14923,30068,37447,33322,52542,43494,75098,61106,77263,83107,90855,143336,183656,58959,106843,2000867,896368,264152,133123,759657,65337,13443,208,132
2021-05-15T23:59:59+02:00,82,83,50392,50084,107541,117392,130238,153851,200002,238497,310956,330921,296697,332307,224356,285666,67723,123341,16052,14761,29815,37143,33035,52112,43008,74454,60263,76283,82512,90043,142823,182990,58923,106796,1984713,891149,264135,132978,758795,64213,12736,207,131
2021-05-14T23:59:59+02:00,81,83,49140,48667,105297,115304,126654,150407,191809,231447,304664,325055,295721,331175,224071,285218,67676,123246,15555,14338,29036,36328,32271,50926,41935,72681,58707,74341,80615,87564,142214,182006,58883,106709,1947571,881554,262438,132115,754254,58803,11697,204,131
2021-05-13T23:59:59+02:00,78,82,47229,46722,101466,112087,121956,146309,181814,222882,294077,315259,292756,327758,223263,284082,67576,123039,14695,13895,28183,35633,31511,50030,40995,71597,57208,72781,76851,83233,139462,178414,58773,106494,1896099,869060,253854,125104,748037,54963,10683,200,130
2021-05-12T23:59:59+02:00,76,80,46319,46020,99554,110664,119903,144656,179276,220776,289353,309945,291594,326495,223021,283762,67538,122954,14530,13744,27866,35417,31110,49741,40554,71224,56671,72215,75520,81619,138687,177290,58687,106334,1873095,863358,251696,123326,747549,54693,9885,197,129
2021-05-11T23:59:59+02:00,72,74,44080,44549,95541,107598,114113,139938,165939,209525,277724,299202,288198,322590,222065,282361,67389,122655,14103,13179,26858,33995,29985,47946,39255,68952,54964,69953,72444,78046,137340,175467,58529,105977,1814351,851152,242016,120647,739064,46827,8419,193,127
2021-05-10T23:59:59+02:00,71,70,42831,43582,92947,105600,110869,137319,157567,202526,269867,292107,286028,320145,221489,281499,67264,122415,13759,12736,26100,33014,29191,46693,38262,67098,53744,68224,70367,75500,136201,173959,58410,105690,1778880,842311,235982,119600,732118,39643,7451,189,121
2021-05-09T23:59:59+02:00,70,70,41715,42814,90277,103860,108223,135557,152568,199114,264363,287188,284793,318765,221113,280970,67198,122269,13447,12520,25410,32348,28464,45891,37474,66139,52804,67275,69140,74099,135608,173129,58355,105559,1759636,837749,228905,118614,726155,34891,6462,188,121
2021-05-08T23:59:59+02:00,69,70,41424,42516,89434,103130,107141,134711,151129,197904,261813,285133,284292,318223,220994,280791,67182,122237,13345,12459,25282,32257,28319,45762,37285,65947,52466,66958,68178,73179,134546,171766,58308,105466,1747680,833168,228397,117872,725932,34115,6449,152,94
2021-05-07T23:59:59+02:00,67,69,40502,41802,87512,101798,104338,132505,146519,194111,255584,279633,282957,316629,220646,280334,67129,122114,12600,11975,24460,31526,27560,44704,36424,64687,51288,65450,65939,70497,132334,168962,58219,105288,1721997,823548,225202,115619,721814,27331,5496,152,93
2021-05-06T23:59:59+02:00,63,68,37862,40085,82772,98349,98366,127770,136361,185620,239167,265247,277842,310851,219359,278649,66954,121798,11914,11459,23525,30423,26567,43357,35071,62690,49554,63486,63459,67383,130236,166208,58106,105070,1656568,812513,215308,112520,710972,18970,4586,146,92
2021-05-05T23:59:59+02:00,61,65,35976,38893,79128,95770,93781,124131,128551,179099,224439,251225,271663,303719,217787,276660,66708,121275,11679,11185,22988,29701,25967,42433,34148,61291,48407,62076,60859,64285,127308,162522,58008,104819,1590450,800287,210251,108971,704960,14985,3514,146,91
2021-05-04T23:59:59+02:00,61,63,34874,37792,76412,93466,90286,121095,122999,174371,213841,240967,266183,297276,216347,274818,66500,120807,11518,10984,22586,29164,25510,41666,33435,60215,47301,60805,58147,61121,124955,159595,57858,104583,1541485,788465,205147,106348,698903,11849,2863,145,89
2021-05-03T23:59:59+02:00,60,61,34009,36741,74132,91654,87413,118752,118560,170737,207196,234971,262909,293415,215549,273735,66379,120512,11276,10714,22195,28589,25032,40969,32753,59250,46281,59668,55374,57790,121198,154713,57601,104146,1509778,772688,202040,104644,693994,9088,1210,143,88
2021-05-02T23:59:59+02:00,60,61,33658,36424,72962,90756,85952,117658,116141,168873,204105,232467,261951,292328,215264,273327,66314,120404,11205,10643,22007,28379,24807,40683,32417,58846,45830,59193,54186,56337,118145,151046,57518,104016,1499202,767698,199254,99110,690138,8189,344,142,86
2021-05-01T23:59:59+02:00,59,61,33344,36053,72202,89966,84884,116620,114683,167519,201029,229438,261262,291508,215055,273046,66303,120366,11191,10628,21954,28349,24748,40645,32356,58789,45747,59118,53945,56046,117986,150850,57509,103999,1484163,766392,199252,99070,689874,8141,340,141,86
2021-04-30T23:59:59+02:00,56,58,32803,35454,70997,88749,83427,114897,110913,163963,193649,222333,259270,289145,214607,272440,66243,120260,10872,10434,21595,28072,24474,40223,32031,58229,45286,58487,53052,54885,117038,149666,57454,103880,1451342,762728,198927,97089,689079,5803,144,140,83
2021-04-29T23:59:59+02:00,54,57,31308,34509,68092,86734,79807,112304,105817,159870,180862,210805,251354,280057,213411,270811,66108,119911,10570,10223,21121,27624,24045,39725,31451,57488,44488,57557,51227,52699,115192,147435,57354,103685,1396602,753930,191651,94417,683722,3500,124,134,81
2021-04-28T23:59:59+02:00,53,55,30075,33899,66230,85430,77329,110491,102400,157022,171195,201646,240517,267477,212132,269125,65911,119583,10387,10064,20825,27274,23683,39256,31031,56837,43764,56736,49114,50089,112618,144211,57231,103473,1344054,744425,188299,89888,678356,2274,94,127,79
2021-04-27T23:59:59+02:00,50,54,29320,33217,64661,83970,75337,108689,99649,154633,166487,196932,232022,257679,210987,267513,65791,119360,10264,9953,20544,26985,23447,38929,30674,56342,43083,56046,47114,47552,109981,140787,57114,103274,1310090,734643,186004,85888,670393,1557,93,125,75
2021-04-26T23:59:59+02:00,49,54,28893,32836,63566,83088,73843,107532,97374,152930,157886,188933,227840,252844,210283,266523,65700,119162,10172,9862,20331,26801,23211,38712,30380,56005,42471,55473,45312,45409,108094,138313,57019,103121,1281225,726708,184566,82805,663683,1177,89,123,73
2021-04-25T23:59:59+02:00,49,53,28643,32599,62792,82568,72785,106803,95649,151710,152515,184070,223512,247970,209694,265746,65635,119041,10117,9828,20252,26727,23125,38631,30269,55881,42311,55314,44899,44912,107416,137406,56991,103051,1268523,725054,178434,81038,655014,1045,87,123,72
2021-04-24T23:59:59+02:00,49,52,28300,32173,61859,81353,71603,105362,94105,150057,147625,178932,220730,244645,209224,265074,65601,118991,10102,9810,20211,26686,23075,38567,30188,55795,42162,55178,44657,44605,107167,137112,56970,103023,1243723,723973,178409,80340,653739,1003,86,123,71
2021-04-23T23:59:59+02:00,47,52,27555,31554,60292,79850,69819,103350,91523,147429,142864,174554,216189,239109,208571,264083,65539,118876,10050,9749,20102,26600,22944,38417,29955,55590,41800,54848,44039,43849,106107,135833,56813,102748,1218931,720634,177232,77870,645226,951,85,121,69
2021-04-22T23:59:59+02:00,45,51,26941,30955,58760,78417,67356,101138,87407,143946,134839,167077,207169,228130,206534,261453,65341,118481,9925,9653,19855,26309,22592,37986,29442,55076,41043,54213,42872,42524,104119,133391,56585,102350,1177474,713195,169801,73926,636898,826,85,117,67
2021-04-21T23:59:59+02:00,45,49,26449,30435,57437,77318,65476,99514,84384,141313,127665,160276,194121,212816,204388,258568,65116,118056,9796,9567,19624,26064,22309,37662,29091,54628,40495,53684,42029,41508,101939,130614,56332,101940,1126101,706684,166925,69857,630536,754,85,110,66
2021-04-20T23:59:59+02:00,44,48,26025,29969,56283,76180,63808,97940,81849,138745,122598,155229,182662,199382,201969,255444,64883,117635,9694,9478,19407,25876,22018,37394,28684,54218,39956,53153,41218,40580,99726,127636,55997,101403,1083600,699171,163441,66610,623788,676,83,108,62
2021-04-19T23:59:59+02:00,44,47,25660,29617,55317,75362,62528,96769,79730,136825,119086,151857,176926,192550,200264,253216,64702,117306,9586,9388,19177,25658,21775,37123,28369,53828,39448,52625,40424,39673,96634,123677,55592,100693,1059135,688854,161617,64196,617193,640,82,103,62
2021-04-18T23:59:59+02:00,43,45,25357,29357,54550,74817,61407,95825,77885,135408,115728,149468,171828,187008,199254,251993,64594,117116,9513,9314,18990,25487,21599,36958,28153,53553,39189,52376,40096,39286,95419,122134,55411,100397,1045213,685005,159952,62266,606650,625,82,103,61
2021-04-17T23:59:59+02:00,42,44,25248,29265,54179,74623,60892,95474,77234,134812,114884,148728,167582,182133,198720,251269,64559,117051,9468,9255,18852,25299,21413,36728,27927,53279,38924,52109,39799,38966,94661,121207,55347,100315,1034350,681005,159924,61952,602596,613,82,103,61
2021-04-16T23:59:59+02:00,42,44,24876,29017,53192,74018,59613,94599,75616,133483,110751,144593,159961,173370,197070,249070,64450,116843,9259,9080,18460,24875,20839,36157,26829,52383,36918,50519,36521,36073,91493,117710,54945,99660,1008503,666082,159139,55085,593097,574,82,102,60
2021-04-15T23:59:59+02:00,38,40,24402,28565,51945,72853,57658,92874,72351,130641,105287,139324,152108,164403,192419,243202,64154,116226,9085,8919,18092,24455,20348,35500,26153,51593,35530,49293,34417,34056,88400,113991,54438,98804,976341,653059,157089,49514,575189,523,81,101,58
2021-04-14T23:59:59+02:00,36,36,24060,28241,51008,71918,56320,91487,69970,128487,101306,135566,142921,154036,184686,233328,63814,115558,8682,8648,17621,23952,19813,34859,25244,50717,34245,48173,32379,31914,85428,110353,53948,97946,938518,638222,154424,45299,559965,425,80,98,57
2021-04-13T23:59:59+02:00,36,36,23823,28027,50315,71380,55380,90667,68337,127083,97587,132137,131103,140933,178300,224996,63474,114970,8448,8478,17279,23549,19394,34329,24583,49923,33180,47164,30999,30560,83295,107989,53592,97404,905326,628973,149915,40914,543473,303,80,96,56
2021-04-12T23:59:59+02:00,35,35,23616,27842,49767,70872,54520,89936,66878,125797,94962,129814,124004,132907,175078,221048,63205,114479,8209,8292,16923,23254,19028,33895,24114,49388,32513,46540,29484,29024,81640,106056,53266,96883,888949,620582,148382,37665,527591,284,80,95,55
2021-04-11T23:59:59+02:00,34,35,23445,27684,49244,70453,53792,89483,65743,124995,93108,128338,118532,126903,171160,216449,63036,114183,8077,8158,16627,22975,18710,33587,23758,49008,32068,46157,28851,28360,80622,104812,53058,96565,881500,615307,143976,35840,511268,269,78,95,54
2021-04-10T23:59:59+02:00,34,35,23384,27627,49078,70320,53593,89327,65418,124728,92585,127904,116451,124379,169722,214601,62995,114083,7492,7556,15737,22192,17754,32748,22638,47977,30958,45164,28192,27648,78532,102207,52791,96129,874523,600015,143124,35461,508747,262,74,95,54
2021-04-09T23:59:59+02:00,33,35,23139,27380,48579,69829,52955,88647,64423,123608,90761,126000,107642,113455,166352,210201,62797,113727,6534,6659,14212,20873,16036,31193,20502,46015,28761,43160,26421,25828,75039,98040,52249,95291,855157,572635,136082,33952,498461,251,67,90,53
2021-04-08T23:59:59+02:00,33,35,22844,27135,48000,69341,52205,87952,63121,122530,88350,123837,97353,101486,160820,203364,62471,113163,5894,6072,13027,19859,14779,29856,18862,44302,26266,40828,23409,22865,70403,92293,51112,93543,836537,541171,127201,32013,480451,216,57,88,53
2021-04-07T23:59:59+02:00,31,34,22534,26911,47203,68887,51283,87344,61738,121553,85222,121406,88184,91209,153830,194590,62177,112602,5514,5751,12371,19186,13967,29029,17820,43251,24362,38934,20877,20346,66458,87536,50120,91930,816190,517758,121618,29539,459081,184,53,87,52
2021-04-06T23:59:59+02:00,30,34,22324,26750,46679,68508,50696,86821,60707,120778,83121,119666,80429,82412,147480,186632,61834,111975,5322,5594,12024,18833,13617,28598,17287,42692,23501,38128,19753,19319,63308,83453,49201,90550,796946,504437,118412,26605,441672,173,49,85,50
2021-04-05T23:59:59+02:00,30,33,22227,26626,46368,68166,50314,86424,60161,120088,81944,118514,75959,77327,142488,180537,61633,111660,5184,5455,11763,18581,13323,28286,16967,42320,23057,37669,19290,18850,60438,79909,48503,89485,787536,495134,116664,23814,426454,168,46,83,50
2021-04-04T23:59:59+02:00,30,33,22179,26566,46248,67899,50145,86111,59882,119588,81437,117883,74522,75622,141788,179561,61596,111578,5181,5449,11748,18568,13312,28270,16949,42303,22959,37597,18883,18527,59004,78065,48298,89174,785005,490356,116561,23812,421264,161,42,80,48
2021-04-03T23:59:59+02:00,30,33,22117,26485,46125,67792,49983,85936,59566,119276,80870,117307,73177,73988,140675,178025,61513,111430,5172,5441,11735,18550,13289,28250,16915,42256,22854,37523,18747,18378,58654,77505,48209,89029,778654,488577,116519,23812,419318,161,41,79,48
2021-04-02T23:59:59+02:00,30,33,22040,26403,45965,67627,49766,85688,59098,118827,79992,116495,71623,72108,138398,175048,61316,111072,5153,5404,11688,18508,13235,28168,16826,42108,22581,37045,18390,18016,56314,74628,47399,87933,769557,480112,114745,23169,417391,161,39,78,46
2021-04-01T23:59:59+02:00,27,31,21843,26199,45548,67108,49123,84949,58223,117888,78112,114828,68366,68685,134323,169882,60998,110507,5009,5262,11417,18246,13012,27935,16504,41800,22081,36605,17575,17274,51489,68613,45725,85479,757930,462127,108667,21802,410210,147,34,76,45
2021-03-31T23:59:59+02:00,27,31,21517,25980,45148,66586,48633,84302,57496,116950,76956,113585,66328,66371,129575,163780,60596,109785,4931,5212,11322,18128,12852,27785,16265,41531,21491,36097,16447,16371,46290,62214,44350,83508,748196,443848,101527,20859,404096,144,30,74,41
2021-03-30T23:59:59+02:00,27,30,21342,25760,44751,65968,48129,83506,56790,115899,75823,112213,64493,64354,125202,158033,60129,108885,4864,5128,11217,18002,12660,27596,15938,41208,20914,35548,15613,15570,43533,58808,43235,81715,738041,431993,97313,19500,396160,115,26,69,40
2021-03-29T23:59:59+02:00,26,30,21145,25521,44292,65418,47654,82817,56056,114825,74601,110779,62010,61614,118475,149401,59359,107492,4767,5059,11112,17891,12509,27430,15691,40889,20458,35080,14961,15031,40950,55830,42130,79897,717539,420817,93895,18826,390260,101,26,69,39
2021-03-28T23:59:59+02:00,26,30,20940,25233,43794,64737,47140,82076,55377,113821,73661,109676,60751,60181,113776,143435,58915,106735,4712,5001,10966,17747,12255,27132,15500,40643,20291,34849,14723,14787,39870,54413,41782,79361,711015,416513,86595,17500,382873,81,26,68,36
2021-03-27T23:59:59+01:00,26,30,20821,25077,43502,64372,46781,81547,54877,113131,72991,108939,59598,59099,112296,141729,58848,106657,4699,4989,10939,17728,12237,27102,15139,40218,19892,34413,14430,14575,39385,53728,41309,78545,705754,412469,85895,16846,378850,75,26,68,36
2021-03-26T23:59:59+01:00,26,29,20569,24565,42700,62672,45815,79525,53544,110117,70982,105332,57591,57225,109550,138498,58522,106143,4681,4956,10915,17676,12168,27010,15061,40109,19553,33822,13963,13926,36325,49899,39254,75305,694398,397997,82591,16628,366593,61,23,67,36
2021-03-25T23:59:59+01:00,26,27,20138,23893,41827,60913,44723,76977,52034,106599,68598,101570,55001,54594,106244,134533,57951,105154,4635,4902,10824,17574,12049,26865,14877,39891,19279,33517,13489,13436,32479,44858,36262,70777,682996,379690,78397,16031,349586,56,21,66,36
2021-03-24T23:59:59+01:00,26,27,19739,23448,41051,59648,43712,75442,50660,104684,66507,99243,52221,51686,101998,129437,57314,104077,4581,4836,10731,17436,11883,26665,14646,39609,18912,33099,13034,12983,29916,41647,33151,65944,670214,364161,73528,14930,337360,50,16,64,36
2021-03-23T23:59:59+01:00,26,27,19493,23149,40491,58741,42993,74356,49630,103175,64856,97390,49935,49345,99243,126227,56755,103238,4522,4766,10631,17312,11737,26485,14402,39299,18496,32713,12532,12477,27487,38554,29491,60054,662115,346637,70187,14342,326951,46,15,62,36
2021-03-22T23:59:59+01:00,26,27,19274,22739,39857,57862,42328,73320,48686,101793,63384,95762,48107,47464,96847,123483,56283,102466,4464,4719,10545,17198,11607,26309,14245,39060,18257,32412,12222,12104,25656,36207,25548,53690,655836,330474,67382,13790,316673,43,15,61,35
2021-03-21T23:59:59+01:00,26,27,19137,22480,39366,57109,41780,72476,48034,100640,62442,94535,47064,46441,95204,121633,55914,101887,4450,4711,10509,17151,11562,26223,14185,38970,18177,32313,12103,11973,25228,35760,25194,53132,653271,328286,65355,13376,307749,43,14,60,35
2021-03-20T23:59:59+01:00,25,27,19077,22335,39156,56615,41542,71918,47723,100003,62005,93935,46414,45675,92608,118404,55629,101401,4441,4704,10500,17139,11535,26207,14142,38934,18095,32239,11944,11812,24589,34986,24432,52048,646819,324581,64908,13187,302943,43,14,60,35
2021-03-19T23:59:59+01:00,25,26,18724,21771,38024,54497,40265,69927,45991,97918,59132,91178,41985,41812,87401,112648,54929,100321,4421,4691,10467,17092,11471,26096,14052,38765,17860,31941,11592,11535,22923,32930,22753,49490,629096,315281,57716,12825,289938,36,14,58,35
2021-03-18T23:59:59+01:00,25,25,18331,21127,36852,52345,38725,67140,43840,93456,55289,85388,37959,38017,82676,107173,53842,98662,4401,4663,10399,16989,11393,25943,13903,38576,17643,31739,11360,11354,21678,31417,21042,46893,612187,307208,51979,12215,266876,33,14,58,34
2021-03-17T23:59:59+01:00,25,24,17912,20777,36127,51430,37962,66188,42760,92103,53503,83563,35292,35237,78656,102353,52898,97189,4378,4639,10337,16896,11321,25810,13790,38389,17445,31548,11123,11132,20440,30008,19453,44495,595553,299724,47585,11510,261027,30,14,57,34
2021-03-16T23:59:59+01:00,24,24,17556,20359,35383,50363,37148,64996,41665,90436,51667,81576,33090,33222,74639,97428,52018,95875,4328,4590,10264,16769,11230,25660,13692,38153,17310,31305,10953,10955,19161,28494,17972,42174,582331,291965,42900,11076,252401,29,11,56,34
2021-03-15T23:59:59+01:00,24,24,17278,19995,34678,49385,36360,63804,40762,88956,50408,79978,31372,31386,71359,93341,51321,94743,4306,4556,10198,16646,11164,25459,13578,37866,17161,31033,10786,10797,18431,27531,16715,40315,571222,286157,39578,10428,244545,28,0,55,34
2021-03-14T23:59:59+01:00,24,23,17010,19568,33827,48176,35461,62486,39707,87130,49155,78255,30210,30155,69366,90780,50876,94067,4281,4537,10153,16569,11107,25317,13518,37644,17071,30869,10715,10713,18249,27250,16453,39755,564119,284961,37702,9294,234626,17,0,51,34
2021-03-13T23:59:59+01:00,24,23,16201,18514,32336,46152,33889,60362,37673,84076,47031,75718,28863,28806,67352,88159,50607,93676,4281,4537,10151,16564,11104,25310,13509,37637,17065,30860,10678,10680,17503,26365,15408,38303,547775,280714,37417,9293,224428,17,0,51,34
2021-03-12T23:59:59+01:00,23,23,15100,17138,29896,43505,31224,57222,34812,79222,43824,71259,26031,25618,63049,82859,49628,92274,4269,4504,10133,16502,11086,25259,13463,37520,16974,30729,10401,10453,16623,25122,14339,36784,519778,274931,36106,9282,206975,14,0,49,33
2021-03-11T23:59:59+01:00,22,23,14063,15678,27653,40816,28906,54036,32226,74834,40072,66368,22633,22143,57045,75550,47699,89435,4228,4465,10052,16384,10976,25034,13346,37210,16809,30425,10100,10241,15989,24284,13671,35512,487770,270938,34517,7844,187053,11,0,47,32
2021-03-10T23:59:59+01:00,22,22,13467,14981,26246,39203,27260,52214,30665,72518,37559,63245,19888,19593,51131,68414,46148,87097,4194,4421,9953,16217,10858,24785,13199,36792,16609,30053,9864,10059,15245,23511,13012,34487,461374,266214,32472,7101,175963,9,0,46,32
2021-03-09T23:59:59+01:00,21,21,13184,14516,25126,38165,25846,51030,29602,70865,36180,61413,18710,18472,47624,63977,45023,85309,4170,4395,9869,16051,10755,24526,13046,36476,16435,29817,9741,9957,14584,22675,12517,33713,447783,262515,29949,6269,167475,9,0,46,30
2021-03-08T23:59:59+01:00,20,21,12853,13915,24044,37059,24579,49892,28665,69381,34949,59795,17632,17594,43509,58992,43795,83326,4155,4360,9808,15853,10653,24268,12913,36120,16308,29553,9659,9874,14091,22069,12203,33274,432337,259344,27943,5878,159862,4,0,45,30
2021-03-07T23:59:59+01:00,20,21,12620,13623,23450,36209,23883,49017,28067,68510,34341,59040,17371,17344,42443,57544,43428,82763,4143,4347,9788,15811,10626,24195,12881,35950,16251,29439,9637,9845,13893,21816,12067,33072,427582,258288,26130,5538,156100,0,0,44,29
2021-03-06T23:59:59+01:00,20,20,12507,13332,23048,35476,23354,48230,27021,66984,33243,57278,16985,17015,41798,56655,43127,82296,4140,4333,9777,15785,10608,24161,12871,35908,16233,29408,9620,9804,13846,21778,11964,32862,423523,257910,26066,5254,148916,0,0,44,28
2021-03-05T23:59:59+01:00,20,20,12096,12731,22367,34272,22672,47000,26265,65355,32011,54859,16340,16184,38338,52352,40971,78854,4113,4286,9707,15685,10558,24013,12803,35713,16147,29202,9524,9735,13660,21564,11594,32251,408343,256215,24615,4406,139858,0,0,44,27
2021-03-04T23:59:59+01:00,18,20,11337,11726,21180,32546,21454,44956,24910,62705,30316,52504,15610,15467,34335,47188,37893,74166,4064,4197,9594,15396,10456,23656,12670,35184,16002,28805,9350,9582,13503,21354,11510,32106,389910,253181,22542,4314,125986,0,0,44,25
2021-03-03T23:59:59+01:00,16,20,11032,11238,20492,31332,20683,43599,24006,60955,29275,50865,15135,14965,31726,43866,34808,69399,4024,4135,9515,15227,10377,23406,12564,34764,15826,28459,9168,9456,13378,21140,11364,31836,374482,250556,21749,4151,117287,0,0,41,23
2021-03-02T23:59:59+01:00,16,20,10769,10814,19847,30367,19970,42581,23222,59570,28303,49592,14508,14318,29050,40495,30923,63181,3976,4064,9453,15063,10309,23142,12463,34333,15725,28153,9043,9354,13240,20952,11287,31691,356304,248164,20239,4150,111103,0,0,40,23
2021-03-01T23:59:59+01:00,14,19,10598,10556,19336,29565,19410,41701,22633,58500,27591,48469,14093,13863,26980,37906,26669,56298,3961,4015,9398,14908,10245,22843,12383,33956,15619,27830,8961,9294,13057,20684,11172,31508,339095,245752,19130,4147,106073,0,0,40,23
2021-02-28T23:59:59+01:00,13,19,10432,10357,18869,28920,18879,40966,22156,57649,27106,47679,13886,13622,26372,37246,26264,55696,3945,4001,9374,14876,10226,22792,12366,33886,15593,27784,8935,9270,12926,20506,11109,31358,336653,244900,18270,4112,101303,0,0,40,23
2021-02-27T23:59:59+01:00,13,18,10253,9842,18540,28053,18621,40182,21871,56667,26778,46887,13610,13321,25705,36442,25342,54278,3933,3990,9353,14856,10194,22744,12327,33804,15550,27711,8913,9254,12917,20490,11105,31352,332748,244550,17548,4008,96220,0,0,40,23
2021-02-26T23:59:59+01:00,12,17,9457,9057,17639,26614,17840,37975,20943,53818,25319,44063,13144,12920,24117,34455,23819,51972,3852,3922,9275,14695,10120,22489,12246,33439,15433,27417,8833,9172,12850,20422,11064,31282,323638,242643,17295,3934,82336,0,0,40,21
2021-02-25T23:59:59+01:00,12,17,8298,8207,16317,25011,16572,35713,19705,50933,23611,41283,12671,12521,22838,32862,22324,49690,3730,3779,9113,14383,9900,21886,11993,32587,15108,26764,8637,9020,12590,20098,10923,31014,316022,238511,16524,3081,66125,0,0,39,20
2021-02-24T23:59:59+01:00,11,16,7933,7685,15662,23975,15943,34476,18990,49420,22820,40085,12275,12185,21532,31364,20644,47063,3658,3712,8973,14092,9724,21434,11793,31962,14845,26229,8496,8883,12448,19925,10858,30803,307778,235743,15559,2156,58826,0,0,39,20
2021-02-23T23:59:59+01:00,11,16,7449,7209,14849,22800,15258,33258,18270,48010,22102,39016,11968,11861,20195,29790,19030,44507,3618,3637,8853,13890,9588,21038,11606,31386,14546,25729,8327,8741,12321,19715,10788,30572,299667,232923,14758,1495,51255,0,0,39,20
2021-02-22T23:59:59+01:00,10,14,7342,7004,14466,22183,14908,32531,17808,47004,21608,38283,11771,11612,19448,28783,17716,42554,3588,3535,8715,13598,9424,20537,11352,30647,14174,25133,8080,8548,12122,19463,10684,30269,293813,229620,14148,311,47165,0,0,38,20
2021-02-21T23:59:59+01:00,10,14,7252,6879,14145,21742,14489,31948,17393,46352,21172,37789,11665,11511,19285,28570,17469,42221,3550,3495,8633,13475,9349,20321,11281,30356,14053,24864,8018,8486,12066,19356,10613,30106,292671,227786,13776,297,43536,0,0,38,20
2021-02-20T23:59:59+01:00,10,14,7135,6829,14020,21662,14373,31814,17274,46202,21014,37608,11566,11429,18505,27653,16413,40751,3548,3489,8623,13467,9339,20300,11267,30331,14040,24853,8013,8477,12001,19292,10559,30038,288421,227403,13579,296,42346,0,0,38,19
2021-02-19T23:59:59+01:00,8,13,6835,6577,13667,21223,14002,31146,16800,45406,20309,36739,10964,11028,17462,26321,15256,39143,3468,3466,8547,13440,9297,20243,11229,30240,13981,24759,7970,8417,11778,19019,10366,29707,282043,225695,13204,295,37725,0,0,35,18
2021-02-18T23:59:59+01:00,8,13,6438,6102,13040,20080,13362,29771,15984,43535,19437,35161,10734,10809,16871,25568,14679,38260,3283,3330,8214,12900,9005,19496,10879,29203,13616,23932,7765,8108,11192,18068,9869,28557,278470,217185,12622,295,28831,0,0,35,18
2021-02-17T23:59:59+01:00,8,12,6273,5759,12594,19199,12874,28580,15284,41812,18790,33835,10507,10558,16115,24754,13902,37070,3034,3170,7874,12386,8704,18707,10509,28160,13225,23082,7532,7873,10635,17217,9431,27739,273800,209044,11891,293,22302,0,0,35,18
2021-02-16T23:59:59+01:00,8,12,5947,5458,12057,18365,12370,27505,14739,40433,18198,32801,10354,10453,15447,23923,13394,36281,2851,3050,7573,11937,8398,17983,10112,27072,12760,22187,7261,7580,9918,16046,8705,26189,270267,199542,11395,138,16150,0,0,33,18
2021-02-15T23:59:59+01:00,8,12,5842,5281,11763,17723,12104,26721,14391,39441,17850,32031,10229,10342,14887,23269,13033,35742,2762,2970,7382,11615,8179,17478,9813,26229,12410,21504,6980,7296,9218,14991,8190,24908,267167,191892,10792,92,12777,0,0,33,17
2021-02-14T23:59:59+01:00,8,12,5574,5166,11515,17451,11881,26285,14157,38995,17659,31754,10184,10291,14653,22930,12868,35348,2712,2932,7268,11451,8050,17272,9638,25898,12232,21203,6885,7173,8998,14607,8002,24374,266166,188662,9856,91,10777,0,0,31,17
2021-02-13T23:59:59+01:00,8,12,5514,5128,11465,17415,11851,26254,14129,38963,17639,31735,10171,10264,14626,22899,12856,35331,2708,2929,7263,11444,8038,17252,9623,25864,12205,21160,6855,7139,8844,14395,7650,23748,265925,187162,9855,13,10549,0,0,30,16
2021-02-12T23:59:59+01:00,8,11,4998,4810,10894,17053,11533,25703,13810,38319,17311,31093,10060,10157,14442,22685,12776,35222,2658,2896,7169,11288,7937,17021,9473,25472,11988,20716,6674,6907,8483,13834,7058,22409,264229,182029,9844,12,6879,0,0,30,16
2021-02-11T23:59:59+01:00,8,10,4536,4509,10307,16372,11121,24895,13330,37056,16821,30233,9745,9896,14160,22237,12496,34539,2490,2622,6570,10099,7250,15288,8615,22862,10941,18639,6024,6194,7439,12219,6243,20089,260998,163630,8203,9,3137,0,0,28,15
2021-02-10T23:59:59+01:00,8,10,4290,4342,9970,15920,10812,24355,13018,36173,16405,29481,9531,9758,13979,22031,12404,34333,2129,2331,5635,8644,6450,13248,7626,19957,9819,16610,5479,5608,6456,10559,5468,18031,258348,144103,7704,7,835,0,0,27,2
2021-02-09T23:59:59+01:00,8,9,4227,4244,9847,15653,10703,23954,12847,35551,16192,29008,9353,9622,13784,21822,12262,34111,1733,1979,4858,7378,5678,11454,6705,17451,8732,14617,4902,4979,5407,9007,4738,15930,255907,125602,6926,1,431,0,0,26,2
2021-02-08T23:59:59+01:00,8,9,4193,4189,9754,15441,10595,23596,12729,35090,16052,28650,9261,9555,13582,21539,12153,33918,1569,1784,4301,6388,5018,9882,5885,14927,7713,12767,4343,4447,4424,7422,3975,13855,253542,108749,6411,1,425,0,0,26,2
2021-02-07T23:59:59+01:00,8,9,4028,4122,9598,15304,10492,23430,12650,34827,15940,28458,9220,9510,13437,21356,12080,33775,1354,1537,3882,5716,4605,9004,5461,13768,7230,11810,4087,4187,4194,7029,3815,13261,252441,100987,5865,1,0,0,0,26,1
2021-02-06T23:59:59+01:00,8,9,4019,4113,9588,15288,10479,23394,12628,34777,15923,28401,9200,9496,13419,21321,11975,33578,1202,1341,3649,5409,4419,8579,5241,13180,6950,11252,3950,4050,4069,6880,3537,12804,252098,96557,5580,1,0,0,0,26,0
2021-02-05T23:59:59+01:00,8,8,3946,4046,9516,15145,10411,23144,12543,34407,15808,28120,9116,9422,13346,21246,11626,32981,1061,1113,3369,4964,4161,8000,4923,12403,6564,10524,3689,3804,3908,6653,3035,11919,250211,90132,4688,0,0,0,0,26,0
2021-02-04T23:59:59+01:00,8,8,3889,3923,9396,14831,10234,22597,12356,33611,15591,27558,8992,9313,13122,20953,11513,32780,797,780,2544,3715,3225,6259,3971,9860,5240,8312,3008,3092,3283,5668,2643,10421,246272,72849,4464,0,0,0,0,25,0
2021-02-03T23:59:59+01:00,8,8,3820,3852,9291,14608,10130,22262,12223,33101,15440,27138,8883,9198,12981,20775,11437,32615,661,612,1922,2801,2491,4832,3001,7574,4009,6267,2200,2228,2399,4204,1916,7814,243535,54957,4296,0,0,0,0,25,0
2021-02-02T23:59:59+01:00,8,8,3754,3757,9191,14415,10033,21882,12080,32537,15238,26684,8759,9084,12858,20565,11354,32349,525,485,1453,2067,1904,3633,2257,5762,2990,4687,1557,1530,1636,2769,1333,5201,240321,39807,4294,0,0,0,0,25,0
2021-02-01T23:59:59+01:00,7,8,3714,3667,9111,14184,9927,21494,11943,31899,15056,26181,8641,8936,12749,20422,11303,32174,391,352,1012,1429,1254,2417,1469,3777,1855,2968,984,972,970,1689,765,3013,237182,25326,4294,0,0,0,0,24,0
2021-01-31T23:59:59+01:00,7,8,3696,3632,9058,14075,9858,21290,11877,31603,14953,25983,8585,8877,12698,20311,11258,32045,361,331,892,1239,1065,2045,1267,3225,1622,2602,886,881,866,1506,694,2707,235694,22196,4180,0,0,0,0,23,0
2021-01-30T23:59:59+01:00,7,8,3696,3629,9048,14062,9844,21268,11864,31583,14941,25969,8581,8872,12639,20248,11208,31981,344,307,832,1155,1008,1922,1203,3035,1547,2465,858,855,847,1466,679,2654,235375,21183,4133,0,0,0,0,23,0
2021-01-29T23:59:59+01:00,7,8,3636,3614,8987,14033,9815,21217,11832,31508,14894,25901,8557,8849,12452,20023,11028,31738,277,224,712,983,864,1562,1048,2646,1336,2140,769,765,798,1411,661,2601,234156,18801,4006,0,0,0,0,20,0
2021-01-28T23:59:59+01:00,7,8,3517,3528,8783,13646,9595,20705,11601,30929,14568,25402,8420,8748,12017,19403,10672,31157,131,57,293,360,376,606,458,1149,607,960,407,423,467,811,378,1571,229370,9056,3399,0,0,0,0,20,0
2021-01-27T23:59:59+01:00,7,8,3286,3393,8490,13231,9294,20083,11219,30094,14181,24665,8204,8537,11467,18598,10247,30394,79,33,203,222,242,411,304,802,428,662,309,309,347,605,284,1149,222665,6390,2791,0,0,0,0,20,0
2021-01-26T23:59:59+01:00,6,8,3120,3296,8209,12894,9031,19513,10914,29337,13784,24037,7968,8316,10889,17684,9600,29242,74,29,188,212,226,377,288,751,397,601,294,284,320,542,258,1019,215955,5861,1950,0,0,0,0,20,0
2021-01-25T23:59:59+01:00,6,8,3033,3201,7928,12412,8740,18807,10528,28335,13304,23275,7685,8117,10271,16868,9144,28341,66,21,168,191,194,321,249,631,345,497,257,240,266,465,210,831,209655,4953,405,0,0,0,0,18,0
2021-01-24T23:59:59+01:00,6,8,2989,3181,7843,12334,8666,18682,10419,28175,13176,23093,7643,8082,10206,16756,9096,28245,65,20,164,187,192,308,246,610,337,483,248,236,264,458,206,816,208353,4841,303,0,0,0,0,18,0
2021-01-23T23:59:59+01:00,6,8,2988,3180,7842,12331,8662,18672,10418,28162,13170,23088,7636,8079,10082,16591,8768,27658,64,20,164,187,191,307,244,610,335,483,248,236,264,458,206,815,207097,4833,301,0,0,0,0,17,0
2021-01-22T23:59:59+01:00,6,8,2926,3134,7718,12218,8579,18532,10308,27992,13090,22973,7606,8046,9884,16289,8250,26634,64,20,163,187,191,307,244,610,334,483,248,236,264,458,206,815,203950,4831,301,0,0,0,0,16,0
2021-01-21T23:59:59+01:00,6,8,2844,2964,7219,11305,8095,17387,9771,26370,12485,21757,7321,7718,9244,15328,7725,25562,58,18,148,173,174,276,219,534,297,443,222,209,233,378,176,684,192863,4243,301,0,0,0,0,16,0
2021-01-20T23:59:59+01:00,6,8,2485,2617,6338,9897,7350,15434,8818,23541,11375,19685,6720,7066,8149,13561,6911,23340,56,18,147,168,171,274,212,520,286,421,210,202,227,353,162,646,173051,4074,298,0,0,0,0,16,0
2021-01-19T23:59:59+01:00,6,8,2043,2261,5439,8514,6486,13542,7797,20750,10103,17445,5963,6181,6760,11368,5889,20284,40,11,98,124,115,170,149,356,187,293,133,115,139,235,113,479,150663,2757,217,0,0,0,0,16,0
2021-01-18T23:59:59+01:00,5,8,1770,1972,4684,7132,5531,11302,6599,17156,8674,14730,5080,5299,5374,9114,4815,16797,21,6,38,46,52,79,65,162,74,147,59,54,66,131,62,220,125986,1282,93,0,0,0,0,16,0
2021-01-17T23:59:59+01:00,4,8,1493,1682,4171,6338,5023,10170,6063,15581,8035,13465,4740,4950,5002,8441,4486,15791,8,2,8,15,15,28,19,51,27,56,23,23,20,31,13,47,115385,386,89,0,0,0,0,15,0
2021-01-16T23:59:59+01:00,4,7,1326,1479,3954,6017,4843,9730,5804,14915,7705,12772,4551,4722,4790,8165,4131,15187,0,0,0,1,1,2,1,1,1,2,0,1,1,0,0,1,110125,12,6,0,0,0,0,14,0
2021-01-15T23:59:59+01:00,4,7,1175,1253,3700,5596,4590,9165,5512,14076,7297,11973,4259,4428,4604,7858,3596,14141,0,0,0,0,0,0,0,0,0,0,0,0,0,0,0,0,103256,0,4,0,0,0,0,14,0
2021-01-14T23:59:59+01:00,3,4,901,940,2954,4408,3726,7349,4568,11333,5901,9628,3458,3559,3866,6633,3112,12329,0,0,0,0,0,0,0,0,0,0,0,0,0,0,0,0,84689,0,0,0,0,0,0,14,0
2021-01-13T23:59:59+01:00,3,3,765,786,2482,3677,3141,6126,3795,9395,4809,7754,2585,2646,2920,5051,2380,9425,0,0,0,0,0,0,0,0,0,0,0,0,0,0,0,0,67756,0,0,0,0,0,0,13,0
2021-01-12T23:59:59+01:00,2,3,634,656,2081,3017,2586,4978,3039,7574,3792,6093,1855,1827,1994,3416,1682,6429,0,0,0,0,0,0,0,0,0,0,0,0,0,0,0,0,51680,0,0,0,0,0,0,0,0
2021-01-11T23:59:59+01:00,1,1,493,522,1737,2444,2077,3976,2354,5758,2816,4422,1193,1130,1196,2003,922,3648,0,0,0,0,0,0,0,0,0,0,0,0,0,0,0,0,36711,0,0,0,0,0,0,0,0
2021-01-10T23:59:59+01:00,1,1,437,453,1479,2020,1736,3255,1944,4773,2340,3704,1052,1006,1051,1757,821,3196,0,0,0,0,0,0,0,0,0,0,0,0,0,0,0,0,31037,0,0,0,0,0,0,0,0
2021-01-09T23:59:59+01:00,1,1,405,409,1355,1843,1591,2965,1790,4324,2155,3373,977,935,992,1703,803,3153,0,0,0,0,0,0,0,0,0,0,0,0,0,0,0,0,28784,0,0,0,0,0,0,0,0
2021-01-08T23:59:59+01:00,1,1,308,281,1107,1501,1313,2296,1472,3546,1785,2756,844,830,904,1580,757,3000,0,0,0,0,0,0,0,0,0,0,0,0,0,0,0,0,24289,0,0,0,0,0,0,0,0
2021-01-07T23:59:59+01:00,1,0,145,76,398,507,477,786,593,1368,778,1203,467,481,560,961,464,1907,0,0,0,0,0,0,0,0,0,0,0,0,0,0,0,0,11173,0,0,0,0,0,0,0,0
2021-01-06T23:59:59+01:00,1,0,110,44,268,285,306,510,397,928,528,823,359,361,423,747,358,1440,0,0,0,0,0,0,0,0,0,0,0,0,0,0,0,0,7889,0,0,0,0,0,0,0,0
2021-01-05T23:59:59+01:00,1,0,86,31,189,230,239,424,319,819,445,704,343,345,406,714,351,1385,0,0,0,0,0,0,0,0,0,0,0,0,0,0,0,0,7032,0,0,0,0,0,0,0,0
2021-01-04T23:59:59+01:00,1,0,68,25,172,193,198,331,255,636,351,512,268,253,286,516,234,927,0,0,0,0,0,0,0,0,0,0,0,0,0,0,0,0,5226,0,0,0,0,0,0,0,0
2021-01-03T23:59:59+01:00,1,0,66,21,166,188,194,317,253,621,343,495,260,251,282,503,232,910,0,0,0,0,0,0,0,0,0,0,0,0,0,0,0,0,5103,0,0,0,0,0,0,0,0
2021-01-02T23:59:59+01:00,1,0,66,21,166,188,194,317,250,621,340,495,260,251,282,503,232,909,0,0,0,0,0,0,0,0,0,0,0,0,0,0,0,0,5096,0,0,0,0,0,0,0,0
2021-01-01T23:59:59+01:00,1,0,65,21,165,188,194,316,250,621,338,493,260,251,282,502,232,909,0,0,0,0,0,0,0,0,0,0,0,0,0,0,0,0,5088,0,0,0,0,0,0,0,0
2020-12-31T23:59:59+01:00,1,0,65,21,165,186,194,315,249,620,337,492,260,251,282,502,232,909,0,0,0,0,0,0,0,0,0,0,0,0,0,0,0,0,5081,0,0,0,0,0,0,0,0
2020-12-30T23:59:59+01:00,1,0,64,21,165,185,192,312,249,618,337,490,260,251,282,502,231,909,0,0,0,0,0,0,0,0,0,0,0,0,0,0,0,0,5069,0,0,0,0,0,0,0,0
2020-12-29T23:59:59+01:00,1,0,45,12,117,140,143,212,181,443,237,376,179,164,194,373,170,709,0,0,0,0,0,0,0,0,0,0,0,0,0,0,0,0,3696,0,0,0,0,0,0,0,0
2020-12-28T23:59:59+01:00,1,0,24,8,64,77,80,122,100,252,118,232,98,93,103,200,103,388,0,0,0,0,0,0,0,0,0,0,0,0,0,0,0,0,2063,0,0,0,0,0,0,0,0
2020-12-27T23:59:59+01:00,0,0,11,3,17,26,36,47,36,89,37,94,32,29,40,73,32,145,0,0,0,0,0,0,0,0,0,0,0,0,0,0,0,0,747,0,0,0,0,0,0,0,0
