Datum,<15_m,<15_w,15-24_1_m,15-24_1_w,25-34_1_m,25-34_1_w,35-44_1_m,35-44_1_w,45-54_1_m,45-54_1_w,55-64_1_m,55-64_1_w,65-74_1_m,65-74_1_w,75-84_1_m,75-84_1_w,>84_1_m,>84_1_w,<24_2_m,<24_2_w,25-34_2_m,25-34_2_w,35-44_2_m,35-44_2_w,45-54_2_m,45-54_2_w,55-64_2_m,55-64_2_w,65-74_2_m,65-74_2_w,75-84_2_m,75-84_2_w,>84_2_m,>84_2_w,bp_1,bp_2,mo_1,mo_2,az_1,az_2,ja,unb_1,unb_2
2021-07-17T23:59:59+02:00,19901,18260,220431,214102,335020,309343,358768,354145,426805,438855,485647,490766,338163,378258,239586,306615,70737,129354,112086,108973,213354,203116,246618,251347,333920,352566,412735,424947,313247,350591,226691,289385,66924,121753,3668111,2794795,496515,392418,802670,678123,167509,544,502
2021-07-16T23:59:59+02:00,19389,17781,218172,212189,333473,308205,357438,352970,425510,437772,484663,489983,337805,377936,239443,306468,70716,129323,109398,106522,209836,200096,242690,248145,330111,349316,410325,422919,312454,349854,226447,289076,66884,121692,3658599,2771491,496330,390325,802527,676320,161829,544,423
2021-07-15T23:59:59+02:00,18771,17182,215612,209936,331679,306629,355974,351626,424272,436675,483781,489189,337432,377536,239259,306233,70678,129238,105720,103429,201728,194050,235416,242706,323731,344226,403415,416597,310753,348085,225924,288432,66821,121511,3644651,2725991,495760,382229,802417,669305,158923,544,423
2021-07-14T23:59:59+02:00,17944,16472,213247,207693,330046,305154,354616,350324,423096,435506,482780,488253,336993,377082,239026,305926,70627,129155,102193,100171,195388,188974,229827,238127,319511,340817,399308,413052,309472,346791,225525,287880,66745,121359,3630172,2693004,495213,376799,802301,662650,156303,544,422
2021-07-13T23:59:59+02:00,17315,15836,211165,205724,328507,303833,353339,349139,421978,434460,481853,487417,336565,376620,238827,305691,70593,129070,98527,96692,189021,183657,222787,232147,312976,334880,391144,405360,307697,344886,224934,287104,66637,121167,3616847,2650889,494667,364602,802166,653284,154311,534,351
2021-07-12T23:59:59+02:00,16346,14927,208025,202638,326504,302151,351796,347710,420770,433295,480896,486539,336157,376167,238652,305469,70554,128993,95484,94013,183816,179422,215900,226552,306224,328911,386102,401132,305985,343040,224353,286379,66540,121001,3598956,2613123,494127,357554,802023,644959,152543,533,350
2021-07-11T23:59:59+02:00,15843,14463,206693,201389,325785,301453,351152,347110,420229,432815,480466,486205,335973,375969,238593,305367,70533,128954,94088,92738,181086,177143,212942,224296,303576,326793,383309,398769,303571,340477,223987,285918,66488,120904,3592902,2598353,493509,355588,801905,634676,150743,526,346
2021-07-10T23:59:59+02:00,15370,14005,204874,199633,324349,300215,350048,346160,419518,432226,480002,485813,335811,375804,238528,305282,70523,128934,92827,91488,178622,175072,209960,221842,301100,324666,382163,397741,302931,339815,223807,285734,66472,120879,3584447,2581771,492887,355366,801689,633036,148138,526,346
2021-07-09T23:59:59+02:00,15050,13729,202980,197815,322767,298799,349000,345219,418632,431527,479439,485346,335609,375587,238432,305163,70507,128900,90075,88790,175120,171878,205657,217726,296113,320092,378750,394781,301848,338603,223506,285371,66435,120815,3575463,2553061,492039,353320,801512,625491,145553,526,346
2021-07-08T23:59:59+02:00,14603,13312,199588,194914,319549,296206,346690,343285,416961,430114,478029,484304,335187,375153,238258,304921,70468,128824,85818,85066,167946,166285,197607,211374,288826,314043,371876,388637,299173,335716,222736,284445,66321,120558,3560683,2507263,488020,344765,801003,615310,140726,526,346
2021-07-07T23:59:59+02:00,14112,12863,195935,191136,316464,293419,344416,341288,415420,428668,476847,483227,334718,374602,238074,304654,70431,128723,82183,81666,160750,160642,188664,204279,280943,307565,364927,381883,295897,332152,221843,283353,66188,120325,3539842,2459751,486687,331520,800630,605495,137903,526,346
2021-07-06T23:59:59+02:00,13658,12497,192544,187796,313247,290719,341973,339027,413733,427127,475598,482112,334223,374052,237880,304366,70378,128638,78665,78145,154155,155194,181345,198113,272108,299679,358502,375846,292726,328936,220964,282267,66080,120096,3520266,2407775,483647,324650,800220,596073,135499,526,346
2021-07-05T23:59:59+02:00,13265,12166,188191,183601,309259,287427,339493,336732,412083,425602,474473,481057,333751,373539,237709,304124,70345,128555,75641,75366,149099,151150,176635,194024,265265,293455,352442,370338,289472,325507,220086,281158,65972,119927,3497717,2369024,482509,320244,799747,585805,131470,519,344
2021-07-04T23:59:59+02:00,13088,12011,184419,179788,306676,285443,338209,335677,411224,424837,473898,480585,333534,373288,237619,304002,70320,128504,73477,73511,146030,148624,174325,192002,262851,291412,349370,368147,286196,322155,219512,280502,65919,119810,3485750,2355389,481231,317965,799183,574409,127029,519,341
2021-07-03T23:59:59+02:00,11908,10964,178025,173827,302456,282014,335907,333527,409429,423045,472706,479534,333135,372844,237446,303756,70296,128461,71713,71949,143627,146763,171905,189944,259811,288708,347100,366303,284453,320178,219245,280144,65888,119761,3459632,2339786,479833,317774,798998,569946,120886,519,341
2021-07-02T23:59:59+02:00,10821,9884,174342,170399,300080,279838,334182,331851,408194,421870,471939,478855,332878,372528,237331,303574,70268,128414,69063,69312,139778,143517,167517,185947,253797,283320,341940,361641,281238,316503,218607,279376,65841,119678,3441728,2306994,478378,315031,798810,557491,118400,518,310
2021-07-01T23:59:59+02:00,9735,8968,170727,167010,296119,276606,331738,329624,406440,420313,470868,477917,332471,372073,237133,303303,70225,128336,64225,64622,133553,138241,160313,179513,243646,274542,331223,351946,276493,311264,216764,277140,65663,119366,3419516,2251134,476318,302790,798475,539923,115364,518,308
2021-06-30T23:59:59+02:00,9255,8582,167509,163996,290588,272037,328115,326328,404686,418798,469865,476961,332056,371594,236945,303008,70193,128252,61116,61793,127956,133597,153717,173556,233658,265446,317906,338762,271313,305768,214886,274824,65497,119048,3394820,2196470,474185,290049,798172,521220,111658,518,307
2021-06-29T23:59:59+02:00,8722,8066,163750,160269,286115,267830,324590,323064,402609,416745,468338,475561,331473,370964,236698,302657,70139,128145,58348,58835,123055,129226,147742,168065,221867,254812,309400,330447,264888,298607,212926,272376,65295,118704,3367636,2137595,472222,285428,797848,503904,108095,518,303
2021-06-28T23:59:59+02:00,8318,7694,160463,156846,281140,263558,321325,320244,400490,414839,466864,474270,330958,370360,236467,302349,70096,128051,56102,56512,119191,125755,143422,164006,212696,246438,303647,325079,259966,293338,211168,270152,65150,118441,3344008,2102123,468269,276889,797196,487450,104924,518,300
2021-06-27T23:59:59+02:00,8172,7574,158988,155348,279070,261775,319540,318729,398816,413493,465995,473580,330671,370075,236365,302193,70077,128003,54925,55423,117092,124070,140884,161904,208625,243087,300321,322238,256189,289372,208720,267253,65039,118254,3334181,2086841,466226,273448,796162,471423,101960,518,300
2021-06-26T23:59:59+02:00,7029,6484,155755,152039,276982,259902,317152,316510,397637,412352,465302,472880,330404,369790,236260,302036,70053,127973,54383,54847,115778,122938,139480,160686,206397,241094,297810,319848,254665,287726,208387,266845,65012,118184,3315249,2070256,463427,273367,796155,468939,101828,461,244
2021-06-25T23:59:59+02:00,5822,5373,151486,147790,273629,256985,315113,314561,396343,411119,464308,472064,330120,369459,236135,301883,70026,127925,53112,53238,113325,120264,135432,156155,197699,232696,292165,314021,252950,285623,207800,266045,64941,118066,3290527,2028091,462017,271690,796106,462399,101609,461,244
2021-06-24T23:59:59+02:00,4981,4599,147100,143715,268885,253110,310883,310822,394198,409273,462954,470953,329707,369003,235971,301650,69993,127840,50495,50676,108263,115591,128185,149571,185759,222307,280809,303853,247617,279831,205980,263717,64738,117667,3259763,1966482,460051,260035,795942,448750,99997,460,244
2021-06-23T23:59:59+02:00,4770,4399,143976,140656,265251,250015,305700,306074,391727,406966,461570,469650,329183,368389,235744,301342,69947,127739,48582,48610,104498,111715,122561,143950,175937,213702,268924,291953,243040,275064,204654,262025,64578,117307,3232629,1910668,456571,250243,795789,438108,98224,460,243
2021-06-22T23:59:59+02:00,4528,4172,140926,137567,261586,246670,299621,300681,389119,404441,460043,468186,328645,367792,235526,300993,69901,127634,46901,46878,100927,108442,117808,139411,163402,202610,258085,281712,238997,270605,202742,259624,64328,116839,3200890,1852634,454681,242578,795608,427231,96966,458,235
2021-06-21T23:59:59+02:00,4272,3927,137678,134652,256931,242820,294420,295853,386114,401599,458583,466846,328129,367239,235303,300687,69861,127524,45687,45669,98559,106248,115083,136725,157223,196880,251255,275115,233693,264809,198839,255131,64144,116469,3169467,1821890,452666,237100,795391,407595,95026,458,235
2021-06-20T23:59:59+02:00,4131,3809,136184,133179,252808,239460,291900,293658,384740,400304,457804,466112,327911,366968,235193,300556,69842,127462,44582,44771,96350,104483,112843,134768,154224,194369,246992,271086,230779,261388,197890,253922,64063,116347,3152469,1801825,450933,233586,795218,400010,93511,458,233
2021-06-19T23:59:59+02:00,3721,3460,134050,131108,250092,237174,290146,292046,382919,398755,456969,465382,327692,366721,235090,300420,69822,127430,44048,44138,95093,103242,111385,133323,152735,192944,243797,268094,230073,260548,197722,253663,64041,116294,3136328,1786033,448142,232016,795212,399739,93422,458,233
2021-06-18T23:59:59+02:00,2777,2548,130793,127989,246608,234159,286179,288682,380556,396654,455631,464224,327322,366326,234937,300186,69795,127381,43275,43236,93535,101483,109111,130679,149218,188935,236998,260890,228364,258558,197239,253028,63966,116161,3110736,1757015,443779,231501,795186,393079,93152,458,231
2021-06-17T23:59:59+02:00,2544,2327,127117,124747,240654,229764,281033,284328,375823,392699,453352,462408,326743,365614,234701,299833,69730,127270,41068,41429,89529,98051,104295,125974,141429,181321,225696,249583,223191,252668,195593,250882,63707,115741,3076396,1701781,440831,227410,794934,382258,88788,299,218
2021-06-16T23:59:59+02:00,2275,2096,123923,121383,235794,225457,276379,280100,370700,388247,450794,460289,326020,364826,234415,299424,69665,127157,39257,39858,86018,95056,99982,122195,133242,174032,213670,237749,216999,245614,193684,248576,63455,115252,3043226,1642434,435347,221817,794427,374259,86204,299,217
2021-06-15T23:59:59+02:00,1891,1768,119037,116552,229850,220366,271069,275150,365664,383642,447973,457888,325162,363862,234070,298912,69584,126975,37647,38261,82714,92048,96041,118180,126241,167687,201399,225796,211011,238860,191742,246160,63145,114683,2998858,1585500,433442,216040,793871,366635,83512,288,215
2021-06-14T23:59:59+02:00,1630,1500,115012,112422,224669,215490,265738,270207,360414,378918,444872,455317,324380,363015,233759,298524,69522,126855,36705,37376,80476,89986,93368,115691,122170,163978,194859,219341,207925,235374,190619,244701,62932,114297,2956998,1556139,431115,213820,793610,359117,80788,286,214
2021-06-13T23:59:59+02:00,1557,1416,113524,111053,222245,213403,263217,267966,358172,376975,443705,454285,324105,362710,233624,298357,69491,126782,35855,36652,78641,88337,91380,113898,119361,161395,191034,215675,204864,231956,189590,243336,62701,113887,2942102,1542314,428690,206589,793302,350963,78759,286,212
2021-06-12T23:59:59+02:00,1409,1280,110887,108322,220361,211684,261845,266698,356748,375580,442815,453519,323819,362404,233532,298254,69473,126754,35488,36249,77662,87252,90144,112618,117813,159846,187517,212395,203834,230834,188195,241682,62691,113857,2926015,1529315,427718,206580,793278,343605,78639,285,211
2021-06-11T23:59:59+02:00,1262,1143,108366,105825,217488,209078,258202,263528,353626,372862,441103,452048,323382,361955,233399,298048,69445,126699,34821,35144,75682,83913,87933,109108,113735,154731,180875,205003,201753,228475,187595,240918,62630,113759,2901727,1502027,424941,205904,793093,330243,77961,285,209
2021-06-10T23:59:59+02:00,1103,991,103635,101441,211467,204361,251200,257751,347579,367596,436648,448299,322528,360990,233080,297600,69361,126549,33246,33671,71713,79774,83048,103648,107110,146586,168622,191436,195725,221630,185878,238790,62379,113358,2858399,1455255,417920,204180,792245,303357,73876,281,208
2021-06-09T23:59:59+02:00,956,864,99740,97764,205564,199660,244424,252076,340963,361679,432989,445296,321859,360255,232815,297223,69297,126419,31725,32428,68509,77139,79378,100501,102430,142341,157576,180763,185163,209713,184022,236552,62108,112866,2819695,1401601,409445,200233,791738,292172,69261,240,207
2021-06-08T23:59:59+02:00,776,685,95239,93260,198981,194128,237491,246098,332750,354437,427912,440652,321030,359259,232446,296740,69216,126282,30660,31585,65934,74861,76124,97794,97875,138455,150037,173330,176501,200050,182225,234322,61876,112500,2768012,1362642,403712,195358,791161,281410,64786,240,190
2021-06-07T23:59:59+02:00,618,544,92050,90175,192955,189448,230961,240886,324941,348293,424878,438225,320496,358632,232234,296416,69162,126186,29800,30746,63486,72926,73184,95649,94130,135539,142013,165587,172486,195463,180817,232530,61660,112121,2729209,1335691,397592,192089,790597,270434,59987,236,189
2021-06-06T23:59:59+02:00,580,508,90490,88866,189686,186918,227639,238143,320692,344909,423458,437151,320226,358345,232123,296255,69138,126139,29204,30195,61729,71261,71123,93667,90978,132497,136372,159844,169970,192857,179715,231138,61431,111742,2713900,1323930,390250,182496,790115,260073,57284,234,189
2021-06-05T23:59:59+02:00,501,428,88555,86849,184844,182714,225182,236003,318882,343280,422460,436232,319936,358021,231975,296088,69124,126107,28758,29460,60551,69350,69741,91556,89316,130274,131651,154551,166985,189206,179233,230484,61397,111676,2690552,1300446,390133,182031,789851,254841,56928,233,189
2021-06-04T23:59:59+02:00,401,344,86222,84342,181211,179141,221206,232076,315315,339672,420108,434055,319481,357491,231784,295859,69086,126044,28297,28796,59452,67715,68481,89500,87556,127686,128320,150918,162762,184461,178248,229224,61349,111590,2661483,1281788,386330,181261,789737,244792,56568,233,189
2021-06-03T23:59:59+02:00,309,270,82947,81283,175507,174516,213980,226014,307649,332999,412376,427210,318454,356322,231415,295415,69031,125913,27415,27794,57581,65560,66121,86786,83955,123619,121617,144285,156454,176905,176689,227207,61236,111353,2612752,1252799,376112,176001,789314,232119,53708,232,185
2021-06-02T23:59:59+02:00,261,211,80887,79133,171476,170839,210379,222915,304100,329684,410346,425381,318049,355875,231262,295211,69003,125863,26964,27326,56471,64473,64575,85545,81937,121710,116679,139427,148605,167976,175976,226255,61151,111184,2584193,1220800,374735,174041,789285,228528,52932,232,182
2021-06-01T23:59:59+02:00,165,145,76642,75323,163249,164312,201073,215222,295039,321846,402160,417569,316543,354266,230723,294480,68892,125637,25421,25917,52190,61551,59792,82294,76567,117256,109301,132261,137551,154633,173882,223534,60942,110758,2525696,1170956,363146,169961,788525,216794,46179,231,178
2021-05-31T23:59:59+02:00,144,128,73912,72858,157623,160022,193803,209296,287686,315502,396437,412613,315551,353158,230339,293962,68802,125466,24519,24871,49604,59369,56669,79808,73012,114026,104849,127866,133426,149763,172522,221824,60773,110428,2485374,1148693,353801,167678,787901,206515,40482,231,176
2021-05-30T23:59:59+02:00,133,120,72869,71806,155167,158012,191206,206958,284938,313005,394556,410875,315192,352749,230179,293728,68765,125386,23928,24104,48046,57675,54966,77986,70826,111511,102215,125031,131285,147254,171735,220897,60681,110220,2469581,1139007,351295,166373,787294,195277,37741,219,175
2021-05-29T23:59:59+02:00,131,119,72266,71217,153668,156615,188915,204934,283104,311426,393715,410097,314970,352505,230100,293650,68754,125368,23607,23585,47136,56187,53635,76117,68916,108678,99913,122253,128498,143848,171086,219993,60654,110168,2455728,1125501,351147,166311,787223,184777,37721,219,175
2021-05-28T23:59:59+02:00,126,116,71182,70101,151293,154364,185277,201416,279838,308293,391857,408336,314560,352007,229953,293436,68735,125311,23083,22588,45538,54069,51822,73575,66888,104756,95621,116384,124152,138816,170113,218687,60608,110054,2431999,1103070,350104,166098,787013,170298,37348,218,147
2021-05-27T23:59:59+02:00,115,108,67876,67093,144829,149446,177120,195187,273474,303153,385561,402671,313303,350566,229495,292906,68664,125129,21773,20911,42309,51038,47962,69785,62370,98780,89301,108912,120260,134230,167331,215005,60436,109742,2387565,1074800,342524,163370,785225,150391,31638,218,146
2021-05-26T23:59:59+02:00,111,105,65738,64924,139892,145377,171046,190141,266738,297500,378832,395992,311788,348964,229010,292213,68562,124919,21040,20006,40499,48912,45621,67062,59355,95002,84735,103831,115310,128532,163554,209685,60228,109318,2350399,1043018,329363,161813,783426,138992,28919,214,145
2021-05-25T23:59:59+02:00,110,101,63714,62947,135710,141906,166009,185863,259686,291235,373423,390624,310514,347566,228605,291570,68480,124741,20472,19348,39106,47405,43798,65054,56899,92026,80694,99480,110416,122882,158044,202481,60062,109018,2312981,1011730,321878,158410,780911,129812,27288,212,142
2021-05-24T23:59:59+02:00,107,100,62480,61748,132969,139819,162745,183460,252764,285262,368504,385959,309690,346650,228320,291188,68408,124613,20131,18949,38094,46346,42463,63585,55245,90032,78482,96994,109014,121243,157443,201704,59953,108821,2289304,1002511,310838,157127,779146,123171,25747,212,140
2021-05-23T23:59:59+02:00,102,100,61986,61233,131878,138935,161551,182428,251529,284245,366921,384533,309079,345993,228149,290963,68388,124577,19905,18768,37550,45796,41722,62898,54096,89050,77011,95648,107855,119858,156469,200490,59886,108684,2277850,994449,310267,154079,779098,121593,25623,212,139
2021-05-22T23:59:59+02:00,99,98,61293,60615,130405,137872,159193,180814,248568,281963,364451,382323,308555,345401,227973,290697,68362,124526,19590,18346,36943,45198,41087,62372,53446,88333,76251,94512,106312,118067,155701,199523,59859,108630,2259978,987796,310252,154077,779058,118187,24164,212,139
2021-05-21T23:59:59+02:00,95,95,59966,59184,127514,135291,155932,177503,243356,277216,358378,376652,307623,344314,227676,290301,68302,124419,19231,17982,36333,44433,40442,61333,52501,86946,74546,92233,103088,114136,154570,198079,59767,108455,2224063,974869,308622,153753,777497,111624,23883,204,139
2021-05-20T23:59:59+02:00,87,93,56923,56398,121800,130436,149030,171210,233078,268496,349376,368394,305097,341579,226910,289298,68170,124200,17939,17053,34173,42195,38003,58445,49698,83192,70638,87764,98994,109544,152126,195080,59589,108101,2166265,955713,301998,151827,771562,94044,20999,194,139
2021-05-19T23:59:59+02:00,86,91,54722,54211,116803,125775,141888,164620,222577,259162,338873,357540,302462,338720,226166,288261,68021,123924,17362,16275,32955,40619,36601,56389,47698,80431,67412,84206,95129,105093,148511,190377,59328,107609,2100586,932424,295766,149867,768617,84587,19172,194,129
2021-05-18T23:59:59+02:00,82,87,52640,52258,112028,121531,135548,159067,211033,248815,329033,347774,299799,335759,225292,287065,67869,123670,16846,15676,31760,39169,35262,54604,45902,78047,64540,80994,91147,100582,145330,186331,59117,107174,2040881,912307,286453,147024,765051,76004,17199,191,129
2021-05-17T23:59:59+02:00,80,85,51610,51269,109706,119488,132764,156425,204538,242829,321490,340714,298019,333799,224708,286243,67762,123459,16416,15237,30731,38131,34110,53331,44435,76268,62303,78613,86335,94746,143872,184453,58968,106859,2014177,900732,274238,139584,761662,69398,15144,190,128
2021-05-16T23:59:59+02:00,79,82,50829,50616,108272,118171,131026,154770,201586,240159,314075,333780,297002,332675,224401,285761,67710,123362,16136,14869,29984,37359,33245,52416,43378,74965,60981,77152,82934,90694,143088,183382,58881,106720,1998911,894710,263838,132849,758444,65282,13395,189,124
2021-05-15T23:59:59+02:00,79,82,50294,49984,107276,117187,130017,153661,199662,238230,310524,330585,296384,331988,224205,285491,67690,123298,15999,14707,29731,37056,32957,51987,42895,74322,60143,76173,82341,89882,142575,182718,58845,106673,1982775,889499,263821,132704,757580,64163,12691,188,123
2021-05-14T23:59:59+02:00,78,82,49044,48569,105036,115101,126435,150221,191492,231196,304242,324724,295412,330858,223920,285045,67643,123204,15501,14285,28952,36244,32195,50807,41825,72549,58586,74232,80448,87406,141969,181734,58805,106586,1945705,879935,262127,131827,753045,58758,11655,181,123
2021-05-13T23:59:59+02:00,75,81,47137,46631,101226,111890,121745,146127,181508,222645,293669,314942,292449,327444,223110,283908,67543,122998,14646,13844,28102,35552,31436,49916,40888,71472,57093,72671,76694,83082,139220,178146,58695,106371,1894273,867471,253569,124827,746863,54929,10647,177,122
2021-05-12T23:59:59+02:00,73,79,46230,45931,99316,110468,119697,144478,178975,220543,288945,309631,291285,326178,222868,283586,67505,122913,14482,13694,27786,35336,31038,49630,40450,71100,56561,72106,75371,81475,138446,177026,58609,106211,1871288,861805,251411,123051,746377,54660,9849,175,121
2021-05-11T23:59:59+02:00,69,73,43995,44465,95317,107408,113914,139763,165654,209302,277337,298901,287901,322283,221915,282185,67356,122615,14056,13129,26782,33915,29917,47845,39157,68832,54856,69843,72308,77909,137102,175207,58451,105855,1812605,849641,241758,120381,737924,46798,8388,171,119
2021-05-10T23:59:59+02:00,68,70,42753,43504,92735,105418,110678,137147,157292,202309,269499,291814,285734,319844,221341,281325,67231,122376,13715,12688,26027,32935,29131,46595,38169,66978,53641,68115,70235,75369,135963,173703,58332,105569,1777175,840826,235738,119338,731018,39623,7426,168,114
2021-05-09T23:59:59+02:00,67,70,41640,42737,90072,103684,108034,135391,152300,198906,264011,286910,284503,318463,220965,280797,67165,122230,13405,12473,25338,32270,28406,45793,37382,66020,52702,67167,69013,73971,135371,172876,58278,105438,1757974,836275,228669,118356,725078,34877,6440,167,114
2021-05-08T23:59:59+02:00,66,70,41350,42440,89231,102957,106958,134546,150871,197699,261474,284857,284003,317921,220844,280618,67149,122198,13303,12412,25210,32181,28261,45665,37195,65828,52365,66851,68054,73053,134312,171519,58231,105345,1746056,831711,228162,117616,724856,34102,6430,130,85
2021-05-07T23:59:59+02:00,64,69,40428,41726,87312,101627,104158,132345,146273,193915,255252,279365,282672,316327,220496,280160,67097,122075,12559,11929,24390,31454,27504,44613,36334,64571,51191,65345,65817,70379,132104,168718,58142,105167,1720412,822109,224968,115381,720749,27322,5479,130,84
2021-05-06T23:59:59+02:00,61,68,37798,40012,82592,98182,98206,127618,136137,185437,238875,265001,277565,310559,219208,278477,66922,121758,11875,11413,23456,30350,26511,43268,34984,62578,49462,63385,63343,67274,130017,165979,58029,104949,1655058,811112,215100,112300,709990,18966,4569,124,83
2021-05-05T23:59:59+02:00,59,65,35919,38824,78958,95607,93632,123980,128335,178921,224165,250996,271388,303433,217638,276488,66676,121234,11641,11140,22922,29629,25913,42346,34060,61183,48317,61980,60750,64183,127105,162308,57931,104700,1588994,798940,210050,108757,704013,14988,3497,124,82
2021-05-04T23:59:59+02:00,59,63,34820,37724,76245,93307,90139,120947,122787,174196,213580,240749,265912,296993,216200,274647,66468,120766,11480,10939,22522,29090,25451,41580,33352,60110,47216,60713,58042,61020,124756,159387,57781,104465,1540050,787146,204953,106141,697985,11845,2847,123,80
2021-05-03T23:59:59+02:00,58,61,33957,36675,73970,91502,87270,118606,118358,170564,206947,234756,262644,293137,215402,273567,66347,120472,11238,10671,22133,28518,24973,40884,32672,59150,46200,59577,55273,57690,121005,154514,57525,104028,1508384,771398,201849,104439,693094,9092,1196,121,79
2021-05-02T23:59:59+02:00,58,61,33610,36358,72804,90607,85813,117515,115945,168707,203864,232256,261687,292049,215116,273159,66282,120364,11170,10602,21946,28310,24749,40600,32337,58746,45749,59106,54086,56241,117959,150855,57442,103898,1497824,766427,199064,98916,689261,8197,332,120,77
2021-05-01T23:59:59+02:00,57,61,33297,35987,72047,89819,84747,116480,114488,167352,200806,229235,261000,291231,214909,272878,66271,120326,11156,10587,21893,28280,24690,40563,32277,58689,45666,59031,53845,55950,117801,150659,57433,103881,1482829,765122,199062,98877,688998,8150,328,119,77
2021-04-30T23:59:59+02:00,54,58,32756,35388,70844,88605,83291,114760,110726,163804,193438,222139,259011,288869,214461,272272,66211,120220,10838,10394,21534,28004,24416,40142,31953,58129,45207,58401,52952,54790,116854,149476,57378,103764,1450054,761466,198737,96897,688207,5816,132,118,74
2021-04-29T23:59:59+02:00,52,57,31261,34445,67953,86596,79677,112169,105632,159712,180661,210626,251107,279792,213268,270645,66077,119873,10537,10184,21062,27557,23990,39645,31376,57390,44411,57472,51132,52607,115009,147249,57278,103570,1395384,752690,191465,94231,682864,3517,112,115,72
2021-04-28T23:59:59+02:00,51,55,30031,33836,66096,85294,77199,110359,102222,156873,171005,201470,240280,267222,211991,268960,65880,119546,10354,10027,20766,27208,23629,39180,30959,56740,43686,56653,49020,50002,112440,144031,57156,103359,1342873,743205,188128,89709,677509,2292,84,111,72
2021-04-27T23:59:59+02:00,48,54,29276,33157,64529,83836,75216,108563,99479,154486,166310,196763,231791,257429,210847,267349,65760,119323,10232,9918,20486,26920,23394,38853,30605,56245,43006,55965,47023,47467,109804,140610,57039,103160,1308959,733435,185836,85715,669559,1577,83,109,69
2021-04-26T23:59:59+02:00,47,54,28849,32775,63441,82960,73726,107405,97209,152787,157721,188769,227610,252600,210142,266360,65669,119125,10141,9828,20277,26739,23158,38635,30309,55910,42396,55391,45220,45327,107920,138139,56944,103007,1280123,725510,184399,82639,662866,1196,80,107,67
2021-04-25T23:59:59+02:00,47,53,28599,32538,62669,82442,72671,106677,95491,151571,152361,183911,223287,247731,209554,265583,65604,119004,10086,9795,20199,26664,23072,38555,30199,55786,42236,55232,44808,44831,107243,137232,56916,102937,1267449,723858,178269,80876,654213,1064,78,107,66
2021-04-24T23:59:59+02:00,47,52,28256,32112,61736,81229,71491,105239,93953,149922,147478,178781,220510,244409,209085,264913,65570,118954,10072,9778,20158,26624,23023,38491,30119,55701,42087,55096,44567,44524,106995,136939,56895,102909,1242680,722783,178244,80181,652950,1022,77,107,65
2021-04-23T23:59:59+02:00,45,52,27513,31496,60175,79729,69710,103228,91374,147299,142731,174411,215969,238877,208432,263922,65508,118839,10022,9719,20049,26539,22892,38342,29887,55497,41726,54766,43950,43769,105938,135663,56739,102635,1217923,719456,177070,77717,644451,970,76,105,64
2021-04-22T23:59:59+02:00,44,51,26901,30897,58647,78301,67252,101024,87265,143819,134714,166943,206957,227905,206394,261292,65310,118444,9897,9624,19804,26247,22543,37911,29372,54982,40969,54129,42781,42445,103952,133225,56511,102237,1176513,712026,169645,73769,636136,845,76,101,62
2021-04-21T23:59:59+02:00,44,49,26413,30381,57330,77205,65380,99403,84244,141188,127550,160150,193915,212601,204247,258406,65085,118020,9768,9539,19573,26004,22259,37591,29022,54537,40424,53600,41942,41430,101775,130460,56259,101827,1125185,705537,166773,69711,629790,774,76,95,61
2021-04-20T23:59:59+02:00,43,48,25990,29916,56178,76068,63718,97835,81715,138622,122491,155105,182467,199183,201826,255283,64852,117599,9667,9450,19357,25818,21969,37323,28617,54128,39888,53069,41133,40502,99569,127485,55925,101290,1082733,698043,163295,66467,623048,696,75,94,58
2021-04-19T23:59:59+02:00,43,47,25626,29563,55219,75248,62442,96666,79600,136708,118981,151740,176740,192357,200121,253060,64671,117270,9560,9360,19131,25602,21729,37055,28307,53741,39388,52545,40342,39598,96485,123529,55521,100581,1058299,687750,161475,64080,616469,661,74,90,58
2021-04-18T23:59:59+02:00,42,45,25324,29305,54452,74703,61322,95724,77756,135294,115623,149353,171648,186821,199111,251836,64563,117080,9488,9286,18944,25431,21553,36890,28092,53467,39131,52297,40017,39214,95273,121989,55340,100286,1044392,683913,159809,62155,605936,648,74,90,57
2021-04-17T23:59:59+02:00,41,44,25215,29214,54081,74509,60809,95373,77107,134698,114778,148616,167410,181948,198577,251113,64528,117015,9443,9227,18806,25246,21367,36660,27867,53193,38868,52032,39721,38895,94516,121063,55276,100204,1033541,679927,159781,61841,601888,634,74,90,57
2021-04-16T23:59:59+02:00,41,44,24843,28967,53100,73901,59529,94497,75493,133371,110640,144480,159798,173191,196927,248911,64419,116807,9236,9054,18418,24825,20794,36093,26774,52302,36874,50447,36458,36014,91358,117579,54874,99550,1007698,665072,158998,55001,592397,594,74,89,56
2021-04-15T23:59:59+02:00,37,40,24370,28516,51858,72739,57581,92771,72233,130533,105176,139212,151948,164236,192278,243050,64123,116191,9062,8893,18051,24405,20304,35436,26098,51513,35488,49224,34360,34002,88270,113862,54368,98694,975559,652074,156949,49434,574516,542,73,88,54
2021-04-14T23:59:59+02:00,35,36,24028,28192,50925,71806,56246,91384,69855,128380,101200,135456,142774,153879,184544,233177,63783,115524,8659,8625,17579,23903,19772,34797,25191,50640,34204,48106,32325,31866,85302,110230,53879,97837,937756,637269,154284,45224,559316,444,72,85,53
2021-04-13T23:59:59+02:00,35,36,23791,27977,50233,71268,55308,90566,68225,126977,97479,132033,130972,140782,178161,224849,63443,114936,8425,8455,17238,23501,19354,34269,24530,49847,33140,47100,30948,30515,83179,107872,53523,97295,904586,628050,149777,40841,542840,322,72,83,52
2021-04-12T23:59:59+02:00,34,35,23584,27794,49688,70764,54448,89838,66773,125695,94857,129709,123876,132763,174939,220903,63174,114445,8188,8270,16884,23208,18989,33835,24062,49313,32474,46478,29434,28982,81525,105939,53197,96774,888230,619673,148249,37596,526970,303,72,82,52
2021-04-11T23:59:59+02:00,33,35,23415,27636,49168,70345,53722,89386,65640,124896,93009,128235,118405,126768,171022,216306,63006,114149,8057,8136,16588,22929,18674,33527,23706,48934,32029,46096,28801,28318,80507,104697,52989,96457,880800,614405,143847,35771,510658,289,71,82,51
2021-04-10T23:59:59+02:00,33,35,23354,27580,49002,70212,53523,89231,65317,124629,92486,127802,116328,124244,169586,214457,62965,114048,7473,7534,15700,22148,17719,32689,22586,47904,30919,45103,28143,27606,78418,102095,52722,96022,873825,599125,142996,35393,508142,282,68,82,51
2021-04-09T23:59:59+02:00,32,35,23110,27333,48503,69722,52888,88554,64326,123509,90667,125901,107530,113327,166218,210061,62766,113692,6515,6637,14179,20829,16002,31137,20453,45943,28723,43100,26373,25790,74927,97931,52181,95184,854485,571768,135961,33885,497863,271,63,78,50
2021-04-08T23:59:59+02:00,32,35,22817,27088,47925,69235,52139,87859,63029,122433,88255,123739,97250,101368,160694,203229,62440,113128,5876,6051,12993,19815,14744,29803,18818,44234,26233,40769,23365,22830,70295,92191,51045,93438,835888,540337,127092,31953,479860,234,55,76,50
2021-04-07T23:59:59+02:00,30,34,22507,26863,47127,68784,51219,87256,61646,121458,85137,121309,88093,91114,153710,194462,62148,112568,5496,5730,12339,19142,13933,28979,17777,43187,24330,38876,20834,20315,66355,87440,50054,91825,815568,516952,121519,29484,458524,200,51,76,49
2021-04-06T23:59:59+02:00,29,34,22299,26703,46603,68405,50633,86736,60615,120682,83037,119569,80343,82326,147362,186511,61805,111941,5305,5573,11994,18791,13585,28549,17244,42630,23472,38071,19711,19288,63211,83360,49136,90451,796338,503657,118316,26555,441127,188,48,74,47
2021-04-05T23:59:59+02:00,29,33,22203,26580,46292,68064,50253,86338,60069,119992,81860,118418,75876,77246,142371,180424,61603,111626,5167,5434,11732,18539,13291,28238,16925,42258,23028,37611,19248,18820,60346,79817,48439,89387,786938,494363,116569,23765,425919,183,45,72,47
2021-04-04T23:59:59+02:00,29,33,22155,26522,46173,67797,50085,86026,59792,119492,81353,117789,74442,75541,141671,179448,61566,111544,5164,5428,11717,18526,13280,28222,16906,42241,22931,37539,18842,18497,58912,77975,48234,89076,784415,489589,116468,23762,420731,176,41,69,45
2021-04-03T23:59:59+02:00,29,33,22093,26442,46050,67690,49924,85851,59476,119181,80786,117213,73101,73910,140560,177912,61483,111396,5156,5421,11704,18508,13257,28202,16872,42194,22826,37466,18707,18348,58562,77418,48145,88932,778072,487818,116426,23762,418789,176,40,68,45
2021-04-02T23:59:59+02:00,29,33,22017,26360,45890,67527,49707,85603,59010,118731,79910,116401,71547,72033,138286,174937,61286,111038,5138,5384,11658,18467,13203,28120,16783,42046,22554,36991,18350,17986,56226,74543,47335,87840,768984,479368,114656,23121,416864,176,38,67,43
2021-04-01T23:59:59+02:00,26,31,21819,26156,45477,67009,49066,84866,58136,117794,78032,114735,68295,68614,134213,169776,60968,110473,4995,5244,11388,18207,12980,27887,16461,41738,22056,36551,17538,17246,51411,68532,45662,85386,757372,461413,108582,21754,409694,161,33,66,42
2021-03-31T23:59:59+02:00,26,31,21493,25937,45077,66490,48576,84219,57410,116857,76881,113496,66259,66303,129471,163672,60566,109751,4917,5194,11293,18089,12822,27737,16222,41471,21466,36045,16412,16347,46216,62143,44290,83417,747644,443163,101448,20813,403590,158,29,65,38
2021-03-30T23:59:59+02:00,26,30,21319,25718,44682,65874,48075,83423,56707,115806,75749,112127,64425,64284,125099,157927,60099,108850,4850,5110,11189,17963,12631,27549,15895,41148,20892,35496,15582,15545,43466,58740,43179,81630,737493,431335,97236,19456,395664,128,25,61,38
2021-03-29T23:59:59+02:00,25,30,21122,25479,44225,65325,47600,82734,55974,114732,74534,110698,61948,61545,118381,149302,59329,107457,4754,5041,11084,17853,12480,27384,15648,40831,20436,35031,14931,15006,40884,55762,42076,79816,717020,420173,93820,18783,389772,114,25,61,38
2021-03-28T23:59:59+02:00,25,30,20919,25193,43727,64644,47088,81994,55297,113730,73596,109598,60692,60115,113687,143342,58885,106701,4700,4983,10939,17709,12227,27085,15457,40585,20270,34799,14695,14763,39806,54348,41728,79280,710514,415881,86529,17458,382393,91,25,60,35
2021-03-27T23:59:59+01:00,25,30,20800,25038,43435,64282,46729,81465,54799,113040,72928,108863,59539,59034,112209,141638,58818,106622,4687,4971,10912,17690,12209,27055,15097,40161,19872,34363,14402,14551,39322,53664,41255,78464,705258,411841,85831,16805,378377,85,25,60,35
2021-03-26T23:59:59+01:00,25,29,20549,24527,42637,62586,45765,79448,53467,110026,70922,105262,57533,57159,109465,138414,58492,106108,4669,4938,10888,17638,12140,26964,15019,40052,19534,33777,13936,13903,36265,49837,39202,75227,693917,397388,82532,16587,366136,71,22,59,35
2021-03-25T23:59:59+01:00,25,27,20117,23857,41765,60830,44676,76900,51958,106507,68538,101506,54947,54530,106161,134449,57921,105119,4623,4884,10797,17536,12022,26822,14835,39835,19262,33472,13462,13413,32430,44811,36213,70708,682519,379123,78340,15992,349146,67,20,58,35
2021-03-24T23:59:59+01:00,25,27,19720,23415,40996,59570,43668,75373,50593,104595,66453,99185,52167,51622,101919,129362,57284,104043,4569,4818,10705,17400,11858,26623,14607,39553,18895,33054,13007,12960,29870,41602,33104,65878,669762,363609,73477,14892,336953,63,16,57,35
2021-03-23T23:59:59+01:00,25,27,19474,23117,40439,58664,42951,74288,49564,103088,64804,97332,49882,49287,99169,126156,56725,103205,4510,4748,10606,17276,11712,26444,14365,39244,18481,32668,12506,12453,27444,38511,29450,59994,661677,346110,70138,14304,326558,58,15,55,35
2021-03-22T23:59:59+01:00,25,27,19255,22709,39807,57788,42289,73254,48624,101705,63334,95707,48061,47414,96776,123417,56253,102432,4453,4701,10520,17162,11582,26268,14208,39005,18243,32367,12197,12082,25615,36167,25512,53640,655403,329972,67334,13752,316315,56,15,55,34
2021-03-21T23:59:59+01:00,25,27,19119,22450,39320,57033,41744,72412,47979,100555,62394,94482,47019,46393,95137,121572,55883,101854,4440,4693,10484,17115,11538,26183,14148,38915,18163,32268,12078,11951,25186,35718,25159,53082,652840,327790,65310,13338,307421,51,14,54,34
2021-03-20T23:59:59+01:00,24,27,19059,22304,39110,56543,41507,71854,47668,99922,61957,93880,46370,45627,92544,118347,55598,101369,4431,4686,10475,17103,11511,26167,14105,38879,18081,32194,11919,11790,24547,34944,24398,51998,646398,324086,64864,13149,302619,51,14,54,34
2021-03-19T23:59:59+01:00,24,26,18706,21742,37980,54428,40231,69866,45939,97840,59085,91125,41943,41767,87339,112597,54899,100289,4411,4673,10443,17057,11448,26056,14016,38712,17846,31898,11568,11513,22882,32891,22722,49440,628686,314802,57678,12787,289631,44,14,52,34
2021-03-18T23:59:59+01:00,24,25,18314,21099,36809,52279,38692,67080,43789,93381,55244,85335,37921,37978,82617,107123,53812,98631,4391,4645,10375,16954,11370,25904,13867,38519,17626,31693,11336,11332,21638,31381,21013,46846,611788,306732,51942,12177,266586,38,14,52,33
2021-03-17T23:59:59+01:00,24,24,17895,20750,36087,51364,37932,66130,42709,92031,53461,83511,35257,35204,78598,102304,52868,97158,4368,4621,10313,16861,11298,25771,13754,38333,17428,31503,11099,11111,20402,29974,19424,44448,595167,299256,47553,11472,260746,35,14,51,33
2021-03-16T23:59:59+01:00,23,24,17539,20332,35343,50299,37118,64940,41614,90369,51626,81525,33056,33190,74588,97379,51988,95844,4318,4573,10240,16734,11207,25621,13657,38096,17293,31260,10929,10935,19125,28461,17946,42130,581961,291508,42869,11038,252124,34,11,50,33
2021-03-15T23:59:59+01:00,23,24,17261,19969,34637,49323,36331,63750,40712,88889,50369,79928,31340,31356,71311,93294,51292,94710,4297,4539,10174,16611,11141,25419,13543,37809,17144,30988,10762,10776,18399,27500,16692,40273,570858,285713,39551,10390,244275,30,0,50,33
2021-03-14T23:59:59+01:00,23,23,16993,19542,33786,48116,35432,62432,39660,87063,49118,78209,30177,30126,69319,90734,50847,94034,4272,4521,10129,16534,11084,25277,13483,37587,17054,30824,10691,10692,18217,27219,16430,39714,563760,284519,37676,9256,234363,19,0,46,33
2021-03-13T23:59:59+01:00,23,23,16186,18496,32304,46113,33864,60323,37628,84017,46996,75679,28833,28778,67305,88118,50577,93643,4272,4521,10127,16529,11081,25270,13474,37580,17048,30815,10654,10659,17473,26334,15386,38265,547425,280278,37391,9255,224242,19,0,46,33
2021-03-12T23:59:59+01:00,22,23,15085,17120,29865,43466,31200,57186,34770,79163,43791,71225,26002,25592,63006,82819,49598,92243,4261,4488,10109,16467,11063,25219,13428,37463,16958,30685,10379,10433,16593,25092,14318,36747,519444,274504,36080,9244,206799,16,0,44,32
2021-03-11T23:59:59+01:00,21,23,14050,15660,27624,40778,28883,54003,32184,74781,40045,66338,22606,22122,57009,75511,47669,89404,4220,4453,10028,16350,10953,24993,13312,37153,16793,30381,10077,10221,15961,24257,13651,35475,487451,270521,34493,7807,186901,12,0,43,31
2021-03-10T23:59:59+01:00,21,22,13456,14963,26220,39166,27238,52183,30627,72468,37532,63218,19865,19576,51095,68380,46118,87066,4186,4409,9930,16183,10835,24743,13166,36735,16593,30010,9844,10039,15218,23483,12992,34450,461068,265800,32451,7067,175827,10,0,42,31
2021-03-09T23:59:59+01:00,20,21,13173,14498,25102,38129,25827,51001,29569,70817,36154,61386,18690,18455,47590,63946,44993,85277,4162,4384,9847,16016,10732,24484,13014,36419,16419,29774,9721,9937,14557,22647,12497,33677,447490,262104,29928,6235,167349,10,0,42,29
2021-03-08T23:59:59+01:00,19,21,12844,13897,24021,37024,24560,49863,28632,69336,34924,59770,17613,17577,43478,58962,43766,83294,4147,4349,9786,15818,10630,24228,12882,36063,16292,29510,9639,9855,14064,22041,12183,33238,432050,258938,27922,5844,159745,4,0,42,29
2021-03-07T23:59:59+01:00,19,21,12611,13605,23429,36175,23864,48989,28034,68466,34319,59016,17353,17328,42413,57515,43401,82731,4135,4336,9766,15776,10603,24155,12850,35893,16235,29396,9617,9826,13867,21788,12047,33036,427306,257883,26111,5504,155986,0,0,41,28
2021-03-06T23:59:59+01:00,19,20,12498,13315,23027,35443,23335,48202,26990,66942,33222,57256,16967,16999,41769,56626,43100,82264,4132,4322,9755,15751,10585,24122,12840,35851,16217,29365,9600,9785,13820,21750,11944,32828,423250,257507,26047,5222,148809,0,0,41,27
2021-03-05T23:59:59+01:00,19,20,12088,12714,22347,34241,22653,46973,26235,65317,31991,54838,16324,16169,38310,52323,40944,78822,4105,4275,9685,15651,10536,23975,12772,35656,16131,29160,9505,9716,13635,21537,11581,32223,408073,255820,24597,4385,139763,0,0,41,26
2021-03-04T23:59:59+01:00,17,20,11330,11709,21160,32517,21438,44931,24881,62666,30298,52483,15594,15452,34307,47161,37869,74137,4057,4187,9575,15365,10434,23620,12640,35131,15986,28765,9334,9565,13479,21327,11497,32078,389650,252807,22523,4293,125900,0,0,41,26
2021-03-03T23:59:59+01:00,15,20,11026,11223,20474,31305,20670,43578,23980,60922,29259,50845,15119,14950,31698,43840,34785,69369,4017,4125,9496,15197,10355,23372,12535,34712,15810,28419,9152,9439,13354,21113,11351,31809,374226,250188,21732,4130,117222,0,0,38,24
2021-03-02T23:59:59+01:00,15,20,10763,10799,19831,30339,19957,42564,23199,59540,28290,49572,14492,14303,29024,40469,30902,63155,3969,4054,9434,15034,10287,23109,12434,34284,15709,28113,9027,9337,13217,20925,11275,31664,356059,247803,20225,4129,111045,0,0,38,24
2021-03-01T23:59:59+01:00,13,19,10593,10540,19320,29537,19397,41685,22610,58470,27579,48450,14077,13848,26956,37882,26652,56275,3954,4006,9379,14879,10223,22812,12354,33907,15604,27790,8945,9277,13036,20661,11165,31485,338863,245410,19116,4126,106016,0,0,38,24
2021-02-28T23:59:59+01:00,12,19,10427,10341,18853,28892,18868,40951,22133,57619,27094,47660,13870,13607,26350,37222,26248,55673,3938,3992,9355,14847,10204,22761,12337,33837,15578,27744,8919,9253,12906,20485,11102,31335,336426,244561,18256,4091,101247,0,0,38,24
2021-02-27T23:59:59+01:00,12,18,10248,9826,18524,28025,18610,40167,21848,56638,26766,46867,13593,13305,25683,36418,25327,54255,3926,3982,9334,14827,10172,22713,12298,33755,15536,27671,8898,9237,12897,20469,11098,31329,332520,244213,17534,3988,96164,0,0,38,24
2021-02-26T23:59:59+01:00,11,17,9454,9041,17624,26586,17828,37961,20920,53792,25308,44045,13128,12905,24096,34431,23806,51950,3845,3915,9256,14666,10098,22458,12217,33390,15419,27377,8818,9155,12830,20401,11057,31259,323419,242307,17281,3914,82286,0,0,38,22
2021-02-25T23:59:59+01:00,11,17,8295,8191,16301,24985,16561,35698,19684,50907,23603,41266,12655,12506,22817,32840,22311,49668,3723,3772,9094,14354,9878,21857,11965,32540,15094,26725,8623,9003,12571,20078,10916,30991,315804,238178,16512,3067,66081,0,0,37,21
2021-02-24T23:59:59+01:00,11,16,7930,7670,15646,23949,15932,34461,18969,49396,22812,40067,12259,12171,21514,31343,20632,47044,3651,3706,8954,14063,9704,21405,11767,31917,14832,26190,8484,8866,12429,19905,10851,30780,307570,235415,15547,2147,58784,0,0,37,21
2021-02-23T23:59:59+01:00,11,16,7445,7194,14834,22777,15247,33243,18250,47986,22094,38999,11953,11848,20177,29770,19020,44489,3611,3632,8834,13861,9569,21010,11580,31341,14533,25693,8315,8724,12303,19695,10781,30549,299465,232601,14746,1487,51219,0,0,37,21
2021-02-22T23:59:59+01:00,10,14,7339,6989,14451,22160,14898,32517,17788,46980,21600,38266,11756,11600,19430,28764,17707,42538,3581,3531,8697,13569,9405,20510,11326,30605,14161,25098,8069,8531,12105,19443,10677,30245,293615,229305,14136,304,47133,0,0,36,21
2021-02-21T23:59:59+01:00,10,14,7249,6864,14131,21719,14479,31933,17373,46328,21165,37771,11650,11499,19267,28551,17460,42205,3543,3491,8615,13446,9330,20293,11255,30314,14040,24830,8007,8469,12049,19336,10606,30082,292472,227471,13764,290,43505,0,0,36,21
2021-02-20T23:59:59+01:00,10,14,7132,6814,14006,21639,14363,31799,17254,46178,21007,37590,11551,11417,18488,27634,16405,40736,3541,3485,8605,13438,9320,20272,11241,30289,14027,24819,8002,8460,11985,19273,10553,30015,288225,227092,13567,289,42315,0,0,36,20
2021-02-19T23:59:59+01:00,8,13,6833,6562,13653,21201,13992,31131,16781,45383,20303,36721,10949,11017,17445,26303,15248,39128,3461,3462,8529,13411,9279,20215,11203,30198,13968,24725,7959,8401,11763,19000,10360,29684,281852,225387,13192,288,37696,0,0,33,19
2021-02-18T23:59:59+01:00,8,13,6436,6089,13026,20060,13352,29756,15966,43513,19432,35144,10719,10798,16855,25552,14672,38245,3276,3326,8196,12873,8987,19469,10854,29162,13603,23900,7754,8093,11178,18049,9863,28534,278287,216886,12610,288,28806,0,0,33,19
2021-02-17T23:59:59+01:00,8,12,6271,5746,12581,19180,12864,28564,15267,41790,18785,33819,10494,10547,16099,24738,13895,37055,3027,3166,7857,12360,8686,18682,10484,28119,13212,23050,7522,7857,10622,17200,9425,27718,273616,208755,11879,286,22284,0,0,33,19
2021-02-16T23:59:59+01:00,8,12,5945,5446,12045,18346,12360,27487,14722,40411,18193,32786,10341,10442,15431,23908,13387,36267,2845,3046,7556,11912,8380,17959,10089,27034,12747,22155,7252,7565,9905,16030,8699,26168,270081,199263,11383,132,16137,0,0,31,19
2021-02-15T23:59:59+01:00,8,12,5840,5269,11752,17705,12094,26703,14374,39419,17846,32016,10216,10332,14872,23254,13026,35728,2756,2966,7367,11591,8161,17455,9790,26192,12397,21473,6971,7282,9205,14975,8184,24888,266982,191620,10780,87,12768,0,0,31,18
2021-02-14T23:59:59+01:00,8,12,5573,5154,11504,17433,11872,26267,14140,38974,17655,31739,10171,10281,14638,22915,12861,35334,2706,2928,7253,11427,8034,17250,9615,25861,12219,21172,6876,7159,8985,14591,7996,24354,265981,188393,9844,86,10771,0,0,29,18
2021-02-13T23:59:59+01:00,8,12,5513,5116,11454,17398,11842,26236,14113,38942,17635,31720,10158,10254,14611,22884,12849,35317,2702,2925,7248,11420,8022,17230,9600,25828,12192,21129,6846,7125,8831,14380,7644,23728,265741,186895,9843,8,10544,0,0,28,17
2021-02-12T23:59:59+01:00,8,11,4997,4798,10883,17036,11524,25687,13794,38298,17307,31078,10048,10148,14427,22670,12769,35208,2652,2892,7156,11265,7921,16999,9450,25436,11975,20685,6666,6894,8470,13820,7052,22389,264049,181768,9832,7,6874,0,0,28,17
2021-02-11T23:59:59+01:00,8,10,4535,4500,10297,16356,11112,24880,13315,37037,16817,30219,9734,9889,14146,22222,12489,34525,2484,2619,6558,10078,7234,15268,8593,22828,10927,18610,6019,6182,7427,12205,6237,20070,260826,163385,8192,4,3135,0,0,28,16
2021-02-10T23:59:59+01:00,8,10,4289,4334,9961,15903,10804,24341,13004,36154,16401,29467,9521,9751,13966,22016,12397,34319,2124,2331,5624,8628,6440,13229,7605,19930,9808,16584,5475,5597,6445,10545,5462,18012,258177,143892,7696,2,835,0,0,27,3
2021-02-09T23:59:59+01:00,8,9,4226,4237,9838,15636,10695,23941,12833,35533,16189,28994,9343,9615,13772,21807,12256,34097,1729,1980,4849,7368,5671,11437,6688,17430,8723,14592,4898,4970,5398,8994,4732,15912,255741,125420,6919,1,431,0,0,26,3
2021-02-08T23:59:59+01:00,8,9,4193,4184,9746,15426,10587,23582,12715,35071,16049,28635,9250,9548,13572,21526,12151,33908,1565,1784,4294,6381,5013,9868,5870,14907,7706,12745,4341,4441,4419,7413,3970,13841,253390,108604,6404,1,425,0,0,26,3
2021-02-07T23:59:59+01:00,8,9,4026,4117,9590,15289,10483,23415,12636,34808,15937,28441,9209,9503,13428,21344,12078,33765,1351,1537,3875,5710,4601,8991,5446,13751,7224,11794,4085,4182,4190,7022,3812,13247,252285,100862,5858,1,0,0,0,26,2
2021-02-06T23:59:59+01:00,8,9,4017,4108,9580,15273,10470,23379,12614,34758,15920,28384,9189,9489,13410,21309,11973,33569,1199,1341,3642,5403,4415,8566,5226,13164,6944,11236,3948,4045,4065,6873,3534,12790,251942,96433,5574,1,0,0,0,26,1
2021-02-05T23:59:59+01:00,8,8,3944,4042,9508,15130,10402,23129,12529,34388,15805,28103,9106,9415,13337,21234,11624,32972,1058,1113,3362,4958,4157,7987,4908,12388,6559,10509,3687,3799,3904,6646,3032,11905,250057,90011,4682,0,0,0,0,26,1
2021-02-04T23:59:59+01:00,8,8,3887,3919,9388,14815,10225,22584,12340,33592,15588,27540,8982,9306,13113,20942,11511,32771,794,780,2537,3711,3222,6249,3958,9847,5235,8299,3007,3087,3279,5661,2639,10407,246117,72740,4458,0,0,0,0,25,1
2021-02-03T23:59:59+01:00,8,8,3818,3848,9282,14592,10121,22245,12207,33082,15437,27118,8873,9191,12971,20764,11435,32606,658,612,1916,2800,2489,4828,2993,7567,4005,6256,2199,2226,2396,4198,1912,7801,243372,54879,4290,0,0,0,0,25,1
2021-02-02T23:59:59+01:00,8,8,3752,3755,9182,14399,10025,21864,12063,32518,15235,26662,8750,9077,12849,20555,11350,32339,523,485,1447,2066,1903,3631,2248,5756,2987,4681,1557,1528,1633,2763,1331,5188,240157,39744,4288,0,0,0,0,25,1
2021-02-01T23:59:59+01:00,7,8,3712,3666,9102,14167,9919,21475,11925,31880,15053,26159,8632,8929,12740,20412,11299,32164,389,352,1007,1428,1253,2416,1464,3773,1854,2966,985,972,970,1686,763,3010,237016,25296,4288,0,0,0,0,24,1
2021-01-31T23:59:59+01:00,7,8,3694,3631,9049,14058,9850,21271,11859,31584,14950,25962,8576,8870,12689,20300,11254,32035,359,331,887,1237,1064,2045,1263,3221,1621,2600,887,881,866,1504,692,2705,235528,22169,4174,0,0,0,0,23,1
2021-01-30T23:59:59+01:00,7,8,3694,3628,9039,14046,9836,21249,11846,31564,14938,25948,8572,8865,12631,20238,11205,31972,342,307,827,1153,1007,1922,1199,3032,1546,2463,859,855,847,1464,677,2653,235214,21158,4127,0,0,0,0,23,1
2021-01-29T23:59:59+01:00,7,8,3634,3614,8978,14017,9807,21198,11814,31489,14892,25880,8548,8842,12445,20013,11025,31729,275,224,708,981,863,1562,1045,2643,1335,2138,770,765,798,1409,659,2600,233997,18778,4001,0,0,0,0,20,1
2021-01-28T23:59:59+01:00,7,8,3515,3528,8775,13629,9587,20686,11583,30911,14566,25382,8412,8742,12011,19393,10669,31148,129,57,290,359,376,606,457,1146,607,959,408,423,467,809,377,1571,229213,9042,3397,0,0,0,0,20,1
2021-01-27T23:59:59+01:00,7,8,3284,3393,8482,13214,9286,20066,11201,30077,14179,24645,8196,8530,11461,18590,10244,30386,77,33,200,221,241,411,303,799,428,661,310,309,347,603,283,1149,222514,6375,2789,0,0,0,0,20,1
2021-01-26T23:59:59+01:00,6,8,3117,3296,8201,12878,9023,19496,10896,29320,13782,24018,7960,8309,10883,17676,9597,29234,72,29,185,211,225,377,287,748,397,600,295,284,320,541,257,1019,215805,5847,1948,0,0,0,0,20,1
2021-01-25T23:59:59+01:00,6,8,3030,3201,7920,12397,8732,18789,10510,28318,13301,23255,7677,8110,10264,16860,9141,28333,64,21,165,190,193,321,248,628,345,496,258,240,266,465,209,831,209503,4940,402,0,0,0,0,18,1
2021-01-24T23:59:59+01:00,6,8,2986,3181,7835,12319,8660,18665,10401,28158,13173,23073,7636,8075,10199,16748,9093,28237,63,20,161,186,191,308,245,607,337,482,248,236,264,458,205,816,208205,4827,300,0,0,0,0,18,1
2021-01-23T23:59:59+01:00,6,8,2985,3180,7834,12316,8656,18655,10400,28146,13167,23068,7629,8072,10074,16584,8765,27650,62,20,161,186,190,307,243,607,335,482,248,236,264,458,205,815,206950,4819,298,0,0,0,0,17,1
2021-01-22T23:59:59+01:00,6,8,2923,3134,7711,12204,8573,18516,10290,27976,13087,22953,7599,8039,9876,16282,8247,26626,62,20,160,186,190,307,243,607,334,482,248,236,264,458,205,815,203806,4817,298,0,0,0,0,16,1
2021-01-21T23:59:59+01:00,6,8,2841,2964,7212,11291,8089,17373,9753,26355,12482,21738,7315,7711,9236,15321,7722,25554,56,18,145,172,173,276,218,531,297,442,222,209,233,378,175,684,192724,4229,298,0,0,0,0,16,1
2021-01-20T23:59:59+01:00,6,8,2482,2617,6332,9887,7346,15419,8801,23525,11373,19665,6714,7059,8141,13554,6908,23332,55,18,144,167,170,274,211,517,286,420,210,202,227,353,162,646,172918,4062,295,0,0,0,0,16,1
2021-01-19T23:59:59+01:00,6,8,2040,2260,5434,8507,6484,13527,7781,20735,10102,17426,5957,6175,6752,11360,5886,20276,39,11,95,124,114,170,148,353,187,292,133,115,139,235,113,479,150539,2746,214,0,0,0,0,16,1
2021-01-18T23:59:59+01:00,5,8,1766,1971,4679,7125,5528,11288,6586,17140,8671,14710,5077,5296,5366,9106,4812,16790,21,6,37,46,52,79,65,161,75,147,59,54,66,131,62,220,125867,1280,91,0,0,0,0,16,1
2021-01-17T23:59:59+01:00,4,8,1489,1682,4167,6331,5021,10157,6050,15565,8032,13449,4737,4946,4994,8432,4483,15785,8,2,8,15,15,28,19,51,28,56,23,23,20,31,13,47,115272,386,88,0,0,0,0,15,1
2021-01-16T23:59:59+01:00,4,7,1322,1478,3950,6010,4841,9717,5791,14899,7702,12756,4548,4718,4782,8157,4128,15181,0,0,0,1,1,2,1,1,2,2,0,1,1,0,0,1,110012,12,5,0,0,0,0,14,1
2021-01-15T23:59:59+01:00,4,7,1172,1252,3696,5589,4588,9152,5499,14060,7294,11957,4256,4424,4596,7850,3593,14135,0,0,0,0,0,0,0,0,1,0,0,0,0,0,0,0,103144,0,3,0,0,0,0,14,1
2021-01-14T23:59:59+01:00,3,4,898,939,2950,4403,3724,7337,4556,11320,5899,9613,3458,3558,3863,6629,3109,12325,0,0,0,0,0,0,0,0,1,0,0,0,0,0,0,0,84603,0,0,0,0,0,0,14,1
2021-01-13T23:59:59+01:00,3,3,762,785,2478,3673,3139,6116,3787,9386,4807,7740,2585,2645,2916,5047,2377,9421,0,0,0,0,0,0,0,0,1,0,0,0,0,0,0,0,67682,0,0,0,0,0,0,13,1
2021-01-12T23:59:59+01:00,2,3,632,656,2077,3014,2584,4974,3033,7566,3791,6084,1855,1826,1992,3411,1680,6424,0,0,0,0,0,0,0,0,1,0,0,0,0,0,0,0,51626,0,0,0,0,0,0,0,1
2021-01-11T23:59:59+01:00,1,1,491,523,1735,2441,2075,3973,2349,5754,2815,4416,1193,1130,1195,2001,920,3645,0,0,0,0,0,0,0,0,1,0,0,0,0,0,0,0,36676,0,0,0,0,0,0,0,1
2021-01-10T23:59:59+01:00,1,1,435,453,1477,2017,1734,3253,1939,4769,2339,3698,1052,1006,1050,1756,819,3194,0,0,0,0,0,0,0,0,1,0,0,0,0,0,0,0,31004,0,0,0,0,0,0,0,1
2021-01-09T23:59:59+01:00,1,1,403,409,1353,1840,1589,2963,1786,4322,2154,3367,977,935,991,1702,801,3152,0,0,0,0,0,0,0,0,1,0,0,0,0,0,0,0,28755,0,0,0,0,0,0,0,1
2021-01-08T23:59:59+01:00,1,1,306,281,1106,1498,1311,2296,1470,3544,1784,2753,844,830,903,1579,756,3000,0,0,0,0,0,0,0,0,1,0,0,0,0,0,0,0,24270,0,0,0,0,0,0,0,1
2021-01-07T23:59:59+01:00,1,0,143,76,397,505,476,786,591,1366,777,1201,467,481,560,961,463,1907,0,0,0,0,0,0,0,0,1,0,0,0,0,0,0,0,11159,0,0,0,0,0,0,0,1
2021-01-06T23:59:59+01:00,1,0,108,44,267,283,305,510,395,927,527,822,359,361,423,747,357,1440,0,0,0,0,0,0,0,0,1,0,0,0,0,0,0,0,7877,0,0,0,0,0,0,0,1
2021-01-05T23:59:59+01:00,1,0,84,31,188,229,238,424,317,818,444,703,343,345,406,714,350,1385,0,0,0,0,0,0,0,0,1,0,0,0,0,0,0,0,7021,0,0,0,0,0,0,0,1
2021-01-04T23:59:59+01:00,1,0,66,25,171,192,197,331,253,635,350,511,268,253,286,516,233,927,0,0,0,0,0,0,0,0,1,0,0,0,0,0,0,0,5215,0,0,0,0,0,0,0,1
2021-01-03T23:59:59+01:00,1,0,64,21,165,187,193,317,251,620,342,494,260,251,282,503,231,910,0,0,0,0,0,0,0,0,1,0,0,0,0,0,0,0,5092,0,0,0,0,0,0,0,1
2021-01-02T23:59:59+01:00,1,0,64,21,165,187,193,317,249,620,339,494,260,251,282,503,231,909,0,0,0,0,0,0,0,0,1,0,0,0,0,0,0,0,5086,0,0,0,0,0,0,0,1
2021-01-01T23:59:59+01:00,1,0,63,21,164,187,193,316,249,620,337,492,260,251,282,502,231,909,0,0,0,0,0,0,0,0,1,0,0,0,0,0,0,0,5078,0,0,0,0,0,0,0,1
2020-12-31T23:59:59+01:00,1,0,63,21,164,185,193,315,248,619,336,491,260,251,282,502,231,909,0,0,0,0,0,0,0,0,1,0,0,0,0,0,0,0,5071,0,0,0,0,0,0,0,1
2020-12-30T23:59:59+01:00,1,0,62,21,164,184,191,312,248,617,336,489,260,251,282,502,231,909,0,0,0,0,0,0,0,0,1,0,0,0,0,0,0,0,5060,0,0,0,0,0,0,0,1
2020-12-29T23:59:59+01:00,1,0,45,12,116,140,142,212,181,443,237,375,179,164,194,373,170,709,0,0,0,0,0,0,0,0,1,0,0,0,0,0,0,0,3693,0,0,0,0,0,0,0,1
2020-12-28T23:59:59+01:00,1,0,24,8,64,77,80,122,100,252,118,232,98,93,103,200,103,388,0,0,0,0,0,0,0,0,1,0,0,0,0,0,0,0,2063,0,0,0,0,0,0,0,1
2020-12-27T23:59:59+01:00,0,0,11,3,17,26,36,47,36,89,37,94,32,29,40,73,32,145,0,0,0,0,0,0,0,0,0,0,0,0,0,0,0,0,747,0,0,0,0,0,0,0,0
