Datum,<15_1_m,<15_1_w,15-24_1_m,15-24_1_w,25-34_1_m,25-34_1_w,35-44_1_m,35-44_1_w,45-54_1_m,45-54_1_w,55-64_1_m,55-64_1_w,65-74_1_m,65-74_1_w,75-84_1_m,75-84_1_w,>84_1_m,>84_1_w,<15_2_m,<15_2_w,15-24_2_m,15-24_2_w,25-34_2_m,25-34_2_w,35-44_2_m,35-44_2_w,45-54_2_m,45-54_2_w,55-64_2_m,55-64_2_w,65-74_2_m,65-74_2_w,75-84_2_m,75-84_2_w,>84_2_m,>84_2_w,bp_1,bp_2,mo_1,mo_2,az_1,az_2,ja,unb_1,unb_2
2021-11-08T23:59:59+01:00,52785,49865,321304,305216,427360,391299,433799,422143,491110,496494,533718,531595,357568,399140,248823,319325,73363,134848,43295,40843,287335,275719,391896,358613,403784,392995,462944,468189,511342,510248,347949,387983,242598,310775,70792,129402,4316476,4027873,533549,511537,808868,765683,332396,639,597
2021-11-07T23:59:59+01:00,52447,49556,319995,304195,425956,390090,432665,421227,490260,495798,533188,531117,357398,398940,248741,319242,73348,134800,43155,40699,286912,275347,391450,358177,403432,392658,462673,467878,511111,510032,347855,387868,242530,310694,70781,129374,4306504,4024457,533178,511333,808850,765659,331964,639,597
2021-11-06T23:59:59+01:00,52150,49279,319166,303409,425014,389336,431963,420662,489664,495323,532862,530834,357340,398871,248707,319211,73342,134791,43102,40658,286730,275185,391239,358016,403303,392536,462569,467772,511037,509967,347829,387837,242517,310678,70777,129368,4299744,4023144,533062,511301,808846,765657,331805,639,597
2021-11-05T23:59:59+01:00,51610,48734,317699,302185,423585,388004,430723,419621,488707,494455,532285,530355,357242,398725,248671,319146,73336,134772,42890,40452,286225,274804,390841,357647,402963,392238,462285,467487,510848,509806,347763,387762,242484,310633,70771,129354,4288669,4019982,532588,511120,808835,765646,331292,639,597
2021-11-04T23:59:59+01:00,50921,48073,315576,300293,421221,386022,428856,418075,487132,493153,531387,529671,357043,398488,248587,319007,73307,134712,42501,40019,285308,273965,389994,356772,402219,391517,461675,466892,510346,509370,347597,387579,242387,310468,70728,129291,4272231,4012967,532027,510857,808820,765616,329975,639,597
2021-11-03T23:59:59+01:00,50561,47703,314266,299220,419619,384815,427658,417152,486171,492360,530763,529188,356889,398319,248515,318904,73284,134665,42217,39736,284568,273323,389288,356087,401683,390993,461196,466467,509978,509050,347441,387370,242285,310317,70696,129205,4261497,4006868,531762,510708,808816,765605,329506,637,597
2021-11-02T23:59:59+01:00,50245,47385,312953,298270,417979,383625,426404,416288,485125,491648,530153,528696,356740,398131,248437,318801,73266,134601,41849,39399,283742,272641,388528,355398,401082,390445,460706,465991,509608,508669,347261,387171,242198,310176,70667,129130,4251146,4000483,531455,510519,808812,765589,328856,637,597
2021-11-01T23:59:59+01:00,49851,47014,311471,297165,416343,382524,425090,415412,484107,490931,529619,528321,356607,397998,248382,318735,73250,134566,41598,39121,283075,272038,387858,354851,400527,389998,460253,465624,509295,508409,347147,387051,242141,310063,70646,129068,4241011,3995781,531223,510300,808780,765575,327893,636,597
2021-10-31T23:59:59+01:00,49794,46979,311286,297055,416135,382411,424890,415286,483988,490852,529562,528277,356592,397990,248380,318730,73250,134564,41541,39079,282960,271978,387754,354773,400443,389944,460204,465591,509263,508387,347136,387042,242138,310058,70642,129063,4239881,3995228,531161,510260,808777,765571,327723,636,597
2021-10-30T23:59:59+02:00,49740,46940,311088,296928,415817,382251,424670,415131,483779,490691,529442,528219,356571,397964,248375,318720,73247,134558,41504,39070,282858,271907,387644,354701,400353,389879,460146,465529,509221,508368,347129,387034,242135,310052,70638,129059,4238200,3994682,531114,510201,808776,765568,327562,636,597
2021-10-29T23:59:59+02:00,49520,46712,310094,296242,414565,381400,423572,414445,482899,490081,528944,527941,356497,397893,248333,318673,73235,134535,41375,38970,282379,271546,387170,354319,399943,389594,459805,465258,509020,508220,347071,386982,242116,310015,70631,129045,4230808,3991933,530817,510045,808772,765563,326704,636,597
2021-10-28T23:59:59+02:00,49074,46283,308314,294931,412519,380000,421961,413300,481601,489110,528220,527409,356340,397722,248260,318581,73222,134493,41069,38683,281430,270706,386218,353519,399178,388947,459197,464735,508557,507903,346923,386796,242047,309918,70609,128990,4218625,3985847,530390,509743,808759,765536,325083,636,597
2021-10-27T23:59:59+02:00,48749,45964,307432,294156,411441,379141,421104,412600,480888,488585,527808,527104,356240,397556,248199,318483,73203,134453,40781,38392,280688,270028,385580,352909,398694,388465,458776,464309,508260,507618,346765,386618,241965,309794,70582,128929,4211283,3980381,530090,509554,808755,765506,324495,636,597
2021-10-26T23:59:59+02:00,48344,45552,306360,293201,410294,378215,420213,411928,480191,487986,527391,526783,356118,397419,248127,318384,73176,134402,40421,38025,279818,269102,384829,352185,398138,387906,458338,463856,507898,507315,346618,386457,241864,309638,70557,128860,4203152,3973903,529879,509393,808748,765490,323822,636,597
2021-10-25T23:59:59+02:00,48189,45416,305853,292755,409725,377797,419736,411593,479783,487708,527203,526623,356075,397362,248114,318359,73169,134395,40355,37964,279594,268916,384584,352013,397965,387774,458191,463739,507796,507239,346597,386424,241853,309619,70554,128849,4199513,3972679,529817,509349,808746,765486,323295,636,597
2021-10-24T23:59:59+02:00,47978,45236,305304,292281,409043,377286,419227,411180,479368,487395,526983,526434,356012,397279,248082,318333,73161,134382,40165,37804,279138,268453,384125,351616,397618,387454,457924,463485,507628,507061,346508,386329,241815,309554,70542,128830,4195375,3969443,529660,509216,808743,765472,322701,636,597
2021-10-23T23:59:59+02:00,47944,45203,305144,292149,408832,377142,419071,411042,479256,487307,526908,526386,355993,397255,248078,318327,73161,134379,40127,37762,279048,268348,384005,351543,397538,387379,457853,463423,507591,507028,346489,386315,241814,309548,70541,128829,4194204,3968795,529599,509152,808741,765469,322548,636,597
2021-10-22T23:59:59+02:00,47690,44971,304370,291587,407952,376455,418337,410499,478686,486833,526553,526137,355937,397186,248059,318293,73155,134367,39875,37521,278493,267827,383511,351110,397125,387018,457552,463152,507368,506856,346422,386251,241792,309506,70535,128819,4188614,3965179,529326,508985,808739,765451,321901,636,597
2021-10-21T23:59:59+02:00,47218,44520,303266,290716,406746,375499,417359,409707,477861,486193,526013,525760,355812,397045,247986,318184,73133,134311,39297,36960,277430,266779,382607,350240,396401,386249,456921,462583,506950,506494,346265,386049,241699,309347,70509,128768,4180123,3957349,529051,508610,808733,765438,320933,636,597
2021-10-20T23:59:59+02:00,46998,44269,302665,290173,406073,374888,416815,409260,477431,485822,525726,525526,355717,396920,247915,318090,73107,134257,38881,36585,276684,266026,381990,349581,395883,385647,456497,462136,506594,506175,346089,385848,241601,309206,70471,128692,4174947,3950929,528908,508436,808729,765427,320576,635,597
2021-10-19T23:59:59+02:00,46715,43995,302123,289701,405572,374431,416450,408926,477152,485550,525495,525318,355600,396791,247851,317996,73074,134202,38431,36133,275797,265199,381284,348872,395408,385109,456090,461677,506259,505852,345903,385618,241496,309058,70434,128609,4170701,3944097,528787,508265,808726,765412,320236,635,596
2021-10-18T23:59:59+02:00,46524,43805,301599,289239,405082,374001,416099,408587,476886,485313,525274,525116,355509,396689,247797,317901,73053,134160,38144,35874,275154,264512,380737,348231,394988,384618,455752,461292,505971,505575,345748,385468,241410,308930,70401,128560,4166902,3938792,528643,508083,808721,765394,319874,635,596
2021-10-17T23:59:59+02:00,46413,43687,301282,288984,404827,373753,415890,408423,476737,485157,525174,524992,355445,396632,247776,317853,73038,134125,37896,35618,274645,264008,380371,347854,394707,384284,455509,461063,505810,505408,345659,385358,241373,308861,70378,128508,4164746,3935139,528567,507927,808717,765359,319662,635,596
2021-10-16T23:59:59+02:00,46384,43655,301206,288922,404753,373696,415848,408379,476693,485122,525149,524976,355439,396624,247772,317847,73036,134123,37856,35574,274539,263899,380291,347784,394649,384211,455469,461019,505783,505384,345651,385349,241370,308856,70377,128503,4164267,3934525,528553,507868,808717,765357,319591,635,596
2021-10-15T23:59:59+02:00,46234,43494,300773,288579,404383,373376,415555,408119,476451,484898,524993,524841,355387,396584,247755,317815,73027,134108,37626,35328,273979,263317,379884,347394,394310,383869,455192,460739,505587,505214,345589,385275,241330,308809,70372,128482,4161443,3930785,528432,507655,808713,765347,319285,635,596
2021-10-14T23:59:59+02:00,45904,43162,299989,287880,403737,372715,415044,407659,476025,484490,524674,524562,355270,396452,247692,317714,72994,134042,37072,34763,272737,262054,379080,346431,393624,383037,454546,460095,505164,504797,345356,385051,241219,308649,70341,128432,4155937,3922091,528174,507152,808704,765292,318688,635,595
2021-10-13T23:59:59+02:00,45595,42883,299418,287331,403256,372208,414652,407262,475691,484160,524412,524316,355147,396310,247623,317614,72966,133982,36741,34480,271968,261252,378482,345684,393102,382403,454126,459632,504797,504432,345181,384851,241121,308459,70305,128353,4151364,3915756,527997,506879,808700,765246,318263,635,595
2021-10-12T23:59:59+02:00,45269,42608,298765,286788,402736,371673,414248,406875,475383,483852,524161,524080,355040,396172,247574,317526,72939,133931,36447,34191,271135,260393,377790,344964,392563,381839,453707,459203,504434,504086,344959,384632,241014,308307,70264,128244,4146694,3909162,527820,506655,808692,765222,317911,634,592
2021-10-11T23:59:59+02:00,45024,42384,298184,286306,402253,371216,413845,406520,475080,483549,523923,523883,354930,396055,247502,317431,72903,133863,36161,33936,270381,259661,377120,344287,392078,381285,453327,458758,504101,503784,344767,384437,240917,308158,70221,128157,4142568,3903291,527643,506372,808681,765196,317455,634,592
2021-10-10T23:59:59+02:00,44866,42253,297825,286026,401913,370910,413613,406269,474903,483358,523781,523754,354880,395999,247478,317392,72885,133832,35994,33809,269904,259241,376663,343822,391748,380942,453038,458474,503879,503607,344671,384336,240861,308089,70204,128124,4140162,3899676,527500,506249,808674,765162,317096,634,592
2021-10-09T23:59:59+02:00,44836,42228,297726,285950,401828,370852,413552,406217,474855,483310,523755,523737,354872,395985,247476,317388,72884,133831,35944,33755,269787,259136,376564,343724,391665,380867,452980,458420,503844,503577,344661,384322,240855,308081,70203,128122,4139657,3898972,527465,506176,808671,765151,316984,634,592
2021-10-08T23:59:59+02:00,44595,42021,297226,285546,401378,370477,413255,405921,474576,483087,523547,523571,354809,395924,247439,317336,72866,133817,35736,33478,269225,258575,376142,343294,391289,380489,452704,458097,503666,503419,344596,384239,240821,308036,70192,128110,4136293,3895155,527340,506012,808667,765132,316584,634,592
2021-10-07T23:59:59+02:00,44215,41599,296252,284682,400595,369707,412609,405305,474063,482595,523141,523252,354680,395750,247345,317226,72834,133752,35084,32818,267846,257181,375151,342111,390480,379492,451995,457349,503119,502918,344341,383958,240682,307856,70133,128019,4129417,3885487,527107,504820,808658,765090,315911,634,591
2021-10-06T23:59:59+02:00,43955,41339,295552,284098,400077,369202,412212,404879,473706,482284,522866,523001,354546,395597,247267,317107,72809,133675,34757,32505,267105,256372,374613,341449,390005,378951,451575,456901,502771,502562,344168,383747,240571,307710,70103,127940,4124581,3879397,526978,504707,808652,765058,315417,634,591
2021-10-05T23:59:59+02:00,43638,41043,294845,283418,399449,368580,411695,404391,473322,481884,522583,522697,354401,395440,247184,316952,72776,133564,34457,32191,266292,255532,373929,340711,389467,378340,451072,456434,502421,502206,343978,383529,240460,307537,70056,127866,4119148,3872968,526840,504563,808645,765036,314683,634,591
2021-10-04T23:59:59+02:00,43362,40805,294020,282718,398736,367990,411203,403929,472914,481490,522281,522428,354268,395267,247110,316827,72745,133473,34153,31874,265392,254598,373212,339936,388875,377744,450597,455897,502035,501839,343786,383299,240304,307370,70016,127779,4113955,3866289,526688,504453,808638,764996,313739,633,591
2021-10-03T23:59:59+02:00,43201,40656,293618,282303,398322,367626,410888,403678,472699,481257,522103,522264,354186,395172,247061,316741,72737,133435,33972,31740,264901,254174,372758,339526,388520,377351,450327,455589,501787,501607,343661,383153,240242,307277,69998,127748,4111097,3862717,526587,504341,808614,764942,313102,633,591
2021-10-02T23:59:59+02:00,43166,40619,293494,282176,398203,367536,410806,403597,472637,481200,522070,522233,354172,395149,247060,316738,72735,133433,33925,31702,264762,254043,372658,339436,388442,377273,450270,455536,501757,501568,343649,383131,240240,307270,69996,127748,4110402,3862020,526509,504284,808612,764919,312954,633,591
2021-10-01T23:59:59+02:00,42956,40364,292879,281620,397637,367037,410353,403212,472302,480933,521804,522051,354088,395071,247031,316689,72723,133415,33626,31411,264102,253395,372165,339002,388060,376896,449944,455219,501531,501373,343573,383065,240215,307226,69987,127731,4106492,3858142,526364,504127,808603,764865,312158,633,591
2021-09-30T23:59:59+02:00,42552,39965,291751,280533,396630,366068,409554,402426,471638,480261,521295,521641,353921,394863,246935,316560,72698,133346,33088,30866,262905,252226,371297,338075,387354,376071,449340,454568,501058,500974,343403,382840,240135,307068,69958,127678,4098782,3851074,526021,503120,808582,764781,310698,632,591
2021-09-29T23:59:59+02:00,42211,39662,290982,279787,395890,365355,409001,401843,471138,479769,520929,521330,353739,394660,246859,316426,72668,133280,32788,30558,262157,251465,370660,337422,386895,375493,448917,454111,500706,500629,343231,382660,240042,306905,69936,127620,4092861,3845603,525861,502970,808574,764713,309675,632,590
2021-09-28T23:59:59+02:00,41876,39349,290111,278954,395092,364641,408394,401277,470613,479260,520547,520971,353530,394440,246763,316271,72628,133178,32477,30288,261292,250677,369953,336780,386385,374963,448474,453656,500353,500280,343051,382457,239947,306760,69909,127564,4086565,3840082,525735,502822,808566,764659,308467,632,590
2021-09-27T23:59:59+02:00,41461,38966,289228,278113,394294,363924,407834,400688,470136,478735,520145,520640,353370,394243,246677,316151,72597,133085,32156,29929,260273,249751,369091,335977,385724,374289,447933,453114,499949,499919,342868,382224,239856,306626,69884,127500,4080888,3833903,525569,502670,808559,764551,306702,632,590
2021-09-26T23:59:59+02:00,41085,38660,288656,277580,393794,363477,407490,400338,469838,478446,519934,520451,353260,394143,246634,316081,72578,133044,31998,29795,259766,249290,368646,335579,385384,373918,447643,452820,499743,499732,342777,382133,239798,306553,69868,127463,4077188,3830943,525426,502519,808535,764435,305771,632,590
2021-09-25T23:59:59+02:00,41031,38599,288487,277413,393639,363355,407372,400248,469744,478361,519873,520408,353248,394123,246625,316072,72576,133041,31955,29740,259601,249137,368500,335453,385263,373818,447571,452719,499681,499698,342757,382110,239788,306540,69868,127461,4076429,3830227,525352,502459,808532,764404,305332,632,590
2021-09-24T23:59:59+02:00,40832,38385,287850,276758,392988,362785,406847,399763,469294,477954,519574,520166,353143,394038,246584,316020,72570,133016,31695,29482,258938,248452,367887,334911,384814,373377,447152,452361,499359,499452,342641,382004,239744,306486,69856,127437,4072655,3826508,525203,502357,808522,764334,303611,632,589
2021-09-23T23:59:59+02:00,40195,37718,286139,275093,391504,361426,405656,398548,468245,476987,518821,519481,352844,393761,246452,315803,72526,132900,31302,29066,257639,247366,366731,333923,383875,372548,446342,451627,498762,498941,342407,381761,239632,306334,69828,127358,4062755,3820427,524794,502085,808510,764234,299455,632,589
2021-09-22T23:59:59+02:00,39860,37400,285139,274105,390650,360573,404902,397775,467577,476382,518279,519038,352614,393493,246343,315604,72477,132813,31014,28802,256857,246616,365982,333235,383246,371952,445830,451105,498297,498592,342204,381552,239527,306196,69794,127295,4055875,3815321,524577,501915,808487,764118,297497,632,589
2021-09-21T23:59:59+02:00,39443,36917,284056,273022,389685,359663,404140,397017,466949,475791,517828,518606,352389,393229,246240,315425,72423,132700,30696,28525,256000,245759,365220,332518,382607,371347,445333,450619,497881,498192,342009,381346,239420,306032,69760,127209,4048257,3809693,524417,501716,808477,764039,295778,632,589
2021-09-20T23:59:59+02:00,39089,36639,282915,271944,388631,358723,403311,396207,466246,475172,517331,518152,352143,393002,246129,315242,72379,132603,30312,28154,254876,244775,364228,331674,381814,370576,444610,450039,497421,497749,341783,381130,239312,305844,69724,127133,4041197,3803202,524271,501541,808462,763835,293327,632,588
2021-09-19T23:59:59+02:00,38928,36504,282319,271532,388054,358234,402901,395810,465902,474858,517064,517919,352056,392877,246090,315163,72368,132565,30195,28034,254362,244338,363724,331249,381389,370238,444240,449694,497138,497527,341674,381001,239255,305758,69714,127102,4037852,3800368,524127,501358,808440,763536,292121,632,588
2021-09-18T23:59:59+02:00,38873,36433,282157,271372,387855,358072,402717,395666,465790,474744,516996,517860,352040,392864,246082,315154,72366,132561,30065,27904,254047,243992,363471,330997,381151,370047,444078,449560,497044,497438,341645,380975,239236,305739,69711,127094,4036899,3798491,524011,501277,808437,763523,291649,632,588
2021-09-17T23:59:59+02:00,38542,36067,281252,270540,387062,357312,401989,395009,465177,474219,516615,517497,351890,392719,246019,315084,72342,132529,29797,27637,253302,243311,362784,330400,380558,369544,443611,449148,496707,497150,341525,380840,239186,305660,69698,127072,4031552,3794711,523675,500874,808428,763492,289596,631,588
2021-09-16T23:59:59+02:00,37972,35470,279668,268970,385706,355856,400781,393689,464160,473239,515841,516800,351572,392390,245889,314896,72294,132437,29360,27215,252153,242294,361821,329463,379731,368682,442942,448452,496191,496702,341298,380618,239088,305533,69667,127010,4020646,3788086,522924,500472,808385,763345,287059,631,586
2021-09-15T23:59:59+02:00,37593,35159,278535,267871,384808,354876,399922,392825,463486,472550,515305,516284,351348,392100,245716,314715,72255,132317,29060,26926,251294,241482,361033,328665,379043,368008,442374,447934,495685,496262,341088,380382,238951,305386,69644,126933,4013082,3782425,522633,500238,808372,763271,284955,631,586
2021-09-14T23:59:59+02:00,37280,34852,277562,266907,383866,354015,399188,392057,462878,471897,514775,515830,351103,391858,245587,314545,72212,132248,28785,26687,250511,240689,360297,327995,378434,367409,441828,447423,495265,495878,340891,380167,238840,305239,69620,126878,4006248,3777295,522303,500015,808342,763122,283141,630,585
2021-09-13T23:59:59+02:00,36893,34458,276324,265638,382912,352970,398412,391177,462181,471176,514251,515326,350881,391606,245465,314391,72173,132175,28325,26265,249385,239635,359473,327209,377832,366754,441268,446898,494806,495498,340698,379941,238740,305092,69591,126824,3998035,3770358,521582,499730,808309,763025,281853,630,585
2021-09-12T23:59:59+02:00,36749,34329,275747,265196,382437,352523,398023,390750,461855,470874,514038,515110,350774,391494,245419,314316,72162,132140,28167,26146,248855,239222,358968,326765,377463,366399,440964,446608,494557,495275,340573,379810,238681,305004,69576,126779,3994835,3767328,521416,499538,808273,762898,280781,630,583
2021-09-11T23:59:59+02:00,36670,34280,275556,264986,382211,352334,397862,390594,461721,470750,513967,515049,350744,391463,245410,314300,72160,132137,28020,26047,248573,239039,358744,326607,377313,366258,440815,446490,494490,495220,340549,379782,238673,304991,69576,126775,3993799,3766245,521327,499405,808265,762877,280168,630,582
2021-09-10T23:59:59+02:00,36342,33943,274478,263992,381253,351434,396984,389786,460922,470066,513410,514602,350537,391263,245322,314188,72142,132107,27811,25847,247663,238333,357916,325870,376527,365631,440123,445967,494000,494839,340388,379626,238592,304887,69554,126745,3988462,3762781,521185,499188,808256,762855,276226,630,582
2021-09-09T23:59:59+02:00,35904,33492,273170,262831,380201,350254,396039,388749,460122,469190,512829,514089,350298,390980,245196,314034,72107,132047,27429,25456,246589,237370,357002,325001,375712,364822,439432,445359,493413,494397,340172,379396,238471,304745,69523,126693,3980252,3756678,520881,498789,808211,762704,273543,628,579
2021-09-08T23:59:59+02:00,35502,33092,272210,261839,379397,349403,395342,387967,459491,468587,512389,513624,350095,390737,245091,313858,72078,131989,27135,25167,245663,236511,356188,324263,375027,364100,438827,444795,492964,493943,339972,379150,238356,304583,69489,126605,3973775,3750986,520658,498469,808158,762568,271448,627,577
2021-09-07T23:59:59+02:00,35127,32755,271187,260910,378564,348621,394697,387293,458959,468065,511946,513229,349904,390527,244991,313693,72044,131918,26859,24956,244786,235726,355382,323577,374377,363542,438321,444286,492519,493554,339763,378932,238269,304445,69462,126550,3967671,3745981,520417,498128,808144,762389,269541,627,576
2021-09-06T23:59:59+02:00,34729,32346,270067,259806,377618,347673,394008,386515,458359,467427,511505,512794,349682,390279,244902,313571,72014,131848,26623,24745,244012,234967,354635,322921,373762,362952,437858,443780,492105,493169,339550,378725,238189,304310,69433,126495,3960444,3741155,520280,497887,808096,762260,267662,627,576
2021-09-05T23:59:59+02:00,34573,32198,269658,259394,377308,347327,393712,386196,458126,467189,511328,512614,349612,390186,244860,313509,71998,131821,26487,24590,243582,234572,354236,322535,373407,362640,437597,443530,491908,492962,339452,378607,238147,304246,69416,126463,3957844,3738519,520177,497612,808068,762122,266857,627,576
2021-09-04T23:59:59+02:00,34514,32160,269490,259262,377186,347200,393584,386090,458049,467104,511277,512569,349600,390168,244853,313497,71998,131820,26449,24537,243415,234428,354074,322371,373260,362524,437505,443428,491842,492913,339431,378587,238139,304234,69416,126462,3957131,3737734,520123,497474,808063,762099,266440,627,576
2021-09-03T23:59:59+02:00,34196,31844,268591,258456,376444,346537,392992,385496,457471,466620,510816,512231,349429,389989,244787,313391,71975,131786,26125,24196,242393,233568,353277,321653,372588,361870,436853,442839,491354,492498,339234,378388,238053,304128,69396,126435,3952748,3733436,519419,495935,808035,762026,264182,627,576
2021-09-02T23:59:59+02:00,33830,31505,267535,257572,375578,345696,392252,384743,456782,465986,510282,511800,349163,389737,244664,313213,71950,131707,25827,23932,241365,232767,352384,320872,371847,361160,436137,442211,490788,492041,338987,378123,237944,303977,69370,126357,3946767,3728247,519133,495451,808000,761700,261422,627,575
2021-09-01T23:59:59+02:00,33503,31139,266684,256730,374816,345025,391720,384193,456311,465505,509896,511455,348986,389546,244574,313096,71926,131647,25438,23530,240274,231705,351515,320015,371157,360464,435521,441605,490261,491556,338755,377857,237813,303823,69342,126302,3941316,3721429,518947,494906,807965,761485,259845,627,571
2021-08-31T23:59:59+02:00,33105,30797,265817,255818,374075,344304,391144,383608,455798,465017,509442,511088,348795,389353,244478,312948,71894,131604,25153,23235,239320,230811,350704,319266,370494,359827,434963,441095,489738,491155,338553,377643,237725,303674,69308,126247,3935757,3716107,518757,494519,807940,761067,257947,625,571
2021-08-30T23:59:59+02:00,32558,30309,264510,254636,373071,343386,390326,382790,455042,464304,508879,510587,348566,389134,244385,312794,71858,131535,24834,22918,238159,229825,349699,318367,369701,359083,434261,440510,489179,490638,338298,377398,237600,303495,69267,126170,3928253,3710051,518640,494076,807896,760813,255190,624,569
2021-08-29T23:59:59+02:00,32368,30118,263943,254125,372588,342969,389945,382451,454747,464015,508649,510365,348469,389025,244335,312730,71848,131511,24609,22703,237442,229187,349089,317823,369205,358612,433833,440134,488870,490378,338157,377243,237540,303421,69249,126145,3925154,3706169,518520,493677,807868,760554,253964,624,569
2021-08-28T23:59:59+02:00,32278,30021,263715,253946,372411,342816,389789,382328,454622,463895,508574,510312,348445,389002,244324,312718,71847,131508,24544,22599,237124,228927,348838,317627,368985,358446,433650,439969,488741,490286,338115,377201,237520,303395,69247,126141,3924112,3704589,518479,493560,807862,760528,253401,624,569
2021-08-27T23:59:59+02:00,32047,29771,263070,253381,371894,342295,389319,381875,454166,463497,508201,510027,348316,388868,244266,312632,71828,131488,24398,22448,236520,228427,348223,317123,368513,358016,433198,439615,488438,490038,337985,377083,237465,303331,69236,126134,3920303,3701370,518410,493346,807803,760469,251725,624,569
2021-08-26T23:59:59+02:00,31664,29384,262064,252401,371039,341478,388560,381130,453478,462819,507650,509546,348084,388608,244145,312515,71800,131427,24049,22084,235039,227063,346991,315933,367394,357022,432321,438807,487765,489462,337698,376762,237301,303162,69206,126089,3914103,3693002,518165,492700,807764,760110,249047,624,567
2021-08-25T23:59:59+02:00,31299,29050,261139,251539,370287,340700,387897,380431,452842,462229,507093,509088,347846,388352,244019,312351,71765,131360,23443,21509,232986,225198,345508,314526,366203,355824,431319,437845,486962,488734,337316,376371,237147,302927,69162,126001,3908367,3681000,518033,492292,807735,759961,246434,622,565
2021-08-24T23:59:59+02:00,30980,28782,260406,250757,369679,340066,387356,379855,452358,461713,506681,508715,347636,388126,243901,312187,71739,131288,23126,21193,231773,224132,344542,313601,365418,355075,430644,437194,486402,488187,337036,376056,237013,302767,69137,125937,3903410,3673806,517745,491843,807714,759655,244634,622,561
2021-08-23T23:59:59+02:00,30458,28254,259016,249440,368646,339151,386522,379062,451576,461027,506031,508146,347353,387843,243761,311998,71712,131229,22816,20894,230288,222813,343226,312528,364466,354221,429779,436433,485695,487618,336732,375722,236877,302576,69111,125878,3895955,3666378,517596,491362,807679,759369,241263,622,560
2021-08-22T23:59:59+02:00,30312,28139,258608,249069,368291,338818,386249,378796,451338,460782,505842,507996,347256,387749,243720,311941,71695,131203,22634,20712,229567,222132,342533,311867,363931,353713,429338,436026,485372,487349,336568,375539,236813,302471,69093,125842,3893722,3661974,517447,490897,807640,759069,240259,621,556
2021-08-21T23:59:59+02:00,30061,27934,258111,248607,367972,338498,385991,378538,451133,460604,505694,507857,347201,387693,243698,311903,71692,131194,22359,20458,228824,221478,342047,311469,363526,353301,428973,435719,485143,487152,336483,375471,236786,302428,69087,125830,3891170,3658991,517303,489691,807632,759013,239536,621,556
2021-08-20T23:59:59+02:00,29869,27735,257450,247944,367231,337867,385310,378009,450538,460109,505219,507534,347055,387533,243643,311806,71675,131159,21954,20118,227016,219857,340633,310268,362406,352344,428015,434919,484423,486600,336239,375222,236684,302308,69062,125800,3887684,3650721,516979,488530,807619,758646,236662,621,556
2021-08-19T23:59:59+02:00,29537,27420,256461,247090,366225,337076,384521,377316,449827,459470,504654,507048,346814,387269,243535,311659,71641,131086,21459,19625,224247,217418,338321,308426,360698,350865,426610,433645,483262,485644,335820,374796,236491,302061,69028,125731,3882144,3636328,516612,486763,807577,758172,233567,621,555
2021-08-18T23:59:59+02:00,29250,27159,255664,246383,365520,336454,383939,376747,449229,458971,504179,506632,346541,387029,243417,311511,71609,131020,21081,19252,221768,214891,336259,306663,359047,349211,425081,432312,482116,484605,335302,374244,236259,301765,68977,125637,3877021,3623036,516432,482822,807547,757790,231503,620,555
2021-08-17T23:59:59+02:00,28932,26883,254880,245663,364898,335767,383375,376189,448737,458484,503745,506211,346340,386819,243300,311380,71582,130967,20610,18817,219018,212134,334181,304831,357356,347744,423642,431032,480989,483612,334807,373701,236022,301472,68923,125561,3871960,3607942,516131,480038,807521,757360,229788,619,552
2021-08-16T23:59:59+02:00,28641,26620,254185,245009,364326,335210,382912,375726,448298,458044,503326,505847,346155,386612,243201,311216,71551,130927,20056,18333,215842,209055,331888,302709,355829,346290,422434,429890,480039,482767,334419,373254,235836,301201,68884,125471,3867541,3590491,515975,479330,807495,757011,228041,619,550
2021-08-15T23:59:59+02:00,28444,26457,253689,244562,363894,334819,382552,375388,447999,457784,503083,505651,346041,386493,243152,311136,71540,130906,19271,17604,211828,204991,329986,301087,354563,345064,421403,428950,479253,482104,334084,372919,235711,301024,68860,125421,3864678,3572823,515831,478415,807456,756684,226871,619,548
2021-08-14T23:59:59+02:00,28375,26398,253441,244364,363658,334642,382376,375237,447842,457654,502965,505544,345992,386460,243134,311113,71537,130901,18945,17306,210753,203886,329161,300323,353842,344385,420907,428489,478865,481782,333945,372790,235673,300967,68851,125404,3863500,3566121,515758,478044,807450,756607,226171,619,548
2021-08-13T23:59:59+02:00,28118,26155,252733,243775,363157,334213,381937,374803,447406,457287,502626,505285,345864,386308,243069,311036,71525,130872,18341,16749,208863,202096,327733,299003,352572,343192,419853,427546,478115,481139,333701,372500,235560,300824,68833,125350,3859664,3554154,515686,477440,807440,756415,224626,615,548
2021-08-12T23:59:59+02:00,27920,25929,252008,243137,362535,333621,381403,374316,446870,456839,502205,504929,345680,386107,242967,310929,71512,130824,17757,16251,206262,199820,324846,296456,350553,341385,418343,426291,476890,480070,333249,371965,235314,300547,68793,125267,3855695,3536688,515494,476260,807402,755387,222384,613,546
2021-08-11T23:59:59+02:00,27685,25682,251278,242446,361908,333038,380876,373833,446404,456408,501793,504499,345454,385865,242851,310794,71484,130769,16937,15563,203210,196828,321656,293509,348375,339315,416840,424880,475606,478778,332706,371321,235065,300139,68742,125138,3850832,3514782,515274,475189,807362,754447,220844,610,545
2021-08-10T23:59:59+02:00,27439,25424,250443,241709,361191,332484,380336,373282,445905,455928,501338,504097,345257,385668,242765,310655,71461,130725,16140,14778,199003,192686,316978,289278,345382,336530,414714,422930,474003,477314,332016,370648,234766,299729,68685,125019,3845736,3484575,514988,474074,807324,753294,219303,608,545
2021-08-09T23:59:59+02:00,27241,25223,249814,241133,360608,331995,379890,372901,445493,455580,500992,503811,345096,385520,242699,310543,71441,130689,15146,13834,194453,188083,311256,284521,342618,334029,412796,421152,472380,475847,331369,369955,234490,299358,68626,124884,3842005,3454135,514808,471296,807292,752200,217807,606,541
2021-08-08T23:59:59+02:00,27069,25064,249331,240719,360211,331639,379539,372608,445188,455319,500749,503619,344988,385410,242636,310464,71424,130656,14924,13639,193102,186710,309627,283180,341298,332863,411916,420393,471805,475326,331106,369684,234361,299189,68600,124833,3839407,3444980,514651,469926,807239,751712,216574,605,540
2021-08-07T23:59:59+02:00,26920,24888,248800,240269,359812,331299,379203,372325,444894,455082,500522,503444,344916,385315,242602,310414,71416,130645,13752,12595,189421,183115,307577,281325,339573,331336,410579,419124,470878,474530,330750,369310,234230,299000,68566,124796,3836541,3425316,514544,468590,807228,751498,215690,605,537
2021-08-06T23:59:59+02:00,26694,24653,247929,239599,359027,330687,378526,371747,444237,454556,499983,503053,344682,385111,242503,310298,71405,130623,12844,11768,185670,179555,304098,278505,337446,329495,408973,417779,469577,473563,330370,368922,234070,298845,68542,124749,3833953,3405949,513176,466860,807216,750396,212204,605,534
2021-08-05T23:59:59+02:00,26370,24329,246750,238659,358124,329812,377695,371013,443489,453869,499312,502508,344398,384808,242389,310124,71364,130560,11838,10834,181180,175600,298696,274079,333315,325919,406155,415284,467314,471775,329701,368217,233807,298471,68481,124638,3827556,3377928,512911,462140,807146,746677,209187,605,533
2021-08-04T23:59:59+02:00,25996,23986,245604,237667,357121,328897,376914,370299,442858,453269,498734,501975,344125,384539,242266,309951,71337,130489,11024,10122,177692,172289,294915,270943,328898,322004,403896,413184,465600,470218,329005,367518,233531,298118,68421,124536,3821032,3350700,512566,460369,807111,744927,206534,601,532
2021-08-03T23:59:59+02:00,25531,23564,244236,236482,356208,328061,376201,369604,442202,452609,498132,501439,343833,384239,242136,309774,71293,130421,10463,9621,174195,168833,290794,267287,323777,317382,401138,410620,463251,468113,328161,366648,233179,297644,68353,124397,3813080,3318501,512401,458485,807067,742850,204630,601,531
2021-08-02T23:59:59+02:00,25213,23257,243181,235519,355356,327299,375496,369003,441626,452059,497605,500990,343570,383963,242018,309618,71267,130362,9907,9080,170548,165230,286081,263309,317892,312420,398375,408055,461011,466114,327388,365811,232883,297245,68291,124279,3806702,3284952,512151,456500,807009,740316,202751,600,529
2021-08-01T23:59:59+02:00,25056,23067,242549,234910,354756,326783,375053,368607,441190,451736,497259,500711,343428,383796,241942,309502,71253,130336,9640,8871,168993,163771,283586,261303,313250,308702,396512,406474,459530,464863,326952,365325,232710,297027,68262,124220,3803000,3266995,511847,454351,806915,737863,201380,597,525
2021-07-31T23:59:59+02:00,24946,22962,242205,234589,354474,326555,374811,368436,441000,451582,497150,500610,343394,383756,241922,309489,71252,130330,8405,7774,165213,159916,280757,258749,311155,306697,395111,405190,458381,463872,326631,364947,232576,296853,68236,124174,3801375,3244017,511657,453411,806909,737068,200729,597,525
2021-07-30T23:59:59+02:00,24656,22702,241400,233866,353894,326024,374318,367965,440535,451178,496788,500318,343256,383615,241877,309409,71239,130314,7467,6904,161458,156143,277353,255628,308121,303872,392875,403072,456530,462283,326119,364413,232366,296561,68203,124116,3797263,3218875,511286,452205,806889,733867,199121,596,523
2021-07-29T23:59:59+02:00,24309,22361,239863,232591,352723,324945,373346,367050,439675,450382,495972,499693,342922,383301,241740,309224,71201,130247,6482,6030,156591,151645,271951,251428,302195,299075,388504,399570,453472,459867,325284,363563,232053,296150,68143,124016,3789655,3184834,510604,447326,806804,728752,195681,595,523
2021-07-28T23:59:59+02:00,24007,22073,238708,231551,351838,324101,372594,366355,439033,449710,495403,499201,342667,383001,241605,309037,71166,130175,5991,5586,152816,147983,267438,247751,297742,295108,385230,396703,451375,458008,324622,362800,231784,295763,68079,123890,3782882,3153986,510063,445397,806726,726102,193752,594,520
2021-07-27T23:59:59+02:00,23734,21846,237698,230575,350990,323358,371888,365761,438445,449092,494875,498742,342422,382696,241471,308841,71130,130076,5421,5059,147778,142844,261495,242605,292426,290328,381204,392994,448185,455185,323630,361694,231417,295256,67987,123731,3776566,3112285,509506,443063,806668,722351,192099,593,518
2021-07-26T23:59:59+02:00,23501,21606,236719,229589,350197,322650,371278,365204,437888,448600,494422,498369,342189,382455,241344,308682,71106,130018,4999,4700,143419,138436,255928,237806,287243,285839,376727,389022,444657,452153,322675,360728,231088,294774,67912,123593,3770859,3072756,508874,440803,806585,717989,190695,590,518
2021-07-25T23:59:59+02:00,23142,21305,235378,228429,349251,321877,370594,364538,437307,448056,493958,497962,341990,382240,241254,308552,71085,129954,4744,4467,141567,136672,253227,235576,284729,283732,374586,387236,442560,450351,322159,360209,230883,294543,67887,123516,3763756,3057658,508494,438613,806518,713618,189292,589,518
2021-07-24T23:59:59+02:00,22893,21108,234448,227565,348525,321224,370019,364016,436778,447616,493596,497684,341874,382141,241210,308491,71082,129943,4422,4182,138665,133866,250488,233248,282159,281508,372321,385375,441318,449363,321809,359871,230738,294365,67868,123482,3759723,3039270,507729,435591,806503,713275,187443,589,518
2021-07-23T23:59:59+02:00,22475,20721,232941,226217,347192,320276,368966,363146,435896,446828,492898,497152,341638,381868,241121,308379,71061,129907,3999,3791,133166,129013,245102,228927,277672,277710,368624,382164,438661,447156,321107,359146,230483,294053,67814,123401,3752221,3003632,507257,433812,806448,711134,183929,589,518
2021-07-22T23:59:59+02:00,21969,20245,230830,224233,345434,318728,367459,361852,434576,445680,491915,496249,341203,381417,240944,308130,71017,129826,3577,3447,128810,124944,239089,224405,271270,272629,361712,376654,433193,442632,319920,357882,230042,293525,67720,123247,3739742,2961442,505666,427817,806315,704805,181143,588,516
2021-07-21T23:59:59+02:00,21460,19721,228939,222408,343731,317192,365839,360276,432998,444292,490688,495078,340650,380892,240696,307846,70963,129731,3374,3250,125038,121362,233620,220156,265729,268092,353569,369706,428571,438883,318800,356733,229580,292959,67639,123067,3728709,2925845,501907,416908,806088,700017,177848,588,514
2021-07-20T23:59:59+02:00,21157,19441,227468,220925,342493,316017,364875,359396,432133,443500,489964,494430,340309,380517,240548,307625,70934,129641,3113,2960,120690,117112,227260,214970,259891,262904,346440,363589,423860,434560,317701,355475,229165,292370,67541,122885,3719359,2881972,501500,409666,805957,695618,175704,586,513
2021-07-19T23:59:59+02:00,20843,19145,225731,219228,341177,314760,363832,358417,431318,442721,489292,493811,340014,380152,240396,307392,70889,129544,2917,2751,117927,114503,222858,211374,255262,258945,342716,360407,421233,432372,316975,354746,228864,291976,67466,122761,3708752,2856844,501076,404274,805863,691285,174114,586,513
2021-07-18T23:59:59+02:00,20689,19012,224429,217951,339554,313320,362758,357486,430494,441996,488751,493267,339781,379866,240268,307215,70867,129482,2826,2658,116423,113109,220189,209183,252903,256836,340462,358551,419194,430677,316483,354256,228704,291757,67445,122693,3699262,2844511,500537,399990,805787,687577,172735,585,509
2021-07-17T23:59:59+02:00,20290,18589,223274,216891,338972,312779,362166,356972,429973,441545,488335,492979,339676,379749,240226,307159,70864,129471,2562,2401,114350,111006,217728,206874,250429,254635,338029,356406,417742,429413,316147,353864,228569,291589,67422,122653,3693681,2826962,500334,397261,805763,686789,171267,582,509
2021-07-16T23:59:59+02:00,19746,18075,220733,214745,337233,311473,360655,355679,428505,440338,487236,492119,339270,379379,240055,307000,70839,129435,2294,2160,111232,108196,212951,202936,245885,250991,333720,352700,414393,426687,315224,352932,228218,291171,67368,122572,3683471,2799216,499573,394896,805605,682970,164990,581,508
2021-07-15T23:59:59+02:00,19104,17447,217943,212319,335323,309760,359063,354242,427161,439148,486288,491264,338865,378952,239852,306744,70797,129330,2117,2019,107316,104961,204559,196674,238366,245372,327103,347450,407307,420222,313476,351114,227669,290500,67296,122373,3668389,2752500,498971,386433,805487,675531,161853,578,508
2021-07-14T23:59:59+02:00,18258,16721,215495,209991,333615,308225,357657,352894,425934,437948,485259,490303,338409,378490,239611,306432,70743,129243,1965,1874,103692,101611,198060,191485,232634,240689,322799,343962,403122,416588,312161,349799,227259,289939,67212,122219,3653436,2718760,498385,380879,805363,668712,159135,577,504
2021-07-13T23:59:59+02:00,17604,16063,213306,207964,332009,306846,356318,351661,424756,436853,484295,489441,337967,378016,239408,306185,70708,129150,1853,1766,99924,98062,191556,186059,225479,234613,316108,337890,394712,408711,310361,347870,226653,289145,67099,122018,3639564,2675843,497826,368179,805203,659219,157043,576,500
2021-07-12T23:59:59+02:00,16584,15128,210015,204776,329940,305108,354735,350188,423510,435644,483309,488536,337551,377543,239229,305956,70668,129072,1774,1695,96817,95338,186258,181742,218487,228923,309257,331844,389602,404427,308624,345997,226058,288412,66999,121847,3621041,2637443,497268,361025,805023,650788,155239,574,498
2021-07-11T23:59:59+02:00,16075,14651,208653,203497,329186,304384,354069,349557,422942,435136,482859,488191,337360,377339,239168,305850,70646,129032,1740,1669,95394,94047,183463,179426,215478,226621,306561,329683,386766,402035,306148,343367,225678,287941,66945,121749,3614757,2622401,496627,359028,804890,640272,153402,568,494
2021-07-10T23:59:59+02:00,15600,14191,206802,201705,327714,303113,352931,348578,422209,434537,482381,487793,337190,377174,239102,305764,70636,129012,1699,1622,94086,92771,180916,177303,212435,224134,304030,327516,385599,400998,305501,342697,225498,287752,66929,121722,3606146,2605561,495983,358796,804655,638515,150720,567,494
2021-07-09T23:59:59+02:00,15275,13910,204891,199861,326102,301653,351858,347611,421303,433819,481808,487315,336982,376950,239006,305643,70621,128978,1025,966,91291,90045,177377,174069,208083,219974,299001,322909,382149,398010,304404,341466,225192,287385,66891,121658,3596963,2576514,495114,356728,804460,630907,148115,565,494
2021-07-08T23:59:59+02:00,14806,13482,201395,196868,322782,298977,349475,345617,419590,432356,480373,486243,336543,376509,238828,305394,70576,128900,907,855,86984,86270,170122,168390,199935,213564,291616,316781,375188,391787,301673,338538,224412,286444,66774,121398,3581569,2530220,491062,348051,803940,620527,143184,564,493
2021-07-07T23:59:59+02:00,14305,13028,197647,192992,319601,296106,347157,343562,418030,430879,479166,485137,336066,375944,238636,305121,70537,128794,773,759,83295,82816,162804,162660,190869,206374,283615,310207,368135,384961,298357,334915,223500,285341,66632,121151,3560219,2482154,489691,334592,803553,610511,140238,561,490
2021-07-06T23:59:59+02:00,13845,12654,194210,189609,316336,293363,344678,341265,416310,429313,477895,484001,335564,375385,238439,304831,70484,128709,651,641,79722,79229,156112,157140,183446,200161,274661,302245,361635,378860,295153,331662,222614,284249,66524,120922,3540319,2429551,486614,327601,803136,600985,137806,558,490
2021-07-05T23:59:59+02:00,13447,12317,189808,185360,312270,290018,342161,338925,414631,427763,476749,482926,335091,374868,238259,304585,70451,128623,575,546,76651,76395,150982,153036,178674,196031,267743,295968,355519,373318,291872,328213,221725,283127,66414,120751,3517425,2390414,485448,323105,802640,590618,133708,556,487
2021-07-04T23:59:59+02:00,13269,12158,185962,181483,309626,287984,340844,337848,413747,426983,476165,482431,334867,374614,238172,304459,70425,128569,543,517,74463,74522,147871,150457,176334,193984,265290,293905,352402,371105,288562,324814,221144,282461,66358,120631,3505149,2376586,484151,320804,802075,579074,129195,556,486
2021-07-03T23:59:59+02:00,12073,11101,179529,175479,305352,284520,338506,335676,411927,425173,474949,481373,334466,374168,237999,304213,70401,128526,512,498,72680,72941,145439,148573,173890,191896,262219,291176,350119,369248,286807,322828,220876,282099,66326,120582,3478750,2360825,482742,320603,801892,574581,122993,556,486
2021-07-02T23:59:59+02:00,10973,10009,175814,172011,302929,282316,336755,333969,410676,423984,474173,480682,334207,373853,237885,304031,70373,128478,473,447,69981,70252,141507,145280,169445,187846,256158,285722,344888,364537,283549,319096,220235,281326,66277,120497,3460625,2327556,481261,317813,801711,561985,120461,554,472
2021-07-01T23:59:59+02:00,9875,9080,172134,168558,298881,279014,334256,331693,408878,422402,473077,479721,333788,373389,237684,303761,70327,128398,401,374,65082,65526,135173,139933,162151,181331,245890,276851,334079,354734,278760,313816,218380,279068,66098,120184,3438026,2271127,479162,305440,801364,544241,117298,554,467
2021-06-30T23:59:59+02:00,9385,8687,168859,165470,293251,274383,330577,328352,407106,420861,472054,478749,333365,372905,237492,303460,70293,128309,319,313,61948,62672,129526,135249,155499,175326,235825,267689,320663,341443,273543,308260,216489,276742,65930,119861,3412888,2216017,476987,292615,801070,525387,113535,553,465
2021-06-29T23:59:59+02:00,8848,8164,165051,161684,288703,270108,327009,325050,404996,418776,470504,477334,332776,372267,237238,303105,70238,128200,261,242,59151,59669,124570,130828,149469,169791,223962,256975,312096,333066,267078,301064,214514,274279,65727,119515,3385312,2156678,474987,287942,800744,507969,109913,551,462
2021-06-28T23:59:59+02:00,8443,7784,161717,158219,283659,265783,323700,322202,402851,416847,469017,476021,332257,371655,237005,302796,70194,128107,201,192,56871,57313,120657,127310,145115,165705,214733,248547,306298,327652,262129,295766,212749,272043,65580,119249,3361345,2120900,471016,279312,800085,491432,106700,551,460
2021-06-27T23:59:59+02:00,8295,7661,160208,156689,281552,263972,321897,320663,401149,415487,468122,475304,331967,371364,236902,302633,70175,128058,175,172,55668,56200,118529,125598,142544,163569,210617,245152,302925,324789,258316,291754,210289,269129,65469,119054,3351311,2105397,468941,275809,799039,475279,103694,550,458
2021-06-26T23:59:59+02:00,7141,6562,156937,153349,279447,262088,319482,318421,399958,414331,467423,474606,331698,371084,236795,302475,70151,128028,164,160,55120,55608,117182,124440,141117,162328,208372,243143,300392,322371,256776,290091,209955,268719,65442,118984,3332166,2088552,466116,275717,799033,472779,103559,528,440
2021-06-25T23:59:59+02:00,5919,5446,152627,149061,276048,259132,317429,316460,398648,413084,466420,473780,331409,370748,236668,302319,70124,127979,135,139,53830,53982,114695,121736,137025,157756,199602,234687,294695,316495,255049,287969,209362,267916,65371,118867,3307195,2046004,464685,274018,798981,466188,103332,528,439
2021-06-24T23:59:59+02:00,5055,4658,148173,144927,271211,255178,313150,312676,396450,411205,465044,472643,330982,370285,236500,302081,70090,127892,116,109,51175,51383,109554,117009,129677,151102,187540,224223,283274,306255,249663,282122,207525,265568,65168,118466,3275950,1983864,462674,262212,798814,452423,101639,527,437
2021-06-23T23:59:59+02:00,4833,4452,145004,141806,267504,252018,307905,307869,393956,408857,463636,471326,330453,369666,236269,301769,70042,127785,84,79,49230,49294,105751,113094,124000,145417,177634,215549,271287,294252,245047,277302,206190,263868,65007,118106,3248359,1927462,459147,252339,798653,441723,99861,525,435
2021-06-22T23:59:59+02:00,4582,4222,141924,138675,263784,248634,301773,302433,391321,406297,462091,469840,329903,369057,236049,301417,69995,127678,54,58,47537,47546,102136,109781,119191,140832,165028,204396,260365,283942,240977,272825,204268,261456,64755,117634,3216272,1869014,457210,244606,798461,430763,98585,524,425
2021-06-21T23:59:59+02:00,4323,3976,138658,135728,259070,244724,296524,297562,388271,403422,460618,468485,329385,368494,235828,301105,69955,127566,46,50,46302,46316,99747,107557,116450,138121,158803,198615,253475,277299,235621,266985,200327,256928,64570,117257,3184494,1837972,455162,239087,798254,410966,96623,521,424
2021-06-20T23:59:59+02:00,4179,3857,137149,134218,254813,241225,293939,295320,386879,402105,459827,467737,329159,368205,235716,300973,69935,127504,40,47,45169,45388,97481,105756,114169,136130,155767,196071,249157,273217,232614,263451,199338,255673,64489,117131,3166986,1817549,453396,235533,798094,403088,95094,519,417
2021-06-19T23:59:59+02:00,3763,3506,134996,132119,252061,238899,292154,293664,385033,400537,458987,467009,328937,367952,235613,300835,69915,127472,39,45,44623,44740,96206,104488,112692,134660,154256,194630,245930,270188,231888,262600,199167,255409,64467,117078,3150636,1801544,450569,233950,798085,402800,94982,519,416
2021-06-18T23:59:59+02:00,2811,2593,131711,128978,248536,235844,288141,290250,382631,398409,457648,465849,328561,367552,235458,300600,69888,127423,39,44,43837,43824,94628,102704,110390,131988,150704,190589,239063,262896,230158,260591,198680,254770,64392,116944,3124810,1772195,446131,233420,798059,396083,94699,519,415
2021-06-17T23:59:59+02:00,2576,2370,128000,125686,242502,231396,282910,285861,377837,394419,455321,464011,327965,366829,235213,300245,69823,127310,38,44,41597,41996,90574,99225,105478,127233,142836,182909,227657,251494,224948,254648,197028,252609,64133,116524,3089959,1716447,443140,229270,797796,385165,90237,464,408
2021-06-16T23:59:59+02:00,2305,2134,124759,122278,237599,227042,278209,281599,372664,389919,452723,461867,327223,366031,234923,299831,69757,127195,38,41,39760,40394,87033,96191,101117,123398,134591,175557,215544,239569,218705,247528,195101,250281,63881,116036,3056380,1656569,437592,223661,797303,377047,87628,462,406
2021-06-15T23:59:59+02:00,1916,1802,119842,117407,231614,221893,272855,276611,367594,385286,449873,459445,326354,365053,234572,299319,69675,127011,37,39,38142,38780,83702,93143,97143,119340,127529,169175,203181,227529,212666,240730,193137,247848,63571,115463,3011628,1599209,435662,217805,796741,369360,84917,461,403
2021-06-14T23:59:59+02:00,1653,1527,115788,113242,226381,216984,267491,271636,362302,380528,446752,456850,325566,364193,234263,298930,69613,126890,33,38,37163,37890,81424,91042,94431,116815,123408,165421,196574,221020,209551,237221,192002,246374,63352,115069,2969442,1569573,433306,215525,796484,361694,82168,459,397
2021-06-13T23:59:59+02:00,1580,1442,114295,111864,223928,214876,264945,269374,360047,378566,445580,455824,325290,363888,234127,298758,69581,126816,30,38,36295,37152,79562,89365,92416,114991,120580,162806,192694,217307,206456,233775,190967,245003,63120,114656,2954438,1555542,430866,208243,796180,353452,80101,459,396
2021-06-12T23:59:59+02:00,1431,1304,111641,109114,222031,213145,263559,268092,358607,377166,444686,455057,325002,363579,234035,298655,69563,126788,30,38,35925,36746,78572,88270,91161,113690,118998,161239,189125,214001,205421,232646,189569,243346,63110,114624,2938245,1542356,429886,208232,796158,346072,79966,458,395
2021-06-11T23:59:59+02:00,1284,1168,109088,106598,219133,210521,259890,264900,355470,374431,442971,453586,324565,363127,233898,298447,69536,126733,30,37,35249,35629,76562,84886,88927,110152,114884,156093,182412,206538,203323,230272,188964,242575,63047,114525,2913809,1514800,427085,207535,795975,332612,79267,457,394
2021-06-10T23:59:59+02:00,1122,1011,104335,102182,213057,205752,252829,259070,349371,369132,438476,449810,323704,362156,233578,298001,69452,126580,28,36,33667,34139,72553,80705,84001,104638,108202,147860,170042,192879,197232,223371,187234,240430,62793,114120,2870139,1467545,419976,205788,795140,305569,75127,453,389
2021-06-09T23:59:59+02:00,973,882,100411,98468,207081,201021,246013,253355,342705,363179,434791,446787,323022,361411,233305,297618,69388,126448,27,35,32129,32879,69309,78050,80301,101468,103471,143571,158882,182095,186591,211350,185367,238184,62521,113625,2831088,1413398,411441,201804,794627,294280,70463,435,385
2021-06-08T23:59:59+02:00,791,701,95874,93918,200439,195455,239054,247339,334440,355895,429682,442112,322185,360407,232930,297131,69308,126312,26,33,31054,32020,66716,75748,77017,98740,98880,139649,151256,174582,177860,201617,183558,235930,62289,113257,2779067,1374096,405665,196883,794040,283400,65939,435,377
2021-06-07T23:59:59+02:00,632,560,92649,90812,194363,190747,232492,242092,326607,349718,426634,439664,321637,359770,232713,296804,69254,126216,25,31,30181,31170,64244,73789,74060,96578,95111,136709,143158,166774,173802,196978,182125,234118,62065,112872,2740014,1346912,399489,193578,793471,272268,61108,435,377
2021-06-06T23:59:59+02:00,594,525,91068,89495,191068,188185,229132,239313,322322,346311,425196,438585,321363,359472,232605,296646,69231,126169,25,31,29578,30613,62468,72102,71976,94557,91912,133637,137455,160964,171262,194337,181013,232717,61837,112492,2724566,1335022,392086,183866,792984,261811,58351,434,371
2021-06-05T23:59:59+02:00,512,445,89121,87478,186188,183966,226663,237181,320505,344690,424200,437672,321078,359154,232456,296479,69217,126137,25,30,29118,29853,61263,70143,70574,92403,90228,131357,132684,155614,168249,190662,180527,232058,61803,112426,2701052,1311348,391954,183399,792877,256374,57958,433,370
2021-06-04T23:59:59+02:00,412,360,86763,84946,182516,180345,222648,233231,316909,341047,421838,435475,320621,358619,232261,296250,69178,126075,25,28,28648,29176,60139,68483,69280,90311,88435,128727,129304,151950,164006,185880,179534,230791,61755,112338,2671781,1292448,388127,182624,792758,246288,57510,432,368
2021-06-03T23:59:59+02:00,320,284,83472,81867,176772,175671,215374,227120,309187,334340,414077,428608,319585,357436,231890,295798,69122,125942,23,28,27756,28162,58236,66278,66881,87553,84785,124599,122524,145265,157654,178254,177959,228756,61641,112101,2622777,1263168,377872,177275,792337,233525,54540,430,360
2021-06-02T23:59:59+02:00,270,225,81385,79696,172668,171934,211718,223953,305595,330976,412025,426772,319174,356980,231736,295591,69094,125891,22,26,27284,27678,57102,65149,65270,86268,82716,122645,117536,140373,149758,169268,177236,227799,61556,111931,2593934,1230866,376484,175301,792312,229900,53604,427,351
2021-06-01T23:59:59+02:00,171,157,77115,75866,164382,165357,202343,216213,296485,323083,403811,418932,317664,355366,231195,294851,68982,125664,22,23,25731,26260,52782,62189,60419,82969,77278,118132,110096,133144,138633,155826,175125,225056,61348,111505,2535183,1180588,364825,171187,791555,218108,46701,421,341
2021-05-31T23:59:59+02:00,149,140,74369,73376,158719,161027,195028,210232,289097,316692,398070,413959,316667,354251,230808,294330,68892,125493,22,22,24820,25197,50152,59963,57244,80430,73660,114842,105587,128687,134463,150898,173750,223329,61179,111172,2494711,1158091,355423,168818,790916,207692,40853,420,338
2021-05-30T23:59:59+02:00,138,132,73315,72306,156233,158988,192401,207875,286309,314178,396184,412213,316303,353840,230647,294090,68854,125412,22,22,24214,24409,48555,58223,55502,78569,71419,112271,102930,125818,132307,148366,172958,222393,61086,110961,2478875,1148280,352897,167507,790284,196312,37960,419,332
2021-05-29T23:59:59+02:00,135,130,72707,71713,154718,157586,190099,205845,284470,312591,395347,411443,316080,353594,230566,294011,68843,125393,21,22,23889,23881,47633,56724,54156,76688,69492,109424,100606,123016,129493,144935,172303,221485,61059,110909,2464979,1134629,352736,167440,790220,185767,37934,417,330
2021-05-28T23:59:59+02:00,131,127,71620,70598,152315,155328,186430,202301,281192,309459,393486,409674,315670,353088,230419,293797,68824,125336,21,21,23354,22877,46024,54594,52323,74120,67443,105471,96271,117124,125099,139871,171324,220173,61012,110795,2441136,1111925,351683,167225,790011,171247,37554,415,323
2021-05-27T23:59:59+02:00,120,118,68301,67580,145820,150380,178235,196040,274787,304290,387175,403985,314400,351640,229958,293266,68752,125153,19,20,22028,21192,42768,51540,48439,70303,62877,99452,89906,109604,121161,135239,168512,216465,60839,110480,2396500,1083421,344051,164484,788200,151144,31822,413,317
2021-05-26T23:59:59+02:00,116,115,66145,65394,140867,146288,172128,190973,268030,298618,380431,397291,312876,350024,229463,292566,68648,124940,19,19,21283,20272,40938,49401,46082,67565,59834,95656,85314,104478,116170,129507,164698,211114,60629,110052,2359161,1051397,330835,162901,786374,139661,29097,411,313
2021-05-25T23:59:59+02:00,115,108,64114,63398,136660,142799,167077,186673,260960,292325,375002,391897,311587,348607,229049,291917,68565,124761,19,19,20705,19607,39538,47880,44246,65545,57358,92648,81227,100091,111212,123794,159131,203834,60459,109744,2321546,1019724,323322,159476,783829,130422,27462,408,307
2021-05-24T23:59:59+02:00,113,106,62870,62186,133897,140690,163797,184256,254010,286327,370054,387214,310757,347687,228762,291530,68494,124630,19,19,20362,19195,38517,46804,42901,64058,55673,90638,78988,97573,109781,122136,158521,203042,60346,109541,2297788,1010334,312196,158168,782018,123732,25913,407,300
2021-05-23T23:59:59+02:00,108,105,62373,61669,132796,139793,162599,183219,252767,285304,368465,385786,310135,347029,228589,291302,68474,124594,19,16,20128,19007,37964,46244,42145,63358,54504,89640,77491,96204,108599,120732,157540,201818,60275,109399,2286275,1002122,311608,155084,781974,122132,25782,406,296
2021-05-22T23:59:59+02:00,105,103,61677,61044,131297,138708,160226,181594,249795,283007,365985,383555,309605,346433,228412,291035,68448,124543,18,16,19809,18582,37348,45638,41509,62828,53851,88911,76719,95054,107048,118923,156766,200847,60248,109345,2268259,995407,311591,155080,781935,118694,24312,406,296
2021-05-21T23:59:59+02:00,101,100,60339,59601,128384,136109,156929,178269,244554,278237,359885,377868,308668,345338,228117,290637,68387,124435,18,15,19445,18214,36733,44867,40853,61773,52895,87514,74990,92756,103803,114970,155626,199395,60155,109169,2232138,982356,309946,154752,780358,112093,24026,402,292
2021-05-20T23:59:59+02:00,92,98,57287,56809,122642,131228,149988,171948,234236,269473,350848,369582,306125,342593,227348,289624,68255,124215,17,15,18148,17278,34556,42622,38395,58873,50066,83734,71060,88248,99670,110311,153153,196370,59973,108814,2174077,962983,303273,152795,774399,94421,21131,397,289
2021-05-19T23:59:59+02:00,90,96,55075,54616,117629,126547,142818,165326,223688,260111,340297,358671,303475,339725,226599,288572,68104,123938,17,15,17566,16490,33330,41038,36989,56811,48049,80952,67817,84667,95782,105838,149515,191623,59711,108322,2108098,939530,297016,150814,771420,84906,19310,394,276
2021-05-18T23:59:59+02:00,86,92,52974,52650,112839,122285,136433,159753,212113,249737,330410,348866,300802,336756,225718,287373,67954,123683,17,15,17047,15884,32110,39570,35630,55017,46231,78538,64929,81437,91766,101297,146314,187545,59500,107888,2048185,919232,287637,147948,767825,76245,17331,390,275
2021-05-17T23:59:59+02:00,83,88,51939,51654,110497,120223,133617,157098,205582,243716,322834,341769,299006,334783,225129,286550,67846,123470,17,15,16588,15434,31060,38525,34454,53719,44749,76738,62660,79036,86920,95425,144848,185657,59352,107574,2021342,907501,275319,140472,764397,69545,15271,386,269
2021-05-16T23:59:59+02:00,82,85,51150,50999,109048,118900,131871,155431,202610,241029,315400,334810,297984,333652,224819,286065,67793,123372,17,15,16304,15062,30308,37741,33581,52800,43688,75421,61327,77564,83503,91341,144056,184576,59264,107432,2005982,901392,264886,133699,761150,65405,13519,382,263
2021-05-15T23:59:59+02:00,81,85,50611,50365,108044,117909,130855,154314,200673,239092,311829,331595,297361,332967,224623,285794,67773,123308,17,15,16164,14898,30054,37431,33295,52368,43201,74771,60476,76576,82906,90525,143539,183908,59228,107384,1989758,896141,264865,133552,760280,64274,12809,380,258
2021-05-14T23:59:59+02:00,80,84,49349,48936,105789,115811,127260,150859,192458,232019,305515,325706,296379,331828,224337,285346,67725,123214,17,15,15665,14467,29264,36608,32521,51174,42124,72984,58904,74624,80994,88032,142927,182917,59187,107299,1952456,886460,263161,132674,755732,58843,11763,377,256
2021-05-13T23:59:59+02:00,77,82,47429,46984,101939,112575,122536,146745,182429,223427,294902,315881,293414,328407,223526,284208,67625,123006,15,14,14804,14020,28407,35908,31761,50272,41177,71888,57395,73055,77210,83678,140155,179307,59077,107082,1900828,873890,254518,125616,749500,54992,10747,373,250
2021-05-12T23:59:59+02:00,75,80,46515,46271,100020,111141,120467,145078,179872,221316,290169,310550,292251,327137,223286,283890,67587,122921,15,13,14638,13869,28085,35689,31355,49983,40729,71513,56854,72485,75860,82045,139374,178171,58991,106922,1877712,868124,252352,123818,749009,54721,9949,370,248
2021-05-11T23:59:59+02:00,71,74,44269,44794,95977,108056,114648,140345,166498,210041,278515,299785,288849,323223,222332,282491,67437,122622,15,12,14207,13302,27072,34261,30220,48175,39422,69238,55145,70217,72765,78458,138011,176335,58832,106563,1818820,855811,242621,121128,740494,46857,8469,366,247
2021-05-10T23:59:59+02:00,70,70,43014,43816,93374,106047,111391,137710,158112,203012,270637,292675,286673,320768,221761,281631,67313,122381,15,11,13862,12858,26312,33276,29426,46912,38425,67382,53916,68488,70676,75902,136865,174820,58713,106273,1783229,846926,236576,120073,733519,39658,7497,363,238
2021-05-09T23:59:59+02:00,69,70,41890,43043,90691,104289,108726,135939,153096,199590,265113,287727,285428,319378,221384,281102,67247,122235,15,11,13545,12638,25616,32608,28698,46108,37630,66420,52988,67546,69444,74498,136268,173981,58658,106142,1763872,842344,229475,119095,727518,34879,6514,358,236
2021-05-08T23:59:59+02:00,68,70,41598,42739,89844,103556,107625,135081,151643,198372,262549,285661,284927,318838,221265,280925,67231,122203,15,11,13444,12576,25486,32516,28552,45977,37440,66227,52647,67226,68479,73575,135197,172612,58611,106049,1751802,837720,228965,118346,727293,34102,6498,351,226
2021-05-07T23:59:59+02:00,66,69,40674,42021,87906,102214,104790,132861,147021,194562,256292,280146,283585,317238,220919,280472,67179,122081,15,11,12697,12095,24658,31778,27785,44916,36575,64963,51465,65712,66229,70886,132967,169786,58522,105872,1725983,828019,225754,116073,723169,27315,5549,345,223
2021-05-06T23:59:59+02:00,62,68,38033,40295,83154,98753,98792,128105,136829,186047,239852,265735,278467,311442,219630,278785,67005,121768,15,11,12011,11576,23720,30674,26784,43565,35219,62964,49727,63734,63738,67753,130855,167020,58408,105655,1660413,816903,215850,112962,712259,18945,4641,333,222
2021-05-05T23:59:59+02:00,60,65,36145,39096,79493,96165,94190,124457,129003,179510,225095,251690,272280,304305,218055,276793,66759,121246,15,10,11777,11300,23173,29949,26179,42644,34295,61563,48572,62318,61122,64636,127909,163315,58310,105404,1594187,804583,210768,109390,706215,14973,3570,332,218
2021-05-04T23:59:59+02:00,60,63,35038,37987,76766,93841,90680,121411,123427,174776,214462,241412,266794,297857,216612,274952,66550,120779,15,10,11614,11096,22764,29407,25716,41872,33571,60471,47461,61042,58396,61447,125543,160378,58161,105168,1545109,792668,205644,106751,700127,11825,2916,328,214
2021-05-03T23:59:59+02:00,59,62,34166,36935,74475,92018,87805,119058,118988,171131,207801,235409,263516,293993,215815,273863,66428,120484,15,10,11367,10824,22370,28827,25236,41171,32881,59506,46434,59900,55598,58100,121764,155481,57904,104729,1513342,776779,202531,105036,695187,9067,1268,324,207
2021-05-02T23:59:59+02:00,59,62,33811,36619,73297,91110,86330,117962,116559,169261,204703,232889,262553,292905,215530,273456,66361,120376,15,9,11295,10751,22180,28611,25003,40886,32537,59096,45979,59424,54408,56637,118692,151796,57820,104597,1502718,771739,199734,99468,691310,8165,403,317,198
2021-05-01T23:59:59+02:00,58,62,33492,36239,72534,90315,85256,116919,115085,167895,201616,229859,261861,292080,215320,273176,66350,120337,15,9,11281,10735,22127,28581,24939,40848,32475,59039,45897,59347,54166,56344,118534,151600,57811,104580,1487605,770428,199725,99428,691043,8117,396,316,196
2021-04-30T23:59:59+02:00,55,60,32950,35638,71327,89092,83792,115188,111301,164325,194217,222745,259871,289712,214871,272567,66290,120229,15,9,10958,10539,21766,28303,24661,40422,32147,58477,45435,58714,53269,55180,117582,150415,57756,104461,1454702,766746,199398,97436,690243,5778,194,314,192
2021-04-29T23:59:59+02:00,53,59,31449,34684,68397,87062,80157,112578,106187,160207,181397,211197,251937,280604,213674,270935,66156,119886,15,9,10649,10324,21289,27855,24231,39925,31558,57736,44631,57782,51434,52983,115731,148177,57655,104265,1399764,757900,192113,94764,684871,3458,172,304,189
2021-04-28T23:59:59+02:00,52,58,30214,34072,66526,85748,77675,110756,102762,157349,171705,202009,241082,268005,212396,269250,65960,119560,15,9,10462,10163,20985,27498,23864,39456,31130,57075,43904,56953,49299,50356,113147,144936,57530,104053,1347085,748306,188750,90204,679500,2236,140,301,179
2021-04-27T23:59:59+02:00,49,57,29456,33385,64945,84276,75658,108944,99995,154950,166972,197278,232573,258195,211250,267635,65840,119337,15,9,10337,10051,20703,27206,23627,39125,30769,56572,43213,56264,47289,47814,110506,141497,57411,103853,1313005,738478,186441,86191,671502,1514,138,296,169
2021-04-26T23:59:59+02:00,48,57,29025,33000,63845,83390,74156,107777,97703,153236,158359,189275,228381,253350,210544,266638,65747,119137,15,9,10242,9961,20485,27014,23390,38911,30470,56230,42594,55691,45481,45667,108609,139015,57315,103699,1284058,730507,184998,83088,664770,1134,132,289,165
2021-04-25T23:59:59+02:00,48,56,28773,32760,63066,82862,73091,107040,95971,152005,152968,184403,224047,248465,209954,265857,65681,119014,15,9,10186,9927,20406,26933,23302,38828,30361,56103,42432,55531,45070,45170,107928,138108,57287,103628,1271267,728834,178859,81322,656093,1002,129,286,165
2021-04-24T23:59:59+02:00,48,55,28429,32332,62124,81636,71905,105591,94418,150340,148058,179248,221261,245130,209484,265183,65647,118964,15,9,10172,9908,20365,26890,23248,38761,30280,56017,42281,55395,44826,44860,107676,137811,57266,103600,1246372,727736,178829,80621,654805,959,128,282,163
2021-04-23T23:59:59+02:00,46,55,27680,31709,60557,80119,70109,103571,91827,147694,143267,174851,216705,239575,208829,264195,65584,118849,15,9,10119,9845,20255,26803,23116,38610,30046,55807,41918,55064,44211,44100,106612,136523,57110,103325,1221456,724377,177643,78142,646268,907,127,279,160
2021-04-22T23:59:59+02:00,44,54,27062,31108,59021,78682,67642,101354,87698,144202,135222,167359,207678,228578,206791,261566,65385,118453,14,9,9994,9749,20004,26505,22761,38172,29532,55294,41167,54429,43054,42784,104617,134071,56881,102927,1179917,716883,170190,74237,637932,786,127,273,156
2021-04-21T23:59:59+02:00,44,50,26566,30587,57688,77575,65758,99720,84653,141562,128040,160541,194595,213241,204642,258681,65159,118027,14,9,9862,9662,19770,26254,22472,37847,29176,54841,40612,53892,42203,41766,102421,131276,56626,102511,1128408,710311,167301,70138,631557,713,127,267,149
2021-04-20T23:59:59+02:00,43,49,26140,30116,56520,76427,64080,98134,82101,138990,122951,155468,183123,199784,202214,255546,64922,117597,13,9,9757,9571,19549,26066,22179,37575,28765,54422,40073,53360,41385,40831,100197,128281,56287,101975,1085752,702733,163812,66887,624775,633,125,265,141
2021-04-19T23:59:59+02:00,43,48,25773,29757,55545,75609,62793,96957,79968,137065,119422,152079,177359,192942,200505,253314,64738,117267,13,9,9649,9477,19318,25844,21931,37300,28449,54029,39558,52828,40589,39924,97085,124287,55882,101260,1061178,692329,161978,64466,618167,595,124,257,141
2021-04-18T23:59:59+02:00,42,43,25464,29494,54776,75063,61668,96010,78107,135635,116055,149682,172245,187384,199491,252085,64626,117075,13,9,9575,9401,19128,25667,21753,37134,28234,53752,39299,52578,40260,39541,95872,122736,55699,100959,1047167,688454,160310,62535,607601,580,124,254,139
2021-04-17T23:59:59+02:00,41,42,25354,29401,54406,74863,61149,95656,77455,135034,115204,148941,167990,182502,198958,251359,64592,117012,13,9,9530,9342,18989,25478,21565,36905,28006,53476,39034,52310,39958,39216,95105,121810,55634,100875,1036279,684426,160281,62219,603532,569,124,253,139
2021-04-16T23:59:59+02:00,41,42,24979,29151,53413,74252,59860,94777,75825,133703,111050,144797,160345,173740,197300,249157,64484,116804,13,9,9325,9167,18597,25045,20978,36329,26894,52571,37006,50705,36630,36258,91906,118281,55232,100221,1010356,669296,159489,55292,594007,539,123,251,137
2021-04-15T23:59:59+02:00,38,38,24503,28702,52158,73084,57896,93051,72546,130861,105585,139521,152485,164768,192647,243286,64188,116188,13,9,9151,9003,18226,24621,20485,35665,26216,51772,35617,49473,34518,34206,88782,114539,54724,99364,978162,656157,157432,49701,576078,489,122,249,133
2021-04-14T23:59:59+02:00,36,35,24163,28375,51223,72147,56552,91663,70159,128698,101584,135751,143288,154387,184907,233408,63847,115522,13,9,8743,8731,17749,24113,19949,35017,25305,50895,34331,48354,32469,32048,85802,110882,54231,98502,940278,641229,154763,45480,560835,397,121,240,133
2021-04-13T23:59:59+02:00,36,35,23922,28157,50524,71613,55602,90831,68524,127283,97858,132308,131456,141263,178514,225086,63509,114933,13,9,8506,8556,17403,23702,19522,34478,24639,50102,33259,47335,31085,30683,83638,108481,53871,97957,907008,631840,150245,41087,544332,275,121,236,132
2021-04-12T23:59:59+02:00,36,34,23713,27967,49969,71099,54733,90096,67052,125992,95228,129987,124345,133234,175286,221140,63238,114442,13,9,8269,8366,17037,23403,19149,34040,24167,49567,32592,46707,29554,29141,81974,106543,53545,97436,890585,623383,148701,37832,528441,261,119,229,129
2021-04-11T23:59:59+02:00,35,34,23539,27804,49440,70678,53997,89641,65905,125184,93368,128507,118858,127211,171373,216537,63068,114145,13,9,8133,8232,16739,23124,18830,33724,23809,49185,32147,46322,28916,28473,80956,105295,53336,97117,883096,618082,144298,36003,512076,247,113,221,125
2021-04-10T23:59:59+02:00,35,34,23478,27747,49273,70541,53794,89480,65574,124913,92842,128069,116774,124678,169932,214686,63026,114046,13,9,7544,7626,15847,22336,17870,32883,22690,48152,31034,45326,28254,27762,78859,102687,53069,96681,876091,602745,143441,35624,509542,243,106,219,125
2021-04-09T23:59:59+02:00,34,34,23229,27497,48769,70050,53149,88789,64576,123786,91016,126162,107940,113729,166552,210278,62826,113688,12,9,6584,6724,14315,21013,16150,31326,20547,46183,28820,43316,26475,25936,75350,98501,52524,95841,856640,575260,136386,34108,499237,231,94,213,123
2021-04-08T23:59:59+02:00,34,34,22932,27251,48189,69558,52392,88091,63265,122700,88594,123995,97621,101725,161005,203430,62496,113119,12,9,5940,6136,13121,19992,14891,29988,18907,44468,26330,40983,23454,22966,70684,92702,51369,94074,837931,543631,127491,32171,481175,204,84,211,119
2021-04-07T23:59:59+02:00,32,33,22620,27022,47379,69096,51458,87475,61871,121713,85444,121547,88421,91429,153998,194642,62202,112562,12,9,5560,5813,12460,19314,14073,29161,17868,43418,24424,39091,20913,20440,66717,87921,50371,92455,817492,520134,121888,29693,459735,178,77,202,114
2021-04-06T23:59:59+02:00,31,33,22408,26863,46848,68712,50867,86951,60837,120936,83335,119804,80658,82617,147629,186682,61857,111936,12,9,5363,5654,12106,18953,13718,28729,17332,42854,23564,38280,19785,19410,63555,83816,49447,91065,798208,506744,118675,26734,442296,166,71,196,113
2021-04-05T23:59:59+02:00,31,32,22308,26738,46535,68363,50475,86550,60287,120243,82153,118653,76176,77522,142647,180597,61656,111622,12,9,5223,5515,11845,18700,13423,28414,17010,42478,23117,37819,19322,18940,60666,80255,48748,89999,788764,497392,116922,23938,427085,161,65,188,113
2021-04-04T23:59:59+02:00,31,32,22259,26677,46412,68088,50303,86235,60006,119742,81643,118021,74732,75811,141945,179625,61619,111540,12,9,5217,5507,11826,18686,13411,28397,16991,42461,23019,37747,18916,18619,59227,78406,48541,89688,786218,492594,116813,23935,421883,154,59,184,111
2021-04-03T23:59:59+02:00,31,32,22197,26596,46289,67979,50139,86059,59691,119430,81075,117443,73386,74176,140831,178088,61536,111392,12,9,5206,5498,11813,18667,13389,28377,16958,42414,22913,37672,18780,18468,58874,77840,48452,89541,779858,490800,116771,23935,419934,152,58,183,111
2021-04-02T23:59:59+02:00,31,32,22119,26511,46127,67812,49919,85809,59221,118976,80194,116631,71832,72293,138552,175105,61342,111032,12,9,5186,5461,11765,18624,13334,28295,16870,42265,22639,37197,18423,18105,56536,74956,47639,88440,770737,482320,114992,23293,418005,152,54,181,108
2021-04-01T23:59:59+02:00,28,31,21924,26307,45711,67292,49273,85066,58347,118037,78311,114962,68568,68864,134464,169929,61024,110460,12,9,5039,5317,11490,18359,13110,28057,16548,41957,22134,36755,17595,17354,51675,68906,45951,85966,759083,464191,108901,21919,410813,139,49,178,105
2021-03-31T23:59:59+02:00,28,31,21595,26088,45309,66764,48774,84416,57615,117097,77151,113721,66518,66544,129703,163808,60620,109736,11,9,4961,5264,11390,18236,12946,27904,16309,41688,21540,36239,16463,16451,46443,62474,44564,83972,749309,445773,101727,20980,404687,136,42,176,102
2021-03-30T23:59:59+02:00,28,30,21418,25865,44906,66144,48266,83616,56905,116045,76013,112343,64674,64526,125325,158062,60155,108839,11,9,4894,5179,11285,18109,12752,27714,15979,41365,20966,35693,15630,15648,43678,59059,43451,82174,739133,433904,97501,19613,396742,109,36,169,100
2021-03-29T23:59:59+02:00,27,30,21220,25627,44443,65592,47787,82925,56171,114964,74775,110907,62180,61777,118592,149440,59387,107448,11,9,4797,5106,11178,17992,12598,27549,15734,41041,20505,35225,14980,15106,41076,56065,42343,80345,718596,422671,94083,18930,390831,92,34,167,98
2021-03-28T23:59:59+02:00,27,30,21014,25335,43943,64899,47270,82181,55491,113956,73827,109797,60921,60342,113885,143469,58943,106690,11,9,4741,5047,11032,17842,12338,27249,15542,40795,20337,34992,14741,14861,40001,54654,41991,79804,712052,418350,86770,17605,383416,71,34,162,92
2021-03-27T23:59:59+01:00,27,30,20893,25176,43649,64535,46906,81653,54987,113269,73152,109060,59767,59259,112397,141759,58876,106608,11,9,4727,5035,11005,17822,12320,27219,15179,40365,19936,34554,14450,14651,39516,53967,41518,78987,706777,414294,86066,16952,379376,66,34,160,90
2021-03-26T23:59:59+01:00,27,29,20642,24665,42842,62833,45934,79628,53650,110247,71137,105443,57755,57369,109650,138530,58548,106091,9,9,4708,5002,10982,17770,12249,27126,15100,40255,19595,33959,13980,13999,36436,50116,39459,75729,695384,399741,82749,16733,367100,52,31,159,90
2021-03-25T23:59:59+01:00,27,26,20210,23992,41968,61067,44839,77075,52139,106716,68749,101680,55158,54734,106337,134566,57978,105098,9,9,4662,4946,10890,17667,12127,26981,14915,40036,19318,33652,13503,13505,32589,45061,36456,71177,683957,381363,78549,16137,350068,47,28,156,88
2021-03-24T23:59:59+01:00,27,26,19806,23542,41183,59794,43818,75533,50756,104790,66645,99347,52375,51818,102084,129472,57338,104021,9,9,4607,4879,10796,17525,11959,26778,14685,39748,18951,33234,13044,13058,30017,41847,33339,66338,671147,365794,73670,15039,337776,41,24,153,85
2021-03-23T23:59:59+01:00,27,26,19559,23240,40622,58875,43092,74438,49716,103275,64979,97487,50078,49475,99334,126261,56780,103182,9,9,4547,4808,10697,17399,11812,26593,14439,39434,18536,32845,12545,12551,27577,38734,29636,60408,662994,348140,70332,14451,327339,38,23,151,85
2021-03-22T23:59:59+01:00,27,26,19335,22825,39979,57992,42424,73397,48771,101888,63507,95855,48250,47587,96940,123524,56310,102416,6,8,4490,4762,10609,17282,11681,26415,14280,39194,18294,32543,12228,12177,25735,36370,25638,53934,656689,331768,67529,13895,317051,33,23,150,83
2021-03-21T23:59:59+01:00,27,26,19196,22566,39485,57236,41871,72549,48118,100731,62563,94621,47202,46561,95299,121671,55940,101838,6,8,4474,4753,10573,17234,11633,26328,14220,39107,18213,32442,12108,12041,25305,35922,25284,53374,654100,329567,65500,13482,308114,33,20,149,78
2021-03-20T23:59:59+01:00,26,26,19137,22422,39272,56742,41630,71988,47806,100095,62122,94020,46546,45796,92703,118444,55652,101353,6,8,4465,4744,10563,17222,11605,26310,14177,39072,18132,32367,11954,11881,24664,35149,24519,52291,647636,325859,65049,13294,303304,33,20,149,78
2021-03-19T23:59:59+01:00,25,25,18782,21856,38138,54617,40347,69991,46072,98009,59242,91264,42111,41929,87486,112685,54951,100278,6,8,4443,4729,10530,17172,11540,26198,14085,38899,17896,32067,11603,11600,22984,33085,22834,49725,629897,316502,57843,12931,290277,29,19,145,77
2021-03-18T23:59:59+01:00,25,24,18388,21206,36960,52463,38810,67204,43916,93537,55397,85474,38084,38130,82759,107210,53863,98624,6,8,4423,4700,10464,17069,11462,26042,13940,38712,17682,31865,11369,11417,21738,31564,21119,47125,612975,308417,52110,12318,267189,27,18,144,75
2021-03-17T23:59:59+01:00,25,23,17962,20854,36231,51543,38041,66247,42833,92179,53609,83649,35406,35338,78747,102389,52924,97153,5,8,4400,4672,10402,16974,11388,25908,13827,38524,17486,31672,11133,11191,20486,30146,19528,44716,596305,300892,47708,11607,261333,24,18,141,73
2021-03-16T23:59:59+01:00,24,23,17602,20434,35480,50471,37227,65051,41737,90506,51768,81660,33199,33319,74712,97429,52043,95839,5,6,4350,4620,10329,16844,11298,25755,13727,38286,17353,31429,10955,11008,19204,28621,18047,42388,583023,293090,43018,11172,252673,24,15,139,71
2021-03-15T23:59:59+01:00,24,23,17322,20070,34769,49489,36435,63861,40831,89028,50506,80057,31475,31485,71421,93334,51347,94708,5,6,4328,4585,10262,16721,11232,25555,13610,37998,17204,31157,10789,10849,18473,27655,16783,40525,571892,287263,39691,10523,244801,24,4,133,68
2021-03-14T23:59:59+01:00,24,22,17051,19643,33913,48280,35534,62543,39770,87200,49250,78331,30306,30244,69425,90771,50905,94032,5,6,4304,4566,10217,16643,11176,25413,13550,37776,17114,30995,10717,10763,18294,27375,16520,39963,564772,286066,37811,9392,234862,15,1,129,68
2021-03-13T23:59:59+01:00,24,22,16232,18582,32413,46238,33959,60406,37730,84120,47113,75772,28954,28887,67405,88145,50637,93643,5,6,4304,4565,10215,16637,11172,25404,13541,37769,17106,30986,10683,10732,17545,26488,15472,38509,548417,281808,37527,9391,224518,15,1,129,67
2021-03-12T23:59:59+01:00,23,21,15132,17205,29970,43586,31293,57263,34866,79267,43898,71306,26114,25697,63098,82845,49654,92242,5,5,4291,4532,10196,16575,11154,25351,13497,37650,17016,30856,10406,10504,16653,25240,14402,36981,520367,275996,36216,9379,207067,12,1,126,66
2021-03-11T23:59:59+01:00,22,21,14089,15742,27713,40889,28971,54080,32273,74875,40141,66418,22707,22220,57085,75532,47727,89415,5,5,4249,4491,10116,16456,11041,25125,13379,37340,16850,30550,10102,10292,16020,24395,13733,35703,488303,271986,34626,7936,187144,9,1,119,60
2021-03-10T23:59:59+01:00,22,21,13495,15042,26301,39273,27317,52257,30708,72555,37619,63293,19955,19665,51172,68402,46175,87084,5,5,4212,4447,10017,16289,10921,24874,13231,36920,16651,30177,9860,10107,15277,23622,13074,34677,461882,267247,32581,7191,176044,6,1,117,58
2021-03-09T23:59:59+01:00,21,20,13211,14576,25175,38233,25900,51072,29642,70900,36237,61458,18771,18541,47663,63958,45054,85294,5,5,4187,4421,9932,16122,10817,24614,13077,36604,16474,29940,9734,10003,14612,22782,12575,33902,448278,263527,30040,6355,167546,6,1,117,53
2021-03-08T23:59:59+01:00,20,20,12880,13965,24094,37120,24630,49935,28706,69419,34998,59837,17698,17658,43546,58979,43827,83308,5,5,4172,4385,9870,15924,10714,24350,12944,36246,16344,29675,9650,9919,14116,22176,12260,33459,432829,260331,28031,5962,159916,2,1,114,52
2021-03-07T23:59:59+01:00,20,20,12647,13670,23499,36267,23931,49059,28105,68549,34387,59076,17433,17405,42478,57527,43463,82747,5,5,4160,4372,9847,15882,10687,24276,12913,36076,16287,29561,9628,9890,13917,21921,12125,33255,428058,259268,26216,5619,156144,0,1,110,52
2021-03-06T23:59:59+01:00,19,20,12533,13378,23095,35531,23395,48267,27056,67016,33286,57312,17045,17075,41832,56636,43163,82279,5,5,4157,4358,9835,15855,10669,24242,12903,36035,16269,29530,9610,9850,13871,21883,12022,33044,423982,258890,26152,5335,148938,0,1,108,50
2021-03-05T23:59:59+01:00,19,20,12120,12775,22411,34327,22709,47037,26300,65385,32052,54894,16396,16241,38374,52337,41013,78842,5,5,4130,4311,9765,15755,10619,24094,12835,35840,16182,29325,9515,9780,13686,21672,11650,32431,408807,257196,24699,4487,139873,0,1,108,48
2021-03-04T23:59:59+01:00,17,20,11360,11762,21222,32600,21495,44987,24944,62733,30358,52540,15667,15522,34370,47172,37936,74160,5,5,4080,4220,9651,15462,10516,23736,12702,35305,16038,28923,9336,9625,13528,21462,11565,32285,390368,254134,22621,4393,126000,0,1,108,45
2021-03-03T23:59:59+01:00,15,20,11049,11266,20534,31382,20720,43623,24033,60983,29312,50899,15188,15018,31754,43849,34850,69393,5,5,4038,4156,9571,15292,10436,23483,12596,34884,15857,28576,9151,9498,13402,21242,11420,32014,374916,251483,21825,4227,117269,0,1,104,41
2021-03-02T23:59:59+01:00,15,20,10788,10838,19888,30410,20007,42605,23246,59594,28338,49622,14562,14368,29084,40486,30954,63179,5,5,3990,4084,9508,15126,10366,23218,12491,34452,15756,28267,9024,9395,13262,21052,11343,31868,356725,249071,20316,4224,111081,0,0,102,41
2021-03-01T23:59:59+01:00,13,19,10616,10578,19375,29605,19444,41721,22656,58522,27623,48499,14140,13913,27012,37903,26686,56283,5,5,3974,4034,9453,14971,10302,22919,12409,34077,15648,27945,8940,9333,13080,20782,11227,31685,339478,246646,19201,4224,106044,0,0,100,41
2021-02-28T23:59:59+01:00,12,19,10446,10376,18907,28955,18907,40981,22174,57666,27131,47703,13931,13670,26407,37246,26281,55680,5,5,3958,4020,9427,14938,10283,22867,12392,34007,15621,27898,8913,9309,12949,20603,11163,31536,337013,245790,18341,4187,101250,0,0,100,39
2021-02-27T23:59:59+01:00,12,18,10267,9861,18578,28091,18649,40192,21891,56684,26805,46916,13659,13369,25738,36445,25358,54263,5,5,3945,4008,9405,14917,10251,22820,12353,33925,15574,27824,8892,9293,12929,20580,11141,31516,333109,245428,17619,4038,96176,0,0,100,39
2021-02-26T23:59:59+01:00,11,17,9472,9080,17680,26653,17867,37986,20959,53836,25344,44098,13192,12969,24146,34455,23829,51955,5,5,3865,3939,9327,14757,10177,22564,12273,33559,15457,27530,8813,9213,12863,20513,11101,31446,323974,243527,17364,3964,82313,0,0,99,37
2021-02-25T23:59:59+01:00,11,17,8315,8228,16361,25045,16604,35733,19724,50952,23637,41317,12714,12568,22868,32865,22331,49672,5,5,3741,3793,9161,14440,9954,21958,12016,32705,15131,26876,8617,9062,12601,20188,10961,31177,316354,239371,16591,3104,66113,0,0,94,36
2021-02-24T23:59:59+01:00,10,16,7950,7704,15708,24013,15979,34500,19010,49442,22847,40118,12321,12232,21560,31370,20654,47045,4,5,3669,3725,9019,14149,9776,21503,11812,32076,14868,26341,8475,8923,12458,20015,10896,30965,308125,236592,15624,2170,58823,0,0,94,35
2021-02-23T23:59:59+01:00,10,16,7466,7226,14894,22837,15293,33282,18289,48034,22130,39048,12008,11907,20220,29797,19044,44495,4,5,3628,3649,8899,13945,9635,21105,11624,31496,14567,25839,8305,8779,12330,19804,10824,30728,300012,233745,14825,1504,51247,0,0,93,34
2021-02-22T23:59:59+01:00,9,14,7359,7021,14512,22220,14941,32557,17822,47025,21637,38315,11806,11657,19471,28786,17726,42540,4,5,3598,3547,8761,13654,9473,20603,11369,30751,14198,25240,8057,8584,12131,19549,10718,30418,294132,230424,14218,317,47152,0,0,90,34
2021-02-21T23:59:59+01:00,9,14,7269,6895,14187,21775,14522,31974,17407,46375,21199,37820,11700,11555,19308,28572,17478,42206,4,5,3558,3507,8677,13530,9394,20387,11297,30460,14075,24970,7997,8523,12073,19439,10647,30254,292983,228575,13848,301,43516,0,0,88,34
2021-02-20T23:59:59+01:00,9,14,7152,6845,14061,21695,14404,31838,17288,46224,21039,37636,11601,11471,18525,27654,16419,40736,4,5,3556,3501,8667,13522,9384,20366,11283,30435,14060,24959,7992,8514,12009,19375,10593,30186,288719,228191,13651,300,42321,0,0,87,33
2021-02-19T23:59:59+01:00,7,13,6850,6593,13708,21257,14033,31169,16815,45428,20333,36765,10996,11069,17478,26326,15263,39128,4,5,3476,3476,8592,13494,9341,20307,11245,30343,14001,24865,7950,8454,11789,19103,10401,29856,282336,226485,13274,298,37698,0,0,85,32
2021-02-18T23:59:59+01:00,7,13,6453,6120,13081,20113,13392,29797,15999,43559,19457,35186,10765,10852,16886,25573,14686,38243,4,5,3289,3339,8258,12955,9046,19557,10894,29299,13631,24036,7745,8145,11203,18151,9904,28702,278750,217946,12696,298,28812,0,0,82,31
2021-02-17T23:59:59+01:00,7,12,6287,5777,12636,19235,12901,28608,15298,41838,18810,33862,10535,10600,16130,24759,13910,37059,3,5,3039,3179,7918,12438,8746,18767,10526,28252,13243,23184,7511,7907,10648,17298,9468,27886,274092,209801,11964,294,22282,0,0,78,31
2021-02-16T23:59:59+01:00,7,12,5961,5475,12099,18402,12400,27539,14753,40463,18216,32830,10379,10497,15463,23930,13402,36276,3,5,2857,3059,7615,11984,8440,18043,10129,27161,12782,22284,7239,7611,9934,16124,8738,26334,270570,200283,11467,138,16144,0,0,73,28
2021-02-15T23:59:59+01:00,7,12,5854,5293,11802,17757,12133,26756,14406,39469,17868,32060,10250,10385,14905,23278,13043,35739,3,5,2768,2979,7422,11663,8223,17536,9826,26314,12430,21602,6969,7325,9237,15066,8226,25053,267473,192634,10864,92,12763,0,0,67,27
2021-02-14T23:59:59+01:00,7,12,5585,5178,11553,17487,11910,26323,14174,39021,17677,31782,10204,10333,14670,22938,12879,35346,3,5,2717,2941,7308,11496,8095,17329,9649,25981,12251,21299,6872,7200,9013,14683,8039,24517,266470,189388,9929,90,10764,0,0,65,25
2021-02-13T23:59:59+01:00,7,12,5525,5140,11502,17450,11879,26292,14145,38989,17657,31763,10190,10305,14643,22905,12865,35328,3,5,2713,2938,7303,11488,8083,17307,9632,25946,12224,21255,6840,7165,8857,14471,7686,23885,266223,187875,9925,8,10534,0,0,64,22
2021-02-12T23:59:59+01:00,7,11,5008,4823,10933,17087,11562,25741,13826,38348,17325,31124,10080,10198,14461,22692,12784,35220,3,5,2662,2905,7207,11330,7983,17076,9484,25554,12010,20808,6657,6930,8493,13910,7093,22541,264536,182728,9913,6,6865,0,0,63,21
2021-02-11T23:59:59+01:00,7,11,4546,4522,10347,16406,11149,24932,13348,37087,16837,30265,9765,9935,14181,22245,12503,34533,3,5,2493,2631,6609,10136,7293,15340,8621,22935,10953,18723,6003,6217,7443,12294,6275,20226,261303,164276,8269,3,3131,0,0,61,15
2021-02-10T23:59:59+01:00,7,11,4298,4354,10013,15958,10840,24394,13035,36204,16422,29516,9546,9797,13999,22039,12411,34326,3,5,2130,2338,5671,8670,6483,13295,7636,20024,9824,16680,5459,5629,6454,10630,5500,18173,258647,144681,7767,2,839,0,0,57,3
2021-02-09T23:59:59+01:00,7,10,4235,4256,9888,15690,10731,23991,12861,35585,16209,29044,9367,9656,13803,21826,12268,34103,3,5,1734,1985,4888,7401,5708,11497,6719,17506,8739,14683,4884,5000,5405,9069,4765,16053,256193,126113,6987,1,434,0,0,55,2
2021-02-08T23:59:59+01:00,7,10,4200,4202,9794,15480,10622,23630,12741,35127,16064,28685,9272,9589,13600,21541,12161,33906,3,5,1569,1789,4327,6406,5043,9921,5903,14978,7723,12824,4330,4469,4431,7475,4002,13965,253815,109226,6472,1,428,0,0,51,2
2021-02-07T23:59:59+01:00,7,10,4035,4135,9637,15345,10520,23465,12660,34865,15951,28492,9231,9543,13456,21360,12086,33762,3,5,1356,1543,3908,5733,4626,9042,5474,13816,7235,11861,4076,4209,4199,7079,3841,13365,252720,101432,5927,1,0,0,0,46,1
2021-02-06T23:59:59+01:00,7,10,4026,4126,9626,15329,10507,23430,12638,34815,15932,28435,9212,9530,13438,21325,11980,33566,3,5,1204,1348,3675,5429,4441,8617,5256,13233,6955,11304,3942,4075,4073,6930,3563,12910,252376,97021,5643,1,0,0,0,46,0
2021-02-05T23:59:59+01:00,7,9,3953,4057,9554,15186,10441,23180,12553,34449,15818,28152,9128,9457,13366,21253,11631,32971,3,4,1063,1118,3394,4983,4182,8033,4942,12454,6572,10576,3687,3830,3914,6698,3053,12019,250499,90580,4751,0,0,0,0,46,0
2021-02-04T23:59:59+01:00,7,9,3895,3932,9433,14870,10264,22631,12365,33654,15603,27589,9006,9346,13141,20958,11517,32764,3,2,800,786,2568,3733,3248,6288,3990,9907,5249,8358,3011,3116,3297,5713,2664,10526,246543,73301,4526,0,0,0,0,45,0
2021-02-03T23:59:59+01:00,7,9,3826,3859,9330,14649,10161,22294,12232,33145,15455,27172,8895,9231,13001,20782,11441,32598,3,2,664,617,1938,2816,2511,4855,3015,7609,4018,6301,2196,2241,2402,4224,1930,7878,243819,55251,4354,0,0,0,0,44,0
2021-02-02T23:59:59+01:00,7,9,3759,3763,9231,14453,10061,21915,12091,32581,15252,26721,8767,9115,12878,20574,11359,32332,2,2,527,487,1469,2082,1919,3652,2269,5789,3000,4715,1557,1542,1641,2782,1344,5238,240604,40038,4351,0,0,0,0,41,0
2021-02-01T23:59:59+01:00,6,9,3719,3672,9152,14222,9954,21530,11954,31946,15067,26218,8648,8968,12769,20429,11310,32154,1,0,392,353,1025,1435,1267,2437,1479,3792,1867,2989,989,982,971,1696,770,3026,237463,25483,4351,0,0,0,0,39,0
2021-01-31T23:59:59+01:00,6,9,3699,3636,9098,14113,9885,21324,11886,31649,14964,26022,8592,8909,12717,20316,11265,32025,1,0,362,332,901,1245,1077,2062,1277,3238,1633,2619,891,891,869,1512,699,2719,235966,22338,4235,0,0,0,0,38,0
2021-01-30T23:59:59+01:00,6,9,3698,3633,9088,14100,9871,21301,11873,31629,14952,26008,8588,8904,12648,20247,11199,31947,1,0,346,308,840,1161,1020,1938,1213,3048,1558,2482,863,865,850,1472,684,2666,235645,21324,4142,0,0,0,0,38,0
2021-01-29T23:59:59+01:00,6,9,3638,3616,9028,14071,9842,21249,11841,31553,14903,25941,8564,8881,12462,20024,11018,31703,1,0,279,225,719,987,875,1577,1058,2659,1347,2156,773,774,802,1418,666,2613,234422,18936,4013,0,0,0,0,37,0
2021-01-28T23:59:59+01:00,6,8,3520,3529,8825,13685,9622,20736,11609,30971,14576,25445,8427,8778,12029,19408,10663,31125,1,0,132,58,301,364,382,618,466,1156,614,968,406,427,469,816,381,1582,229641,9144,3409,0,0,0,0,35,0
2021-01-27T23:59:59+01:00,6,8,3288,3393,8533,13267,9322,20113,11225,30137,14189,24707,8210,8564,11479,18602,10240,30361,1,0,81,34,208,226,249,421,309,806,436,666,309,311,347,607,286,1160,222928,6459,2798,0,0,0,0,35,0
2021-01-26T23:59:59+01:00,5,8,3124,3295,8251,12928,9059,19544,10921,29383,13793,24073,7970,8340,10903,17687,9593,29211,1,0,75,30,193,216,233,387,293,753,405,606,294,285,320,543,259,1030,216218,5925,1955,0,0,0,0,31,0
2021-01-25T23:59:59+01:00,5,8,3036,3201,7968,12446,8769,18840,10535,28381,13314,23309,7688,8139,10286,16869,9137,28310,1,0,67,22,170,194,199,328,254,632,354,501,257,240,266,465,210,843,209913,5005,413,0,0,0,0,29,0
2021-01-24T23:59:59+01:00,5,8,2992,3180,7883,12366,8695,18714,10426,28221,13184,23126,7645,8102,10219,16756,9089,28215,1,0,66,21,166,190,196,314,251,610,345,487,248,236,264,458,206,828,208602,4889,309,0,0,0,0,28,0
2021-01-23T23:59:59+01:00,5,8,2991,3179,7881,12362,8690,18704,10424,28207,13178,23121,7637,8099,10094,16590,8760,27628,1,0,65,21,166,189,196,312,249,609,343,487,248,236,264,458,206,826,207340,4878,306,0,0,0,0,25,0
2021-01-22T23:59:59+01:00,5,8,2928,3133,7757,12248,8607,18562,10314,28034,13096,23006,7606,8063,9895,16287,8242,26604,1,0,65,20,165,189,196,312,249,609,342,487,248,236,264,458,206,826,204183,4875,304,0,0,0,0,21,0
2021-01-21T23:59:59+01:00,5,8,2843,2963,7259,11335,8124,17416,9777,26407,12490,21793,7322,7737,9260,15347,7726,25557,1,0,59,18,148,175,178,280,223,534,305,447,223,210,233,380,175,693,193154,4284,304,0,0,0,0,17,0
2021-01-20T23:59:59+01:00,5,8,2482,2619,6376,9924,7376,15458,8827,23578,11381,19720,6720,7087,8162,13579,6914,23337,1,0,57,18,147,170,175,278,214,520,292,425,211,203,227,355,161,655,173331,4111,300,0,0,0,0,16,0
2021-01-19T23:59:59+01:00,5,8,2043,2264,5474,8535,6512,13565,7806,20795,10112,17485,5969,6208,6787,11405,5894,20310,0,0,41,12,98,125,119,171,150,357,192,296,134,115,141,238,113,489,151026,2792,218,0,0,0,0,15,0
2021-01-18T23:59:59+01:00,4,8,1771,1976,4716,7152,5559,11333,6607,17201,8689,14771,5083,5330,5405,9155,4825,16838,0,0,22,7,39,47,54,79,66,163,76,147,60,54,66,131,61,221,126391,1294,94,0,0,0,0,15,0
2021-01-17T23:59:59+01:00,3,8,1497,1689,4203,6359,5051,10202,6071,15636,8048,13511,4746,4984,5031,8481,4498,15837,0,0,8,2,9,15,16,29,20,50,29,57,24,23,20,31,13,47,115821,393,89,0,0,0,0,14,0
2021-01-16T23:59:59+01:00,3,7,1332,1486,3986,6038,4871,9764,5811,14972,7719,12815,4555,4756,4816,8205,4145,15234,0,0,0,0,0,1,1,2,1,1,1,2,0,1,1,0,0,1,110558,12,9,0,0,0,0,13,0
2021-01-15T23:59:59+01:00,3,7,1182,1260,3731,5616,4616,9196,5521,14133,7314,12016,4264,4459,4626,7896,3608,14189,0,0,0,0,0,0,0,0,0,0,0,0,0,0,0,0,0,0,103681,0,4,0,0,0,0,13,0
2021-01-14T23:59:59+01:00,3,4,908,947,2984,4430,3750,7381,4577,11386,5919,9668,3465,3587,3884,6665,3126,12385,0,0,0,0,0,0,0,0,0,0,0,0,0,0,0,0,0,0,85105,0,0,0,0,0,0,13,0
2021-01-13T23:59:59+01:00,3,3,773,792,2510,3696,3166,6156,3807,9441,4825,7790,2595,2671,2926,5078,2393,9467,0,0,0,0,0,0,0,0,0,0,0,0,0,0,0,0,0,0,68121,0,0,0,0,0,0,12,0
2021-01-12T23:59:59+01:00,2,3,640,660,2100,3031,2608,5005,3047,7598,3804,6118,1864,1850,2001,3441,1695,6466,0,0,0,0,0,0,0,0,0,0,0,0,0,0,0,0,0,0,51968,0,0,0,0,0,0,0,0
2021-01-11T23:59:59+01:00,1,1,496,525,1750,2455,2093,4002,2362,5775,2830,4441,1202,1143,1201,2030,936,3684,0,0,0,0,0,0,0,0,0,0,0,0,0,0,0,0,0,0,36952,0,0,0,0,0,0,0,0
2021-01-10T23:59:59+01:00,1,1,439,456,1488,2028,1751,3275,1952,4790,2351,3722,1061,1017,1057,1782,835,3231,0,0,0,0,0,0,0,0,0,0,0,0,0,0,0,0,0,0,31253,0,0,0,0,0,0,0,0
2021-01-09T23:59:59+01:00,1,1,408,411,1363,1851,1605,2985,1799,4342,2166,3391,989,948,1002,1729,817,3188,0,0,0,0,0,0,0,0,0,0,0,0,0,0,0,0,0,0,29010,0,0,0,0,0,0,0,0
2021-01-08T23:59:59+01:00,1,1,311,282,1113,1506,1325,2314,1478,3561,1796,2773,853,840,914,1605,769,3032,0,0,0,0,0,0,0,0,0,0,0,0,0,0,0,0,0,0,24485,0,0,0,0,0,0,0,0
2021-01-07T23:59:59+01:00,1,0,146,77,404,509,487,798,598,1376,785,1208,467,485,563,966,466,1912,0,0,0,0,0,0,0,0,0,0,0,0,0,0,0,0,0,0,11251,0,0,0,0,0,0,0,0
2021-01-06T23:59:59+01:00,1,0,112,45,275,289,313,522,403,933,535,829,360,363,425,748,359,1445,0,0,0,0,0,0,0,0,0,0,0,0,0,0,0,0,0,0,7960,0,0,0,0,0,0,0,0
2021-01-05T23:59:59+01:00,1,0,87,32,195,234,247,434,324,823,451,707,344,347,408,716,352,1391,0,0,0,0,0,0,0,0,0,0,0,0,0,0,0,0,0,0,7096,0,0,0,0,0,0,0,0
2021-01-04T23:59:59+01:00,1,0,69,26,176,196,205,340,260,639,357,517,269,254,289,519,235,935,0,0,0,0,0,0,0,0,0,0,0,0,0,0,0,0,0,0,5289,0,0,0,0,0,0,0,0
2021-01-03T23:59:59+01:00,1,0,67,22,169,191,200,324,258,622,348,500,261,252,285,506,233,918,0,0,0,0,0,0,0,0,0,0,0,0,0,0,0,0,0,0,5159,0,0,0,0,0,0,0,0
2021-01-02T23:59:59+01:00,1,0,67,22,169,191,200,323,254,622,345,500,261,252,285,506,233,917,0,0,0,0,0,0,0,0,0,0,0,0,0,0,0,0,0,0,5150,0,0,0,0,0,0,0,0
2021-01-01T23:59:59+01:00,1,0,66,21,168,191,200,321,253,622,342,498,261,252,285,504,233,917,0,0,0,0,0,0,0,0,0,0,0,0,0,0,0,0,0,0,5137,0,0,0,0,0,0,0,0
2020-12-31T23:59:59+01:00,1,0,66,21,167,189,200,320,251,621,341,497,261,252,285,504,233,917,0,0,0,0,0,0,0,0,0,0,0,0,0,0,0,0,0,0,5128,0,0,0,0,0,0,0,0
2020-12-30T23:59:59+01:00,1,0,65,21,167,188,198,317,250,619,340,495,261,252,285,504,232,917,0,0,0,0,0,0,0,0,0,0,0,0,0,0,0,0,0,0,5114,0,0,0,0,0,0,0,0
2020-12-29T23:59:59+01:00,1,0,46,13,119,141,148,213,182,445,239,380,179,164,197,375,171,715,0,0,0,0,0,0,0,0,0,0,0,0,0,0,0,0,0,0,3729,0,0,0,0,0,0,0,0
2020-12-28T23:59:59+01:00,1,0,25,9,66,78,82,123,101,253,118,233,98,93,104,200,102,388,0,0,0,0,0,0,0,0,0,0,0,0,0,0,0,0,0,0,2075,0,0,0,0,0,0,0,0
2020-12-27T23:59:59+01:00,0,0,12,3,18,26,37,47,36,89,37,95,33,29,41,73,31,145,0,0,0,0,0,0,0,0,0,0,0,0,0,0,0,0,0,0,752,0,0,0,0,0,0,0,0
