Datum,<15_m,<15_w,15-24_1_m,15-24_1_w,25-34_1_m,25-34_1_w,35-44_1_m,35-44_1_w,45-54_1_m,45-54_1_w,55-64_1_m,55-64_1_w,65-74_1_m,65-74_1_w,75-84_1_m,75-84_1_w,>84_1_m,>84_1_w,<24_2_m,<24_2_w,25-34_2_m,25-34_2_w,35-44_2_m,35-44_2_w,45-54_2_m,45-54_2_w,55-64_2_m,55-64_2_w,65-74_2_m,65-74_2_w,75-84_2_m,75-84_2_w,>84_2_m,>84_2_w,bp_1,bp_2,mo_1,mo_2,az_1,az_2,ja,unb_1,unb_2
2021-09-17T23:59:59+02:00,38297,35856,280780,269933,386299,356727,401636,394958,465147,474351,517035,517935,352484,393227,246764,316023,72651,133073,252553,242551,361627,329405,379694,368994,443059,448733,496375,496749,341398,380493,239152,305479,69708,126903,4031569,3788127,523870,500462,810128,763369,288469,552,456
2021-09-16T23:59:59+02:00,37782,35321,279314,268515,385027,355389,400522,393726,464193,473437,516315,517287,352187,392924,246658,315855,72611,132996,251474,241592,360711,328523,378912,368185,442410,448066,495877,496321,341170,380276,239057,305356,69680,126845,4021617,3781840,523179,500067,810074,763236,286049,552,456
2021-09-15T23:59:59+02:00,37426,35033,278266,267476,384174,354455,399710,392915,463545,472778,515794,516789,351967,392650,246479,315673,72570,132887,250662,240809,359971,327762,378253,367545,441865,447565,495386,495901,340969,380045,238927,305211,69653,126778,4014411,3776397,522895,499835,810059,763165,284079,552,456
2021-09-14T23:59:59+02:00,37117,34732,277313,266536,383253,353604,398987,392155,462952,472133,515281,516348,351729,392417,246344,315500,72524,132814,249899,240035,359258,327111,377656,366953,441336,447067,494972,495528,340774,379833,238816,305058,69630,126713,4007705,3771381,522568,499613,810027,763018,282296,551,455
2021-09-13T23:59:59+02:00,36739,34341,276093,265283,382314,352574,398221,391282,462257,471420,514763,515852,351504,392168,246220,315347,72487,132743,248791,238994,358452,326337,377070,366309,440779,446540,494516,495153,340581,379612,238716,304907,69598,126658,3999582,3764531,521862,499325,809994,762923,281027,550,455
2021-09-12T23:59:59+02:00,36601,34213,275534,264851,381850,352136,397841,390865,461935,471121,514550,515640,351401,392064,246174,315273,72476,132710,248268,238591,357954,325892,376707,365963,440482,446251,494266,494931,340455,379483,238655,304816,69581,126613,3996450,3761516,521704,499133,809958,762798,279979,550,455
2021-09-11T23:59:59+02:00,36523,34165,275342,264646,381625,351949,397683,390709,461803,470999,514481,515582,351371,392034,246165,315257,72474,132707,247987,238409,357731,325736,376558,365823,440334,446134,494201,494877,340432,379456,238647,304803,69581,126609,3995420,3760433,521615,499003,809956,762778,279378,550,455
2021-09-10T23:59:59+02:00,36205,33846,274285,263674,380688,351075,396821,389916,461013,470336,513929,515138,351170,391837,246078,315145,72456,132678,247090,237711,356914,325003,375777,365201,439644,445621,493713,494498,340272,379300,238566,304699,69559,126578,3990263,3757018,521476,498791,809950,762756,275451,550,455
2021-09-09T23:59:59+02:00,35789,33419,273025,262562,379668,349945,395920,388907,460239,469497,513358,514638,350936,391564,245951,314990,72419,132615,246042,236760,356015,324147,374977,364404,438961,445019,493129,494056,340052,379075,238444,304558,69525,126522,3982411,3750994,521174,498396,809913,762610,272798,543,453
2021-09-08T23:59:59+02:00,35392,33023,272077,261587,378898,349104,395233,388129,459627,468903,512922,514180,350728,391321,245845,314817,72390,132558,245126,235912,355216,323421,374301,363689,438367,444466,492682,493600,339852,378827,238321,304391,69491,126430,3976037,3745341,520953,498080,809862,762478,270731,543,453
2021-09-07T23:59:59+02:00,35025,32696,271075,260669,378088,348331,394594,387464,459102,468386,512480,513789,350538,391108,245747,314647,72356,132488,244262,235136,354427,322745,373666,363134,437868,443968,492237,493210,339642,378612,238230,304253,69462,126376,3970001,3740375,520715,497740,809849,762302,268866,543,453
2021-09-06T23:59:59+02:00,34630,32292,269968,259581,377163,347398,393921,386698,458518,467760,512046,513361,350320,390863,245660,314527,72328,132420,243505,234386,353695,322093,373056,362546,437408,443464,491825,492830,339429,378405,238146,304120,69433,126319,3962890,3735575,520578,497490,809804,762177,267029,543,453
2021-09-05T23:59:59+02:00,34481,32146,269574,259177,376867,347062,393639,386390,458284,467523,511870,513183,350248,390769,245617,314466,72312,132392,243078,233995,353306,321712,372711,362238,437151,443221,491625,492623,339323,378284,238100,304057,69415,126284,3960347,3732949,520483,497214,809777,762044,266240,543,453
2021-09-04T23:59:59+02:00,34423,32109,269420,259052,376749,346937,393516,386289,458210,467441,511819,513136,350237,390751,245611,314454,72312,132391,242918,233852,353149,321552,372566,362121,437061,443121,491560,492575,339301,378264,238092,304045,69415,126283,3959667,3732175,520427,497079,809771,762021,265838,543,453
2021-09-03T23:59:59+02:00,34106,31796,268539,258251,376017,346285,392933,385709,457638,466963,511362,512800,350068,390574,245547,314348,72289,132359,241906,232996,352357,320839,371896,361475,436408,442533,491067,492158,339104,378066,238005,303935,69394,126256,3955364,3727891,519735,495543,809741,761948,263589,543,453
2021-09-02T23:59:59+02:00,33751,31468,267502,257389,375170,345467,392218,384974,456961,466340,510837,512379,349805,390326,245426,314175,72263,132282,240890,232202,351479,320079,371170,360775,435696,441909,490504,491697,338854,377803,237896,303779,69367,126177,3949533,3722721,519453,495063,809705,761628,260883,542,453
2021-09-01T23:59:59+02:00,33426,31104,266660,256555,374426,344796,391686,384426,456489,465858,510457,512038,349626,390133,245338,314059,72239,132221,239804,231150,350628,319235,370492,360076,435088,441303,489982,491213,338623,377539,237764,303618,69338,126123,3944098,3715934,519272,494530,809673,761411,259335,542,450
2021-08-31T23:59:59+02:00,33029,30762,265799,255657,373704,344090,391124,383851,455988,465380,510015,511673,349433,389941,245241,313911,72208,132182,238851,230270,349832,318496,369834,359438,434537,440798,489463,490811,338415,377320,237665,303468,69304,126064,3938633,3710615,519083,494143,809647,760999,257465,541,450
2021-08-30T23:59:59+02:00,32481,30277,264505,254483,372719,343185,390313,383043,455237,464672,509455,511179,349204,389728,245148,313757,72172,132113,237700,229292,348841,317609,369052,358699,433841,440220,488905,490299,338158,377080,237539,303285,69263,125987,3931203,3704611,518967,493700,809601,760747,254735,541,450
2021-08-29T23:59:59+02:00,32295,30089,263941,253982,372249,342775,389934,382710,454943,464385,509226,510958,349107,389619,245099,313692,72162,132088,236986,228663,348236,317065,368556,358229,433415,439846,488596,490039,338014,376926,237478,303209,69243,125961,3928150,3700747,518850,493300,809574,760489,253514,541,450
2021-08-28T23:59:59+02:00,32206,29997,263716,253805,372075,342622,389777,382588,454818,464267,509153,510907,349083,389596,245088,313680,72161,132085,236668,228407,347988,316874,368335,358066,433233,439681,488467,489946,337972,376884,237458,303183,69241,125957,3927125,3699176,518810,493185,809568,760463,252955,541,450
2021-08-27T23:59:59+02:00,31976,29747,263066,253239,371563,342110,389306,382139,454366,463872,508786,510623,348953,389463,245029,313594,72142,132063,236064,227910,347378,316376,367862,357638,432785,439330,488162,489697,337837,376766,237404,303117,69230,125950,3923335,3695966,518741,492971,809505,760402,251288,541,450
2021-08-26T23:59:59+02:00,31596,29361,262059,252262,370719,341296,388557,381397,453685,463198,508238,510140,348721,389203,244906,313476,72113,132002,234592,226554,346156,315194,366754,356648,431912,438536,487493,489123,337557,376449,237239,302946,69200,125905,3917171,3687662,518497,492331,809458,760043,248629,541,449
2021-08-25T23:59:59+02:00,31237,29030,261140,251413,369978,340527,387906,380705,453055,462612,507687,509690,348483,388946,244779,313314,72078,131934,232549,224693,344680,313794,365569,355454,430915,437571,486690,488399,337170,376058,237084,302706,69155,125815,3911514,3675697,518371,491921,809430,759891,246023,540,445
2021-08-24T23:59:59+02:00,30928,28769,260423,250649,369380,339903,387373,380137,452580,462114,507287,509325,348276,388723,244664,313152,72051,131862,231344,223637,343722,312878,364792,354701,430246,436923,486134,487848,336894,375743,236947,302544,69130,125751,3906685,3668536,518084,491470,809410,759588,244239,540,441
2021-08-23T23:59:59+02:00,30408,28240,259040,249339,368354,338989,386547,379353,451801,461432,506640,508760,347997,388442,244526,312963,72024,131803,229868,222326,342412,311816,363840,353850,429384,436170,485430,487280,336588,375410,236808,302354,69104,125691,3899285,3661151,517943,490992,809372,759303,240877,540,440
2021-08-22T23:59:59+02:00,30266,28125,258636,248972,368004,338662,386272,379089,451568,461187,506453,508613,347901,388346,244485,312904,72008,131777,229150,221651,341730,311161,363304,353347,428943,435766,485109,487015,336424,375229,236739,302246,69080,125643,3897085,3656758,517797,490533,809333,759003,239871,540,438
2021-08-21T23:59:59+02:00,30015,27920,258141,248511,367690,338340,386018,378831,451364,461012,506303,508474,347845,388290,244463,312866,72005,131768,228409,220998,341247,310763,362908,352937,428578,435461,484880,486820,336340,375161,236712,302203,69074,125631,3894541,3653795,517656,489329,809326,758947,239151,540,438
2021-08-20T23:59:59+02:00,29824,27723,257479,247852,366951,337719,385344,378304,450771,460518,505831,508154,347701,388131,244408,312769,71988,131733,226609,219386,339848,309575,361794,351982,427625,434660,484163,486269,336096,374911,236610,302084,69049,125601,3891074,3645568,517338,488176,809313,758581,236292,540,438
2021-08-19T23:59:59+02:00,29497,27411,256494,247007,365963,336937,384561,377615,450056,459885,505271,507668,347462,387870,244301,312622,71954,131659,223848,216954,337544,307752,360089,350504,426221,433388,483008,485300,335676,374485,236418,301838,69014,125531,3885597,3631199,516974,486417,809269,758111,233207,539,437
2021-08-18T23:59:59+02:00,29213,27149,255696,246300,365270,336327,383984,377049,449455,459387,504800,507259,347189,387631,244182,312473,71922,131593,221378,214437,335492,305991,358447,348855,424698,432061,481862,484255,335154,373927,236183,301537,68962,125436,3880498,3617934,516799,482473,809243,757731,231152,539,437
2021-08-17T23:59:59+02:00,28898,26874,254912,245586,364655,335650,383427,376502,448972,458910,504370,506840,346989,387422,244065,312343,71895,131541,218628,211690,333422,304161,356758,347391,423263,430784,480739,483260,334661,373384,235946,301243,68908,125359,3875506,3602861,516497,479701,809217,757297,229443,539,436
2021-08-16T23:59:59+02:00,28610,26609,254218,244937,364085,335093,382962,376041,448533,458470,503950,506474,346801,387212,243968,312179,71864,131501,215468,208624,331129,302048,355239,345947,422057,429652,479785,482419,334268,372937,235758,300967,68868,125271,3871089,3585496,516343,478973,809192,756945,227694,539,435
2021-08-15T23:59:59+02:00,28415,26448,253728,244496,363660,334697,382605,375704,448235,458214,503710,506282,346686,387096,243918,312098,71853,131480,211462,204569,329239,300432,353976,344732,421036,428715,479002,481761,333936,372600,235637,300790,68844,125221,3868261,3567914,516203,478061,809156,756621,226516,539,434
2021-08-14T23:59:59+02:00,28348,26391,253484,244297,363428,334521,382431,375554,448078,458085,503592,506175,346637,387064,243900,312075,71850,131475,210390,203467,328422,299671,353259,344057,420541,428256,478612,481439,333796,372471,235599,300733,68835,125204,3867089,3561226,516131,477692,809152,756545,225824,539,434
2021-08-13T23:59:59+02:00,28093,26148,252777,243708,362928,334093,381994,375122,447642,457721,503254,505917,346508,386913,243835,311999,71838,131447,208504,201682,326996,298354,351996,342865,419494,427318,477863,480799,333552,372180,235486,300589,68817,125151,3863269,3549290,516060,477094,809142,756354,224282,534,434
2021-08-12T23:59:59+02:00,27893,25922,252051,243072,362307,333508,381464,374636,447109,457275,502833,505559,346324,386712,243733,311896,71824,131399,205913,199411,324115,295822,349984,341066,417983,426070,476629,479732,333096,371640,235234,300312,68777,125066,3859309,3531882,515871,475887,809105,755329,222046,534,432
2021-08-11T23:59:59+02:00,27659,25673,251318,242383,361685,332931,380938,374156,446648,456850,502424,505132,346097,386471,243617,311761,71796,131347,202870,196429,320932,292887,347815,338992,416481,424666,475345,478441,332551,370996,234984,299903,68726,124936,3854473,3510020,515655,474817,809065,754392,220509,532,431
2021-08-10T23:59:59+02:00,27413,25414,250487,241651,360976,332385,380400,373608,446150,456375,501968,504734,345902,386273,243531,311623,71773,131303,198672,192305,316264,288680,344834,336216,414366,422720,473748,476979,331863,370324,234686,299493,68669,124817,3849384,3479900,515374,473704,809030,753240,218993,532,431
2021-08-09T23:59:59+02:00,27218,25212,249861,241081,360399,331910,379963,373228,445746,456030,501623,504449,345741,386121,243464,311513,71752,131266,194133,187712,310555,283926,342075,333724,412453,420948,472125,475513,331212,369630,234405,299122,68610,124680,3845703,3449523,515195,470914,808997,752144,217497,532,429
2021-08-08T23:59:59+02:00,27049,25056,249379,240674,360006,331558,379615,372937,445444,455775,501382,504255,345635,386014,243401,311432,71735,131233,192785,186343,308930,282591,340766,332562,411579,420192,471562,475000,330952,369361,234276,298952,68585,124630,3843147,3440423,515039,469554,808944,751667,216262,532,429
2021-08-07T23:59:59+02:00,26898,24880,248848,240220,359609,331220,379279,372654,445151,455539,501156,504082,345563,385920,243366,311383,71727,131222,189108,182751,306886,280739,339047,331038,410246,418927,470636,474206,330595,368989,234145,298762,68551,124593,3840285,3420800,514932,468220,808934,751453,215378,532,426
2021-08-06T23:59:59+02:00,26673,24645,247974,239555,358825,330609,378607,372075,444494,455011,500617,503691,345327,385714,243267,311266,71716,131200,185371,179198,303426,277942,336925,329202,408641,417585,469334,473241,330214,368604,233984,298605,68526,124545,3837698,3401508,513568,466490,808922,750355,211890,532,424
2021-08-05T23:59:59+02:00,26352,24320,246798,238619,357924,329735,377786,371346,443755,454331,499948,503151,345041,385413,243150,311090,71675,131136,180892,175250,298046,273546,332810,325644,405833,415092,467077,471452,329543,367898,233719,298234,68465,124433,3831333,3373592,513308,461782,808859,746647,208879,532,423
2021-08-04T23:59:59+02:00,25978,23976,245647,237627,356924,328823,377011,370634,443123,453725,499377,502622,344766,385142,243029,310917,71647,131065,177410,171948,294283,270413,328402,321739,403577,412998,465369,469897,328844,367199,233442,297880,68406,124331,3824819,3346425,512964,460015,808823,744895,206238,524,422
2021-08-03T23:59:59+02:00,25512,23554,244278,236438,356014,327986,376300,369940,442464,453064,498778,502086,344470,384842,242900,310739,71603,130997,173927,168501,290181,266772,323290,317128,400830,410437,463027,467793,327998,366331,233091,297410,68337,124191,3816835,3314304,512803,458138,808782,742820,204355,524,422
2021-08-02T23:59:59+02:00,25194,23247,243222,235473,355165,327227,375601,369337,441893,452519,498251,501636,344207,384568,242781,310584,71577,130938,170289,164903,285484,262811,317413,312171,398078,407884,460787,465798,327226,365497,232791,297010,68273,124072,3810464,3280825,512553,456157,808725,740290,202487,523,420
2021-08-01T23:59:59+02:00,25040,23056,242590,234865,354566,326716,375161,368945,441459,452199,497907,501358,344068,384404,242705,310465,71563,130911,168735,163451,282994,260814,312783,308450,396217,406305,459307,464549,326797,365010,232620,296793,68244,124013,3806786,3262920,512250,454007,808632,737843,201115,522,417
2021-07-31T23:59:59+02:00,24930,22951,242248,234545,354284,326491,374923,368777,441270,452045,497799,501259,344035,384366,242685,310452,71562,130905,164962,159606,280169,258268,310694,306451,394819,405020,458160,463560,326478,364634,232486,296619,68218,123967,3805176,3239992,512061,453069,808627,737051,200467,522,417
2021-07-30T23:59:59+02:00,24641,22691,241449,233829,353708,325959,374434,368311,440803,451640,497438,500967,343897,384225,242640,310373,71549,130889,161217,155837,276768,255155,307665,303630,392587,402902,456312,461972,325969,364101,232273,296326,68184,123908,3801086,3214891,511689,451863,808610,733854,198859,522,417
2021-07-29T23:59:59+02:00,24294,22349,239909,232555,352545,324878,373465,367398,439948,450847,496623,500338,343562,383912,242502,310190,71512,130822,156357,151351,271385,250973,301751,298845,388229,399403,453253,459557,325135,363255,231960,295913,68122,123809,3793491,3180936,511008,447003,808526,728742,195420,521,417
2021-07-28T23:59:59+02:00,23992,22061,238751,231513,351657,324033,372706,366705,439308,450180,496056,499847,343307,383613,242368,310004,71477,130749,152600,147703,266892,247309,297315,294890,384961,396545,451163,457708,324474,362495,231690,295526,68058,123684,3786715,3150206,510468,445080,808447,726101,193494,520,414
2021-07-27T23:59:59+02:00,23720,21835,237741,230534,350813,323289,372006,366112,438721,449564,495527,499387,343063,383306,242234,309809,71441,130650,147573,142576,260965,242165,292008,290123,380941,392842,447978,454889,323486,361390,231323,295019,67967,123525,3780408,3108583,509911,442753,808388,722357,191843,519,413
2021-07-26T23:59:59+02:00,23488,21596,236765,229556,350019,322585,371399,365558,438165,449073,495076,499015,342830,383066,242106,309652,71417,130592,143223,138180,255413,237378,286835,285641,376470,388879,444461,451860,322530,360426,230991,294539,67892,123388,3774717,3069137,509277,440495,808306,718002,190451,518,413
2021-07-25T23:59:59+02:00,23128,21295,235422,228397,349077,321816,370718,364897,437584,448531,494617,498611,342631,382852,242017,309522,71396,130528,141376,136426,252729,235163,284333,283539,374334,387101,442377,450075,322014,359912,230788,294309,67867,123312,3767639,3054146,508896,438301,808240,713646,189055,518,413
2021-07-24T23:59:59+02:00,22879,21097,234490,227535,348354,321164,370139,364368,437056,448091,494256,498333,342513,382754,241974,309460,71393,130517,138477,133627,249992,232839,281766,281320,372075,385241,441138,449086,321663,359574,230643,294130,67848,123278,3763610,3035786,508127,435288,808224,713304,187201,518,413
2021-07-23T23:59:59+02:00,22462,20710,232980,226191,347028,320223,369091,363503,436176,447301,493558,497798,342278,382481,241884,309347,71372,130481,132992,128779,244623,228536,277288,277532,368382,382043,438486,446888,320963,358852,230389,293819,67793,123197,3756130,3000246,507656,433514,808167,711167,183697,518,412
2021-07-22T23:59:59+02:00,21956,20233,230870,224209,345272,318679,367580,362204,434853,446151,492571,496893,341844,382028,241706,309096,71327,130399,128629,124712,238585,224000,270878,272422,361448,376503,433009,442374,319775,357593,229951,293288,67699,123043,3743635,2957924,506065,427520,808036,704842,180914,517,412
2021-07-21T23:59:59+02:00,21447,19714,228979,222383,343567,317149,365954,360626,433272,444758,491344,495723,341289,381501,241457,308810,71273,130302,124865,121135,233123,219752,265346,267894,353306,369568,428392,438630,318654,356440,229489,292721,67618,122864,3732593,2922384,502300,416625,807810,700055,177619,517,409
2021-07-20T23:59:59+02:00,21143,19434,227504,220906,342327,315973,364987,359747,432406,443959,490623,495070,340947,381129,241309,308587,71245,130213,120528,116896,226767,214576,259513,262707,346187,363461,423697,434316,317559,355184,229075,292135,67520,122680,3723232,2878584,501892,409401,807678,695664,175478,517,408
2021-07-19T23:59:59+02:00,20827,19135,225764,219211,341007,314716,363952,358769,431595,443179,489947,494449,340651,380767,241159,308354,71200,130115,117766,114289,222386,210981,254891,258748,342471,360282,421075,432135,316831,354456,228775,291744,67445,122556,3712623,2853508,501468,404020,807586,691337,173890,517,408
2021-07-18T23:59:59+02:00,20673,19003,224462,217936,339387,313281,362881,357841,430774,442456,489407,493905,340416,380481,241030,308174,71178,130053,116267,112902,219731,208797,252529,256648,340218,358431,419038,430441,316342,353967,228614,291527,67424,122489,3703158,2841211,500925,399743,807512,687639,172511,517,405
2021-07-17T23:59:59+02:00,20277,18581,223307,216878,338809,312739,362292,357327,430256,442005,488994,493613,340310,380364,240988,308119,71175,130043,114193,110801,217273,206494,250065,254453,337796,356295,417590,429178,316007,353577,228479,291359,67400,122449,3697585,2823708,500720,397021,807495,686852,171045,514,405
2021-07-16T23:59:59+02:00,19734,18068,220754,214728,337064,311438,360778,356030,428787,440797,487893,492748,339905,379992,240813,307960,71150,130006,111077,108001,212506,202560,245527,250815,333495,352594,414240,426455,315083,352647,228126,290942,67346,122367,3687347,2796015,499962,394663,807334,683036,164765,513,404
2021-07-15T23:59:59+02:00,19091,17441,217963,212291,335148,309724,359180,354582,427442,439603,486944,491890,339503,379565,240610,307702,71108,129900,107163,104781,204134,196310,238029,245201,326872,347348,407155,419999,313334,350828,227575,290269,67274,122166,3672246,2749418,499359,386189,807216,675609,161600,512,404
2021-07-14T23:59:59+02:00,18245,16715,215509,209958,333437,308180,357767,353233,426213,438397,485909,490930,339046,379104,240367,307390,71054,129812,103552,101439,197658,191144,232318,240528,322572,343872,402976,416371,312024,349516,227166,289710,67192,122012,3657253,2715780,498768,380652,807085,668804,158890,511,401
2021-07-13T23:59:59+02:00,17594,16058,213319,207928,331827,306801,356425,352007,425036,437301,484944,490069,338605,378631,240164,307143,71019,129719,99791,97897,191171,185741,225173,234460,315889,337802,394578,408509,310228,347588,226558,288916,67078,121810,3643389,2672947,498205,367970,806924,659329,156798,509,396
2021-07-12T23:59:59+02:00,16571,15125,210034,204742,329761,305060,354843,350535,423789,436094,483958,489163,338185,378156,239983,306910,70979,129642,96696,95171,185884,181441,218191,228779,309052,331763,389476,404229,308495,345721,225963,288181,66979,121640,3624866,2634630,497646,360822,806741,650906,154999,508,395
2021-07-11T23:59:59+02:00,16063,14650,208675,203468,329018,304344,354180,349905,423223,435589,483510,488819,337993,377952,239923,306803,70957,129602,95275,93883,183115,179133,215195,226488,306361,329606,386646,401838,306026,343092,225582,287711,66925,121542,3618616,2619638,497004,358830,806610,640415,153170,503,393
2021-07-10T23:59:59+02:00,15589,14190,206825,201685,327554,303082,353038,348926,422493,434993,483035,488419,337823,377787,239857,306717,70947,129582,93973,92610,180582,177019,212158,224001,303836,327442,385481,400800,305377,342421,225402,287522,66909,121515,3610017,2602819,496364,358599,806372,638663,150510,502,393
2021-07-09T23:59:59+02:00,15266,13911,204918,199840,325945,301628,351966,347963,421587,434279,482462,487942,337616,377563,239760,306595,70931,129548,91183,89884,177051,173791,207810,219850,298811,322838,382035,397817,304278,341192,225099,287153,66872,121450,3600853,2573815,495499,356537,806175,631061,147907,502,392
2021-07-08T23:59:59+02:00,14798,13482,201417,196844,322619,298951,349581,345969,419872,432824,481024,486870,337174,377120,239580,306345,70886,129471,86875,86118,169799,168130,199670,213448,291426,316722,375073,391598,301553,338265,224318,286215,66755,121190,3585443,2527575,491440,347860,805651,620695,142981,501,392
2021-07-07T23:59:59+02:00,14297,13028,197668,192973,319443,296087,347257,343916,418309,431347,479820,485767,336696,376552,239388,306071,70848,129365,83189,82668,162498,162420,190618,206266,283437,310146,368022,384772,298236,334649,223407,285113,66615,120943,3564104,2479564,490070,334413,805262,610702,140039,498,390
2021-07-06T23:59:59+02:00,13837,12656,194220,189590,316178,293345,344772,341620,416587,429780,478549,484627,336194,375993,239189,305779,70795,129279,79613,79086,155815,156903,183201,200055,274494,302187,361529,378676,295035,331400,222520,284021,66506,120711,3544194,2427023,487001,327428,804837,601176,137595,496,390
2021-07-05T23:59:59+02:00,13439,12318,189831,185338,312129,290005,342256,339282,414906,428230,477405,483551,335718,375474,239011,305533,70762,129193,76551,76261,150692,152813,178435,195923,267578,295915,355419,373135,291759,327953,221632,282902,66397,120542,3521319,2387949,485839,322932,804341,590809,133513,493,388
2021-07-04T23:59:59+02:00,13261,12158,185989,181466,309491,287976,340938,338208,414021,427448,476823,483061,335492,375220,238921,305408,70736,129139,74349,74371,147582,150227,176081,193833,265093,293799,352275,370913,288447,324542,221047,282226,66341,120422,3509058,2373875,484547,320629,803768,579266,129011,492,386
2021-07-03T23:59:59+02:00,12066,11102,179555,175466,305227,284515,338608,336033,412203,425639,475607,482000,335092,374774,238746,305161,70712,129096,72567,72796,145158,148347,173643,191750,262031,291072,349992,369056,286695,322559,220779,281864,66309,120373,3482672,2358145,483140,320429,803583,574774,122822,492,386
2021-07-02T23:59:59+02:00,10968,10008,175839,172001,302814,282316,336860,334325,410948,424448,474831,481311,334831,374459,238631,304980,70684,129048,69870,70111,141234,145059,169208,187708,255974,285625,344770,364349,283440,318832,220138,281093,66260,120289,3464555,2324936,481659,317642,803395,562183,120302,491,367
2021-07-01T23:59:59+02:00,9871,9077,172169,168558,298771,279022,334364,332053,409149,422868,473729,480348,334411,373995,238430,304708,70637,128969,64987,65393,134920,139727,161922,181197,245715,276763,333969,354559,278653,313557,218285,278838,66081,119976,3441980,2268605,479558,305287,803045,544442,117152,491,363
2021-06-30T23:59:59+02:00,9381,8684,168899,165478,293148,274390,330689,328711,407377,421325,472701,479377,333986,373511,238239,304408,70603,128880,61857,62550,129278,135043,155275,175191,235666,267615,320561,341278,273437,308004,216392,276516,65913,119656,3416853,2213586,477390,292467,802749,525574,113395,490,362
2021-06-29T23:59:59+02:00,8845,8161,165102,161701,288605,270127,327123,325408,405273,419242,471154,477961,333395,372870,237986,304053,70548,128771,59068,59558,124331,130638,149256,169666,223811,256925,312006,332916,266971,300810,214421,274058,65710,119309,3389313,2154344,475393,287807,802420,508165,109791,489,358
2021-06-28T23:59:59+02:00,8440,7781,161782,158241,283572,265808,323811,322551,403130,417312,469662,476646,332874,372256,237752,303741,70504,128677,56795,57211,120433,127129,144911,165582,214581,248512,306215,327512,262017,295508,212656,271821,65563,119041,3365366,2118628,471409,279192,801761,491621,106584,489,355
2021-06-27T23:59:59+02:00,8292,7658,160275,156716,281465,263999,322005,321012,401431,415947,468764,475929,332582,371962,237649,303579,70485,128628,55597,56102,118312,125416,142345,163454,210473,245127,302851,324655,258207,291503,210198,268908,65452,118853,3355346,2103181,469325,275707,800707,475473,103580,489,355
2021-06-26T23:59:59+02:00,7137,6561,157008,153372,279355,262115,319588,318775,400240,414794,468064,475228,332313,371679,237542,303421,70461,128598,55047,55516,116978,124265,140920,162218,208226,243122,300321,322242,256672,289841,209865,268498,65425,118783,3336202,2086388,466503,275618,800702,472974,103446,459,331
2021-06-25T23:59:59+02:00,5913,5445,152694,149087,275959,259155,317526,316808,398925,413546,467062,474402,332024,371345,237414,303265,70433,128548,53759,53891,114503,121568,136838,157650,199462,234669,294634,316370,254947,287720,209275,267696,65354,118665,3311213,2043890,465071,273925,800645,466390,103221,459,331
2021-06-24T23:59:59+02:00,5059,4658,148244,144951,271137,255208,313249,313027,396734,411672,465683,473266,331600,370879,237245,303027,70399,128461,51114,51297,109386,116852,129512,151011,187420,224215,283211,306135,249565,281878,207439,265351,65151,118265,3280006,1981834,463067,262158,800474,452624,101546,458,330
2021-06-23T23:59:59+02:00,4838,4451,145077,141835,267437,252048,308000,308219,394234,409325,464273,471946,331073,370255,237015,302714,70351,128354,49171,49215,105590,112941,123843,145337,177530,215550,271242,294149,244953,277066,206105,263650,64990,117906,3252418,1925536,459537,252303,800312,441919,99770,456,329
2021-06-22T23:59:59+02:00,4588,4222,141999,138704,263723,248670,301874,302780,391596,406764,462729,470462,330525,369646,236795,302361,70303,128247,47482,47476,101983,109636,119047,140758,164940,204406,260335,283849,240887,272595,204184,261239,64738,117433,3220343,1867190,457607,244585,800122,430952,98497,454,322
2021-06-21T23:59:59+02:00,4329,3977,138732,135758,259019,244770,296623,297905,388553,403892,461255,469107,330007,369085,236569,302045,70262,128134,46248,46247,99599,107416,116309,138052,158719,198636,253447,277205,235525,266758,200247,256716,64551,117056,3188597,1836195,455563,239066,799905,411154,96530,453,322
2021-06-20T23:59:59+02:00,4185,3859,137224,134251,254781,241286,294045,295665,387159,402578,460462,468362,329782,368802,236457,301912,70242,128072,45124,45329,97343,105630,114038,136068,155690,196101,249142,273136,232523,263228,199260,255462,64470,116930,3171148,1815884,453798,235515,799748,403287,94996,453,314
2021-06-19T23:59:59+02:00,3768,3509,135075,132151,252027,238960,292263,294016,385318,401009,459620,467633,329560,368549,236353,301772,70221,128040,44586,44681,96072,104372,112567,134604,154187,194664,245923,270119,231804,262380,199089,255199,64448,116877,3154792,1799935,450978,233935,799738,403007,94894,453,313
2021-06-18T23:59:59+02:00,2818,2595,131793,129009,248502,235913,288246,290604,382919,398882,458281,466472,329184,368148,236198,301536,70194,127991,43799,43764,94491,102589,110278,131932,150635,190627,239060,262840,230082,260375,198604,254560,64373,116743,3128976,1770622,446539,233404,799709,396298,94617,452,313
2021-06-17T23:59:59+02:00,2584,2372,128059,125701,242444,231452,282998,286171,378090,394855,455932,464626,328584,367423,235953,301177,70129,127877,41555,41936,90437,99111,105383,127185,142767,182948,227663,251453,224877,254443,196953,252403,64113,116323,3093907,1714945,443554,229260,799445,385384,90146,378,305
2021-06-16T23:59:59+02:00,2313,2138,124824,122290,237545,227105,278297,281899,372914,390355,453331,462481,327835,366619,235662,300763,70063,127763,39724,40338,86898,96080,101034,123358,134535,175605,215558,239541,218652,247339,195032,250076,63861,115835,3060343,1655171,438011,223657,798932,377287,87529,376,304
2021-06-15T23:59:59+02:00,1926,1805,119903,117420,231562,221955,272943,276904,367847,385717,450477,460060,326963,365641,235309,300248,69981,127578,38104,38728,83577,93033,97065,119304,127485,169232,203205,227512,212623,240548,193068,247645,63550,115265,3015587,1597883,436083,217817,798360,369603,84813,376,301
2021-06-14T23:59:59+02:00,1664,1530,115837,113254,226326,217040,267573,271924,362553,380961,447357,457462,326178,364781,234996,299859,69919,127458,37124,37839,81295,90941,94354,116784,123372,165483,196603,221008,209506,237032,191932,246172,63331,114875,2973383,1568280,433728,215541,798098,361932,82059,374,300
2021-06-13T23:59:59+02:00,1590,1445,114340,111876,223878,214933,265029,269661,360293,378999,446183,456435,325902,364474,234860,299686,69887,127383,36258,37103,79434,89264,92342,114963,120542,162874,192725,217299,206419,233596,190901,244801,63099,114464,2958374,1554268,431284,208271,797791,353703,79996,374,298
2021-06-12T23:59:59+02:00,1439,1308,111688,109131,221985,213202,263644,268386,358856,377598,445285,455666,325615,364164,234768,299583,69869,127355,35889,36699,78448,88170,91091,113668,118964,161314,189162,213997,205381,232468,189499,243142,63089,114432,2942194,1541114,430305,208262,797767,346319,79865,373,297
2021-06-11T23:59:59+02:00,1291,1172,109146,106615,219090,210577,259975,265193,355719,374862,443565,454190,325176,363713,234632,299375,69842,127300,35212,35587,76441,84792,88857,110135,114858,156164,182464,206541,203279,230098,188894,242370,63027,114333,2917758,1513613,427505,207564,797580,332845,79173,372,296
2021-06-10T23:59:59+02:00,1128,1017,104379,102204,213008,205811,252914,259365,349620,369559,439058,450412,324315,362739,234309,298926,69758,127147,33629,34102,72438,80614,83934,104632,108182,147946,170119,192888,197202,223208,187163,240227,62774,113929,2874085,1466479,420391,205819,796728,305798,75027,370,291
2021-06-09T23:59:59+02:00,980,886,100454,98492,207033,201069,246093,253644,342953,363604,435377,447382,323633,361988,234037,298543,69693,127014,32096,32844,69205,77964,80234,101463,103456,143664,158969,182126,186576,211216,185301,237981,62500,113434,2835018,1412433,411848,201840,796209,294518,70372,347,286
2021-06-08T23:59:59+02:00,797,705,95922,93941,200397,195501,239130,247626,334697,356323,430264,442702,322790,360977,233662,298055,69612,126877,31021,31985,66617,75663,76950,98736,98878,139742,151369,174634,177864,201501,183494,235733,62266,113067,2782993,1373236,406079,196920,795613,283648,65849,347,275
2021-06-07T23:59:59+02:00,639,563,92703,90836,194331,190794,232566,242381,326857,350143,427213,440246,322241,360341,233445,297727,69558,126781,30152,31137,64152,73704,73996,96576,95108,136801,143279,166833,173812,196874,182060,233916,62043,112684,2743959,1346099,399907,193621,795030,272514,61017,345,274
2021-06-06T23:59:59+02:00,601,527,91124,89519,191043,188243,229210,239604,322569,346739,425773,439161,321968,360045,233337,297569,69534,126734,29549,30581,62380,72021,71915,94564,91913,133733,137584,161036,171272,194239,180950,232514,61812,112304,2728521,1334237,392508,183925,794545,262060,58266,343,270
2021-06-05T23:59:59+02:00,521,447,89180,87502,186169,184022,226744,237470,320752,345115,424773,438246,321682,359726,233189,297401,69520,126702,29093,29823,61178,70068,70518,92414,90236,131460,132826,155701,168264,190569,180464,231855,61778,112238,2705026,1310606,392376,183458,794412,256651,57882,342,269
2021-06-04T23:59:59+02:00,421,362,86826,84972,182504,180412,222737,233521,317158,341476,422408,436050,321224,359189,232992,297172,69481,126638,28625,29150,60057,68414,69234,90332,88442,128841,129455,152041,164029,185797,179471,230587,61730,112151,2675759,1291755,388551,182683,794291,246561,57466,342,268
2021-06-03T23:59:59+02:00,328,288,83531,81899,176768,175737,215469,227421,309438,334772,414646,429187,320187,358003,232621,296718,69425,126504,27734,28137,58164,66219,66839,87581,84804,124723,122689,145367,157673,178184,177896,228558,61617,111915,2626761,1262526,378299,177352,793863,233800,54527,339,262
2021-06-02T23:59:59+02:00,277,229,81449,79729,172681,172010,211820,224261,305851,331422,412598,427350,319777,357546,232467,296510,69397,126453,27267,27658,57036,65101,65241,86306,82742,122779,117712,140477,149784,169208,177174,227601,61532,111745,2597952,1230278,376913,175381,793834,230179,53627,336,255
2021-06-01T23:59:59+02:00,178,161,77178,75901,164389,165436,202443,216510,296744,323531,404385,419506,318259,355927,231924,295765,69282,126222,25716,26242,52720,62144,60397,83011,77314,118270,110278,133254,138675,155791,175066,224867,61324,111321,2539163,1180102,365251,171267,793067,218373,46739,334,250
2021-05-31T23:59:59+02:00,156,144,74429,73415,158717,161112,195123,210529,289348,317146,398632,414536,317258,354813,231533,295238,69192,126051,24801,25182,50090,59920,57222,80468,73707,114990,105770,128803,134519,150878,173693,223142,61154,110989,2498687,1157656,355852,168927,792421,207952,40877,333,248
2021-05-30T23:59:59+02:00,144,136,73364,72329,156221,159054,192476,208132,286529,314577,396710,412777,316891,354386,231372,294994,69154,125970,24196,24393,48497,58190,55480,78611,71475,112420,103106,125934,132358,148351,172898,222204,61060,110778,2482562,1147876,353331,167615,791784,196544,38000,332,243
2021-05-29T23:59:59+02:00,141,134,72754,71736,154710,157652,190176,206101,284689,312989,395871,412004,316670,354141,231291,294914,69143,125951,23873,23866,47576,56692,54138,76732,69548,109569,100786,123132,129552,144923,172245,221296,61033,110726,2468662,1134246,353169,167549,791717,185996,37978,332,242
2021-05-28T23:59:59+02:00,137,131,71662,70620,152313,155392,186513,202560,281417,309852,394010,410233,316257,353637,231142,294698,69124,125894,23341,22863,45967,54565,52308,74167,67502,105606,96455,117232,125171,139863,171270,219987,60986,110612,2444823,1111603,352116,167336,791504,171436,37599,331,239
2021-05-27T23:59:59+02:00,126,121,68345,67599,145823,150450,178317,196303,275019,304685,387689,404545,314986,352180,230675,294164,69052,125709,22018,21176,42712,51514,48425,70346,62945,99587,90093,109713,121236,135235,168470,216284,60813,110297,2400188,1083143,344484,164593,789680,151330,31871,331,233
2021-05-26T23:59:59+02:00,122,118,66185,65420,140865,146364,172211,191231,268262,299012,380940,397840,313462,350568,230183,293460,68949,125496,21274,20259,40887,49372,46068,67612,59905,95791,85494,104590,116248,129508,164675,210946,60603,109869,2362841,1051192,331278,163014,787853,139829,29137,330,232
2021-05-25T23:59:59+02:00,121,111,64152,63426,136656,142872,167151,186936,261188,292730,375514,392448,312163,349140,229768,292809,68865,125318,20695,19593,39485,47853,44232,65595,57426,92787,81406,100210,111307,123814,159136,203694,60431,109562,2325217,1019627,323760,159590,785308,130583,27500,326,226
2021-05-24T23:59:59+02:00,118,109,62908,62212,133896,140762,163867,184522,254230,286739,370579,387763,311331,348219,229481,292421,68793,125188,20353,19185,38465,46778,42885,64108,55747,90772,79170,97696,109877,122156,158527,202902,60318,109360,2301458,1010251,312636,158285,783502,123888,25952,326,222
2021-05-23T23:59:59+02:00,113,109,62410,61696,132796,139866,162671,183486,252986,285718,368990,386332,310711,347560,229308,292193,68773,125152,20121,18998,37914,46222,42127,63405,54581,89771,77680,96331,108699,120754,157549,201681,60247,109218,2289947,1002059,312048,155204,783459,122288,25824,326,219
2021-05-22T23:59:59+02:00,110,107,61713,61074,131307,138794,160293,181862,250014,283429,366510,384106,310179,346966,229131,291927,68746,125102,19802,18578,37303,45622,41486,62873,53924,89044,76909,95185,107149,118950,156776,200712,60220,109164,2271962,995354,312033,155200,783417,118856,24360,326,219
2021-05-21T23:59:59+02:00,106,103,60381,59632,128395,136196,157001,178538,244772,278662,360410,378417,309245,345872,228835,291529,68685,124994,19441,18211,36688,44852,40834,61819,52970,87650,75185,92880,103904,114996,155636,199261,60128,108989,2235865,982318,310389,154873,781839,112251,24076,323,217
2021-05-20T23:59:59+02:00,98,101,57326,56836,122651,131315,150057,172220,234449,269901,351373,370126,306703,343122,228067,290516,68553,124774,18143,17274,34505,42605,38380,58914,50150,83872,71249,88378,99776,110344,153173,196245,59946,108633,2177805,962999,303723,152921,775870,94560,21173,315,217
2021-05-19T23:59:59+02:00,97,99,55111,54640,117642,126633,142879,165599,223904,260539,340811,359213,304054,340249,227317,289462,68402,124497,17561,16486,33280,41017,36971,56852,48136,81088,68006,84795,95889,105862,149543,191516,59684,108142,2111825,939574,297467,150939,772878,85046,19342,314,203
2021-05-18T23:59:59+02:00,92,94,53013,52677,112852,122371,136495,160023,212327,250165,330923,349412,301379,337278,226433,288256,68250,124243,17042,15880,32066,39553,35615,55055,46324,78674,65113,81565,91883,101328,146346,187451,59471,107707,2051908,919319,288094,148079,769278,76384,17358,309,203
2021-05-17T23:59:59+02:00,89,91,51978,51684,110516,120313,133676,157365,205798,244143,323340,342322,299583,335304,225842,287431,68143,124030,16585,15431,31014,38506,34443,53764,44842,76871,62846,79166,87042,95459,144882,185564,59320,107392,2025081,907607,275778,140606,765846,69685,15293,307,200
2021-05-16T23:59:59+02:00,88,88,51190,51027,109072,118986,131934,155700,202824,241459,315901,335363,298562,334171,225532,286944,68091,123932,16301,15055,30264,37724,33569,52843,43773,75558,61512,77691,83623,91380,144090,184485,59233,107252,2009738,901516,265339,133824,762597,65538,13538,303,196
2021-05-15T23:59:59+02:00,88,88,50651,50393,108072,117998,130921,154588,200888,239523,312329,332153,297940,333484,225336,286673,68071,123868,16161,14891,30010,37417,33283,52412,43285,74910,60660,76708,83026,90563,143574,183817,59197,107205,1993537,896274,265319,133677,761726,64405,12827,301,195
2021-05-14T23:59:59+02:00,87,87,49390,48967,105815,115898,127328,151134,192678,232451,306011,326267,296960,332346,225051,286224,68024,123773,15663,14461,29223,36595,32513,51219,42206,73127,59095,74753,81120,88073,142960,182828,59157,107119,1956259,886616,263618,132801,757168,58978,11779,299,194
2021-05-13T23:59:59+02:00,83,86,47469,47019,101970,112665,122619,147020,182648,223865,295395,316443,293988,328919,224240,285084,67924,123566,14798,14013,28367,35898,31751,50315,41259,72032,57584,73187,77339,83718,140194,179216,59047,106903,1904629,874056,255001,125744,750930,55118,10762,295,191
2021-05-12T23:59:59+02:00,81,84,46555,46312,100052,111235,120556,145360,180099,221757,290660,311113,292823,327651,224000,284763,67886,123481,14633,13862,28047,35679,31349,50025,40812,71658,57041,72619,75993,82087,139415,178082,58961,106743,1881548,868307,252836,123948,750440,54847,9962,289,190
2021-05-11T23:59:59+02:00,77,78,44305,44835,96024,108155,114750,140628,166726,210483,279011,300350,289419,323738,223043,283358,67736,123181,14205,13295,27036,34251,30214,48217,39505,69378,55321,70350,72902,78497,138058,176246,58802,106384,1822667,856007,243127,121253,741925,46973,8484,285,187
2021-05-10T23:59:59+02:00,76,74,43053,43860,93421,106149,111488,137993,158337,203454,271129,293240,287240,321287,222469,282495,67612,122939,13862,12851,26273,33264,29418,46957,38508,67519,54092,68618,70814,75937,136911,174736,58682,106095,1787094,847131,237079,120200,734938,39760,7508,281,179
2021-05-09T23:59:59+02:00,75,74,41930,43088,90737,104392,108822,136224,153325,200032,265602,288290,286000,319902,222092,281966,67546,122793,13547,12632,25577,32594,28682,46153,37712,66557,53154,67670,69582,74535,136312,173900,58627,105964,1767759,842545,229976,119219,728938,34976,6518,276,177
2021-05-08T23:59:59+02:00,74,74,41639,42783,89892,103660,107727,135367,151874,198816,263041,286225,285498,319359,221973,281787,67530,122761,13445,12569,25448,32501,28537,46024,37523,66362,52814,67352,68615,73610,135242,172536,58580,105871,1755710,837930,229465,118471,728712,34197,6505,259,161
2021-05-07T23:59:59+02:00,72,73,40715,42065,87956,102322,104900,133155,147248,195007,256784,280716,284158,317757,221624,281329,67477,122638,12698,12086,24622,31763,27771,44960,36659,65099,51625,65838,66365,70923,133016,169712,58490,105693,1729914,828252,226254,116200,724585,27392,5550,256,158
2021-05-06T23:59:59+02:00,68,72,38066,40341,83202,98865,98906,128397,137054,186489,240323,266292,279030,311961,220339,279640,67302,122321,12010,11569,23680,30656,26771,43609,35301,63095,49886,63859,63873,67795,130903,166947,58375,105475,1664313,817145,216337,113086,713678,19011,4635,244,157
2021-05-05T23:59:59+02:00,66,69,36178,39143,79539,96276,94300,124749,129224,179953,225556,252243,272841,304815,218763,277647,67056,121798,11775,11293,23140,29930,26168,42686,34375,61694,48731,62445,61258,64682,127958,163245,58277,105224,1598063,804854,211259,109515,707621,15027,3560,244,153
2021-05-04T23:59:59+02:00,66,67,35073,38035,76814,93952,90791,121705,123656,175217,214924,241958,267345,298364,217319,275802,66847,121329,11613,11089,22734,29388,25708,41910,33654,60603,47621,61169,58539,61500,125587,160309,58127,104988,1548969,792958,206138,106874,701534,11877,2906,242,151
2021-05-03T23:59:59+02:00,65,65,34203,36980,74521,92132,87914,119351,119214,171569,208258,235950,264062,294490,216516,274711,66726,121033,11366,10816,22340,28809,25224,41208,32967,59635,46597,60028,55754,58160,121810,155410,57870,104551,1517169,777102,203026,105160,696593,9114,1246,241,148
2021-05-02T23:59:59+02:00,65,65,33851,36661,73345,91228,86443,118257,116786,169701,205153,233433,263099,293399,216228,274296,66657,120924,11294,10744,22150,28596,24994,40920,32624,59228,46142,59552,54561,56696,118741,151724,57786,104420,1506544,772073,200227,99594,692715,8209,375,239,144
2021-05-01T23:59:59+02:00,64,65,33532,36286,72583,90434,85369,117216,115315,168337,202064,230401,262408,292574,216018,274016,66646,120885,11280,10728,22097,28566,24933,40882,32562,59171,46058,59476,54319,56404,118582,151528,57777,104403,1491441,770763,200220,99554,692449,8160,368,238,144
2021-04-30T23:59:59+02:00,61,63,32988,35685,71373,89211,83907,115484,111532,164767,194662,223278,260413,290205,215570,273407,66586,120779,10958,10532,21735,28287,24656,40457,32236,58607,45595,58841,53422,55239,117630,150341,57722,104283,1458522,767082,199894,97562,691649,5812,168,235,140
2021-04-29T23:59:59+02:00,59,61,31488,34737,68448,87181,80269,112880,106414,160652,181840,211727,252474,281098,214372,271773,66451,120433,10652,10318,21258,27839,24225,39957,31649,57863,44785,57908,51586,53043,115780,148103,57622,104088,1403588,758241,192612,94877,686273,3493,147,225,138
2021-04-28T23:59:59+02:00,58,59,30251,34125,66578,85868,77787,111058,102984,157795,172145,202556,241613,268494,213092,270087,66254,120106,10467,10159,20959,27486,23861,39487,31225,57205,44057,57081,49460,50424,113197,144865,57497,103875,1350920,748682,189244,90322,680894,2267,117,218,134
2021-04-27T23:59:59+02:00,55,58,29491,33441,65000,84404,75775,109248,100224,155394,167417,197826,233109,258682,211942,268471,66134,119883,10342,10048,20678,27197,23625,39153,30864,56708,43372,56389,47455,47878,110557,141432,57380,103675,1316872,738872,186936,86307,672894,1545,116,211,129
2021-04-26T23:59:59+02:00,54,58,29062,33056,63897,83520,74273,108082,97937,153679,158790,189807,228918,253837,211232,267474,66041,119683,10247,9958,20461,27009,23388,38935,30566,56368,42752,55811,45647,45726,108662,138947,57284,103521,1287899,730892,185490,83202,666162,1164,111,206,127
2021-04-25T23:59:59+02:00,54,57,28810,32815,63122,82997,73210,107345,96207,152450,153401,184932,224578,248950,210642,266694,65974,119560,10192,9924,20383,26932,23302,38853,30455,56242,42592,55652,45235,45229,107981,138040,57256,103450,1275125,729229,179345,81438,657478,1033,108,205,124
2021-04-24T23:59:59+02:00,54,56,28468,32389,62182,81774,72022,105896,94659,150791,148496,179784,221789,245617,210172,266020,65940,119510,10177,9906,20342,26890,23249,38787,30374,56156,42443,55515,44990,44920,107731,137744,57235,103422,1250253,728140,179316,80737,656195,989,107,205,121
2021-04-23T23:59:59+02:00,52,56,27721,31765,60610,80263,70231,103876,92061,148147,143714,175386,217235,240069,209516,265031,65877,119395,10124,9842,20232,26804,23119,38636,30139,55945,42079,55182,44371,44162,106668,136458,57079,103147,1225366,724786,178133,78254,647646,937,106,202,116
2021-04-22T23:59:59+02:00,50,55,27106,31164,59073,78826,67765,101658,87933,144655,135670,167894,208193,229057,207472,262398,65678,118996,9999,9746,19982,26506,22764,38201,29623,55431,41322,54541,43201,42838,104674,134008,56850,102749,1183805,717305,170678,74309,639299,813,106,197,113
2021-04-21T23:59:59+02:00,50,53,26613,30642,57746,77722,65881,100025,84889,142015,128476,161073,195111,213704,205320,259508,65452,118569,9868,9660,19751,26258,22477,37876,29269,54981,40767,54009,42353,41819,102482,131223,56595,102338,1132280,710754,167793,70223,632917,741,106,190,112
2021-04-20T23:59:59+02:00,49,52,26188,30171,56583,76577,64204,98443,82339,139438,123390,156002,183630,200239,202890,256367,65213,118138,9765,9569,19532,26070,22184,37607,28858,54568,40227,53476,41536,40886,100263,128233,56256,101801,1089605,703202,164306,66970,626142,661,104,188,104
2021-04-19T23:59:59+02:00,49,51,25820,29813,55610,75754,62917,97264,80212,137510,119864,152613,177875,193391,201176,254127,65027,117804,9655,9476,19300,25850,21939,37333,28542,54174,39714,52946,40738,39973,97161,124265,55851,101088,1065014,692840,162474,64545,619532,623,103,182,104
2021-04-18T23:59:59+02:00,48,46,25512,29552,54840,75209,61792,96316,78351,136079,116499,150217,172764,187832,200163,252893,64915,117610,9581,9401,19111,25676,21762,37166,28324,53894,39454,52694,40409,39584,95945,122718,55668,100788,1051006,688960,160803,62610,608966,608,103,180,103
2021-04-17T23:59:59+02:00,47,45,25403,29460,54468,75013,61276,95962,77696,135478,115652,149475,168510,182942,199628,252167,64881,117545,9536,9342,18973,25489,21573,36936,28097,53618,39188,52425,40108,39261,95181,121791,55603,100704,1040112,684937,160775,62295,604897,596,103,180,103
2021-04-16T23:59:59+02:00,47,45,25029,29210,53478,74403,59988,95082,76068,134145,111497,145327,160856,174158,197971,249962,64772,117336,9328,9167,18578,25058,20991,36359,26985,52713,37161,50820,36783,36319,91986,118261,55200,100049,1014166,669832,159981,55367,595361,562,103,179,101
2021-04-15T23:59:59+02:00,43,41,24552,28757,52220,73234,58021,93352,72790,131299,106024,140035,152979,165169,193312,244087,64474,116716,9154,9004,18209,24633,20498,35698,26305,51916,35767,49587,34665,34270,88869,114523,54692,99191,981904,656707,157924,49770,577408,510,102,177,98
2021-04-14T23:59:59+02:00,41,37,24212,28432,51282,72293,56680,91958,70399,129134,102024,136262,143771,154774,185570,234196,64131,116048,8745,8730,17734,24125,19961,35052,25389,51037,34475,48463,32613,32109,85884,110873,54200,98328,944000,641784,155248,45531,562128,411,101,172,97
2021-04-13T23:59:59+02:00,41,37,23975,28215,50582,71756,55735,91129,68761,127719,98291,132820,131926,141641,179171,225860,63793,115459,8510,8558,17388,23718,19540,34510,24721,50242,33406,47444,31226,30742,83725,108490,53843,97784,910701,632437,150726,41131,545615,288,101,170,95
2021-04-12T23:59:59+02:00,40,36,23766,28026,50026,71238,54868,90395,67289,126429,95657,130492,124804,133595,175939,221904,63521,114968,8273,8371,17024,23419,19168,34074,24248,49705,32738,46817,29695,29199,82060,106545,53517,97263,894258,623979,149179,37872,529688,274,99,167,93
2021-04-11T23:59:59+02:00,39,36,23591,27864,49500,70814,54136,89937,66140,125623,93794,129011,119305,127573,172018,217295,63351,114670,8139,8236,16727,23139,18849,33764,23889,49324,32289,46429,29057,28530,81039,105296,53308,96943,886768,618674,144763,36043,513302,256,94,165,90
2021-04-10T23:59:59+02:00,39,36,23530,27806,49333,70677,53936,89778,65810,125353,93268,128574,117220,125043,170577,215444,63309,114570,7550,7630,15836,22350,17885,32919,22765,48286,31178,45430,28393,27816,78944,102685,53041,96507,879767,603318,143906,35661,510769,251,89,165,90
2021-04-09T23:59:59+02:00,38,36,23282,27556,48831,70186,53295,89092,64811,124228,91441,126663,108378,114088,167189,211035,63110,114212,6590,6729,14303,21021,16151,31350,20618,46314,28958,43414,26605,25988,75437,98504,52495,95667,860328,575776,136840,34146,500448,239,81,158,84
2021-04-08T23:59:59+02:00,38,36,22985,27310,48250,69695,52536,88387,63500,123140,89014,124493,98052,102068,161629,204159,62769,113630,5943,6135,13113,20001,14889,30007,18977,44589,26451,41070,23572,23006,70772,92718,51350,93914,841571,544117,127918,32201,482357,209,71,156,84
2021-04-07T23:59:59+02:00,36,35,22672,27084,47445,69237,51608,87772,62109,122154,85866,122042,88853,91754,154615,195363,62475,113069,5562,5810,12450,19326,14070,29178,17932,43537,24536,39170,21030,20477,66807,87943,50354,92298,821131,520606,122313,29717,460904,180,64,151,82
2021-04-06T23:59:59+02:00,35,35,22459,26923,46915,68856,51017,87248,61075,121377,83745,120293,81088,82935,148248,187393,62132,112440,5368,5651,12097,18969,13717,28745,17395,42972,23670,38358,19899,19446,63644,83844,49430,90914,801830,507216,119095,26766,443450,168,59,147,79
2021-04-05T23:59:59+02:00,35,34,22360,26797,46602,68508,50631,86846,60527,120686,82558,119136,76604,77832,143234,181281,61931,112124,5228,5512,11834,18717,13422,28433,17071,42597,23225,37897,19436,18975,60756,80287,48731,89847,792368,497866,117339,23971,428181,163,56,144,79
2021-04-04T23:59:59+02:00,35,34,22312,26738,46481,68240,50461,86531,60245,120183,82046,118504,75159,76122,142529,180307,61894,112042,5224,5504,11816,18704,13410,28417,17052,42580,23127,37825,19029,18652,59316,78439,48524,89536,789823,493067,117231,23969,422978,156,52,141,77
2021-04-03T23:59:59+02:00,35,34,22250,26657,46358,68130,50297,86356,59928,119871,81478,117923,73812,74486,141411,178771,61811,111893,5215,5495,11803,18685,13387,28397,17018,42533,23021,37751,18892,18501,58965,77876,48435,89389,783453,491276,117189,23969,421028,156,51,140,77
2021-04-02T23:59:59+02:00,35,34,22172,26572,46197,67964,50078,86107,59458,119419,80599,117107,72256,72597,139126,175784,61614,111533,5196,5457,11755,18642,13331,28314,16929,42384,22746,37273,18533,18136,56619,74984,47619,88282,774316,482773,115411,23313,419098,156,47,137,75
2021-04-01T23:59:59+02:00,32,32,21977,26368,45779,67443,49429,85364,58579,118476,78706,115430,68981,69160,135027,170586,61288,110950,5049,5313,11483,18376,13107,28078,16606,42074,22240,36829,17711,17389,51761,68942,45939,85823,762604,464682,109295,21941,411885,143,42,133,74
2021-03-31T23:59:59+02:00,32,32,21650,26150,45376,66918,48930,84712,57843,117536,77543,114186,66930,66837,130259,164462,60883,110219,4971,5262,11383,18254,12946,27927,16365,41803,21644,36315,16578,16483,46536,62512,44554,83836,752804,446291,102120,20994,405757,140,37,130,68
2021-03-30T23:59:59+02:00,32,31,21472,25926,44975,66299,48422,83913,57130,116483,76402,112805,65084,64807,125869,158702,60415,109318,4904,5177,11278,18128,12754,27737,16037,41478,21067,35766,15744,15679,43767,59094,43435,82034,742588,434397,97881,19629,397806,111,33,125,67
2021-03-29T23:59:59+02:00,31,31,21274,25688,44514,65749,47945,83220,56393,115401,75170,111370,62593,62050,119109,150049,59643,107922,4807,5104,11173,18013,12599,27571,15790,41155,20610,35296,15092,15137,41179,56107,42326,80212,722005,423186,94448,18949,391890,96,31,124,66
2021-03-28T23:59:59+02:00,31,31,21067,25396,44014,65061,47428,82478,55711,114392,74226,110261,61328,60608,114390,144063,59200,107163,4752,5045,11028,17864,12340,27271,15598,40908,20442,35063,14852,14893,40097,54685,41977,79671,715438,418856,87125,17619,384476,74,31,123,63
2021-03-27T23:59:59+01:00,31,31,20947,25239,43722,64695,47060,81949,55210,113700,73550,109522,60167,59521,112903,142347,59133,107081,4739,5033,11001,17845,12322,27241,15237,40479,20042,34627,14559,14681,39609,53995,41502,78853,710143,414795,86421,16964,380432,69,31,123,63
2021-03-26T23:59:59+01:00,31,30,20694,24726,42916,62986,46088,79920,53868,110666,71529,105891,58141,57629,110145,139097,58804,106562,4720,5000,10977,17793,12252,27148,15159,40369,19701,34030,14088,14029,36535,50152,39444,75605,698702,400264,83098,16745,368110,56,28,122,63
2021-03-25T23:59:59+01:00,31,27,20262,24053,42042,61215,44990,77365,52352,107130,69132,102116,55538,54985,106832,135122,58233,105567,4674,4944,10886,17690,12130,27001,14975,40148,19423,33723,13611,13537,32677,45091,36444,71063,687247,381881,78898,16147,351036,51,25,120,63
2021-03-24T23:59:59+01:00,31,27,19856,23604,41257,59943,43971,75824,50968,105198,67026,99780,52744,52064,102572,130015,57593,104488,4619,4878,10793,17547,11962,26798,14743,39864,19055,33303,13152,13083,30101,41872,33322,66224,674411,366294,74007,15046,338737,44,20,118,62
2021-03-23T23:59:59+01:00,31,27,19608,23302,40698,59026,43244,74727,49931,103681,65354,97915,50438,49707,99811,126797,57033,103645,4559,4807,10694,17421,11815,26614,14497,39551,18635,32914,12649,12577,27662,38767,29641,60319,666261,348689,70645,14457,328266,43,19,114,62
2021-03-22T23:59:59+01:00,31,27,19384,22887,40057,58142,42578,73686,48982,102291,63877,96273,48596,47808,97411,124040,56559,102869,4500,4760,10606,17305,11684,26434,14338,39309,18393,32612,12334,12202,25824,36410,25673,53932,659931,332436,67829,13902,317936,40,19,110,61
2021-03-21T23:59:59+01:00,31,27,19245,22628,39563,57388,42029,72838,48326,101133,62929,95037,47544,46778,95758,122186,56188,102290,4484,4751,10570,17257,11637,26348,14278,39219,18311,32513,12213,12069,25394,35960,25320,53372,657349,330236,65792,13486,308973,39,17,108,59
2021-03-20T23:59:59+01:00,30,27,19185,22483,39352,56893,41788,72277,48015,100496,62489,94433,46887,46011,93154,118949,55900,101803,4475,4743,10561,17245,11609,26331,14235,39182,18229,32438,12054,11908,24752,35185,24557,52283,650866,326516,65343,13297,304157,39,17,108,59
2021-03-19T23:59:59+01:00,29,26,18829,21916,38217,54764,40504,70276,46272,98403,59595,91661,42421,42128,87923,113173,55198,100722,4454,4729,10528,17194,11544,26219,14142,39010,17993,32139,11700,11625,23079,33124,22871,49722,633042,317169,58107,12935,291104,33,17,101,59
2021-03-18T23:59:59+01:00,29,25,18433,21264,37037,52606,38961,67479,44110,93921,55740,85856,38374,38315,83179,107684,54109,99061,4434,4700,10463,17091,11466,26064,13991,38821,17776,31935,11465,11440,21829,31607,21158,47120,616058,309070,52352,12322,267963,30,17,100,58
2021-03-17T23:59:59+01:00,29,24,18008,20910,36312,51684,38192,66522,43025,92560,53941,84017,35687,35513,79143,102840,53161,97581,4411,4673,10400,16995,11392,25930,13877,38632,17576,31741,11226,11211,20581,30190,19566,44719,599307,301542,47929,11611,262098,26,17,98,58
2021-03-16T23:59:59+01:00,28,24,17649,20491,35565,50613,37375,65321,41921,90878,52089,82023,33470,33487,75095,97881,52276,96263,4361,4622,10327,16867,11301,25776,13778,38395,17442,31495,11054,11029,19296,28668,18082,42391,585986,293741,43228,11177,253419,26,13,96,58
2021-03-15T23:59:59+01:00,28,24,17369,20126,34850,49630,36582,64129,41015,89394,50823,80420,31738,31644,71802,93780,51578,95127,4339,4587,10260,16744,11234,25575,13662,38107,17293,31222,10886,10870,18561,27701,16822,40527,574830,287907,39895,10527,245523,26,2,94,58
2021-03-14T23:59:59+01:00,28,23,17099,19698,33993,48415,35678,62805,39953,87564,49559,78687,30568,30405,69801,91214,51133,94450,4315,4568,10215,16667,11177,25432,13602,37885,17202,31058,10813,10781,18381,27420,16560,39965,567701,286704,38009,9392,235553,17,0,90,58
2021-03-13T23:59:59+01:00,28,23,16283,18632,32491,46376,34099,60663,37907,84475,47422,76124,29209,29050,67781,88583,50864,94057,4315,4568,10213,16661,11174,25425,13593,37878,17195,31049,10776,10749,17632,26529,15501,38495,551308,282415,37722,9391,225211,17,0,90,58
2021-03-12T23:59:59+01:00,27,23,15179,17253,30042,43719,31419,57507,35035,79599,44192,71641,26359,25850,63453,83263,49878,92648,4302,4535,10194,16599,11156,25374,13546,37760,17101,30918,10499,10521,16744,25280,14427,36970,523134,276599,36408,9380,207708,14,0,88,57
2021-03-11T23:59:59+01:00,26,23,14133,15781,27785,41019,29093,54306,32440,75197,40425,66726,22939,22356,57416,75917,47937,89800,4261,4495,10114,16480,11044,25149,13428,37449,16935,30613,10191,10307,16108,24435,13755,35694,490918,272584,34812,7936,187733,11,0,86,51
2021-03-10T23:59:59+01:00,26,23,13537,15079,26371,39397,27435,52482,30867,72876,37888,63591,20174,19792,51488,68757,46381,87459,4227,4451,10014,16313,10925,24899,13280,37029,16736,30239,9952,10123,15363,23662,13096,34666,464414,267846,32750,7190,176604,9,0,81,51
2021-03-09T23:59:59+01:00,25,22,13254,14611,25244,38353,26012,51293,29797,71215,36508,61752,18983,18663,47961,64299,45251,85661,4203,4425,9929,16147,10820,24639,13127,36708,16559,30000,9827,10021,14694,22822,12599,33889,450746,264114,30212,6357,168078,9,0,81,49
2021-03-08T23:59:59+01:00,24,22,12923,14002,24162,37240,24736,50153,28856,69729,35268,60126,17897,17777,43824,59298,44020,83669,4188,4389,9868,15948,10718,24376,12994,36349,16430,29735,9743,9937,14198,22217,12283,33449,435227,260926,28199,5964,160429,3,0,80,48
2021-03-07T23:59:59+01:00,24,22,12690,13709,23567,36387,24036,49274,28254,68858,34657,59366,17634,17525,42753,57843,43652,83104,4176,4376,9846,15906,10691,24303,12961,36179,16373,29621,9721,9907,14000,21962,12146,33247,430445,259863,26383,5624,156653,0,0,79,46
2021-03-06T23:59:59+01:00,24,21,12577,13417,23165,35653,23505,48486,27201,67327,33556,57601,17245,17195,42107,56952,43350,82635,4173,4362,9835,15879,10673,24269,12951,36137,16355,29590,9703,9866,13953,21924,12043,33036,426372,259483,26319,5340,149449,0,0,79,44
2021-03-05T23:59:59+01:00,24,21,12164,12813,22482,34447,22819,47251,26445,65692,32317,55176,16593,16359,38637,52634,41188,79188,4146,4315,9765,15779,10621,24120,12882,35941,16268,29383,9606,9796,13766,21707,11671,32424,411154,257776,24850,4489,140362,0,0,79,42
2021-03-04T23:59:59+01:00,22,21,11404,11802,21293,32717,21597,45195,25084,63035,30609,52809,15856,15638,34618,47461,38101,74495,4096,4224,9652,15484,10517,23762,12749,35406,16124,28981,9427,9642,13606,21496,11586,32277,392661,254710,22750,4396,126459,0,0,79,37
2021-03-03T23:59:59+01:00,19,21,11093,11304,20601,31493,20821,43829,24169,61281,29557,51159,15367,15133,31999,44132,35011,69719,4056,4161,9571,15313,10438,23510,12643,34983,15944,28634,9239,9515,13478,21281,11440,32005,377151,252063,21954,4226,117717,0,0,74,35
2021-03-02T23:59:59+01:00,19,21,10830,10876,19954,30520,20102,42805,23381,59890,28576,49875,14733,14484,29311,40754,31113,63489,4008,4089,9509,15147,10369,23245,12539,34550,15843,28326,9113,9412,13340,21092,11363,31860,358896,249656,20432,4225,111513,0,0,73,35
2021-03-01T23:59:59+01:00,15,20,10655,10614,19441,29714,19535,41916,22789,58816,27855,48746,14307,14028,27229,38157,26849,56593,3992,4039,9454,14992,10306,22946,12458,34174,15735,28003,9028,9350,13157,20822,11247,31677,341602,247230,19317,4225,106463,0,0,73,35
2021-02-28T23:59:59+01:00,14,20,10487,10411,18970,29064,18998,41173,22308,57957,27363,47948,14098,13785,26615,37496,26443,55990,3976,4025,9429,14958,10287,22895,12441,34104,15707,27957,9000,9325,13025,20642,11184,31527,339129,246370,18451,4188,101661,0,0,73,34
2021-02-27T23:59:59+01:00,14,19,10308,9896,18642,28195,18738,40380,22023,56971,27031,47150,13819,13483,25944,36689,25520,54570,3964,4013,9407,14937,10255,22847,12402,34022,15661,27883,8978,9310,13006,20620,11162,31507,335205,246011,17727,4039,96558,0,0,73,34
2021-02-26T23:59:59+01:00,13,18,9510,9107,17736,26748,17950,38162,21088,54110,25569,44322,13349,13081,24351,34696,23991,52262,3883,3945,9329,14776,10181,22592,12321,33655,15544,27587,8898,9228,12937,20549,11121,31437,326057,244096,17473,3965,82625,0,0,73,31
2021-02-25T23:59:59+01:00,13,18,8350,8252,16409,25136,16679,35892,19841,51211,23850,41525,12868,12674,23067,33101,22490,49975,3760,3800,9165,14461,9959,21987,12066,32798,15216,26932,8700,9075,12673,20223,10979,31167,318403,239939,16683,3102,66351,0,0,72,29
2021-02-24T23:59:59+01:00,12,17,7984,7727,15750,24096,16049,34653,19126,49692,23049,40319,12467,12337,21753,31594,20808,47347,3688,3733,9024,14168,9781,21531,11863,32171,14953,26393,8558,8937,12530,20050,10914,30956,310120,237158,15704,2169,59039,0,0,72,29
2021-02-23T23:59:59+01:00,12,17,7500,7246,14930,22918,15360,33427,18403,48279,22325,39246,12156,12007,20403,30015,19190,44782,3647,3657,8904,13965,9643,21133,11673,31590,14651,25891,8387,8794,12401,19839,10844,30724,301969,234317,14890,1505,51437,0,0,71,26
2021-02-22T23:59:59+01:00,11,15,7392,7039,14545,22297,15008,32699,17936,47267,21830,38511,11954,11756,19651,28999,17868,42825,3617,3553,8767,13672,9479,20630,11418,30844,14273,25291,8139,8599,12200,19587,10738,30419,296072,230989,14278,315,47333,0,0,69,26
2021-02-21T23:59:59+01:00,11,15,7302,6914,14221,21851,14586,32114,17518,46613,21389,38014,11847,11654,19488,28786,17621,42490,3578,3513,8683,13548,9402,20414,11346,30552,14148,25020,8076,8537,12144,19478,10667,30256,294921,229138,13906,300,43685,0,0,67,26
2021-02-20T23:59:59+01:00,11,15,7185,6864,14095,21771,14470,31978,17399,46462,21230,37832,11748,11569,18703,27862,16549,41002,3575,3507,8673,13540,9391,20393,11331,30527,14135,25009,8071,8528,12079,19413,10611,30187,290620,228748,13708,299,42492,0,0,67,25
2021-02-19T23:59:59+01:00,8,14,6881,6612,13741,21331,14098,31306,16922,45664,20522,36959,11143,11166,17653,26526,15388,39388,3495,3484,8597,13512,9348,20336,11293,30434,14076,24915,8028,8467,11855,19141,10418,29855,284208,227034,13331,298,37856,0,0,64,24
2021-02-18T23:59:59+01:00,8,14,6482,6136,13114,20186,13454,29927,16105,43791,19645,35378,10911,10947,17056,25767,14807,38500,3309,3347,8262,12970,9054,19585,10941,29387,13707,24085,7823,8158,11266,18187,9919,28699,280606,218479,12749,298,28944,0,0,63,23
2021-02-17T23:59:59+01:00,8,13,6316,5791,12667,19305,12960,28735,15403,42065,18996,34048,10681,10694,16295,24952,14029,37309,3060,3187,7921,12454,8752,18793,10571,28341,13312,23234,7588,7921,10706,17329,9479,27877,275919,210305,12016,294,22397,0,0,63,23
2021-02-16T23:59:59+01:00,8,13,5990,5489,12127,18470,12453,27657,14857,40682,18401,33008,10526,10590,15621,24117,13519,36519,2877,3067,7618,12002,8446,18069,10174,27250,12845,22333,7314,7626,9982,16153,8751,26320,272370,200761,11517,138,16225,0,0,61,23
2021-02-15T23:59:59+01:00,8,13,5884,5308,11830,17825,12184,26874,14509,39687,18050,32236,10398,10477,15055,23458,13156,35978,2787,2986,7425,11678,8227,17562,9871,26402,12493,21649,7032,7340,9278,15094,8236,25037,269250,193078,10911,92,12837,0,0,58,22
2021-02-14T23:59:59+01:00,8,13,5615,5193,11579,17553,11959,26437,14274,39239,17857,31959,10353,10425,14819,23117,12989,35584,2737,2948,7311,11512,8098,17356,9695,26070,12313,21346,6935,7216,9056,14710,8048,24500,268241,189833,9972,90,10830,0,0,55,22
2021-02-13T23:59:59+01:00,8,13,5555,5155,11529,17516,11928,26405,14246,39207,17837,31940,10337,10397,14792,23084,12975,35566,2733,2945,7306,11505,8086,17334,9679,26033,12286,21303,6905,7182,8901,14495,7695,23872,267995,188321,9967,11,10599,0,0,54,21
2021-02-12T23:59:59+01:00,8,12,5036,4837,10957,17152,11610,25850,13926,38558,17503,31294,10223,10289,14608,22867,12894,35456,2683,2912,7212,11347,7985,17102,9529,25640,12069,20854,6723,6948,8536,13932,7101,22530,266286,183166,9956,9,6908,0,0,53,21
2021-02-11T23:59:59+01:00,8,12,4571,4535,10366,16470,11196,25043,13445,37293,17008,30431,9905,10024,14325,22416,12611,34766,2510,2637,6612,10151,7295,15361,8662,23019,11013,18765,6064,6230,7482,12307,6280,20190,263038,164642,8307,6,3151,0,0,49,16
2021-02-10T23:59:59+01:00,8,12,4323,4367,10030,16015,10886,24499,13133,36407,16591,29680,9688,9886,14142,22211,12519,34558,2147,2344,5674,8687,6487,13316,7669,20100,9884,16726,5509,5643,6493,10638,5501,18126,260379,145010,7806,5,840,0,0,47,4
2021-02-09T23:59:59+01:00,8,11,4259,4268,9906,15747,10776,24096,12960,35786,16376,29206,9507,9743,13947,21996,12377,34327,1748,1989,4891,7415,5713,11516,6745,17568,8793,14720,4930,5009,5442,9080,4769,16024,257906,126416,7027,1,433,0,0,46,4
2021-02-08T23:59:59+01:00,8,11,4224,4213,9812,15534,10667,23734,12841,35323,16232,28845,9414,9675,13743,21710,12268,34129,1582,1793,4332,6415,5049,9933,5919,15030,7762,12858,4367,4473,4451,7472,3998,13929,255513,109422,6511,1,427,0,0,45,4
2021-02-07T23:59:59+01:00,8,11,4059,4146,9655,15397,10565,23569,12760,35059,16120,28650,9371,9629,13596,21526,12193,33984,1367,1546,3911,5742,4633,9053,5491,13868,7275,11895,4111,4211,4222,7075,3837,13329,254404,101623,5964,1,0,0,0,41,3
2021-02-06T23:59:59+01:00,8,11,4050,4137,9644,15381,10551,23533,12738,35009,16102,28593,9351,9615,13578,21491,12086,33786,1214,1350,3677,5435,4447,8626,5269,13277,6993,11337,3973,4074,4093,6925,3557,12869,254056,97171,5678,1,0,0,0,41,2
2021-02-05T23:59:59+01:00,8,9,3977,4069,9572,15237,10484,23280,12652,34640,15986,28306,9266,9540,13504,21415,11735,33189,1072,1120,3396,4990,4186,8046,4952,12490,6606,10608,3711,3826,3930,6692,3051,11977,252153,90705,4784,0,0,0,0,41,2
2021-02-04T23:59:59+01:00,8,9,3919,3944,9451,14918,10307,22731,12461,33840,15766,27739,9140,9427,13277,21117,11618,32981,806,787,2570,3737,3251,6299,3996,9941,5278,8382,3028,3113,3310,5713,2663,10483,248166,73395,4559,0,0,0,0,36,2
2021-02-03T23:59:59+01:00,8,9,3850,3872,9348,14693,10201,22391,12329,33326,15616,27316,9027,9311,13133,20941,11541,32810,670,619,1941,2822,2516,4863,3019,7640,4040,6316,2209,2242,2418,4232,1933,7860,245412,55371,4382,0,0,0,0,36,2
2021-02-02T23:59:59+01:00,8,9,3782,3776,9248,14498,10101,22010,12186,32758,15409,26862,8897,9194,13009,20728,11457,32542,531,491,1468,2085,1927,3659,2271,5812,3011,4718,1565,1544,1650,2789,1343,5228,242167,40113,4380,0,0,0,0,33,2
2021-02-01T23:59:59+01:00,7,9,3741,3684,9170,14267,9994,21625,12046,32119,15220,26355,8775,9046,12899,20584,11406,32363,395,356,1023,1440,1273,2438,1482,3809,1872,2995,993,988,976,1698,771,3029,239004,25548,4380,0,0,0,0,31,2
2021-01-31T23:59:59+01:00,7,9,3723,3649,9116,14158,9924,21420,11979,31822,15115,26156,8716,8987,12848,20472,11361,32234,365,335,901,1247,1079,2061,1281,3256,1638,2621,892,894,871,1514,700,2722,237504,22385,4265,0,0,0,0,30,2
2021-01-30T23:59:59+01:00,7,9,3722,3646,9106,14145,9910,21397,11966,31802,15103,26142,8712,8982,12779,20403,11293,32156,349,311,841,1163,1022,1937,1217,3066,1563,2484,864,868,852,1474,685,2669,237181,21372,4172,0,0,0,0,30,2
2021-01-29T23:59:59+01:00,7,9,3662,3631,9045,14114,9881,21343,11933,31723,15055,26073,8688,8959,12591,20178,11113,31912,281,227,719,988,878,1574,1059,2672,1350,2157,773,775,802,1419,667,2616,235951,18962,4042,0,0,0,0,27,2
2021-01-28T23:59:59+01:00,7,9,3543,3544,8839,13724,9661,20829,11700,31142,14726,25572,8550,8857,12152,19554,10755,31329,133,58,296,361,384,615,465,1157,613,968,408,430,471,816,382,1583,231140,9143,3431,0,0,0,0,25,1
2021-01-27T23:59:59+01:00,7,9,3312,3409,8545,13306,9359,20205,11314,30307,14328,24833,8329,8643,11597,18743,10326,30559,81,34,205,222,250,416,309,808,434,666,310,313,350,608,287,1161,224386,6456,2817,0,0,0,0,25,1
2021-01-26T23:59:59+01:00,6,9,3146,3311,8263,12966,9095,19635,11006,29548,13922,24195,8087,8418,11006,17819,9673,29402,76,30,190,212,234,382,293,755,403,602,295,287,323,545,260,1031,217610,5920,1969,0,0,0,0,24,1
2021-01-25T23:59:59+01:00,6,9,3057,3217,7980,12483,8804,18930,10618,28542,13436,23428,7795,8215,10376,17000,9213,28498,68,22,169,191,200,325,254,635,351,497,258,242,269,467,211,843,211264,5004,415,0,0,0,0,22,1
2021-01-24T23:59:59+01:00,6,9,3013,3196,7895,12403,8730,18805,10509,28382,13307,23245,7751,8178,10311,16888,9165,28402,67,21,165,187,198,311,251,614,342,483,249,238,267,460,207,828,209955,4890,311,0,0,0,0,22,1
2021-01-23T23:59:59+01:00,6,9,3012,3195,7894,12400,8726,18795,10507,28368,13301,23240,7744,8175,10187,16721,8837,27814,66,21,165,187,197,310,249,614,340,483,249,238,267,460,207,826,208694,4881,309,0,0,0,0,21,1
2021-01-22T23:59:59+01:00,6,9,2950,3149,7770,12287,8643,18653,10396,28194,13219,23125,7713,8139,9988,16417,8316,26788,65,21,164,187,197,310,249,614,339,483,249,238,267,460,207,826,205529,4878,308,0,0,0,0,18,1
2021-01-21T23:59:59+01:00,6,9,2866,2979,7271,11371,8156,17503,9855,26563,12609,21906,7424,7812,9345,15462,7791,25718,59,19,147,173,179,279,221,535,302,443,224,210,235,380,177,692,194411,4277,308,0,0,0,0,16,1
2021-01-20T23:59:59+01:00,6,9,2503,2632,6387,9959,7407,15539,8896,23720,11495,19826,6817,7154,8246,13686,6967,23478,57,19,146,168,176,277,213,521,290,421,212,203,229,355,163,654,174486,4106,304,0,0,0,0,16,1
2021-01-19T23:59:59+01:00,6,9,2062,2276,5485,8569,6544,13637,7872,20926,10212,17582,6053,6269,6855,11484,5937,20413,41,11,97,124,120,172,150,358,191,293,135,115,141,237,114,486,152024,2785,221,0,0,0,0,16,1
2021-01-18T23:59:59+01:00,5,9,1788,1985,4725,7183,5585,11389,6663,17315,8775,14858,5160,5378,5451,9218,4856,16918,22,6,38,46,53,80,66,164,77,146,60,54,66,131,62,220,127214,1291,97,0,0,0,0,16,1
2021-01-17T23:59:59+01:00,4,9,1509,1692,4211,6386,5070,10251,6120,15737,8133,13586,4816,5023,5074,8540,4525,15908,8,2,8,15,16,29,20,51,30,56,23,23,20,31,13,47,116547,391,91,0,0,0,0,15,1
2021-01-16T23:59:59+01:00,4,8,1342,1488,3993,6062,4889,9810,5856,15065,7801,12887,4622,4790,4857,8261,4166,15301,0,0,0,1,1,3,1,1,2,2,0,1,1,0,0,1,111236,13,8,0,0,0,0,14,1
2021-01-15T23:59:59+01:00,4,8,1191,1262,3739,5638,4633,9243,5564,14219,7389,12086,4325,4493,4670,7953,3630,14254,0,0,0,0,0,0,0,0,1,0,0,0,0,0,0,0,104336,0,4,0,0,0,0,14,1
2021-01-14T23:59:59+01:00,3,5,916,949,2988,4448,3766,7413,4611,11456,5975,9723,3510,3612,3918,6708,3141,12419,0,0,0,0,0,0,0,0,1,0,0,0,0,0,0,0,85589,0,0,0,0,0,0,14,1
2021-01-13T23:59:59+01:00,3,4,779,795,2514,3716,3181,6182,3835,9502,4872,7828,2627,2692,2963,5112,2406,9501,0,0,0,0,0,0,0,0,1,0,0,0,0,0,0,0,68535,0,0,0,0,0,0,13,1
2021-01-12T23:59:59+01:00,2,4,647,664,2104,3047,2621,5026,3073,7649,3842,6146,1891,1868,2034,3471,1706,6497,0,0,0,0,0,0,0,0,1,0,0,0,0,0,0,0,52320,0,0,0,0,0,0,1,1
2021-01-11T23:59:59+01:00,1,1,499,527,1752,2467,2105,4015,2375,5809,2854,4463,1219,1159,1218,2038,941,3699,0,0,0,0,0,0,0,0,1,0,0,0,0,0,0,0,37164,0,0,0,0,0,0,1,1
2021-01-10T23:59:59+01:00,1,1,441,457,1490,2039,1761,3288,1964,4821,2371,3733,1073,1030,1072,1789,840,3243,0,0,0,0,0,0,0,0,1,0,0,0,0,0,0,0,31427,0,0,0,0,0,0,1,1
2021-01-09T23:59:59+01:00,1,1,410,412,1365,1861,1615,2996,1810,4372,2184,3401,997,958,1011,1734,822,3200,0,0,0,0,0,0,0,0,1,0,0,0,0,0,0,0,29161,0,0,0,0,0,0,1,1
2021-01-08T23:59:59+01:00,1,1,312,282,1113,1511,1333,2322,1485,3579,1806,2782,861,849,923,1611,774,3044,0,0,0,0,0,0,0,0,1,0,0,0,0,0,0,0,24598,0,0,0,0,0,0,1,1
2021-01-07T23:59:59+01:00,1,0,146,76,401,509,492,800,599,1385,786,1218,478,495,573,972,472,1928,0,0,0,0,0,0,0,0,1,0,0,0,0,0,0,0,11334,0,0,0,0,0,0,0,1
2021-01-06T23:59:59+01:00,1,0,111,44,270,285,319,522,402,940,535,838,370,375,436,756,365,1461,0,0,0,0,0,0,0,0,1,0,0,0,0,0,0,0,8033,0,0,0,0,0,0,0,1
2021-01-05T23:59:59+01:00,1,0,87,31,191,230,252,435,323,829,452,716,353,359,419,723,358,1407,0,0,0,0,0,0,0,0,1,0,0,0,0,0,0,0,7169,0,0,0,0,0,0,0,1
2021-01-04T23:59:59+01:00,1,0,69,25,174,193,209,341,259,645,357,518,277,266,299,525,241,948,0,0,0,0,0,0,0,0,1,0,0,0,0,0,0,0,5349,0,0,0,0,0,0,0,1
2021-01-03T23:59:59+01:00,1,0,67,21,167,188,204,324,257,630,348,501,269,264,295,512,239,931,0,0,0,0,0,0,0,0,1,0,0,0,0,0,0,0,5220,0,0,0,0,0,0,0,1
2021-01-02T23:59:59+01:00,1,0,67,21,167,188,204,324,254,630,345,501,269,264,295,512,239,930,0,0,0,0,0,0,0,0,1,0,0,0,0,0,0,0,5213,0,0,0,0,0,0,0,1
2021-01-01T23:59:59+01:00,1,0,66,21,166,188,204,323,253,630,342,499,269,264,295,511,239,930,0,0,0,0,0,0,0,0,1,0,0,0,0,0,0,0,5203,0,0,0,0,0,0,0,1
2020-12-31T23:59:59+01:00,1,0,66,21,166,186,204,322,252,629,341,498,269,264,295,511,239,930,0,0,0,0,0,0,0,0,1,0,0,0,0,0,0,0,5196,0,0,0,0,0,0,0,1
2020-12-30T23:59:59+01:00,1,0,65,21,166,185,202,319,252,627,341,496,269,264,295,511,238,930,0,0,0,0,0,0,0,0,1,0,0,0,0,0,0,0,5184,0,0,0,0,0,0,0,1
2020-12-29T23:59:59+01:00,1,0,46,12,118,140,153,216,184,450,240,379,182,167,201,379,176,725,0,0,0,0,0,0,0,0,1,0,0,0,0,0,0,0,3770,0,0,0,0,0,0,0,1
2020-12-28T23:59:59+01:00,1,0,25,8,64,77,88,122,102,256,119,233,99,94,104,201,103,388,0,0,0,0,0,0,0,0,1,0,0,0,0,0,0,0,2085,0,0,0,0,0,0,0,1
2020-12-27T23:59:59+01:00,0,0,12,3,17,26,40,47,36,90,38,95,32,29,41,73,32,145,0,0,0,0,0,0,0,0,0,0,0,0,0,0,0,0,756,0,0,0,0,0,0,0,0
