Datum,<15_m,<15_w,15-24_1_m,15-24_1_w,25-34_1_m,25-34_1_w,35-44_1_m,35-44_1_w,45-54_1_m,45-54_1_w,55-64_1_m,55-64_1_w,65-74_1_m,65-74_1_w,75-84_1_m,75-84_1_w,>84_1_m,>84_1_w,<24_2_m,<24_2_w,25-34_2_m,25-34_2_w,35-44_2_m,35-44_2_w,45-54_2_m,45-54_2_w,55-64_2_m,55-64_2_w,65-74_2_m,65-74_2_w,75-84_2_m,75-84_2_w,>84_2_m,>84_2_w,bp_1,bp_2,mo_1,mo_2,az_1,az_2,ja,unb_1,unb_2
2021-09-14T23:59:59+02:00,37074,34701,277186,266377,383099,353446,398874,392030,462793,471998,515127,516230,351640,392300,246302,315454,72512,132777,249762,239889,359094,326941,377494,366802,441142,446906,494797,495364,340656,379674,238714,304954,69599,126650,4006347,3769817,522429,499457,809937,762815,281939,535,447
2021-09-13T23:59:59+02:00,36696,34314,275976,265137,382176,352434,398116,391173,462107,471294,514616,515741,351423,392057,246180,315305,72479,132710,248664,238856,358294,326175,376914,366164,440590,446384,494346,494993,340470,379455,238615,304806,69568,126596,3998344,3763020,521725,499173,809907,762727,280690,534,447
2021-09-12T23:59:59+02:00,36559,34187,275423,264705,381717,351997,397737,390756,461787,470995,514402,515530,351321,391955,246136,315232,72468,132680,248146,238454,357803,325729,376551,365817,440295,446100,494097,494770,340345,379328,238553,304716,69552,126552,3995226,3760014,521567,498983,809871,762603,279654,534,447
2021-09-11T23:59:59+02:00,36481,34139,275230,264500,381491,351810,397579,390600,461655,470873,514333,515472,351291,391925,246127,315216,72466,132677,247866,238272,357579,325573,376402,365676,440147,445983,494032,494716,340322,379301,238545,304703,69552,126548,3994196,3758931,521477,498853,809869,762583,279052,534,447
2021-09-10T23:59:59+02:00,36165,33820,274174,263526,380556,350939,396716,389808,460868,470214,513782,515028,351091,391729,246040,315105,72448,132648,246973,237577,356763,324842,375622,365055,439460,445472,493545,494339,340162,379146,238464,304599,69530,126517,3989050,3755531,521336,498641,809863,762561,275133,534,447
2021-09-09T23:59:59+02:00,35749,33392,272914,262416,379537,349808,395817,388799,460094,469372,513211,514528,350857,391456,245913,314948,72411,132585,245927,236628,355864,323989,374831,364259,438780,444870,492962,493896,339940,378919,238341,304456,69493,126458,3981192,3749512,521035,498247,809827,762417,272482,527,445
2021-09-08T23:59:59+02:00,35353,32997,271965,261442,378765,348970,395130,388022,459482,468778,512775,514071,350652,391213,245807,314775,72382,132531,245014,235781,355066,323265,374158,363549,438191,444320,492517,493444,339741,378674,238219,304289,69458,126365,3974825,3743886,520814,497932,809776,762286,270421,527,445
2021-09-07T23:59:59+02:00,34986,32670,270965,260527,377955,348202,394492,387359,458958,468266,512336,513681,350462,390997,245710,314607,72348,132462,244153,235011,354279,322594,373530,363007,437698,443825,492077,493060,339539,378461,238127,304150,69429,126310,3968813,3738977,520576,497596,809763,762115,268556,527,445
2021-09-06T23:59:59+02:00,34594,32268,269868,259450,377038,347272,393822,386597,458379,467644,511905,513255,350245,390753,245623,314486,72321,132394,243401,234266,353553,321946,372924,362420,437243,443328,491670,492682,339327,378254,238040,304017,69400,126253,3961738,3734190,520439,497347,809718,761994,266743,527,445
2021-09-05T23:59:59+02:00,34445,32123,269475,259046,376743,346936,393541,386290,458145,467409,511730,513077,350173,390659,245580,314425,72305,132368,242974,233874,353166,321566,372581,362113,436983,443082,491470,492475,339222,378133,237994,303954,69382,126218,3959203,3731564,520345,497072,809691,761862,265955,527,445
2021-09-04T23:59:59+02:00,34387,32086,269321,258921,376625,346812,393418,386189,458071,467327,511679,513030,350162,390641,245574,314413,72305,132367,242815,233730,353009,321408,372437,361996,436893,442982,491405,492427,339200,378113,237986,303942,69382,126217,3958523,3730791,520289,496937,809685,761840,265554,527,445
2021-09-03T23:59:59+02:00,34070,31773,268440,258121,375892,346161,392834,385609,457499,466850,511221,512694,349992,390464,245510,314307,72282,132335,241807,232879,352221,320700,371769,361351,436247,442397,490913,492010,339003,377916,237899,303832,69361,126190,3954212,3726529,519598,495407,809655,761767,263311,527,445
2021-09-02T23:59:59+02:00,33716,31446,267405,257258,375051,345344,392120,384874,456824,466229,510697,512274,349728,390217,245389,314134,72256,132258,240792,232085,351349,319943,371044,360651,435541,441774,490350,491549,338754,377653,237788,303676,69334,126113,3948386,3721368,519316,494927,809619,761447,260617,526,445
2021-09-01T23:59:59+02:00,33391,31081,266564,256428,374309,344675,391591,384327,456352,465750,510317,511933,349550,390024,245300,314018,72232,132198,239707,231035,350498,319101,370367,359953,434936,441167,489828,491064,338523,377390,237653,303513,69305,126058,3942966,3714583,519135,494394,809587,761230,259070,526,442
2021-08-31T23:59:59+02:00,32994,30739,265702,255530,373590,343970,391030,383753,455852,465273,509877,511569,349357,389832,245203,313871,72201,132160,238757,230156,349706,318363,369710,359316,434386,440662,489310,490662,338312,377171,237554,303362,69271,125998,3937502,3709260,518946,494008,809561,760819,257211,526,442
2021-08-30T23:59:59+02:00,32451,30260,264416,254371,372612,343070,390222,382949,455106,464572,509318,511077,349128,389620,245110,313718,72165,132091,237611,229181,348720,317484,368929,358579,433692,440090,488753,490151,338054,376931,237428,303179,69230,125920,3930132,3703280,518830,493564,809515,760567,254491,526,442
2021-08-29T23:59:59+02:00,32265,30072,263852,253870,372143,342660,389842,382616,454811,464285,509089,510856,349030,389510,245061,313653,72155,132066,236900,228552,348116,316941,368432,358110,433268,439715,488444,489891,337908,376778,237367,303102,69210,125894,3927074,3699418,518713,493164,809488,760309,253272,526,442
2021-08-28T23:59:59+02:00,32176,29980,263627,253693,371969,342507,389685,382494,454686,464167,509016,510805,349006,389487,245050,313641,72154,132063,236582,228296,347868,316750,368212,357947,433086,439550,488315,489798,337866,376736,237347,303076,69208,125890,3926049,3697849,518673,493049,809482,760283,252713,526,442
2021-08-27T23:59:59+02:00,31946,29731,262977,253129,371457,341995,389214,382045,454234,463771,508649,510522,348877,389354,244991,313555,72135,132041,235978,227800,347259,316252,367740,357519,432638,439199,488011,489550,337731,376618,237293,303010,69197,125883,3922263,3694644,518604,492835,809419,760222,251046,526,442
2021-08-26T23:59:59+02:00,31569,29345,261974,252153,370616,341181,388465,381306,453554,463099,508105,510040,348645,389095,244868,313437,72106,131980,234509,226455,346044,315075,366639,356531,431767,438408,487345,488979,337451,376301,237129,302839,69167,125838,3916115,3686377,518360,492196,809372,759865,248394,526,441
2021-08-25T23:59:59+02:00,31211,29015,261061,251306,369878,340415,387818,380616,452925,462513,507556,509591,348407,388840,244741,313276,72071,131912,232468,224594,344569,313680,365456,355337,430771,437443,486544,488256,337064,375910,236973,302599,69122,125748,3910482,3674422,518234,491786,809344,759713,245793,525,437
2021-08-24T23:59:59+02:00,30912,28759,260344,250549,369284,339798,387290,380053,452454,462019,507161,509233,348203,388623,244633,313117,72044,131841,231265,223542,343612,312766,364680,354586,430102,436798,485988,487707,336790,375597,236837,302437,69097,125684,3905728,3667278,517947,491335,809325,759410,244017,525,432
2021-08-23T23:59:59+02:00,30394,28232,258963,249243,368260,338885,386465,379269,451675,461339,506515,508670,347925,388342,244495,312928,72017,131782,229790,222231,342304,311704,363728,353737,429241,436046,485285,487138,336484,375265,236698,302247,69071,125624,3898347,3659899,517806,490858,809287,759126,240656,525,432
2021-08-22T23:59:59+02:00,30252,28118,258560,248876,367909,338559,386190,379005,451442,461094,506329,508523,347830,388247,244455,312869,72001,131756,229074,221560,341623,311050,363191,353235,428800,435641,484964,486872,336320,375084,236630,302139,69047,125576,3896154,3655511,517659,490401,809248,758826,239650,525,431
2021-08-21T23:59:59+02:00,30001,27913,258065,248416,367595,338237,385936,378747,451238,460919,506179,508384,347774,388191,244433,312831,71998,131747,228334,220908,341140,310652,362796,352825,428435,435336,484735,486678,336236,375016,236603,302096,69041,125564,3893610,3652551,517518,489197,809241,758770,238931,525,431
2021-08-20T23:59:59+02:00,29810,27716,257404,247759,366860,337618,385262,378221,450645,460426,505707,508064,347630,388033,244378,312735,71981,131712,226535,219298,339743,309465,361682,351871,427482,434535,484018,486128,335994,374766,236501,301977,69016,125534,3890151,3644332,517201,488044,809228,758404,236076,525,431
2021-08-19T23:59:59+02:00,29483,27405,256423,246915,365874,336837,384482,377537,449933,459797,505149,507581,347391,387773,244271,312588,71947,131638,223775,216869,337440,307644,359977,350396,426079,433265,482864,485159,335575,374342,236309,301731,68981,125464,3884689,3629978,516841,486285,809194,757934,232993,524,430
2021-08-18T23:59:59+02:00,29200,27143,255628,246211,365182,336228,383908,376969,449333,459300,504678,507174,347118,387535,244152,312439,71915,131572,221307,214352,335389,305885,358337,348746,424556,431938,481718,484114,335053,373784,236074,301430,68929,125369,3879601,3616718,516666,482341,809170,757554,230940,524,430
2021-08-17T23:59:59+02:00,28884,26868,254845,245498,364569,335555,383350,376423,448852,458824,504250,506757,346918,387327,244035,312310,71888,131520,218559,211605,333320,304055,356649,347282,423122,430663,480596,483121,334560,373242,235837,301135,68875,125292,3874623,3601657,516366,479569,809143,757120,229232,524,429
2021-08-16T23:59:59+02:00,28597,26604,254151,244850,363999,334998,382885,375962,448413,458384,503830,506391,346731,387118,243938,312145,71857,131480,215400,208541,331028,301944,355132,345838,421917,429533,479643,482281,334168,372797,235649,300860,68835,125204,3870210,3584307,516211,478842,809118,756769,227484,524,428
2021-08-15T23:59:59+02:00,28402,26442,253663,244409,363577,334600,382528,375627,448116,458129,503590,506199,346616,387003,243888,312064,71846,131459,211395,204487,329138,300328,353871,344624,420897,428596,478860,481623,333834,372460,235528,300683,68811,125154,3867388,3566727,516071,477931,809082,756445,226307,524,427
2021-08-14T23:59:59+02:00,28335,26385,253420,244210,363346,334424,382354,375477,447960,458000,503473,506092,346567,386971,243870,312041,71843,131454,210324,203386,328324,299567,353155,343950,420404,428138,478471,481301,333694,372331,235490,300626,68802,125137,3866218,3560047,515999,477563,809078,756369,225617,524,427
2021-08-13T23:59:59+02:00,28080,26142,252715,243621,362847,333998,381917,375045,447525,457638,503136,505834,346438,386821,243805,311965,71831,131426,208440,201602,326900,298255,351893,342758,419358,427200,477721,480662,333450,372040,235377,300482,68784,125084,3862405,3548120,515928,476965,809068,756178,224078,519,427
2021-08-12T23:59:59+02:00,27880,25916,251990,242985,362227,333412,381388,374559,446994,457194,502716,505475,346254,386620,243703,311863,71817,131378,205849,199332,324019,295723,349883,340959,417846,425952,476489,479594,332994,371500,235125,300205,68744,124999,3858450,3530716,515740,475759,809031,755153,221843,519,425
2021-08-11T23:59:59+02:00,27647,25666,251258,242296,361607,332837,380864,374079,446533,456770,502308,505049,346027,386379,243586,311727,71789,131326,202808,196352,320837,292789,347715,338886,416346,424549,475205,478304,332450,370856,234875,299795,68693,124869,3853622,3508866,515525,474689,808991,754218,220305,517,424
2021-08-10T23:59:59+02:00,27404,25407,250427,241565,360902,332292,380327,373532,446035,456295,501853,504652,345834,386182,243500,311589,71766,131282,198611,192232,316171,288584,344736,336112,414231,422604,473607,476842,331762,370184,234576,299384,68636,124750,3848547,3478754,515244,473576,808955,753066,218792,517,424
2021-08-09T23:59:59+02:00,27211,25205,249803,240996,360325,331819,379890,373152,445632,455951,501508,504367,345676,386031,243433,311479,71745,131245,194073,187642,310466,283831,341977,333623,412322,420832,471984,475376,331109,369490,234295,299013,68577,124613,3844877,3448388,515065,470787,808923,751972,217297,517,422
2021-08-08T23:59:59+02:00,27043,25050,249321,240591,359933,331466,379541,372861,445330,455695,501267,504173,345569,385924,243370,311399,71728,131212,192725,186273,308841,282496,340668,332463,411450,420078,471419,474861,330848,369221,234167,298844,68552,124563,3842325,3439292,514909,469427,808870,751495,216061,517,422
2021-08-07T23:59:59+02:00,26893,24875,248793,240137,359536,331128,379205,372578,445037,455459,501041,504000,345497,385830,243335,311350,71720,131201,189054,182682,306798,280645,338949,330939,410118,418813,470493,474068,330491,368849,234036,298654,68518,124526,3839466,3419679,514802,468094,808860,751281,215179,517,419
2021-08-06T23:59:59+02:00,26669,24640,247919,239473,358755,330517,378533,371999,444380,454931,500503,503609,345261,385624,243236,311233,71709,131179,185317,179129,303339,277849,336827,329105,408516,417472,469192,473103,330110,368464,233875,298497,68493,124478,3836882,3400392,513440,466364,808848,750186,211692,517,417
2021-08-05T23:59:59+02:00,26348,24315,246741,238540,357859,329649,377716,371272,443641,454255,499836,503071,344975,385323,243119,311057,71668,131115,180839,175184,297961,273457,332715,325552,405709,414976,466933,471311,329438,367757,233609,298124,68432,124366,3830541,3372473,513180,461658,808785,746481,208684,517,416
2021-08-04T23:59:59+02:00,25974,23971,245590,237550,356861,328738,376941,370560,443011,453650,499265,502544,344701,385053,242998,310885,71640,131045,177360,171883,294198,270327,328308,321648,403454,412883,465225,469757,328739,367058,233332,297770,68373,124264,3824042,3345319,512836,459891,808749,744729,206042,509,415
2021-08-03T23:59:59+02:00,25508,23550,244222,236362,355952,327904,376230,369866,442352,452989,498667,502009,344405,384753,242869,310707,71596,130977,173877,168436,290098,266688,323200,317039,400708,410323,462886,467654,327893,366190,232981,297300,68304,124124,3816061,3313208,512675,458015,808708,742654,204165,509,415
2021-08-02T23:59:59+02:00,25190,23243,243166,235397,355103,327147,375534,369265,441782,452444,498140,501558,344143,384479,242750,310552,71570,130918,170239,164840,285403,262729,317324,312084,397956,407771,460645,465660,327122,365356,232681,296900,68240,124005,3809695,3279739,512425,456034,808651,740124,202299,509,412
2021-08-01T23:59:59+02:00,25036,23053,242535,234790,354506,326637,375096,368875,441348,452124,497796,501280,344004,384315,242674,310433,71556,130891,168685,163390,282913,260730,312694,308364,396096,406195,459165,464411,326694,364871,232510,296683,68211,123946,3806028,3261840,512122,453888,808558,737677,200925,509,409
2021-07-31T23:59:59+02:00,24926,22948,242193,234470,354225,326412,374857,368707,441159,451971,497688,501180,343971,384277,242654,310420,71555,130885,164913,159545,280089,258184,310607,306365,394698,404911,458018,463423,326376,364495,232376,296509,68185,123900,3804416,3238917,511933,452950,808553,736886,200279,509,409
2021-07-30T23:59:59+02:00,24638,22688,241396,233754,353649,325879,374368,368241,440696,451567,497327,500887,343833,384136,242609,310341,71542,130869,161172,155777,276689,255071,307578,303544,392467,402792,456170,461837,325867,363962,232163,296216,68151,123841,3800328,3213823,511565,451744,808536,733690,198671,509,409
2021-07-29T23:59:59+02:00,24291,22347,239858,232482,352486,324798,373401,367330,439841,450774,496512,500258,343498,383824,242471,310158,71505,130802,156312,151295,271308,250889,301666,298761,388112,399297,453111,459422,325033,363116,231850,295804,68089,123742,3792741,3179884,510884,446884,808453,728581,195233,508,409
2021-07-28T23:59:59+02:00,23989,22059,238701,231440,351598,323954,372643,366637,439202,450108,495945,499768,343245,383525,242337,309972,71470,130729,152556,147648,266817,247225,297231,294808,384844,396436,451021,457574,324371,362356,231580,295417,68025,123617,3785974,3149158,510344,444961,808373,725940,193307,507,406
2021-07-27T23:59:59+02:00,23717,21833,237691,230462,350754,323210,371943,366044,438616,449492,495416,499309,343002,383219,242203,309777,71434,130630,147531,142521,260891,242080,291925,290043,380823,392733,447838,454757,323383,361252,231214,294910,67934,123459,3779670,3107546,509788,442635,808314,722196,191657,506,405
2021-07-26T23:59:59+02:00,23485,21594,236716,229484,349961,322506,371338,365490,438060,449001,494964,498938,342770,382979,242075,309620,71410,130572,143181,138125,255338,237293,286752,285563,376354,388770,444323,451728,322427,360288,230882,294430,67859,123322,3773983,3068104,509155,440377,808232,717844,190266,505,405
2021-07-25T23:59:59+02:00,23125,21293,235373,228327,349019,321738,370657,364829,437480,448460,494505,498534,342572,382765,241986,309489,71389,130508,141334,136375,252655,235078,284250,283462,374219,386994,442240,449944,321911,359774,230679,294201,67834,123246,3766908,3053120,508774,438183,808166,713491,188872,505,405
2021-07-24T23:59:59+02:00,22876,21095,234442,227466,348297,321086,370079,364301,436951,448021,494144,498256,342454,382667,241943,309427,71386,130497,138435,133576,249918,232755,281684,281244,371960,385134,441001,448956,321560,359437,230534,294022,67815,123212,3762884,3034764,508005,435171,808150,713149,187018,505,405
2021-07-23T23:59:59+02:00,22459,20708,232932,226124,346971,320145,369032,363436,436072,447231,493446,497721,342219,382394,241853,309314,71365,130461,132950,128729,244548,228452,277207,277456,368269,381936,438351,446758,320860,358715,230280,293711,67760,123131,3755407,2999229,507534,433397,808093,711012,183515,505,404
2021-07-22T23:59:59+02:00,21953,20231,230823,224144,345215,318601,367521,362138,434749,446081,492459,496816,341784,381941,241675,309063,71320,130379,128587,124664,238513,223916,270802,272348,361336,376398,432874,442247,319674,357457,229842,293180,67666,122977,3742914,2956925,505944,427403,807962,704691,180733,504,404
2021-07-21T23:59:59+02:00,21444,19712,228931,222320,343513,317071,365896,360560,433168,444687,491232,495645,341230,381414,241425,308777,71266,130282,124824,121088,233052,219669,265270,267820,353195,369465,428257,438503,318553,356304,229380,292613,67585,122798,3731876,2921394,502178,416509,807736,699904,177438,504,401
2021-07-20T23:59:59+02:00,21140,19432,227456,220844,342273,315896,364929,359683,432302,443889,490511,494994,340888,381042,241277,308554,71238,130193,120488,116849,226696,214493,259437,262634,346077,363360,423562,434189,317458,355049,228966,292028,67487,122614,3722522,2877600,501770,409287,807604,695513,175297,504,400
2021-07-19T23:59:59+02:00,20823,19134,225716,219148,340952,314640,363895,358705,431490,443110,489834,494373,340592,380680,241127,308321,71193,130095,117727,114246,222317,210898,254815,258675,342363,360181,420939,432008,316730,354321,228667,291636,67412,122490,3711912,2852530,501346,403906,807512,691188,173709,504,400
2021-07-18T23:59:59+02:00,20669,19002,224415,217873,339332,313205,362826,357781,430672,442387,489293,493829,340357,380394,240998,308141,71171,130033,116228,112860,219663,208716,252454,256578,340110,358330,418902,430314,316241,353832,228506,291419,67391,122423,3702454,2840239,500803,399629,807438,687490,172332,504,397
2021-07-17T23:59:59+02:00,20275,18580,223260,216816,338754,312664,362237,357267,430154,441936,488880,493538,340251,380277,240956,308086,71168,130023,114154,110759,217205,206414,249991,254383,337688,356194,417454,429051,315906,353442,228371,291251,67367,122383,3696884,2822736,500598,396908,807422,686703,170867,501,397
2021-07-16T23:59:59+02:00,19732,18067,220707,214666,337009,311363,360724,355971,428685,440728,487778,492673,339846,379905,240781,307927,71143,129986,111038,107959,212438,202481,245453,250746,333387,352493,414108,426329,314982,352512,228018,290834,67313,122301,3686648,2795049,499840,394550,807260,682889,164587,500,396
2021-07-15T23:59:59+02:00,19089,17440,217918,212234,335096,309651,359128,354526,427344,439535,486834,491817,339446,379477,240578,307669,71101,129881,107127,104745,204072,196233,237961,245137,326777,347256,407035,419884,313241,350698,227471,290164,67241,122101,3671547,2748483,499237,386082,807142,675464,161478,499,396
2021-07-14T23:59:59+02:00,18242,16714,215465,209902,333384,308105,357717,353177,426116,438327,485801,490857,338990,379016,240335,307357,71046,129793,103518,101404,197599,191072,232250,240465,322480,343780,402858,416255,311932,349386,227062,289606,67160,121947,3656555,2714862,498646,380546,807011,668660,158769,498,393
2021-07-13T23:59:59+02:00,17592,16057,213274,207872,331776,306728,356375,351951,424939,437232,484835,489996,338550,378542,240132,307110,71011,129700,99759,97863,191114,185669,225106,234399,315797,337712,394462,408394,310135,347459,226454,288812,67046,121745,3642696,2672038,498084,367866,806848,659188,156677,496,388
2021-07-12T23:59:59+02:00,16569,15124,209988,204686,329712,304993,354792,350480,423693,436026,483848,489090,338130,378067,239951,306877,70971,129623,96666,95138,185830,181371,218125,228718,308960,331674,389362,404115,308402,345593,225859,288077,66947,121575,3624182,2633730,497524,360721,806665,650767,154879,495,387
2021-07-11T23:59:59+02:00,16061,14649,208629,203414,328970,304277,354129,349853,423128,435522,483400,488747,337937,377863,239891,306770,70949,129583,95245,93850,183062,179064,215131,226428,306270,329519,386532,401724,305933,342964,225478,287607,66893,121477,3617936,2618744,496883,358729,806535,640276,153051,490,386
2021-07-10T23:59:59+02:00,15587,14190,206780,201631,327506,303015,352987,348874,422401,434927,482925,488347,337767,377698,239825,306684,70939,129563,93943,92578,180530,176951,212096,223941,303746,327357,385367,400686,305284,342293,225298,287418,66877,121450,3609340,2601930,496244,358498,806297,638524,150393,489,386
2021-07-09T23:59:59+02:00,15264,13911,204874,199786,325896,301562,351915,347912,421496,434214,482352,487870,337561,377475,239728,306563,70923,129529,91153,89852,177000,173724,207749,219790,298721,322754,381924,397704,304185,341066,224995,287049,66840,121385,3600183,2572933,495379,356437,806100,630924,147790,489,385
2021-07-08T23:59:59+02:00,14796,13482,201373,196792,322572,298887,349530,345920,419781,432760,480914,486799,337119,377032,239548,306314,70878,129452,86846,86086,169755,168066,199609,213389,291344,316642,374976,391494,301468,338151,224218,286112,66723,121125,3584783,2526728,491320,347769,805575,620562,142888,488,385
2021-07-07T23:59:59+02:00,14295,13029,197627,192922,319396,296023,347206,343867,418218,431283,479712,485695,336641,376463,239356,306040,70840,129346,83163,82636,162456,162358,190562,206210,283364,310073,367943,384679,298160,334544,223313,285010,66584,120878,3563444,2478747,489952,334333,805186,610571,139989,485,383
2021-07-06T23:59:59+02:00,13835,12657,194182,189538,316132,293284,344721,341571,416495,429716,478442,484554,336139,375905,239157,305748,70787,129260,79587,79054,155775,156843,183145,200000,274423,302115,361451,378586,294960,331296,222426,283918,66475,120646,3543539,2426217,486883,327349,804763,601047,137545,483,383
2021-07-05T23:59:59+02:00,13437,12319,189794,185289,312085,289944,342205,339232,414816,428168,477298,483478,335662,375386,238980,305502,70754,129174,76528,76233,150653,152756,178381,195869,267508,295843,355341,373045,291685,327849,221539,282799,66366,120477,3520670,2387158,485722,322854,804267,590681,133464,481,381
2021-07-04T23:59:59+02:00,13259,12159,185952,181418,309447,287915,340888,338158,413933,427388,476716,482989,335435,375132,238890,305377,70728,129120,74327,74344,147543,150177,176028,193782,265026,293729,352200,370825,288376,324443,220957,282126,66311,120357,3508414,2373100,484430,320558,803694,579153,128963,480,379
2021-07-03T23:59:59+02:00,12064,11104,179518,175417,305183,284454,338558,335983,412115,425579,475501,481929,335035,374686,238715,305130,70704,129077,72546,72769,145119,148299,173590,191700,261965,291003,349917,368968,286624,322461,220689,281764,66279,120308,3482029,2357374,483024,320358,803508,574663,122775,480,379
2021-07-02T23:59:59+02:00,10966,10010,175803,171956,302769,282255,336810,334275,410860,424387,474725,481240,334774,374371,238600,304949,70676,129029,69849,70085,141196,145011,169157,187659,255909,285560,344695,364261,283370,318734,220048,280993,66231,120224,3463915,2324175,481542,317572,803320,562073,120256,479,359
2021-07-01T23:59:59+02:00,9870,9079,172134,168517,298726,278963,334314,332003,409060,422807,473623,480276,334354,373908,238399,304677,70629,128950,64967,65366,134884,139682,161873,181148,245653,276700,333895,354474,278583,313457,218195,278738,66052,119911,3441345,2267850,479443,305221,802970,544336,117106,479,355
2021-06-30T23:59:59+02:00,9380,8686,168864,165438,293105,274332,330640,328661,407287,421265,472595,479306,333929,373424,238208,304377,70595,128861,61836,62523,129245,134998,155229,175143,235605,267552,320487,341195,273369,307904,216302,276415,65884,119591,3416224,2212838,477275,292403,802674,525470,113350,478,354
2021-06-29T23:59:59+02:00,8844,8162,165068,161664,288563,270070,327077,325359,405183,419181,471049,477890,333338,372782,237955,304021,70540,128752,59048,59532,124298,130593,149210,169619,223751,256862,311934,332837,266906,300711,214331,273959,65681,119244,3388694,2153609,475278,287744,802344,508063,109746,477,351
2021-06-28T23:59:59+02:00,8439,7782,161748,158206,283530,265752,323766,322502,403040,417251,469558,476576,332817,372168,237721,303709,70496,128658,56776,57187,120402,127085,144865,165535,214522,248449,306143,327433,261952,295408,212566,271722,65534,118976,3364753,2117899,471294,279130,801685,491518,106539,477,348
2021-06-27T23:59:59+02:00,8291,7659,160242,156682,281424,263943,321961,320964,401342,415889,468660,475860,332524,371875,237618,303547,70477,128609,55578,56078,118281,125372,142300,163407,210415,245064,302781,324577,258144,291404,210108,268809,65423,118788,3354738,2102453,469214,275647,800632,475375,103535,477,348
2021-06-26T23:59:59+02:00,7136,6562,156976,153337,279315,262059,319545,318728,400151,414737,467960,475159,332255,371592,237511,303389,70453,128579,55028,55493,116948,124222,140877,162171,208168,243060,300251,322164,256609,289744,209775,268399,65396,118718,3335596,2085667,466393,275559,800627,472877,103402,447,322
2021-06-25T23:59:59+02:00,5913,5446,152663,149053,275920,259098,317483,316760,398837,413489,466958,474334,331966,371258,237383,303233,70425,128529,53741,53867,114474,121526,136796,157604,199406,234607,294566,316292,254884,287623,209185,267597,65325,118600,3310613,2043173,464960,273867,800570,466296,103177,447,322
2021-06-24T23:59:59+02:00,5059,4659,148214,144919,271101,255154,313205,312979,396647,411616,465579,473199,331542,370792,237214,302995,70391,128442,51096,51276,109362,116812,129475,150969,187365,224155,283144,306059,249502,281782,207349,265252,65122,118200,3279416,1981137,462956,262105,800399,452531,101503,446,321
2021-06-23T23:59:59+02:00,4838,4452,145047,141803,267402,251995,307957,308171,394147,409269,464169,471879,331015,370168,236984,302682,70343,128335,49154,49194,105566,112901,123807,145295,177475,215491,271177,294075,244891,276971,206015,263551,64961,117840,3251831,1924847,459426,252250,800237,441828,99727,444,320
2021-06-22T23:59:59+02:00,4588,4222,141970,138672,263688,248617,301831,302736,391508,406708,462624,470394,330467,369560,236764,302329,70295,128228,47465,47452,101960,109597,119013,140719,164887,204348,260272,283779,240825,272500,204094,261140,64709,117369,3219756,1866509,457497,244535,800047,430861,98456,442,313
2021-06-21T23:59:59+02:00,4329,3977,138703,135727,258984,244719,296581,297863,388465,403837,461150,469038,329949,368999,236538,302012,70254,128115,46231,46223,99577,107379,116275,138013,158667,198578,253387,277135,235463,266663,200157,256620,64522,116992,3188015,1835520,455453,239017,799830,411065,96490,441,313
2021-06-20T23:59:59+02:00,4185,3859,137196,134221,254748,241236,294003,295623,387071,402522,460358,468293,329724,368716,236426,301879,70234,128053,45109,45305,97321,105593,114006,136029,155638,196043,249082,273067,232461,263134,199170,255366,64441,116866,3170570,1815215,453688,235466,799674,403198,94956,441,305
2021-06-19T23:59:59+02:00,3768,3508,135047,132121,251994,238911,292222,293974,385230,400953,459516,467564,329501,368463,236322,301739,70213,128021,44571,44658,96050,104335,112536,134565,154135,194607,245864,270050,231744,262287,198999,255103,64419,116813,3154214,1799270,450867,233887,799664,402919,94856,441,304
2021-06-18T23:59:59+02:00,2818,2594,131765,128979,248469,235864,288205,290562,382830,398826,458178,466403,329125,368062,236167,301503,70186,127972,43784,43742,94469,102553,110247,131895,150583,190572,239001,262771,230022,260283,198514,254464,64344,116679,3128400,1769963,446427,233356,799635,396212,94579,440,304
2021-06-17T23:59:59+02:00,2584,2371,128032,125671,242414,231404,282961,286130,378000,394800,455831,464558,328525,367337,235922,301144,70121,127858,41542,41915,90416,99077,105352,127148,142718,182894,227606,251385,224818,254351,196863,252306,64084,116260,3093341,1714296,443442,229214,799373,385299,90111,365,296
2021-06-16T23:59:59+02:00,2313,2137,124796,122260,237514,227060,278260,281858,372824,390298,453229,462413,327776,366533,235631,300730,70055,127744,39712,40317,86877,96049,101003,123322,134488,175554,215503,239475,218593,247247,194942,249980,63832,115772,3059779,1654533,437900,223611,798857,377205,87495,363,295
2021-06-15T23:59:59+02:00,1926,1804,119877,117390,231531,221910,272906,276863,367757,385660,450373,459991,326903,365556,235278,300215,69973,127559,38092,38708,83556,93003,97036,119269,127438,169181,203152,227449,212566,240457,192980,247550,63521,115202,3015022,1597255,435972,217772,798285,369526,84779,363,292
2021-06-14T23:59:59+02:00,1664,1529,115812,113224,226294,216994,267537,271884,362463,380904,447254,457392,326118,364697,234965,299826,69911,127439,37112,37819,81273,90913,94325,116750,123329,165433,196550,220948,209449,236941,191844,246077,63302,114812,2972819,1567660,433617,215496,798024,361857,82026,361,291
2021-06-13T23:59:59+02:00,1590,1444,114315,111846,223846,214889,264993,269622,360205,378944,446081,456363,325842,364390,234829,299653,69879,127364,36247,37084,79412,89236,92313,114929,120499,162825,192677,217241,206363,233505,190813,244706,63070,114401,2957814,1553653,431173,208227,797717,353630,79966,361,289
2021-06-12T23:59:59+02:00,1439,1307,111663,109101,221952,213158,263609,268347,358769,377544,445183,455594,325555,364080,234737,299550,69861,127336,35878,36680,78426,88142,91062,113634,118921,161266,189115,213939,205324,232377,189411,243047,63060,114369,2941636,1540501,430194,208218,797694,346245,79835,360,288
2021-06-11T23:59:59+02:00,1291,1171,109121,106585,219057,210534,259941,265154,355633,374809,443465,454117,325117,363629,234600,299342,69834,127281,35201,35568,76419,84765,88829,110101,114816,156116,182418,206485,203222,230007,188807,242277,62998,114270,2917204,1513005,427396,207521,797507,332774,79143,359,287
2021-06-10T23:59:59+02:00,1128,1017,104355,102175,212978,205767,252881,259326,349534,369508,438958,450341,324254,362655,234277,298893,69750,127128,33619,34083,72416,80589,83906,104600,108142,147902,170075,192833,197147,223119,187076,240136,62745,113866,2873537,1465884,420283,205776,796654,305732,75000,357,282
2021-06-09T23:59:59+02:00,980,886,100432,98464,207004,201027,246060,253605,342870,363554,435277,447310,323573,361905,234005,298510,69685,126995,32086,32825,69184,77940,80206,101431,103417,143621,158925,182074,186521,211127,185214,237890,62471,113371,2834482,1411844,411739,201797,796137,294453,70345,334,277
2021-06-08T23:59:59+02:00,797,705,95900,93914,200369,195460,239098,247588,334615,356274,430164,442630,322730,360893,233630,298022,69604,126858,31011,31966,66596,75640,76922,98704,98839,139701,151328,174585,177810,201415,183406,235643,62237,113004,2782459,1372658,405970,196877,795543,283584,65824,334,265
2021-06-07T23:59:59+02:00,639,563,92682,90811,194303,190753,232534,242343,326777,350093,427113,440172,322180,360256,233412,297694,69550,126762,30142,31120,64132,73682,73968,96546,95071,136763,143240,166791,173761,196794,181974,233829,62014,112621,2743430,1345537,399800,193580,794951,272465,60993,332,264
2021-06-06T23:59:59+02:00,601,527,91107,89494,191015,188204,229179,239566,322490,346689,425673,439087,321908,359960,233304,297536,69526,126715,29540,30564,62360,72001,71887,94534,91877,133695,137545,160994,171221,194160,180864,232427,61783,112241,2727998,1333675,392402,183884,794466,262012,58244,330,263
2021-06-05T23:59:59+02:00,521,447,89163,87477,186142,183984,226713,237432,320672,345063,424673,438169,321622,359641,233156,297368,69512,126683,29084,29808,61158,70050,70490,92385,90201,131424,132787,155663,168214,190490,180378,231768,61749,112175,2704505,1310049,392270,183417,794327,256611,57860,329,262
2021-06-04T23:59:59+02:00,421,362,86809,84947,182477,180375,222705,233483,317078,341423,422308,435974,321164,359104,232959,297138,69474,126619,28616,29136,60038,68397,69208,90304,88408,128807,129417,152003,163979,185720,179385,230501,61701,112088,2675238,1291210,388445,182642,794206,246523,57444,329,261
2021-06-03T23:59:59+02:00,328,288,83514,81874,176742,175702,215438,227384,309360,334719,414546,429111,320127,357918,232588,296684,69418,126485,27725,28123,58145,66204,66812,87555,84772,124690,122653,145330,157625,178108,177811,228472,61588,111852,2626245,1261988,378193,177314,793778,233763,54507,327,255
2021-06-02T23:59:59+02:00,277,229,81433,79704,172657,171976,211791,224225,305774,331369,412498,427275,319718,357461,232434,296476,69390,126434,27258,27644,57017,65087,65215,86281,82711,122748,117676,140441,149737,169134,177090,227516,61503,111682,2597442,1229748,376807,175343,793749,230142,53611,324,248
2021-06-01T23:59:59+02:00,178,161,77164,75876,164364,165405,202415,216473,296667,323480,404287,419430,318201,355841,231890,295731,69275,126203,25707,26228,52705,62131,60372,82989,77287,118241,110243,133221,138630,155722,174987,224783,61295,111258,2538654,1179595,365147,171230,792981,218340,46727,322,243
2021-05-31T23:59:59+02:00,156,144,74415,73390,158692,161083,195096,210492,289271,317094,398534,414460,317198,354727,231500,295204,69185,126032,24792,25168,50076,59908,57201,80446,73682,114961,105736,128771,134477,150811,173615,223058,61125,110926,2498179,1157157,355748,168890,792334,207923,40868,321,241
2021-05-30T23:59:59+02:00,144,136,73350,72304,156198,159026,192449,208095,286454,314525,396612,412701,316831,354300,231339,294960,69147,125951,24188,24379,48484,58178,55459,78590,71451,112391,103072,125902,132317,148285,172821,222120,61031,110715,2482057,1147379,353227,167579,791697,196516,37993,320,237
2021-05-29T23:59:59+02:00,141,134,72740,71711,154687,157624,190148,206064,284614,312937,395773,411928,316610,354055,231259,294880,69136,125932,23865,23854,47563,56680,54118,76712,69525,109541,100753,123100,129511,144860,172169,221212,61004,110663,2468156,1133758,353065,167513,791630,185969,37972,320,236
2021-05-28T23:59:59+02:00,137,131,71649,70595,152292,155363,186485,202522,281343,309800,393913,410158,316197,353551,231110,294664,69117,125875,23334,22851,45956,54554,52288,74147,67480,105578,96423,117200,125131,139802,171194,219903,60957,110549,2444319,1111124,352013,167300,791418,171409,37593,319,233
2021-05-27T23:59:59+02:00,126,121,68333,67577,145803,150422,178290,196265,274945,304634,387592,404469,314927,352094,230643,294130,69045,125690,22011,21164,42700,51504,48406,70325,62925,99560,90060,109682,121196,135175,168395,216200,60784,110234,2399692,1082669,344383,164557,789592,151304,31865,319,227
2021-05-26T23:59:59+02:00,122,118,66174,65398,140844,146336,172185,191193,268190,298961,380843,397765,313403,350481,230151,293426,68942,125477,21267,20247,40876,49364,46051,67591,59885,95764,85461,104559,116208,129449,164602,210862,60574,109806,2362348,1050723,331177,162979,787766,139805,29131,318,226
2021-05-25T23:59:59+02:00,121,111,64142,63405,136635,142844,167125,186899,261120,292678,375417,392373,312104,349051,229736,292774,68858,125299,20688,19582,39474,47845,44215,65575,57406,92761,81374,100180,111268,123759,159064,203615,60402,109499,2324726,1019172,323660,159554,785221,130562,27494,314,220
2021-05-24T23:59:59+02:00,118,109,62898,62190,133878,140735,163841,184485,254163,286687,370483,387689,311273,348130,229449,292386,68786,125169,20346,19175,38454,46770,42868,64086,55728,90746,79139,97667,109840,122102,158455,202823,60289,109297,2300971,1009801,312538,158250,783416,123866,25946,314,216
2021-05-23T23:59:59+02:00,113,109,62400,61674,132778,139839,162645,183450,252919,285666,368896,386258,310653,347470,229276,292158,68766,125133,20114,18988,37903,46214,42111,63383,54562,89747,77650,96302,108663,120704,157477,201602,60218,109155,2289463,1001613,311950,155169,783372,122270,25818,314,214
2021-05-22T23:59:59+02:00,110,107,61704,61053,131289,138767,160269,181826,249948,283378,366416,384033,310121,346876,229099,291892,68739,125083,19795,18568,37292,45612,41470,62851,53906,89020,76879,95156,107113,118900,156704,200633,60191,109101,2271485,994907,311935,155165,783330,118838,24354,314,214
2021-05-21T23:59:59+02:00,106,103,60373,59610,128377,136168,156978,178503,244707,278612,360317,378344,309187,345781,228803,291494,68678,124975,19434,18201,36677,44842,40818,61797,52952,87625,75155,92851,103870,114948,155564,199182,60099,108926,2235391,981873,310292,154838,781752,112234,24070,311,212
2021-05-20T23:59:59+02:00,98,101,57320,56814,122632,131287,150039,172185,234384,269853,351281,370054,306645,343031,228035,290481,68546,124755,18136,17264,34495,42595,38363,58894,50134,83848,71219,88349,99743,110296,153101,196167,59917,108570,2177340,962555,303626,152887,775783,94547,21168,303,212
2021-05-19T23:59:59+02:00,97,99,55105,54618,117623,126604,142861,165565,223838,260492,340721,359141,303996,340158,227285,289427,68395,124478,17555,16476,33269,41006,36954,56832,48121,81065,67976,84767,95856,105814,149474,191438,59655,108079,2111362,939134,297370,150905,772791,85034,19337,302,198
2021-05-18T23:59:59+02:00,92,94,53006,52655,112833,122343,136478,159990,212261,250116,330834,349341,301322,337187,226400,288223,68243,124224,17036,15870,32055,39542,35598,55036,46311,78653,65084,81537,91850,101280,146277,187376,59442,107644,2051451,918885,287996,148046,769191,76374,17353,297,198
2021-05-17T23:59:59+02:00,89,91,51972,51662,110497,120285,133659,157333,205733,244094,323254,342252,299526,335213,225809,287399,68136,124011,16580,15421,31003,38495,34426,53745,44829,76850,62819,79140,87009,95412,144813,185489,59291,107329,2024629,907175,275682,140574,765760,69679,15288,295,195
2021-05-16T23:59:59+02:00,88,88,51184,51005,109053,118959,131917,155668,202759,241410,315817,335294,298506,334081,225499,286912,68084,123913,16296,15046,30253,37713,33552,52824,43761,75537,61485,77665,83589,91333,144021,184410,59204,107189,2009287,901086,265246,133792,762511,65531,13533,293,191
2021-05-15T23:59:59+02:00,88,88,50645,50372,108054,117971,130904,154556,200823,239475,312245,332084,297884,333394,225303,286641,68064,123849,16156,14882,29999,37406,33267,52393,43273,74890,60633,76683,82992,90516,143505,183742,59168,107142,1993088,895845,265227,133645,761640,64400,12822,291,190
2021-05-14T23:59:59+02:00,87,88,49384,48947,105797,115871,127312,151102,192613,232403,305927,326198,296904,332255,225018,286192,68017,123754,15658,14452,29213,36586,32497,51201,42194,73106,59068,74728,81087,88029,142891,182755,59128,107056,1955813,886192,263526,132771,757080,58974,11775,289,189
2021-05-13T23:59:59+02:00,83,87,47463,46999,101952,112640,122603,146990,182584,223818,295311,316376,293933,328828,224207,285050,67917,123547,14793,14005,28357,35889,31735,50298,41247,72010,57558,73162,77306,83674,140125,179145,59018,106840,1904187,873635,254913,125714,750842,55115,10758,285,186
2021-05-12T23:59:59+02:00,81,85,46549,46292,100033,111210,120540,145331,180036,221709,290576,311048,292768,327560,223967,284729,67879,123462,14628,13855,28037,35670,31333,50008,40800,71636,57017,72595,75961,82046,139346,178011,58932,106680,1881109,867893,252748,123919,750353,54844,9958,279,185
2021-05-11T23:59:59+02:00,77,79,44300,44815,96004,108131,114734,140601,166663,210433,278926,300287,289366,323649,223010,283324,67729,123162,14200,13287,27027,34242,30199,48200,39494,69357,55297,70328,72870,78457,137990,176175,58773,106321,1822234,855598,243043,121225,741837,46971,8480,275,182
2021-05-10T23:59:59+02:00,76,75,43048,43840,93401,106122,111472,137966,158275,203404,271047,293179,287187,321199,222436,282461,67605,122920,13857,12843,26264,33256,29403,46940,38497,67498,54068,68596,70782,75900,136843,174665,58653,106032,1786663,846725,236996,120172,734851,39759,7504,271,174
2021-05-09T23:59:59+02:00,75,75,41925,43068,90717,104366,108806,136197,153265,199983,265520,288230,285947,319814,222059,281932,67539,122774,13542,12625,25569,32586,28667,46136,37701,66536,53130,67648,69550,74498,136245,173830,58598,105901,1767332,842142,229893,119191,728852,34976,6514,266,172
2021-05-08T23:59:59+02:00,74,75,41634,42765,89872,103634,107711,135340,151816,198768,262960,286165,285446,319272,221940,281753,67523,122742,13440,12564,25440,32493,28522,46007,37512,66341,52790,67330,68583,73573,135175,172466,58551,105808,1755292,837527,229382,118444,728627,34198,6501,247,156
2021-05-07T23:59:59+02:00,72,74,40709,42047,87938,102296,104884,133128,147191,194960,256705,280656,284107,317671,221592,281295,67470,122619,12693,12081,24614,31755,27756,44944,36648,65078,51602,65816,66334,70888,132949,169643,58461,105630,1729504,827854,226171,116173,724500,27394,5546,244,153
2021-05-06T23:59:59+02:00,68,73,38061,40322,83184,98839,98890,128370,137000,186444,240246,266236,278979,311874,220307,279606,67295,122302,12005,11564,23672,30648,26758,43594,35290,63074,49863,63838,63842,67761,130836,166878,58346,105412,1663911,816753,216254,113059,713595,19012,4631,232,152
2021-05-05T23:59:59+02:00,66,70,36173,39124,79522,96251,94285,124722,129172,179909,225480,252188,272791,304727,218731,277612,67049,121779,11770,11289,23132,29922,26155,42671,34364,61674,48709,62424,61228,64650,127891,163178,58248,105161,1597664,804469,211176,109489,707542,15028,3556,232,148
2021-05-04T23:59:59+02:00,66,68,35068,38016,76797,93928,90778,121679,123605,175173,214852,241904,267295,298277,217288,275767,66840,121310,11608,11085,22726,29381,25696,41895,33644,60584,47598,61148,58509,61469,125522,160244,58098,104925,1548578,792578,206055,106851,701459,11878,2902,230,146
2021-05-03T23:59:59+02:00,65,66,34198,36961,74504,92109,87901,119325,119163,171525,208186,235895,264012,294403,216485,274676,66719,121014,11361,10812,22332,28802,25212,41194,32957,59617,46575,60006,55724,58129,121745,155345,57841,104488,1516778,776724,202943,105136,696518,9116,1242,229,143
2021-05-02T23:59:59+02:00,65,66,33846,36642,73328,91206,86430,118231,116735,169658,205083,233381,263051,293312,216196,274261,66650,120905,11289,10740,22142,28589,24982,40906,32614,59210,46121,59530,54532,56665,118678,151659,57757,104357,1506157,771697,200144,99571,692642,8211,372,228,139
2021-05-01T23:59:59+02:00,64,66,33527,36268,72566,90412,85356,117190,115264,168294,201994,230349,262361,292487,215986,273981,66639,120866,11275,10724,22089,28559,24922,40868,32552,59153,46037,59454,54290,56373,118519,151463,57748,104340,1491055,770387,200137,99531,692376,8162,366,227,139
2021-04-30T23:59:59+02:00,61,64,32983,35668,71356,89189,83895,115458,111483,164725,194592,223226,260366,290118,215538,273372,66579,120760,10953,10528,21727,28280,24645,40443,32227,58589,45574,58819,53393,55208,117567,150276,57693,104220,1458140,766706,199811,97539,691576,5814,167,224,135
2021-04-29T23:59:59+02:00,59,62,31483,34720,68431,87160,80257,112855,106367,160612,181772,211675,252429,281012,214340,271739,66444,120414,10647,10314,21250,27832,24214,39943,31640,57846,44764,57885,51557,53013,115718,148038,57593,104025,1403216,757866,192531,94855,686201,3495,146,215,133
2021-04-28T23:59:59+02:00,58,60,30246,34108,66561,85848,77775,111033,102937,157756,172079,202504,241569,268409,213060,270053,66247,120087,10462,10155,20951,27479,23850,39473,31216,57189,44037,57058,49431,50395,113135,144802,57468,103812,1350553,748310,189163,90302,680822,2269,116,208,129
2021-04-27T23:59:59+02:00,55,59,29486,33424,64984,84384,75764,109224,100178,155355,167352,197776,233066,258598,211910,268437,66127,119864,10337,10044,20670,27190,23614,39139,30855,56692,43352,56366,47426,47850,110495,141369,57351,103612,1316511,738501,186855,86287,672825,1547,115,201,124
2021-04-26T23:59:59+02:00,54,59,29057,33039,63882,83501,74263,108058,97893,153641,158727,189758,228876,253754,211200,267440,66034,119664,10242,9954,20453,27002,23377,38921,30558,56352,42732,55788,45619,45699,108600,138884,57255,103458,1287545,730523,185410,83183,666095,1166,110,197,122
2021-04-25T23:59:59+02:00,54,58,28805,32799,63107,82978,73200,107322,96164,152412,153339,184884,224537,248869,210610,266660,65967,119541,10187,9920,20375,26925,23291,38839,30447,56226,42572,55629,45207,45203,107919,137977,57227,103387,1274778,728861,179265,81419,657412,1035,107,196,119
2021-04-24T23:59:59+02:00,54,57,28463,32373,62167,81755,72013,105876,94616,150754,148435,179737,221749,245536,210140,265986,65933,119491,10172,9902,20334,26883,23238,38773,30366,56140,42423,55492,44962,44894,107669,137682,57206,103359,1249914,727773,179236,80718,656129,991,106,196,116
2021-04-23T23:59:59+02:00,52,57,27717,31749,60596,80244,70222,103856,92019,148110,143654,175340,217195,239990,209484,264997,65870,119376,10119,9838,20225,26797,23108,38622,30131,55930,42059,55159,44344,44136,106606,136396,57050,103084,1225034,724420,178053,78237,647580,939,105,193,111
2021-04-22T23:59:59+02:00,50,56,27102,31148,59059,78807,67756,101638,87895,144618,135610,167849,208153,228980,207441,262364,65671,118977,9994,9742,19975,26499,22753,38188,29615,55416,41302,54519,43175,42812,104613,133947,56821,102686,1183480,716941,170599,74294,639234,815,105,188,109
2021-04-21T23:59:59+02:00,50,54,26609,30626,57732,77703,65872,100005,84852,141978,128417,161028,195073,213630,205290,259475,65445,118550,9863,9656,19744,26251,22466,37863,29261,54966,40747,53987,42327,41793,102424,131162,56566,102275,1131964,710390,167714,70211,632852,743,105,181,108
2021-04-20T23:59:59+02:00,49,53,26184,30155,56571,76558,64196,98424,82303,139402,123332,155959,183592,200167,202860,256335,65206,118119,9760,9565,19525,26063,22173,37594,28850,54553,40207,53454,41510,40860,100205,128173,56227,101738,1089301,702839,164227,66958,626078,663,103,179,100
2021-04-19T23:59:59+02:00,49,52,25817,29798,55599,75736,62909,97245,80176,137474,119809,152572,177838,193322,201149,254095,65020,117785,9650,9472,19293,25843,21928,37320,28534,54160,39694,52924,40713,39948,97104,124205,55822,101025,1064724,692482,162395,64533,619470,624,102,173,100
2021-04-18T23:59:59+02:00,48,47,25509,29538,54829,75191,61784,96296,78317,136044,116444,150176,172728,187764,200137,252862,64908,117591,9576,9397,19104,25669,21751,37153,28316,53878,39434,52671,40383,39558,95888,122658,55639,100725,1050722,688596,160725,62599,608904,609,102,171,99
2021-04-17T23:59:59+02:00,47,46,25400,29446,54457,74995,61268,95942,77662,135444,115598,149434,168474,182875,199602,252136,64874,117526,9531,9338,18966,25482,21562,36923,28089,53602,39169,52402,40082,39236,95124,121731,55574,100641,1039832,684575,160697,62284,604834,597,102,171,99
2021-04-16T23:59:59+02:00,47,46,25026,29198,53467,74385,59980,95062,76036,134112,111445,145286,160822,174095,197945,249930,64765,117317,9323,9163,18571,25051,20981,36347,26976,52697,37142,50797,36758,36296,91929,118202,55171,99986,1013895,669474,159904,55358,595300,562,102,170,97
2021-04-15T23:59:59+02:00,43,42,24549,28745,52209,73216,58015,93332,72762,131266,105973,139995,152946,165108,193287,244054,64467,116697,9149,9000,18202,24626,20488,35686,26296,51900,35748,49565,34642,34248,88812,114464,54663,99128,981644,656353,157847,49761,577348,510,101,168,94
2021-04-14T23:59:59+02:00,41,38,24209,28420,51272,72275,56674,91939,70373,129102,101975,136222,143739,154715,185545,234163,64124,116029,8741,8726,17727,24118,19951,35041,25381,51021,34457,48442,32594,32088,85827,110815,54172,98266,943749,641442,155172,45523,562068,411,100,163,93
2021-04-13T23:59:59+02:00,41,38,23972,28203,50572,71738,55729,91110,68737,127689,98242,132782,131896,141583,179145,225826,63786,115440,8506,8554,17381,23711,19530,34500,24713,50226,33389,47423,31207,30723,83670,108432,53815,97722,910454,632098,150650,41126,545558,288,100,161,91
2021-04-12T23:59:59+02:00,40,37,23763,28014,50016,71224,54862,90377,67267,126399,95609,130454,124774,133539,175913,221871,63514,114949,8269,8367,17017,23413,19159,34064,24240,49689,32721,46797,29676,29181,82006,106489,53489,97201,894020,623647,149104,37867,529632,274,98,158,89
2021-04-11T23:59:59+02:00,39,37,23588,27852,49490,70800,54130,89920,66120,125594,93747,128973,119279,127518,171992,217262,63344,114651,8135,8232,16720,23133,18841,33754,23881,49308,32272,46409,29038,28512,80985,105240,53280,96881,886535,618343,144689,36038,513250,256,93,156,86
2021-04-10T23:59:59+02:00,39,37,23527,27794,49323,70663,53930,89761,65790,125324,93221,128536,117194,124989,170551,215411,63302,114551,7546,7626,15829,22344,17877,32909,22757,48270,31161,45410,28374,27798,78890,102629,53013,96445,879534,602987,143832,35656,510718,251,88,156,86
2021-04-09T23:59:59+02:00,38,37,23279,27544,48821,70172,53289,89076,64791,124200,91393,126624,108352,114034,167162,211002,63103,114193,6586,6725,14296,21015,16144,31340,20610,46299,28942,43394,26586,25971,75384,98448,52467,95605,860096,575450,136766,34141,500395,239,80,149,80
2021-04-08T23:59:59+02:00,38,37,22982,27298,48241,69681,52531,88371,63480,123113,88967,124454,98028,102019,161602,204128,62762,113610,5940,6132,13107,19995,14882,29997,18969,44574,26433,41050,23553,22989,70722,92664,51322,93855,841346,543800,127845,32197,482308,209,70,147,80
2021-04-07T23:59:59+02:00,36,36,22669,27073,47437,69224,51604,87757,62089,122128,85821,122005,88831,91705,154589,195332,62468,113048,5560,5807,12444,19321,14063,29168,17924,43522,24518,39150,21012,20461,66761,87890,50326,92239,820914,520298,122244,29713,460857,180,63,143,78
2021-04-06T23:59:59+02:00,35,36,22456,26912,46907,68843,51013,87233,61056,121351,83706,120257,81064,82891,148223,187364,62125,112419,5366,5648,12091,18964,13710,28735,17387,42957,23652,38339,19882,19429,63598,83791,49402,90856,801626,506910,119027,26762,443403,168,58,139,75
2021-04-05T23:59:59+02:00,35,35,22357,26786,46594,68496,50626,86831,60508,120660,82520,119102,76580,77790,143209,181254,61924,112103,5226,5509,11828,18712,13416,28423,17064,42583,23207,37878,19419,18958,60711,80234,48703,89789,792168,497563,117272,23968,428135,163,55,137,75
2021-04-04T23:59:59+02:00,35,35,22309,26727,46473,68228,50456,86516,60226,120157,82010,118470,75134,76081,142503,180280,61887,112021,5222,5502,11810,18699,13404,28407,17045,42566,23109,37806,19012,18635,59273,78386,48496,89478,789624,492767,117164,23966,422932,156,51,134,73
2021-04-03T23:59:59+02:00,35,35,22247,26646,46350,68119,50292,86341,59909,119845,81441,117889,73787,74445,141385,178743,61804,111872,5213,5493,11797,18681,13381,28387,17011,42519,23003,37732,18875,18484,58922,77824,48407,89331,783252,490978,117122,23966,420983,156,50,133,73
2021-04-02T23:59:59+02:00,35,35,22169,26561,46190,67953,50073,86092,59439,119394,80562,117074,72231,72557,139103,175756,61607,111512,5194,5455,11749,18638,13325,28304,16922,42370,22728,37254,18516,18119,56576,74932,47591,88225,774119,482476,115347,23310,419053,156,46,130,71
2021-04-01T23:59:59+02:00,32,33,21974,26357,45772,67432,49425,85348,58562,118451,78671,115397,68957,69120,135004,170559,61281,110929,5047,5311,11477,18372,13102,28068,16599,42060,22222,36810,17694,17372,51719,68891,45911,85766,762407,464389,109235,21937,411841,143,41,127,70
2021-03-31T23:59:59+02:00,32,33,21647,26139,45370,66907,48926,84697,57826,117511,77508,114153,66907,66796,130236,164435,60876,110198,4969,5260,11378,18251,12941,27917,16358,41789,21627,36297,16562,16467,46495,62462,44527,83780,752606,446008,102062,20990,405714,140,36,124,64
2021-03-30T23:59:59+02:00,32,32,21469,25916,44969,66288,48418,83898,57114,116458,76368,112773,65061,64768,125846,158676,60408,109297,4902,5175,11273,18125,12749,27727,16030,41464,21050,35747,15729,15664,43729,59045,43408,81978,742395,434119,97825,19625,397763,111,32,119,63
2021-03-29T23:59:59+02:00,31,32,21271,25678,44508,65738,47941,83205,56377,115376,75136,111337,62570,62012,119088,150024,59636,107901,4805,5102,11168,18011,12595,27561,15783,41141,20593,35278,15077,15123,41141,56058,42300,80156,721815,422912,94392,18946,391847,96,30,118,62
2021-03-28T23:59:59+02:00,31,32,21064,25386,44008,65050,47424,82463,55696,114368,74193,110230,61307,60576,114373,144038,59193,107142,4750,5043,11023,17864,12336,27261,15591,40894,20425,35045,14837,14879,40059,54636,41951,79617,715267,418586,87068,17616,384432,74,30,117,59
2021-03-27T23:59:59+01:00,31,32,20944,25229,43716,64684,47056,81934,55195,113678,73518,109491,60147,59489,112886,142322,59126,107060,4737,5031,10996,17845,12318,27231,15230,40465,20025,34609,14544,14667,39572,53947,41476,78799,709973,414527,86365,16961,380390,69,30,117,59
2021-03-26T23:59:59+01:00,31,31,20691,24716,42910,62975,46084,79905,53853,110645,71498,105862,58123,57597,110128,139074,58797,106541,4718,4998,10972,17793,12248,27138,15152,40355,19684,34013,14073,14015,36498,50105,39418,75551,698537,399998,83043,16742,368070,56,27,116,59
2021-03-25T23:59:59+01:00,31,28,20259,24043,42036,61205,44986,77350,52337,107110,69102,102088,55524,54956,106815,135099,58226,105546,4672,4942,10881,17690,12126,26992,14968,40134,19407,33706,13596,13524,32641,45049,36418,71010,687089,381626,78845,16143,350998,51,24,114,59
2021-03-24T23:59:59+01:00,31,28,19854,23594,41251,59934,43967,75809,50956,105179,66998,99753,52730,52035,102555,129992,57586,104468,4617,4876,10788,17547,11958,26789,14736,39850,19039,33287,13137,13070,30068,41836,33299,66171,674259,366052,73955,15042,338702,44,19,112,58
2021-03-23T23:59:59+01:00,31,28,19606,23292,40692,59017,43240,74713,49919,103662,65326,97889,50425,49679,99793,126776,57024,103625,4557,4805,10689,17421,11811,26605,14490,39537,18619,32899,12634,12564,27629,38736,29624,60271,666107,348464,70597,14453,328232,43,18,108,58
2021-03-22T23:59:59+01:00,31,28,19382,22877,40051,58134,42575,73672,48972,102272,63849,96250,48584,47783,97393,124019,56550,102849,4498,4758,10601,17305,11680,26425,14331,39295,18377,32597,12320,12189,25791,36382,25659,53886,659780,332221,67786,13898,317905,40,18,104,57
2021-03-21T23:59:59+01:00,31,28,19243,22618,39557,57380,42026,72825,48317,101115,62902,95014,47532,46753,95741,122165,56179,102270,4482,4749,10565,17257,11633,26339,14271,39205,18295,32498,12199,12056,25361,35932,25306,53326,657199,330021,65751,13482,308944,39,16,102,55
2021-03-20T23:59:59+01:00,30,28,19183,22473,39346,56885,41785,72264,48006,100478,62462,94410,46876,45987,93138,118928,55891,101783,4473,4741,10556,17245,11605,26322,14228,39168,18213,32423,12040,11895,24719,35157,24543,52237,650719,326301,65302,13293,304128,39,16,102,55
2021-03-19T23:59:59+01:00,29,27,18828,21907,38211,54756,40503,70265,46265,98387,59573,91646,42413,42106,87910,113154,55189,100702,4452,4727,10523,17194,11540,26210,14135,38996,17977,32124,11686,11612,23048,33096,22857,49676,632912,316956,58079,12931,291078,33,16,95,55
2021-03-18T23:59:59+01:00,29,26,18432,21255,37030,52598,38960,67469,44103,93907,55718,85842,38367,38293,83167,107665,54100,99041,4432,4698,10458,17091,11462,26055,13984,38807,17760,31920,11451,11428,21800,31581,21144,47077,615930,308865,52325,12318,267939,30,16,94,54
2021-03-17T23:59:59+01:00,29,25,18008,20901,36305,51676,38191,66512,43020,92548,53923,84004,35681,35497,79133,102821,53154,97560,4409,4672,10395,16995,11388,25921,13871,38618,17560,31726,11213,11202,20556,30164,19554,44677,599187,301349,47909,11608,262078,26,16,93,54
2021-03-16T23:59:59+01:00,28,25,17650,20482,35558,50606,37374,65311,41917,90867,52071,82010,33463,33472,75087,97863,52268,96243,4359,4622,10322,16867,11297,25767,13772,38381,17426,31480,11042,11021,19272,28642,18070,42350,585872,293553,43209,11174,253399,26,12,91,54
2021-03-15T23:59:59+01:00,28,25,17370,20117,34843,49623,36581,64119,41011,89383,50807,80408,31731,31628,71793,93762,51570,95107,4337,4587,10255,16744,11230,25566,13656,38093,17277,31207,10874,10862,18537,27676,16810,40487,574716,287721,39876,10524,245504,26,1,89,54
2021-03-14T23:59:59+01:00,28,24,17100,19689,33986,48408,35677,62795,39949,87553,49543,78675,30560,30390,69792,91197,51125,94430,4313,4568,10210,16667,11173,25423,13596,37871,17186,31043,10802,10774,18357,27395,16548,39925,567588,286518,37991,9390,235532,17,0,85,54
2021-03-13T23:59:59+01:00,28,24,16284,18623,32484,46370,34099,60653,37903,84466,47406,76115,29202,29035,67772,88566,50856,94037,4313,4568,10208,16661,11170,25416,13587,37864,17179,31034,10764,10742,17608,26503,15488,38455,551198,282226,37705,9389,225194,17,0,85,54
2021-03-12T23:59:59+01:00,27,24,15180,17244,30035,43713,31419,57497,35032,79591,44179,71632,26353,25835,63447,83247,49870,92628,4300,4535,10189,16599,11152,25365,13540,37746,17085,30903,10487,10515,16720,25254,14414,36930,523031,276411,36391,9378,207694,14,0,83,53
2021-03-11T23:59:59+01:00,26,24,14135,15775,27779,41013,29093,54297,32437,75190,40412,66718,22933,22342,57411,75901,47930,89780,4259,4495,10109,16480,11040,25140,13422,37435,16919,30599,10179,10301,16084,24409,13743,35654,490824,272397,34796,7934,187721,11,0,81,48
2021-03-10T23:59:59+01:00,26,24,13539,15073,26366,39393,27435,52473,30865,72870,37878,63584,20170,19780,51483,68741,46374,87440,4225,4451,10009,16313,10921,24891,13274,37015,16720,30225,9940,10117,15339,23636,13084,34626,464326,267660,32740,7188,176594,9,0,76,48
2021-03-09T23:59:59+01:00,25,23,13256,14605,25239,38349,26012,51284,29795,71209,36498,61747,18979,18651,47959,64284,45244,85643,4201,4425,9924,16147,10816,24631,13121,36694,16543,29986,9815,10015,14672,22798,12588,33850,450663,263934,30204,6355,168068,9,0,76,46
2021-03-08T23:59:59+01:00,24,23,12925,13996,24157,37236,24736,50144,28854,69723,35258,60121,17893,17765,43822,59283,44013,83650,4186,4389,9863,15948,10714,24370,12988,36335,16414,29721,9731,9931,14176,22193,12272,33411,435143,260749,28191,5962,160419,3,0,75,45
2021-03-07T23:59:59+01:00,24,23,12692,13703,23563,36386,24036,49265,28252,68852,34647,59361,17630,17514,42750,57829,43645,83086,4174,4376,9841,15906,10687,24297,12955,36165,16357,29607,9709,9901,13978,21938,12135,33209,430367,259686,26375,5622,156643,0,0,74,43
2021-03-06T23:59:59+01:00,24,22,12579,13411,23161,35652,23505,48477,27199,67321,33546,57597,17241,17184,42103,56937,43343,82617,4171,4362,9830,15879,10669,24263,12945,36123,16339,29576,9691,9860,13931,21900,12032,32998,426293,259306,26311,5338,149439,0,0,74,41
2021-03-05T23:59:59+01:00,24,22,12166,12807,22478,34446,22819,47242,26443,65686,32307,55172,16589,16347,38634,52620,41181,79170,4144,4315,9760,15779,10617,24114,12876,35927,16252,29369,9595,9790,13745,21684,11660,32386,411076,257602,24842,4487,140352,0,0,74,39
2021-03-04T23:59:59+01:00,22,22,11406,11796,21289,32716,21597,45185,25082,63030,30600,52807,15853,15626,34616,47449,38093,74476,4094,4224,9647,15485,10513,23757,12743,35393,16108,28967,9416,9636,13586,21473,11575,32241,392585,254541,22744,4394,126450,0,0,74,35
2021-03-03T23:59:59+01:00,19,22,11095,11298,20598,31492,20821,43819,24167,61276,29549,51158,15364,15121,31997,44120,35003,69700,4054,4161,9566,15314,10434,23505,12637,34970,15930,28620,9228,9508,13459,21258,11429,31969,377078,251896,21948,4224,117708,0,0,69,33
2021-03-02T23:59:59+01:00,19,22,10832,10870,19951,30521,20102,42795,23380,59885,28569,49874,14730,14473,29308,40742,31107,63471,4006,4089,9504,15148,10365,23240,12533,34537,15829,28313,9102,9404,13321,21069,11352,31824,358827,249489,20427,4223,111506,0,0,68,33
2021-03-01T23:59:59+01:00,15,21,10658,10608,19438,29715,19535,41906,22787,58812,27849,48747,14304,14017,27225,38148,26844,56575,3990,4039,9449,14993,10302,22941,12452,34161,15721,27990,9017,9342,13138,20799,11236,31641,341537,247063,19312,4223,106460,0,0,68,33
2021-02-28T23:59:59+01:00,14,21,10490,10405,18967,29065,18999,41164,22306,57955,27359,47950,14096,13775,26611,37487,26438,55972,3974,4025,9424,14959,10283,22890,12435,34091,15693,27944,8990,9318,13006,20619,11173,31491,339070,246205,18446,4186,101661,0,0,68,32
2021-02-27T23:59:59+01:00,14,20,10311,9890,18638,28195,18739,40371,22021,56969,27027,47152,13818,13473,25940,36680,25515,54552,3962,4013,9402,14938,10251,22842,12396,34009,15647,27870,8968,9303,12987,20596,11151,31471,335147,245845,17722,4037,96557,0,0,68,32
2021-02-26T23:59:59+01:00,13,19,9513,9101,17732,26748,17951,38154,21086,54107,25565,44323,13348,13071,24347,34688,23986,52244,3881,3945,9324,14777,10177,22587,12315,33642,15530,27575,8888,9222,12920,20528,11110,31402,325998,243937,17468,3963,82625,0,0,68,30
2021-02-25T23:59:59+01:00,13,19,8353,8246,16405,25135,16680,35884,19839,51208,23846,41527,12867,12665,23063,33093,22485,49957,3758,3800,9161,14462,9955,21982,12060,32786,15202,26920,8690,9069,12656,20202,10969,31132,318344,239783,16679,3100,66351,0,0,67,28
2021-02-24T23:59:59+01:00,12,18,7987,7722,15746,24095,16049,34645,19124,49689,23045,40321,12466,12327,21749,31586,20803,47329,3686,3733,9020,14169,9777,21526,11857,32159,14939,26381,8548,8932,12513,20029,10904,30921,310062,237003,15699,2167,59038,0,0,67,28
2021-02-23T23:59:59+01:00,12,18,7503,7242,14926,22917,15360,33419,18402,48277,22322,39248,12156,11998,20399,30005,19185,44764,3645,3657,8900,13966,9639,21127,11667,31578,14638,25879,8377,8790,12384,19818,10834,30689,301913,234162,14885,1503,51438,0,0,66,26
2021-02-22T23:59:59+01:00,11,16,7395,7035,14541,22297,15008,32691,17935,47265,21827,38514,11954,11747,19644,28990,17866,42808,3615,3553,8763,13673,9475,20625,11412,30833,14260,25279,8129,8596,12183,19566,10728,30385,296019,230837,14273,314,47335,0,0,64,26
2021-02-21T23:59:59+01:00,11,16,7305,6910,14217,21851,14586,32106,17517,46611,21386,38017,11847,11645,19481,28777,17619,42473,3576,3513,8679,13550,9398,20409,11340,30541,14135,25008,8066,8534,12127,19457,10657,30222,294868,228986,13901,300,43687,0,0,62,26
2021-02-20T23:59:59+01:00,11,16,7188,6860,14091,21771,14470,31970,17398,46460,21227,37835,11748,11560,18696,27854,16547,40984,3573,3507,8669,13542,9387,20388,11325,30516,14122,24997,8061,8525,12062,19393,10602,30153,290567,228598,13703,299,42494,0,0,62,25
2021-02-19T23:59:59+01:00,8,15,6883,6608,13736,21330,14098,31298,16921,45662,20519,36962,11144,11158,17646,26517,15386,39370,3493,3484,8593,13514,9344,20331,11287,30423,14063,24902,8018,8464,11840,19122,10409,29822,284155,226888,13327,297,37855,0,0,59,24
2021-02-18T23:59:59+01:00,8,15,6484,6132,13109,20184,13454,29919,16104,43788,19642,35382,10912,10939,17049,25758,14807,38482,3307,3347,8258,12972,9050,19580,10935,29376,13694,24072,7813,8155,11251,18168,9911,28667,280553,218335,12745,297,28943,0,0,59,23
2021-02-17T23:59:59+01:00,8,14,6318,5787,12662,19303,12960,28728,15402,42063,18993,34052,10682,10686,16288,24943,14029,37291,3058,3187,7918,12456,8748,18788,10565,28330,13299,23221,7578,7918,10691,17310,9471,27847,275868,210163,12012,294,22396,0,0,59,23
2021-02-16T23:59:59+01:00,8,14,5992,5486,12122,18468,12453,27650,14856,40680,18398,33012,10527,10582,15614,24109,13519,36501,2875,3067,7615,12001,8442,18064,10168,27238,12833,22321,7307,7623,9970,16134,8743,26294,272320,200627,11513,138,16225,0,0,57,23
2021-02-15T23:59:59+01:00,8,14,5886,5305,11825,17823,12184,26867,14508,39685,18046,32240,10399,10469,15049,23450,13156,35960,2785,2986,7422,11677,8223,17557,9865,26391,12482,21637,7025,7337,9267,15075,8228,25011,269200,192947,10907,92,12837,0,0,54,22
2021-02-14T23:59:59+01:00,8,14,5617,5190,11574,17552,11959,26431,14273,39237,17853,31963,10354,10417,14813,23110,12989,35566,2735,2948,7308,11511,8094,17351,9689,26059,12302,21334,6929,7213,9045,14691,8040,24475,268193,189704,9969,90,10830,0,0,51,22
2021-02-13T23:59:59+01:00,8,14,5557,5152,11524,17515,11928,26399,14245,39205,17833,31944,10338,10389,14786,23077,12975,35548,2731,2945,7303,11504,8082,17329,9673,26022,12275,21291,6899,7179,8890,14477,7687,23847,267947,188193,9964,11,10599,0,0,50,21
2021-02-12T23:59:59+01:00,8,13,5038,4834,10952,17151,11610,25844,13925,38556,17499,31298,10224,10281,14602,22860,12894,35438,2681,2912,7209,11346,7981,17098,9523,25629,12058,20842,6717,6946,8527,13914,7093,22505,266239,183042,9953,9,6907,0,0,49,21
2021-02-11T23:59:59+01:00,8,12,4573,4533,10362,16470,11196,25037,13444,37291,17005,30435,9905,10016,14318,22409,12611,34748,2508,2637,6609,10150,7292,15359,8656,23008,11004,18754,6060,6228,7477,12291,6274,20170,262992,164540,8304,6,3150,0,0,45,16
2021-02-10T23:59:59+01:00,8,12,4325,4365,10026,16015,10886,24493,13132,36405,16589,29684,9689,9878,14134,22204,12519,34539,2145,2344,5671,8686,6484,13313,7664,20089,9876,16715,5506,5641,6487,10623,5496,18106,260332,144911,7803,5,840,0,0,43,4
2021-02-09T23:59:59+01:00,8,11,4261,4266,9902,15747,10776,24090,12959,35784,16375,29210,9507,9736,13939,21989,12377,34308,1746,1989,4889,7414,5710,11513,6741,17557,8785,14710,4927,5008,5436,9066,4764,16004,257860,126322,7024,1,433,0,0,42,4
2021-02-08T23:59:59+01:00,8,11,4226,4211,9808,15534,10667,23729,12840,35321,16231,28849,9414,9668,13735,21703,12268,34110,1580,1793,4330,6415,5047,9930,5915,15019,7755,12849,4365,4473,4445,7459,3993,13911,255467,109337,6508,1,427,0,0,42,4
2021-02-07T23:59:59+01:00,8,11,4061,4144,9651,15396,10565,23564,12759,35057,16119,28653,9372,9622,13588,21519,12193,33965,1365,1546,3909,5742,4631,9050,5488,13858,7268,11887,4109,4211,4216,7062,3832,13314,254356,101544,5961,1,0,0,0,39,3
2021-02-06T23:59:59+01:00,8,11,4052,4135,9640,15380,10551,23528,12737,35007,16101,28596,9352,9608,13570,21484,12086,33767,1213,1350,3675,5435,4445,8624,5267,13268,6986,11329,3971,4074,4087,6912,3552,12854,254008,97096,5675,1,0,0,0,39,2
2021-02-05T23:59:59+01:00,8,9,3979,4067,9568,15236,10484,23276,12651,34638,15985,28309,9267,9533,13496,21408,11735,33170,1072,1120,3394,4990,4184,8044,4950,12483,6598,10600,3709,3826,3924,6680,3046,11962,252106,90633,4781,0,0,0,0,39,2
2021-02-04T23:59:59+01:00,8,9,3921,3942,9447,14917,10307,22727,12460,33838,15765,27743,9141,9420,13269,21110,11618,32963,806,787,2568,3737,3249,6297,3994,9934,5272,8374,3026,3113,3304,5701,2658,10470,248120,73327,4556,0,0,0,0,35,2
2021-02-03T23:59:59+01:00,8,9,3852,3870,9344,14692,10201,22388,12328,33324,15615,27319,9028,9305,13126,20933,11541,32792,670,619,1939,2821,2515,4863,3019,7635,4037,6314,2208,2242,2415,4223,1929,7847,245367,55326,4379,0,0,0,0,35,2
2021-02-02T23:59:59+01:00,8,9,3784,3774,9244,14497,10101,22007,12185,32756,15408,26865,8898,9189,13002,20720,11457,32524,531,491,1467,2084,1926,3659,2270,5808,3010,4717,1565,1544,1650,2786,1343,5223,242122,40095,4377,0,0,0,0,33,2
2021-02-01T23:59:59+01:00,7,9,3743,3682,9166,14267,9994,21622,12045,32117,15220,26357,8776,9041,12892,20576,11406,32345,395,356,1022,1440,1273,2438,1481,3808,1871,2994,992,988,976,1697,771,3029,238961,25541,4377,0,0,0,0,31,2
2021-01-31T23:59:59+01:00,7,9,3725,3647,9112,14158,9924,21417,11978,31820,15115,26158,8718,8982,12841,20464,11361,32216,365,335,900,1247,1079,2061,1280,3255,1637,2621,891,894,871,1513,700,2722,237462,22379,4262,0,0,0,0,30,2
2021-01-30T23:59:59+01:00,7,9,3724,3644,9102,14145,9910,21394,11965,31800,15103,26144,8714,8977,12772,20395,11293,32138,349,311,840,1163,1022,1937,1216,3065,1562,2484,863,868,852,1473,685,2669,237139,21366,4169,0,0,0,0,30,2
2021-01-29T23:59:59+01:00,7,9,3664,3629,9041,14114,9881,21340,11932,31721,15055,26075,8690,8954,12584,20170,11113,31894,281,227,718,988,878,1574,1058,2671,1349,2157,772,775,802,1418,667,2616,235909,18956,4039,0,0,0,0,27,2
2021-01-28T23:59:59+01:00,7,9,3545,3542,8835,13724,9661,20826,11699,31140,14726,25574,8552,8852,12146,19546,10755,31311,133,58,295,361,384,615,465,1157,613,968,407,430,471,815,382,1583,231099,9140,3428,0,0,0,0,25,1
2021-01-27T23:59:59+01:00,7,9,3314,3407,8541,13306,9359,20202,11313,30305,14328,24835,8331,8638,11592,18736,10326,30541,81,34,204,222,250,416,309,808,434,666,309,313,350,608,287,1161,224346,6454,2815,0,0,0,0,25,1
2021-01-26T23:59:59+01:00,6,9,3148,3309,8259,12963,9095,19632,11005,29546,13923,24197,8089,8413,11001,17812,9674,29384,76,30,189,212,234,382,293,755,403,602,294,287,323,545,260,1031,217569,5918,1967,0,0,0,0,24,1
2021-01-25T23:59:59+01:00,6,9,3059,3215,7976,12480,8804,18927,10617,28538,13437,23430,7797,8210,10371,16993,9214,28480,68,22,169,191,200,325,254,635,351,497,257,242,269,467,211,843,211221,5003,413,0,0,0,0,22,1
2021-01-24T23:59:59+01:00,6,9,3015,3194,7891,12401,8730,18802,10508,28378,13308,23247,7753,8173,10306,16881,9166,28384,67,21,165,187,198,311,251,614,342,483,248,238,267,460,207,828,209912,4889,310,0,0,0,0,22,1
2021-01-23T23:59:59+01:00,6,9,3014,3193,7890,12398,8726,18792,10506,28364,13302,23242,7746,8170,10182,16714,8837,27796,66,21,165,187,197,310,249,614,340,483,248,238,267,460,207,826,208650,4880,308,0,0,0,0,21,1
2021-01-22T23:59:59+01:00,6,9,2952,3147,7766,12285,8643,18650,10395,28190,13220,23127,7715,8134,9983,16410,8316,26770,65,21,164,187,197,310,249,614,339,483,248,238,267,460,207,826,205485,4877,307,0,0,0,0,18,1
2021-01-21T23:59:59+01:00,6,9,2868,2977,7267,11369,8156,17501,9854,26560,12610,21908,7426,7807,9341,15455,7791,25700,59,19,147,173,179,279,221,535,302,443,223,210,235,380,177,692,194370,4276,307,0,0,0,0,16,1
2021-01-20T23:59:59+01:00,6,9,2505,2630,6384,9957,7407,15539,8896,23717,11496,19826,6818,7151,8242,13679,6967,23460,57,19,146,168,176,277,213,521,290,421,211,203,229,355,163,654,174447,4105,304,0,0,0,0,16,1
2021-01-19T23:59:59+01:00,6,9,2064,2274,5482,8567,6544,13637,7872,20923,10212,17581,6054,6267,6851,11479,5938,20395,41,11,97,124,120,172,150,358,191,293,134,115,141,237,114,486,151987,2784,221,0,0,0,0,16,1
2021-01-18T23:59:59+01:00,5,9,1790,1983,4722,7180,5584,11389,6662,17312,8775,14857,5159,5377,5448,9213,4857,16899,22,6,38,46,53,80,66,164,77,146,60,54,66,131,62,220,127173,1291,97,0,0,0,0,16,1
2021-01-17T23:59:59+01:00,4,9,1511,1691,4208,6383,5069,10252,6119,15735,8133,13585,4815,5022,5072,8535,4526,15889,8,2,8,15,16,29,20,51,30,56,23,23,20,31,13,47,116510,391,91,0,0,0,0,15,1
2021-01-16T23:59:59+01:00,4,8,1344,1488,3990,6059,4888,9811,5855,15063,7801,12886,4621,4789,4855,8256,4167,15283,0,0,0,1,1,3,1,1,2,2,0,1,1,0,0,1,111201,13,8,0,0,0,0,14,1
2021-01-15T23:59:59+01:00,4,8,1193,1262,3736,5636,4632,9244,5564,14218,7389,12085,4326,4493,4668,7948,3630,14235,0,0,0,0,0,0,0,0,1,0,0,0,0,0,0,0,104305,0,4,0,0,0,0,14,1
2021-01-14T23:59:59+01:00,3,5,918,949,2986,4446,3765,7414,4612,11455,5977,9722,3513,3612,3916,6704,3141,12404,0,0,0,0,0,0,0,0,1,0,0,0,0,0,0,0,85569,0,0,0,0,0,0,14,1
2021-01-13T23:59:59+01:00,3,4,779,795,2512,3714,3179,6183,3835,9499,4872,7826,2628,2694,2960,5111,2406,9495,0,0,0,0,0,0,0,0,1,0,0,0,0,0,0,0,68517,0,0,0,0,0,0,13,1
2021-01-12T23:59:59+01:00,2,4,647,664,2103,3045,2620,5027,3071,7646,3842,6146,1892,1870,2031,3470,1706,6491,0,0,0,0,0,0,0,0,1,0,0,0,0,0,0,0,52305,0,0,0,0,0,0,1,1
2021-01-11T23:59:59+01:00,1,1,499,527,1751,2466,2105,4016,2375,5808,2854,4463,1218,1161,1216,2037,941,3699,0,0,0,0,0,0,0,0,1,0,0,0,0,0,0,0,37160,0,0,0,0,0,0,1,1
2021-01-10T23:59:59+01:00,1,1,441,457,1489,2038,1761,3289,1964,4820,2371,3733,1072,1032,1070,1788,840,3243,0,0,0,0,0,0,0,0,1,0,0,0,0,0,0,0,31423,0,0,0,0,0,0,1,1
2021-01-09T23:59:59+01:00,1,1,410,412,1364,1860,1615,2997,1810,4370,2184,3401,996,960,1009,1733,822,3200,0,0,0,0,0,0,0,0,1,0,0,0,0,0,0,0,29156,0,0,0,0,0,0,1,1
2021-01-08T23:59:59+01:00,1,1,312,282,1112,1510,1333,2323,1485,3578,1806,2782,861,851,921,1610,774,3044,0,0,0,0,0,0,0,0,1,0,0,0,0,0,0,0,24595,0,0,0,0,0,0,1,1
2021-01-07T23:59:59+01:00,1,0,146,76,400,509,492,801,600,1384,787,1217,479,497,572,971,472,1928,0,0,0,0,0,0,0,0,1,0,0,0,0,0,0,0,11335,0,0,0,0,0,0,0,1
2021-01-06T23:59:59+01:00,1,0,111,44,269,285,319,523,403,939,536,837,371,377,435,756,365,1461,0,0,0,0,0,0,0,0,1,0,0,0,0,0,0,0,8035,0,0,0,0,0,0,0,1
2021-01-05T23:59:59+01:00,1,0,87,31,190,230,252,436,324,828,453,715,354,361,418,723,358,1407,0,0,0,0,0,0,0,0,1,0,0,0,0,0,0,0,7171,0,0,0,0,0,0,0,1
2021-01-04T23:59:59+01:00,1,0,69,25,173,193,208,341,260,644,358,517,278,268,298,525,241,948,0,0,0,0,0,0,0,0,1,0,0,0,0,0,0,0,5349,0,0,0,0,0,0,0,1
2021-01-03T23:59:59+01:00,1,0,67,21,167,188,203,324,258,629,348,500,270,266,294,512,239,931,0,0,0,0,0,0,0,0,1,0,0,0,0,0,0,0,5220,0,0,0,0,0,0,0,1
2021-01-02T23:59:59+01:00,1,0,67,21,167,188,203,324,255,629,345,500,270,266,294,512,239,930,0,0,0,0,0,0,0,0,1,0,0,0,0,0,0,0,5213,0,0,0,0,0,0,0,1
2021-01-01T23:59:59+01:00,1,0,66,21,166,188,203,323,254,629,342,498,270,266,294,511,239,930,0,0,0,0,0,0,0,0,1,0,0,0,0,0,0,0,5203,0,0,0,0,0,0,0,1
2020-12-31T23:59:59+01:00,1,0,66,21,166,186,203,322,253,628,341,497,270,266,294,511,239,930,0,0,0,0,0,0,0,0,1,0,0,0,0,0,0,0,5196,0,0,0,0,0,0,0,1
2020-12-30T23:59:59+01:00,1,0,65,21,166,185,201,319,253,626,341,495,270,266,294,511,238,930,0,0,0,0,0,0,0,0,1,0,0,0,0,0,0,0,5184,0,0,0,0,0,0,0,1
2020-12-29T23:59:59+01:00,1,0,46,12,118,140,152,216,185,449,240,378,181,167,200,379,176,725,0,0,0,0,0,0,0,0,1,0,0,0,0,0,0,0,3766,0,0,0,0,0,0,0,1
2020-12-28T23:59:59+01:00,1,0,25,8,64,77,87,122,103,256,119,232,99,94,103,201,103,388,0,0,0,0,0,0,0,0,1,0,0,0,0,0,0,0,2083,0,0,0,0,0,0,0,1
2020-12-27T23:59:59+01:00,0,0,12,3,17,26,40,47,37,90,38,94,32,29,40,73,32,145,0,0,0,0,0,0,0,0,0,0,0,0,0,0,0,0,755,0,0,0,0,0,0,0,0
