Datum,<15_m,<15_w,15-24_1_m,15-24_1_w,25-34_1_m,25-34_1_w,35-44_1_m,35-44_1_w,45-54_1_m,45-54_1_w,55-64_1_m,55-64_1_w,65-74_1_m,65-74_1_w,75-84_1_m,75-84_1_w,>84_1_m,>84_1_w,<24_2_m,<24_2_w,25-34_2_m,25-34_2_w,35-44_2_m,35-44_2_w,45-54_2_m,45-54_2_w,55-64_2_m,55-64_2_w,65-74_2_m,65-74_2_w,75-84_2_m,75-84_2_w,>84_2_m,>84_2_w,bp_1,bp_2,mo_1,mo_2,az_1,az_2,ja,unb_1,unb_2
2021-08-15T23:59:59+02:00,28084,26142,251914,242661,361166,332471,380359,373491,445972,456045,501373,504250,345055,385498,242818,310862,71495,130886,208974,202081,325884,297496,351162,342089,418473,426138,476389,479456,332224,370901,234515,299566,68506,124713,3848039,3543980,513903,474771,806374,753491,222615,492,357
2021-08-14T23:59:59+02:00,28052,26122,251813,242583,361103,332409,380306,373428,445919,455998,501317,504196,345028,385483,242806,310850,71493,130883,208070,201131,325328,296921,350684,341634,418120,425784,476086,479188,332118,370806,234484,299521,68499,124698,3847458,3538128,513900,474749,806374,753476,222446,492,357
2021-08-13T23:59:59+02:00,27863,25937,251316,242171,360819,332147,380037,373165,445630,455765,501094,504030,344935,385392,242758,310809,71485,130863,206656,199809,324526,296134,349924,340877,417417,425133,475550,478716,331924,370592,234397,299409,68486,124659,3844730,3529315,513891,474697,806373,753360,221615,488,357
2021-08-12T23:59:59+02:00,27677,25732,250630,241574,360245,331592,379536,372711,445122,455347,500700,503696,344765,385204,242664,310718,71474,130823,204187,197663,321852,293764,348008,339158,415968,423950,474371,477691,331496,370080,234163,299151,68447,124588,3841073,3512839,513706,473563,806339,752413,219485,488,357
2021-08-11T23:59:59+02:00,27445,25485,249919,240906,359646,331035,379043,372247,444685,454946,500314,503279,344545,384972,242554,310586,71448,130773,201195,194732,318738,290897,345898,337122,414518,422584,473126,476425,330966,369457,233918,298757,68401,124469,3836360,3491392,513498,472544,806303,751504,218060,488,357
2021-08-10T23:59:59+02:00,27209,25231,249113,240192,358969,330513,378533,371725,444212,454490,499885,502901,344366,384786,242470,310454,71425,130731,197382,190984,314262,286833,342980,334408,412443,420679,471569,474997,330313,368802,233636,298359,68347,124355,3831436,3462574,513224,471484,806270,750371,216669,487,357
2021-08-09T23:59:59+02:00,27018,25041,248506,239636,358426,330062,378115,371363,443829,454166,499565,502630,344218,384646,242407,310347,71406,130696,192967,186535,308806,282278,340279,331979,410572,418942,469981,473559,329697,368129,233374,297997,68292,124226,3827924,3433174,513053,468760,806242,749297,215252,487,357
2021-08-08T23:59:59+02:00,26859,24892,248041,239247,358056,329729,377787,371091,443547,453923,499337,502448,344115,384547,242348,310271,71389,130663,191646,185196,307220,280977,338998,330847,409729,418200,469431,473059,329444,367868,233254,297836,68267,124177,3825498,3424278,512904,467414,806192,748828,214090,487,357
2021-08-07T23:59:59+02:00,26712,24722,247525,238801,357674,329404,377463,370815,443260,453688,499115,502279,344047,384456,242313,310222,71381,130653,188002,181631,305200,279150,337302,329341,408415,416949,468515,472278,329096,367501,233124,297650,68233,124142,3822698,3404846,512795,466088,806182,748614,213249,487,354
2021-08-06T23:59:59+02:00,26491,24489,246676,238154,356920,328810,376808,370250,442621,453175,498596,501900,343814,384253,242215,310111,71369,130632,184298,178106,301792,276383,335194,327528,406838,415630,467235,471323,328719,367119,232963,297499,68209,124098,3820179,3385731,511484,464375,806172,747530,209843,487,354
2021-08-05T23:59:59+02:00,26177,24176,245543,237253,356061,327975,376027,369554,441918,452517,497954,501377,343545,383959,242104,309939,71328,130570,179888,174199,296495,272044,331145,324031,404079,413164,465008,469553,328060,366429,232704,297136,68151,123988,3814090,3358195,511233,459703,806117,743867,206931,487,354
2021-08-04T23:59:59+02:00,25821,23842,244438,236301,355112,327096,375279,368868,441321,451934,497404,500878,343274,383697,241986,309773,71303,130500,176450,170929,292782,268947,326765,320163,401851,411097,463329,468020,327373,365736,232436,296792,68094,123887,3807832,3331261,510898,457955,806086,742128,204413,479,353
2021-08-03T23:59:59+02:00,25363,23429,243089,235133,354235,326282,374587,368193,440681,451282,496824,500354,342992,383401,241862,309600,71260,130435,172998,167519,288722,265337,321712,315603,399142,408571,461021,465943,326555,364885,232090,296330,68028,123752,3800039,3299528,510737,456091,806050,740063,202578,479,353
2021-08-02T23:59:59+02:00,25047,23121,242047,234189,353404,325554,373905,367608,440134,450748,496312,499910,342733,383133,241749,309450,71234,130376,169379,163941,284070,261403,315888,310690,396416,406040,458801,463966,325785,364056,231797,295935,67967,123636,3793811,3266292,510495,454140,805996,737546,200753,479,352
2021-08-01T23:59:59+02:00,24897,22935,241422,233591,352825,325059,373480,367232,439710,450428,495969,499635,342603,382973,241676,309333,71221,130349,167846,162509,281610,259426,311279,306992,394570,404474,457331,462733,325366,363576,231634,295722,67940,123577,3790214,3248533,510186,452017,805908,735105,199429,479,352
2021-07-31T23:59:59+02:00,24788,22831,241083,233276,352552,324840,373244,367063,439525,450278,495863,499536,342570,382936,241656,309320,71220,130344,164097,158686,278808,256897,309205,305006,393178,403192,456187,461752,325048,363201,231499,295550,67914,123531,3788628,3225736,509999,451084,805903,734318,198794,479,352
2021-07-30T23:59:59+02:00,24502,22575,240295,232570,351988,324318,372764,366608,439072,449881,495507,499245,342431,382797,241612,309242,71207,130328,160371,154937,275424,253813,306203,302206,390963,401105,454355,460182,324549,362675,231291,295260,67881,123475,3784603,3200786,509643,449891,805886,731186,197209,479,352
2021-07-29T23:59:59+02:00,24164,22240,238772,231323,350845,323260,371812,365715,438239,449103,494714,498631,342102,382491,241478,309066,71172,130266,155545,150496,270079,249665,300338,297468,386646,397649,451327,457797,323720,361839,230984,294854,67821,123379,3777160,3167118,508983,445090,805805,726096,193842,479,352
2021-07-28T23:59:59+02:00,23871,21958,237636,230301,349973,322436,371088,365047,437618,448444,494159,498154,341852,382198,241348,308881,71138,130196,151804,146869,265615,246038,295937,293538,383396,394819,449252,455960,323066,361086,230725,294472,67757,123258,3770564,3136597,508461,443184,805728,723478,191943,478,352
2021-07-27T23:59:59+02:00,23603,21734,236649,229350,349154,321710,370407,364476,437055,447842,493648,497709,341619,381905,241217,308692,71103,130098,146807,141784,259743,240944,290677,288816,379423,391155,446102,453181,322095,359995,230364,293974,67669,123102,3764387,3095306,507919,440896,805673,719764,190390,478,351
2021-07-26T23:59:59+02:00,23371,21500,235690,228398,348389,321024,369818,363935,436512,447363,493200,497352,341393,381668,241091,308538,71080,130041,142484,137414,254221,236183,285523,284355,374976,387222,442594,450165,321149,359035,230037,293499,67597,122966,3758834,3056055,507297,438647,805597,715435,189031,478,351
2021-07-25T23:59:59+02:00,23017,21200,234365,227260,347463,320278,369155,363290,435944,446834,492747,496954,341201,381456,241004,308408,71059,129977,140644,135684,251569,233991,283050,282277,372847,385457,440528,448393,320644,358524,229839,293271,67572,122890,3751896,3041220,506922,436480,805534,711092,187656,478,351
2021-07-24T23:59:59+02:00,22773,21011,233447,226415,346748,319638,368590,362778,435422,446403,492392,496680,341085,381359,240962,308346,71056,129967,137755,132895,248846,231683,280494,280079,370599,383608,439295,447411,320298,358188,229695,293093,67553,122856,3747968,3022944,506158,433485,805518,710756,185823,478,351
2021-07-23T23:59:59+02:00,22356,20625,231954,225095,345442,318725,367556,361926,434550,445621,491699,496155,340850,381089,240874,308233,71035,129931,132298,128067,243499,227416,276044,276311,366920,380435,436663,445220,319600,357468,229442,292785,67499,122775,3740594,2987588,505696,431725,805462,708624,182358,478,350
2021-07-22T23:59:59+02:00,21857,20150,229863,223141,343713,317211,366063,360654,433247,444495,490728,495268,340432,380647,240704,307991,70990,129851,127976,124035,237525,222930,269684,271272,360049,374963,431217,440736,318433,356219,229016,292268,67405,122624,3728318,2945709,504117,425764,805326,702336,179634,478,350
2021-07-21T23:59:59+02:00,21352,19630,227994,221337,342038,315700,364458,359098,431689,443122,489513,494110,339883,380130,240459,307710,70937,129756,124235,120487,232084,218708,264181,266768,351940,368063,426631,437008,317317,355072,228558,291704,67324,122446,3717441,2910357,500387,414926,805106,697569,176371,478,347
2021-07-20T23:59:59+02:00,21049,19353,226539,219878,340828,314545,363504,358233,430844,442347,488802,493477,339547,379769,240318,307490,70910,129666,119917,116278,225761,213554,258377,261613,344841,361971,421948,432711,316231,353820,228148,291122,67229,122265,3708266,2866746,499986,407737,804985,693197,174250,478,346
2021-07-19T23:59:59+02:00,20735,19060,224821,218201,339530,313309,362481,357268,430042,441577,488133,492866,339251,379411,240170,307260,70866,129568,117179,113697,221408,209980,253786,257667,341138,358813,419341,430540,315516,353099,227859,290734,67157,122143,3697784,2841853,499575,402373,804897,688896,172680,478,346
2021-07-18T23:59:59+02:00,20583,18933,223541,216951,337947,311908,361433,356364,429246,440870,487604,492326,339023,379128,240041,307082,70845,129507,115694,112317,218780,207821,251441,255582,338902,356971,417323,428860,315038,352616,227698,290516,67136,122076,3688487,2829641,499041,398106,804823,685219,171366,478,345
2021-07-17T23:59:59+02:00,20191,18512,222397,215902,337376,311372,360850,355855,428736,440425,487195,492039,338919,379013,239999,307028,70842,129497,113632,110227,216326,205522,248993,253396,336490,354847,415882,427601,314705,352224,227563,290349,67112,122036,3682981,2812211,498842,395394,804811,684435,169905,472,344
2021-07-16T23:59:59+02:00,19652,18001,219854,213769,335649,310082,359352,354565,427274,439224,486101,491177,338516,378647,239826,306869,70817,129460,110530,107434,211580,201602,244466,249770,332207,351166,412547,424890,313786,351301,227215,289936,67058,121954,3672828,2784640,498091,393054,804654,680625,163652,472,343
2021-07-15T23:59:59+02:00,19014,17378,217083,211360,333753,308390,357777,353135,425945,438053,485167,490332,338120,378225,239628,306614,70775,129357,106641,104236,203239,195378,236997,244180,325628,345954,405506,418471,312057,349501,226676,289273,66987,121757,3657900,2738266,497493,384653,804540,673219,160560,472,343
2021-07-14T23:59:59+02:00,18171,16653,214654,209048,332072,306868,356388,351803,424736,436862,484146,489385,337669,377764,239392,306304,70721,129271,103052,100917,196805,190242,231305,239535,321354,342495,401343,414858,310755,348193,226276,288716,66908,121603,3643068,2704831,496934,379137,804415,666436,157875,472,342
2021-07-13T23:59:59+02:00,17524,15998,212485,207034,330483,305511,355064,350592,423583,435792,483201,488539,337236,377299,239188,306063,70686,129181,99306,97393,190343,184867,224202,233492,314698,336452,392971,407030,308968,346270,225676,287929,66800,121406,3629392,2662225,496379,366490,804272,656989,155801,471,336
2021-07-12T23:59:59+02:00,16510,15067,209218,203860,328430,303789,353496,349129,422348,434600,482228,487643,336823,376836,239009,305837,70646,129104,96222,94682,185080,180584,217239,227839,307885,330427,387890,402763,307249,344412,225089,287197,66701,121237,3611008,2624049,495829,359382,804100,648597,154020,470,334
2021-07-11T23:59:59+02:00,15999,14597,207876,202594,327697,303084,352840,348515,421793,434106,481787,487304,336637,376635,238949,305731,70625,129064,94806,93398,182322,178286,214254,225564,305208,328278,385067,400387,304786,341796,224712,286728,66649,121139,3604851,2609142,495193,357398,803976,638133,152203,463,330
2021-07-10T23:59:59+02:00,15526,14139,206036,200826,326240,301828,351713,347549,421073,433513,481313,486907,336471,376470,238883,305645,70615,129044,93514,92136,179809,176189,211234,223085,302700,326128,383909,399355,304141,341128,224532,286542,66633,121113,3596298,2592427,494569,357174,803741,636385,149570,463,330
2021-07-09T23:59:59+02:00,15203,13863,204132,198994,324640,300384,350650,346595,420173,432805,480748,486432,336268,376249,238787,305525,70599,129010,90740,89418,176286,172970,206896,218941,297686,321534,380477,396383,303050,339906,224229,286176,66596,121049,3587200,2563505,493712,355121,803551,628808,146977,463,329
2021-07-08T23:59:59+02:00,14743,13438,200662,196027,321342,297722,348289,344617,418469,431360,479317,485368,335834,375810,238609,305280,70556,128934,86453,85661,169064,167333,198784,212556,290337,315445,373559,390194,300355,336999,223458,285246,66479,120791,3571966,2517445,489657,346498,803033,618497,142101,463,329
2021-07-07T23:59:59+02:00,14243,12982,196940,192182,318197,294876,345991,342586,416917,429897,478126,484275,335358,375253,238420,305010,70519,128831,82778,82231,161790,161648,189774,205400,282375,308897,366559,383400,297059,333403,222558,284149,66341,120545,3550788,2469615,488303,333099,802651,608545,139238,462,327
2021-07-06T23:59:59+02:00,13786,12611,193521,188813,314956,292154,343526,340307,415207,428343,476867,483146,334859,374701,238225,304721,70467,128745,79229,78674,155143,156152,182387,199206,273463,300963,360094,377334,293872,330165,221678,283062,66233,120314,3531034,2417322,485256,326131,802235,599056,136807,461,327
2021-07-05T23:59:59+02:00,13389,12276,189150,184589,310936,288836,341029,337996,413544,426807,475730,482081,334386,374183,238052,304477,70434,128660,76182,75868,150043,152081,177637,195090,266572,294714,354000,371811,290606,326727,220798,281948,66125,120145,3508333,2378387,484107,321665,801747,588724,132746,455,327
2021-07-04T23:59:59+02:00,13212,12119,185325,180732,308321,286825,339725,336929,412670,426030,475150,481598,334166,373931,237962,304353,70408,128607,74003,74000,146962,149538,175317,193058,264143,292660,350897,369608,287306,323340,220220,281286,66070,120026,3496179,2364676,482819,319380,801179,577229,128263,455,325
2021-07-03T23:59:59+02:00,12021,11065,178907,174747,304073,283383,337403,334767,410864,424224,473947,480538,333766,373485,237788,304107,70384,128564,72229,72430,144544,147666,172882,190984,261090,289947,348623,367757,285559,321361,219953,280925,66038,119977,3469902,2349000,481415,319185,800994,572749,122093,455,325
2021-07-02T23:59:59+02:00,10924,9974,175199,171291,301670,281190,335660,333070,409616,423038,473175,479855,333507,373171,237672,303925,70356,128516,69547,69764,140647,144401,168469,186967,255053,284530,343414,363060,282314,317642,219314,280156,65990,119893,3451841,2315969,479941,316411,800802,560184,119592,454,302
2021-07-01T23:59:59+02:00,9830,9051,171539,167870,297646,277922,333185,330815,407822,421461,472083,478899,333093,372714,237473,303653,70309,128438,64679,65050,134372,139093,161216,180485,244826,275702,332642,353312,277547,312382,217464,277908,65811,119581,3429401,2259846,477859,304089,800455,542522,116453,454,301
2021-06-30T23:59:59+02:00,9343,8661,168278,164809,292049,273308,329523,327492,406055,419935,471069,477931,332673,372232,237283,303356,70275,128352,61557,62204,128744,134415,154583,174488,234798,266575,319277,340067,272350,306859,215578,275588,65644,119263,3404401,2204941,475707,291303,800162,523726,112716,454,299
2021-06-29T23:59:59+02:00,8808,8140,164497,161050,287533,269064,325974,324200,403962,417863,469533,476519,332089,371597,237034,303002,70221,128243,58780,59229,123819,130021,148581,168977,222973,255910,310743,331729,265901,299683,213615,273135,65442,118918,3376995,2145877,473725,286655,799838,506361,109129,453,296
2021-06-28T23:59:59+02:00,8403,7761,161185,157603,282516,264763,322687,321357,401827,415941,468048,475212,331569,370986,236801,302691,70178,128149,56515,56893,119932,126529,144247,164906,213765,247515,304974,326344,260961,294396,211855,270907,65296,118654,3353159,2110273,469753,278073,799183,489865,105935,453,293
2021-06-27T23:59:59+02:00,8256,7638,159688,156085,280418,262962,320890,319830,400140,414582,467161,474508,331277,370695,236698,302532,70159,128100,55323,55789,117812,124830,141699,162788,209671,244144,301628,323495,257172,290411,209402,268001,65185,118466,3343206,2094898,467683,274606,798139,473778,102944,453,293
2021-06-26T23:59:59+02:00,7105,6540,156427,152749,278317,261079,318484,317597,398955,413435,466463,473804,331006,370412,236592,302374,70135,128070,54781,55209,116483,123687,140284,161560,207433,242144,299103,321091,255643,288758,209069,267592,65158,118396,3324123,2078204,464872,274519,798132,471283,102811,409,254
2021-06-25T23:59:59+02:00,5886,5423,152130,148477,274939,258134,316429,315638,397654,412194,465465,472981,330717,370078,236466,302220,70107,128022,53499,53589,114018,121000,136220,157005,198690,233708,293433,315234,253922,286646,208480,266793,65087,118277,3299233,2035822,463451,272833,798078,464726,102590,409,254
2021-06-24T23:59:59+02:00,5033,4641,147705,144362,270146,254226,312164,311873,395483,410333,464099,471849,330299,369619,236298,301984,70074,127936,50861,51008,108916,116304,128914,150384,186698,223287,282042,305027,248558,280835,206654,264457,64884,117877,3268208,1973969,461459,261100,797913,451013,100933,408,253
2021-06-23T23:59:59+02:00,4814,4434,144552,141254,266465,251090,306933,307087,392993,407994,462702,470536,329772,369002,236068,301674,70026,127833,48926,48936,105129,112405,123262,144722,176832,214646,270114,293085,243961,276036,205324,262762,64723,117517,3240756,1917859,457943,251273,797759,440333,99160,408,253
2021-06-22T23:59:59+02:00,4565,4205,141484,138135,262771,247728,300821,301661,390370,405443,461165,469056,329231,368402,235849,301325,69978,127727,47241,47200,101535,109122,118487,140164,164265,203528,259241,282818,239908,271576,203407,260356,64472,117049,3208801,1859680,456021,243583,797580,429405,97897,406,245
2021-06-21T23:59:59+02:00,4308,3960,138230,135204,258085,243850,295586,296805,387346,402579,459696,467711,328713,367846,235624,301015,69938,127615,46015,45978,99159,106913,115757,137466,158069,197776,252382,276197,234569,265758,199495,255857,64288,116675,3177180,1828815,453990,238078,797370,409686,95951,405,245
2021-06-20T23:59:59+02:00,4165,3842,136728,133704,253868,240396,293026,294578,385957,401269,458907,466967,328491,367567,235513,300882,69918,127553,44901,45065,96917,105130,113497,135492,155046,195246,248093,272155,231576,262238,198508,254607,64207,116550,3159827,1808580,452232,234547,797219,401842,94427,405,241
2021-06-19T23:59:59+02:00,3749,3491,134582,131621,251126,238086,291252,292941,384119,399705,458065,466238,328272,367315,235410,300744,69897,127521,44367,44421,95653,103878,112033,134034,153549,193815,244887,269148,230862,261394,198339,254346,64185,116497,3143541,1792703,449421,232971,797211,401568,94329,405,240
2021-06-18T23:59:59+02:00,2801,2579,131311,128487,247610,235046,287248,289542,381729,397587,456726,465077,327898,366915,235255,300508,69870,127472,43585,43512,94083,102109,109752,131373,150010,189793,238056,261895,229142,259397,197856,253708,64110,116364,3117791,1763501,444997,232453,797186,394890,94055,404,240
2021-06-17T23:59:59+02:00,2567,2356,127612,125213,241608,230617,282040,285165,376954,393611,454406,463252,327312,366197,235014,300153,69804,127359,41355,41691,90041,98647,104873,126637,142166,182136,226693,250539,223954,253474,196209,251557,63851,115945,3083136,1707991,442027,228321,796932,384012,89603,310,229
2021-06-16T23:59:59+02:00,2296,2123,124388,121817,236725,226294,277351,280911,371788,389127,451824,461121,326578,365400,234727,299743,69738,127246,39536,40102,86517,95632,100537,122824,133959,174818,214628,238662,217744,246396,194296,249239,63599,115457,3049726,1648412,436504,222729,796415,375953,87007,308,228
2021-06-15T23:59:59+02:00,1910,1791,119477,116960,230750,221163,272017,275931,366730,384500,448986,458712,325712,364430,234382,299229,69656,127063,37919,38499,83204,92597,96581,118789,126924,168459,202319,226678,211736,239628,192347,246816,63288,114888,3005109,1591316,434587,216904,795848,368301,84302,308,225
2021-06-14T23:59:59+02:00,1649,1517,115432,112811,225531,216259,266658,270961,361457,379764,445873,456125,324931,363578,234070,298839,69594,126943,36940,37611,80932,90518,93887,116282,122820,164723,195741,220201,208636,236133,191214,245347,63071,114501,2963040,1561838,432240,214635,795589,360660,81567,305,224
2021-06-13T23:59:59+02:00,1575,1432,113941,111436,223090,214162,264120,268705,359206,377813,444702,455092,324656,363274,233935,298672,69562,126869,36084,36884,79087,88856,91884,114475,120003,162131,191893,216513,205562,232704,190183,243981,62839,114090,2948075,1547919,429806,207386,795281,352480,79521,305,222
2021-06-12T23:59:59+02:00,1426,1295,111294,108692,221202,212435,262742,267433,357771,376416,443807,454324,324369,362966,233843,298569,69544,126841,35716,36482,78104,87762,90637,113189,118435,160573,188339,213214,204530,231580,188783,242326,62829,114060,2931922,1534813,428829,207377,795261,345105,79397,304,221
2021-06-11T23:59:59+02:00,1279,1158,108758,106184,218316,209821,259077,264249,354640,373695,442094,452852,323934,362516,233709,298364,69517,126786,35048,35372,76107,84398,88413,109669,114341,155438,181658,205787,202441,229217,188182,241558,62767,113963,2907549,1507415,426044,206688,795082,331677,78709,304,219
2021-06-10T23:59:59+02:00,1119,1005,104011,101782,212262,205079,252033,258436,348557,368402,437605,449083,323080,361549,233388,297917,69434,126635,33469,33891,72121,80238,83510,104182,107689,147256,169352,192173,196386,222351,186459,239424,62514,113562,2864002,1460443,418963,204952,794241,304713,74594,302,215
2021-06-09T23:59:59+02:00,971,876,100102,98087,206317,200360,245230,252735,341909,362456,433930,446067,322408,360810,233120,297539,69370,126503,31941,32641,68896,77594,79824,101025,102985,142987,158248,181449,185800,210402,184599,237183,62242,113068,2825101,1406599,410445,200984,793737,293469,69955,268,212
2021-06-08T23:59:59+02:00,788,695,95579,93552,199700,194804,238277,246735,333667,355185,428830,441412,321578,359811,232751,297056,69289,126366,30870,31793,66312,75303,76551,98309,98417,139078,150675,173978,177106,200711,182797,234942,62010,112702,2773215,1367506,404685,196086,793159,282640,65453,268,199
2021-06-07T23:59:59+02:00,630,554,92370,90456,193649,190109,231724,241502,325836,349018,425792,438972,321037,359182,232537,296732,69235,126270,30005,30946,63852,73356,73603,96157,94660,136149,142625,166204,173068,196106,181375,233134,61787,112320,2734281,1340471,398529,192799,792597,271571,60630,265,198
2021-06-06T23:59:59+02:00,592,518,90797,89141,190368,187569,228380,238744,321571,345620,424363,437899,320768,358890,232429,296574,69211,126223,29404,30392,62084,71679,71530,94160,91482,133084,136957,160438,170544,193494,180266,231736,61558,111940,2718904,1328653,391154,183173,792124,261142,57901,263,197
2021-06-05T23:59:59+02:00,512,438,88855,87130,185505,183352,225922,236610,319754,343992,423365,436984,320479,358569,232281,296405,69197,126191,28952,29640,60886,69737,70139,92020,89812,130836,132216,155124,167550,189834,179781,231080,61524,111874,2695455,1305096,391037,182708,791949,255793,57524,262,197
2021-06-04T23:59:59+02:00,412,353,86504,84607,181847,179754,221916,232661,316170,340363,421007,434794,320021,358035,232085,296178,69159,126128,28489,28973,59776,68092,68869,89950,88029,128234,128862,151477,163320,185075,178791,229814,61476,111788,2666225,1286337,387219,181938,791837,245723,57131,262,196
2021-06-03T23:59:59+02:00,319,279,83222,81545,176128,175105,214674,226574,308475,333673,413261,427939,318993,356861,231716,295732,69104,125997,27600,27964,57892,65910,66487,87216,84408,124139,122127,144821,156994,177488,177225,227791,61363,111551,2617375,1257216,376985,176642,791419,233006,54221,260,192
2021-06-02T23:59:59+02:00,270,220,81150,79384,172061,171396,211038,223428,304905,330330,411221,426109,318587,356410,231563,295526,69076,125946,27141,27489,56769,64803,64905,85947,82362,122205,117165,139943,149128,168540,176511,226838,61278,111382,2588670,1225087,375603,174678,791390,229394,53353,258,188
2021-06-01T23:59:59+02:00,172,152,76891,75564,163798,164846,201689,215703,295814,322462,403023,418287,317079,354802,231024,294791,68964,125719,25589,26075,52470,61863,60080,82666,76965,117719,109759,132752,138049,155158,174414,224110,61069,110956,2530044,1175071,363977,170577,790630,217633,46508,256,184
2021-05-31T23:59:59+02:00,150,135,74151,73091,158153,160537,194385,209754,288433,316096,397293,413326,316086,353694,230639,294272,68874,125547,24678,25022,49853,59657,56925,80143,73378,114456,105277,128320,133912,150271,173051,222394,60899,110625,2489663,1152716,354608,168262,790003,207258,40713,255,182
2021-05-30T23:59:59+02:00,139,127,73103,72027,155681,158511,191765,207405,285660,313586,395409,411588,315726,353284,230478,294037,68837,125467,24078,24242,48277,57942,55195,78295,71161,111909,102630,125464,131760,147750,172261,221460,60806,110414,2473854,1142988,352093,166956,789382,195917,37870,255,178
2021-05-29T23:59:59+02:00,136,126,72495,71438,154174,157112,189467,205376,283823,312005,394571,410815,315504,353039,230398,293959,68826,125449,23755,23718,47362,56448,53859,76424,69242,109069,100321,122674,128962,144334,171609,220553,60779,110362,2459982,1129422,351935,166892,789313,185393,37850,255,177
2021-05-28T23:59:59+02:00,132,123,71410,70321,151788,154858,185817,201845,280558,308872,392709,409049,315095,352538,230251,293744,68807,125392,23225,22717,45755,54324,52038,73870,67204,105127,96006,116787,124603,139294,170634,219247,60733,110248,2436203,1106869,350891,166679,789105,170876,37473,254,174
2021-05-27T23:59:59+02:00,121,114,68102,67311,145312,149928,177640,195602,274179,303723,386402,403377,313839,351094,229792,293213,68736,125210,21909,21035,42506,51279,48164,70065,62662,99127,89662,109288,120687,134678,167841,215548,60561,109935,2391696,1078496,343291,163937,787305,150841,31752,254,170
2021-05-26T23:59:59+02:00,117,111,65951,65136,140364,145849,171550,190542,267434,298062,379670,396692,312324,349491,229306,292518,68634,124999,21171,20126,40688,49149,45814,67335,59635,95338,85073,104183,115715,128966,164056,210221,60353,109509,2354469,1046627,330105,162369,785498,139391,29022,251,169
2021-05-25T23:59:59+02:00,116,105,63924,63151,136170,142363,166502,186259,260373,291790,374254,391314,311048,348091,228901,291874,68550,124822,20595,19462,39290,47635,43985,65323,57166,92344,81007,99816,110798,123295,158531,202994,60183,109208,2316991,1015191,322606,158950,782965,130180,27389,247,166
2021-05-24T23:59:59+02:00,113,103,62682,61942,133420,140264,163226,183849,253430,285808,369324,386647,310223,347172,228616,291489,68478,124694,20253,19063,38274,46569,42641,63842,55494,90337,78777,97311,109381,121646,157928,202208,60071,109006,2293269,1005875,311520,157655,781186,123506,25844,247,164
2021-05-23T23:59:59+02:00,108,103,62186,61426,132319,139372,162032,182816,252190,284790,367740,385219,309609,346516,228445,291263,68457,124658,20023,18876,37727,46015,41889,63142,54334,89343,77295,95946,108213,120256,156952,200992,60003,108868,2281789,997740,310940,154574,781139,121921,25719,247,163
2021-05-22T23:59:59+02:00,105,101,61494,60807,130836,138305,159666,181198,249224,282502,365266,383001,309083,345925,228268,290997,68431,124608,19706,18455,37116,45415,41250,62612,53682,88620,76528,94805,106665,118457,156180,200024,59976,108814,2263868,991052,310925,154570,781099,118501,24258,247,163
2021-05-21T23:59:59+02:00,101,97,60164,59370,127939,135715,156392,177881,244000,277740,359182,377320,308151,344836,227971,290601,68371,124501,19347,18090,36504,44647,40600,61564,52733,87228,74817,92505,103429,114510,155045,198574,59884,108639,2227869,978058,309289,154245,779534,111915,23975,241,161
2021-05-20T23:59:59+02:00,94,95,57115,56578,122211,130849,149473,171574,233702,269010,350166,369048,305622,342101,227206,289598,68239,124283,18051,17156,34333,42401,38151,58667,49921,83467,70893,88018,99317,109893,152589,195565,59704,108285,2169985,958818,302641,152307,773582,94276,21082,233,161
2021-05-19T23:59:59+02:00,93,93,54903,54388,117208,126177,142313,164968,223178,259663,339638,358171,302981,339237,226461,288559,68089,124007,17471,16373,33110,40818,36746,56606,47911,80695,67658,84450,95441,105424,148971,190851,59442,107793,2104186,935459,296394,150337,770603,84791,19254,233,148
2021-05-18T23:59:59+02:00,88,88,52811,52430,112429,121919,135944,159405,211623,249302,329775,348387,300315,336273,225586,287364,67937,123753,16954,15774,31908,39363,35401,54819,46108,78300,64780,81230,91450,100901,145781,186798,59230,107358,2044402,915293,287045,147486,767010,76177,17276,229,148
2021-05-17T23:59:59+02:00,85,85,51778,51437,110101,119867,133143,156754,205105,243290,322215,341310,298531,334309,225002,286541,67830,123541,16499,15327,30861,38319,34237,53533,44628,76507,62527,78839,86626,95051,144319,184915,59080,107043,2017642,903633,274765,140027,763600,69507,15218,228,146
2021-05-16T23:59:59+02:00,84,82,50992,50781,108661,118546,131406,155098,202139,240613,314785,334366,297514,333181,224695,286058,67778,123444,16216,14956,30114,37542,33365,52613,43566,75194,61196,77371,83216,90986,143532,183842,58993,106903,2002342,897575,264350,133268,760363,65368,13468,226,142
2021-05-15T23:59:59+02:00,84,82,50456,50150,107663,117560,130395,153991,200208,238682,311221,331161,296894,332494,224499,285788,67758,123380,16077,14793,29860,37236,33078,52182,43079,74549,60348,76389,82621,90171,143018,183176,58957,106856,1986174,892344,264333,133122,759498,64241,12758,225,141
2021-05-14T23:59:59+02:00,83,82,49200,48732,105418,115470,126809,150545,192009,231625,304920,325289,295915,331359,224214,285341,67711,123285,15579,14367,29080,36419,32311,50993,42002,72773,58788,74441,80723,87689,142408,182190,58917,106770,1948986,882725,262637,132257,754954,58824,11717,222,140
2021-05-13T23:59:59+02:00,79,81,47285,46788,101582,112246,122107,146448,182004,223053,294330,315485,292948,327942,223406,284203,67611,123078,14717,13922,28225,35724,31551,50096,41061,71684,57286,72878,76954,83352,139652,178593,58807,106554,1897478,870211,254039,125235,748733,54979,10701,218,137
2021-05-12T23:59:59+02:00,77,79,46375,46084,99668,110822,120051,144793,179460,220946,289601,310170,291785,326681,223164,283884,67573,122993,14552,13772,27907,35507,31151,49807,40618,71311,56749,72313,75621,81733,138877,177464,58721,106394,1874456,864501,251880,123453,748244,54709,9903,214,136
2021-05-11T23:59:59+02:00,73,73,44132,44613,95650,107751,114252,140069,166104,209686,277966,299418,288387,322772,222207,282482,67424,122694,14124,13206,26896,34084,30025,48011,39317,69037,55039,70049,72540,78157,137528,175636,58563,106036,1815660,852269,242190,120770,739742,46844,8432,210,134
2021-05-10T23:59:59+02:00,72,69,42880,43643,93053,105754,111001,137446,157727,202679,270103,292321,286216,320327,221632,281620,67299,122454,13780,12762,26138,33101,29232,46757,38322,67181,53815,68320,70457,75604,136387,174127,58444,105748,1780173,843420,236152,119719,732780,39647,7460,206,128
2021-05-09T23:59:59+02:00,71,69,41761,42874,90376,104008,108348,135680,152724,199264,264594,287395,284982,318946,221256,281091,67233,122308,13467,12544,25448,32434,28504,45955,37532,66223,52877,67372,69229,74203,135795,173294,58389,105617,1760905,838851,229070,118745,726801,34886,6470,202,126
2021-05-08T23:59:59+02:00,70,69,41470,42577,89533,103280,107261,134832,151281,198052,262036,285336,284481,318403,221138,280912,67217,122276,13365,12483,25320,32343,28359,45826,37343,66031,52538,67054,68267,73282,134729,171931,58342,105524,1748923,834261,228562,118001,726577,34109,6457,170,103
2021-05-07T23:59:59+02:00,68,68,40548,41862,87608,101945,104451,132625,146667,194254,255796,279833,283144,316807,220789,280455,67164,122153,12619,11999,24498,31611,27597,44766,36482,64770,51354,65544,66026,70599,132512,169123,58253,105346,1723204,824625,225361,115746,722458,27316,5504,169,101
2021-05-06T23:59:59+02:00,64,67,37906,40142,82865,98495,98464,127881,136496,185762,239363,265440,278026,311019,219502,278768,66989,121837,11933,11483,23562,30509,26605,43416,35128,62770,49618,63576,63542,67482,130407,166364,58140,105128,1657727,813563,215456,112644,711590,18955,4593,161,100
2021-05-05T23:59:59+02:00,62,64,36019,38948,79219,95913,93873,124239,128680,179239,224624,251410,271844,303887,217931,276780,66743,121314,11700,11208,23025,29786,26004,42492,34205,61373,48470,62164,60938,64379,127470,162670,58042,104877,1591581,801315,210394,109085,705566,14974,3521,161,99
2021-05-04T23:59:59+02:00,62,62,34917,37846,76501,93600,90374,121200,123124,174510,214018,241145,266359,297443,216490,274937,66534,120846,11538,11007,22622,29246,25548,41722,33492,60292,47362,60893,58224,61210,125114,159742,57892,104641,1542586,789474,205283,106459,699499,11837,2869,160,96
2021-05-03T23:59:59+02:00,61,60,34051,36794,74217,91786,87501,118856,118684,170870,207368,235148,263084,293583,215692,273855,66413,120551,11295,10737,22230,28670,25068,41025,32808,59326,46340,59755,55447,57875,121348,154854,57635,104204,1510868,773667,202174,104751,694580,9076,1216,158,95
2021-05-02T23:59:59+02:00,61,60,33700,36477,73047,90885,86038,117763,116261,169005,204276,232636,262126,292495,215407,273448,66348,120443,11224,10666,22042,28460,24841,40739,32468,58922,45889,59280,54258,56417,118289,151182,57552,104074,1500287,768664,199386,99208,690714,8178,349,157,92
2021-05-01T23:59:59+02:00,60,60,33385,36105,72287,90094,84969,116724,114800,167648,201200,229607,261437,291674,215198,273167,66337,120405,11210,10651,21989,28430,24782,40701,32407,58864,45806,59205,54016,56125,118130,150986,57543,104057,1485237,767356,199384,99168,690449,8129,345,156,92
2021-04-30T23:59:59+02:00,57,58,32845,35506,71082,88873,83511,115000,111024,164089,193811,222499,259445,289310,214750,272560,66277,120299,10890,10456,21628,28152,24508,40279,32082,58301,45345,58574,53123,54964,117182,149802,57488,103938,1452393,763687,199059,97187,689652,5788,149,153,89
2021-04-29T23:59:59+02:00,55,56,31346,34559,68171,86856,79887,112403,105924,159993,181013,210966,251520,280219,213553,270929,66141,119950,10589,10245,21154,27703,24080,39781,31498,57560,44541,57639,51293,52775,115337,147569,57388,103743,1397598,754872,191782,94512,684290,3481,129,146,87
2021-04-28T23:59:59+02:00,54,54,30112,33948,66307,85549,77411,110586,102501,157144,171338,201805,240678,267636,212274,269246,65944,119622,10406,10086,20858,27352,23718,39313,31076,56908,43817,56818,49177,50163,112761,144341,57265,103531,1345026,745357,188425,89976,678920,2256,99,140,85
2021-04-27T23:59:59+02:00,51,53,29357,33266,64735,84087,75412,108781,99749,154751,166623,197087,232180,257838,211129,267634,65824,119399,10282,9975,20577,27063,23482,38985,30719,56413,43135,56128,47177,47624,110122,140913,57148,103332,1311045,735569,186126,85971,670944,1539,98,138,81
2021-04-26T23:59:59+02:00,50,53,28928,32883,63638,83204,73916,107618,97470,153043,158016,189080,227997,253000,210424,266644,65732,119201,10187,9886,20363,26877,23247,38768,30426,56075,42523,55555,45374,45480,108231,138437,57053,103179,1282151,727627,184686,82883,664219,1160,94,136,79
2021-04-25T23:59:59+02:00,50,52,28677,32647,62864,82683,72857,106886,95744,151820,152638,184216,223669,248124,209835,265865,65666,119079,10132,9852,20284,26802,23161,38687,30316,55949,42364,55396,44960,44983,107551,137530,57025,103109,1269431,725973,178553,81113,655546,1028,91,136,78
2021-04-24T23:59:59+02:00,50,51,28335,32221,61928,81463,71672,105444,94200,150168,147743,179074,220887,244797,209365,265192,65632,119029,10117,9834,20243,26760,23111,38622,30235,55863,42215,55260,44718,44676,107302,137236,57004,103081,1244614,724891,178526,80415,654267,985,90,136,77
2021-04-23T23:59:59+02:00,48,51,27589,31599,60361,79958,69886,103428,91613,147535,142976,174687,216341,239257,208709,264202,65569,118914,10065,9772,20134,26674,22980,38472,30002,55658,41853,54930,44100,43919,106242,135954,56848,102806,1219785,721549,177349,77944,645742,933,89,134,75
2021-04-22T23:59:59+02:00,46,50,26975,31000,58827,78524,67423,101214,87496,144051,134949,167206,207315,228267,206671,261572,65371,118517,9940,9676,19885,26380,22627,38039,29489,55144,41099,54296,42932,42592,104252,133509,56620,102408,1178301,714092,169914,74005,637412,809,89,129,73
2021-04-21T23:59:59+02:00,46,48,26482,30478,57502,77424,65544,99588,84466,141417,127770,160403,194258,212946,204525,258685,65146,118091,9809,9590,19654,26134,22343,37714,29138,54695,40547,53766,42088,41575,102069,130730,56367,101998,1126893,707568,167038,69931,631044,737,89,122,72
2021-04-20T23:59:59+02:00,45,47,26057,30011,56345,76283,63873,98011,81924,138844,122695,155348,182795,199502,202101,255554,64910,117668,9706,9499,19436,25945,22052,37445,28730,54285,40008,53231,41274,40646,99854,127749,56031,101461,1084336,700036,163555,66682,624278,659,87,120,68
2021-04-19T23:59:59+02:00,45,46,25690,29658,55378,75464,62591,96838,79802,136919,119178,151971,177051,192669,200394,253321,64727,117335,9598,9408,19206,25726,21808,37173,28415,53894,39498,52702,40480,39739,96760,123789,55626,100750,1059830,689708,161728,64267,617678,623,86,115,68
2021-04-18T23:59:59+02:00,44,44,25387,29398,54611,74919,61471,95893,77953,135499,115820,149580,171946,187120,199384,252098,64617,117144,9525,9334,19019,25553,21632,37007,28199,53617,39239,52452,40152,39352,95545,122246,55445,100454,1045890,685853,160061,62336,607129,608,86,114,67
2021-04-17T23:59:59+02:00,43,43,25278,29306,54240,74725,60955,95542,77300,134902,114975,148840,167697,182243,198850,251374,64582,117079,9480,9275,18881,25365,21446,36777,27972,53342,38974,52185,39853,39030,94785,121319,55381,100370,1035021,681843,160033,62022,603071,596,86,114,67
2021-04-16T23:59:59+02:00,43,43,24906,29058,53251,74119,59672,94666,75681,133573,110836,144704,160071,173474,197197,249174,64473,116871,9272,9100,18489,24939,20868,36204,26872,52444,36962,50590,36561,36119,91607,117809,54978,99715,1009159,666857,159247,55137,593556,561,86,113,65
2021-04-15T23:59:59+02:00,39,39,24432,28606,52001,72951,57715,92938,72415,130731,105369,139429,152212,164506,192545,243302,64176,116253,9098,8938,18121,24518,20375,35547,26195,51652,35572,49362,34457,34093,88503,114090,54471,98858,976970,653806,157195,49561,575641,511,85,112,63
2021-04-14T23:59:59+02:00,37,35,24091,28281,51065,72015,56378,91552,70031,128575,101382,135663,143022,154131,184811,233427,63834,115585,8695,8667,17648,24012,19839,34905,25283,50776,34287,48240,32418,31944,85529,110448,53981,98000,939128,638950,154529,45340,560405,412,84,109,62
2021-04-13T23:59:59+02:00,37,35,23853,28066,50372,71477,55435,90731,68397,127166,97659,132234,131198,141022,178425,225100,63494,114997,8461,8497,17304,23608,19419,34373,24619,49982,33222,47226,31037,30586,83385,108077,53625,97457,905916,629669,150019,40950,543911,290,84,107,60
2021-04-12T23:59:59+02:00,36,34,23644,27880,49821,70969,54571,89999,66934,125879,95031,129911,124096,132991,175203,221152,63224,114506,8224,8311,16945,23313,19050,33938,24148,49446,32554,46601,29515,29051,81728,106143,53299,96936,889529,621261,148480,37698,528019,274,83,105,58
2021-04-11T23:59:59+02:00,35,34,23470,27721,49298,70549,53842,89546,65794,125076,93177,128434,118619,126981,171287,216550,63055,114209,8091,8177,16649,23034,18732,33630,23792,49066,32108,46217,28880,28387,80708,104898,53091,96618,882069,615979,144074,35873,511682,259,80,104,57
2021-04-10T23:59:59+02:00,35,34,23409,27664,49131,70415,53643,89388,65468,124807,92654,128000,116538,124456,169848,214701,63014,114109,7504,7574,15759,22248,17776,32791,22672,48034,30998,45224,28220,27675,78617,102293,52825,96182,875088,600677,143221,35494,509157,254,75,104,57
2021-04-09T23:59:59+02:00,34,34,23163,27416,48631,69923,53005,88707,64473,123685,90830,126095,107723,113525,166474,210298,62816,113753,6546,6676,14232,20927,16057,31235,20533,46072,28800,43219,26447,25854,75118,98124,52282,95343,855705,573273,136176,33983,498862,243,68,99,55
2021-04-08T23:59:59+02:00,34,34,22868,27171,48052,69433,52254,88012,63168,122604,88418,123930,97424,101552,160942,203460,62490,113189,5904,6089,13046,19911,14800,29896,18894,44357,26304,40885,23433,22892,70475,92365,51145,93593,837074,541774,127287,32044,480843,210,58,97,55
2021-04-07T23:59:59+02:00,32,33,22558,26945,47252,68978,51331,87403,61779,121626,85283,121494,88247,91266,153948,194678,62196,112628,5524,5768,12389,19238,13988,29069,17851,43305,24397,38989,20899,20369,66523,87602,50152,91978,816710,518335,121698,29565,459440,179,54,96,54
2021-04-06T23:59:59+02:00,31,33,22348,26784,46727,68598,50742,86879,60748,120850,83178,119753,80490,82468,147591,186719,61853,112001,5332,5610,12041,18881,13637,28638,17317,42745,23535,38181,19774,19340,63370,83516,49233,90598,797455,504996,118490,26628,442022,168,50,93,52
2021-04-05T23:59:59+02:00,31,32,22249,26660,46416,68255,50359,86482,60203,120159,81999,118601,76016,77379,142597,180622,61652,111686,5194,5471,11780,18629,13343,28326,16995,42373,23090,37721,19311,18871,60493,79968,48534,89533,788037,495679,116738,23835,426798,163,47,91,52
2021-04-04T23:59:59+02:00,31,32,22201,26600,46295,67987,50190,86168,59924,119659,81492,117970,74575,75674,141896,179647,61615,111604,5190,5465,11762,18616,13332,28310,16976,42356,22992,37649,18904,18548,59056,78123,48329,89222,785503,490891,116634,23833,421605,156,43,88,50
2021-04-03T23:59:59+02:00,31,32,22139,26519,46172,67879,50028,85993,59608,119347,80924,117392,73230,74040,140781,178111,61532,111455,5181,5457,11749,18598,13309,28290,16942,42309,22887,37575,18768,18398,58706,77562,48240,89077,779145,489110,116592,23833,419658,156,42,87,50
2021-04-02T23:59:59+02:00,31,32,22062,26436,46012,67714,49811,85745,59139,118898,80046,116580,71676,72160,138503,175134,61335,111097,5162,5420,11702,18556,13255,28208,16853,42161,22615,37098,18410,18035,56366,74683,47429,87977,770044,480637,114818,23190,417732,156,40,86,48
2021-04-01T23:59:59+02:00,28,30,21867,26232,45595,67195,49167,85004,58264,117959,78164,114909,68417,68735,134425,169965,61018,110532,5015,5277,11431,18293,13032,27975,16531,41853,22114,36658,17595,17292,51532,68663,45753,85522,758412,462630,108736,21821,410544,142,35,84,47
2021-03-31T23:59:59+02:00,28,30,21541,26014,45193,66672,48674,84356,57537,117021,77007,113666,66378,66418,129670,163860,60616,109810,4937,5226,11334,18175,12872,27825,16292,41583,21521,36148,16467,16389,46331,62260,44378,83550,748673,444338,101588,20876,404422,139,30,82,43
2021-03-30T23:59:59+02:00,28,29,21363,25793,44795,66053,48169,83560,56830,115970,75872,112290,64542,64400,125297,158112,60149,108910,4870,5141,11229,18049,12680,27636,15964,41260,20945,35599,15631,15587,43573,58853,43263,81756,738506,432478,97373,19515,396482,110,26,77,42
2021-03-29T23:59:59+02:00,27,29,21166,25555,44335,65502,47693,82870,56096,114896,74649,110857,62056,61659,118565,149476,59379,107517,4773,5071,11124,17937,12527,27470,15717,40940,20488,35130,14979,15047,40987,55874,42158,79936,717990,421291,93953,18839,390581,95,26,77,41
2021-03-28T23:59:59+02:00,27,29,20961,25267,43837,64818,47179,82129,55417,113890,73709,109751,60797,60224,113861,143504,58935,106760,4718,5013,10978,17792,12273,27171,15526,40694,20321,34898,14740,14803,39907,54456,41810,79398,711460,416980,86645,17513,383187,75,26,76,38
2021-03-27T23:59:59+01:00,27,29,20841,25111,43545,64452,46817,81600,54917,113201,73039,109014,59643,59142,112378,141799,58868,106680,4705,5001,10951,17773,12255,27141,15165,40267,19922,34462,14447,14591,39421,53769,41336,78581,706193,412929,85945,16859,379160,69,26,76,38
2021-03-26T23:59:59+01:00,27,28,20589,24599,42743,62750,45851,79574,53583,110185,71029,105401,57633,57264,109629,138568,58542,106165,4687,4968,10928,17721,12186,27049,15087,40158,19583,33868,13980,13942,36357,49937,39279,75340,694817,398443,82640,16641,366897,56,23,75,38
2021-03-25T23:59:59+01:00,27,26,20158,23926,41870,60986,44756,77025,52071,106662,68645,101637,55042,54629,106322,134602,57972,105176,4641,4914,10837,17618,12064,26904,14903,39939,19309,33561,13505,13452,32509,44895,36285,70808,683409,380118,78446,16044,349872,51,21,73,38
2021-03-24T23:59:59+01:00,27,26,19757,23480,41092,59717,43741,75491,50695,104743,66552,99310,52260,51719,102074,129505,57335,104099,4587,4848,10744,17478,11897,26703,14672,39657,18941,33143,13049,12999,29941,41683,33172,65974,670622,364574,73573,14943,337627,45,16,72,38
2021-03-23T23:59:59+01:00,27,26,19510,23180,40532,58808,43020,74404,49663,103233,64900,97454,49973,49377,99317,126293,56776,103260,4528,4778,10645,17354,11751,26520,14426,39345,18523,32757,12546,12492,27510,38591,29509,60084,662512,347035,70233,14354,327208,43,15,70,38
2021-03-22T23:59:59+01:00,27,26,19290,22769,39895,57928,42356,73365,48719,101851,63427,95822,48142,47495,96918,123546,56304,102488,4470,4731,10559,17239,11620,26343,14268,39105,18283,32456,12236,12119,25676,36242,25562,53712,656223,330849,67426,13802,316919,40,15,68,37
2021-03-21T23:59:59+01:00,27,26,19153,22510,39404,57175,41807,72521,48066,100697,62485,94591,47096,46472,95273,121695,55935,101909,4456,4723,10523,17191,11575,26257,14208,39015,18202,32357,12117,11988,25248,35794,25208,53154,653651,328658,65399,13388,307988,40,14,67,37
2021-03-20T23:59:59+01:00,26,26,19093,22365,39194,56680,41569,71961,47755,100060,62048,93991,46444,45706,92675,118465,55649,101423,4447,4716,10514,17179,11548,26240,14165,38979,18120,32283,11958,11827,24609,35020,24446,52069,647194,324951,64950,13199,303180,40,14,67,37
2021-03-19T23:59:59+01:00,25,25,18739,21801,38062,54558,40290,69969,46023,97975,59171,91233,42009,41839,87460,112704,54948,100343,4426,4703,10481,17131,11483,26128,14074,38810,17885,31985,11606,11546,22942,32964,22766,49509,629454,315637,57748,12837,290164,34,14,64,37
2021-03-18T23:59:59+01:00,25,24,18344,21155,36887,52404,38749,67180,43870,93509,55325,85441,37981,38042,82730,107227,53861,98684,4406,4675,10414,17028,11405,25974,13925,38621,17668,31783,11373,11363,21696,31451,21054,46911,612529,307558,52009,12227,267086,31,14,64,36
2021-03-17T23:59:59+01:00,25,23,17924,20805,36162,51486,37985,66227,42789,92157,53538,83612,35309,35258,78707,102405,52917,97211,4383,4649,10352,16934,11333,25840,13812,38432,17470,31591,11136,11140,20457,30040,19465,44511,595880,300063,47611,11520,261231,28,14,62,36
2021-03-16T23:59:59+01:00,24,23,17567,20387,35416,50418,37172,65034,41692,90485,51702,81625,33107,33240,74681,97468,52037,95898,4333,4600,10279,16806,11242,25690,13714,38195,17336,31348,10966,10963,19178,28525,17984,42188,582638,292300,42925,11086,252592,27,11,61,36
2021-03-15T23:59:59+01:00,24,23,17289,20023,34709,49440,36381,63843,40788,89006,50442,80025,31388,31403,71400,93377,51339,94766,4311,4565,10213,16683,11176,25489,13599,37908,17187,31076,10799,10805,18446,27561,16727,40327,571519,286485,39602,10437,244731,26,0,59,36
2021-03-14T23:59:59+01:00,24,22,17021,19596,33856,48232,35482,62525,39733,87179,49188,78298,30226,30172,69404,90814,50894,94090,4287,4546,10168,16606,11119,25347,13539,37686,17097,30912,10728,10720,18264,27280,16465,39767,564412,285288,37726,9303,234803,16,0,55,36
2021-03-13T23:59:59+01:00,24,22,16211,18537,32360,46202,33910,60396,37696,84116,47061,75755,28879,28822,67390,88192,50625,93699,4287,4546,10166,16600,11116,25340,13530,37680,17091,30903,10691,10688,17517,26395,15419,38315,548065,281040,37441,9302,224561,16,0,55,36
2021-03-12T23:59:59+01:00,23,22,15110,17160,29918,43554,31245,57255,34833,79260,43852,71295,26045,25632,63085,82890,49645,92294,4274,4513,10147,16538,11098,25289,13484,37562,17000,30772,10414,10461,16635,25151,14348,36792,520053,275245,36130,9291,207097,13,0,53,35
2021-03-11T23:59:59+01:00,22,22,14070,15700,27672,40862,28926,54068,32246,74872,40098,66403,22648,22157,57072,75580,47715,89454,4233,4473,10066,16419,10988,25064,13366,37252,16834,30469,10112,10249,16000,24310,13680,35518,488025,271245,34540,7850,187168,10,0,51,34
2021-03-10T23:59:59+01:00,22,22,13475,15002,26264,39246,27277,52247,30684,72554,37582,63278,19901,19608,51156,68441,46164,87115,4198,4429,9967,16252,10870,24815,13218,36832,16633,30097,9876,10066,15256,23537,13021,34493,461617,266515,32493,7106,176072,8,0,50,34
2021-03-09T23:59:59+01:00,21,21,13192,14535,25143,38208,25862,51062,29621,70901,36201,61446,18722,18484,47647,64002,45039,85327,4174,4403,9883,16085,10767,24556,13065,36515,16458,29861,9752,9964,14594,22700,12525,33719,448018,262809,29968,6274,167579,8,0,50,32
2021-03-08T23:59:59+01:00,20,21,12861,13933,24059,37101,24595,49924,28685,69417,34970,59828,17642,17605,43528,59016,43811,83343,4159,4367,9822,15887,10665,24297,12932,36158,16331,29596,9669,9880,14100,22093,12211,33280,432562,259631,27963,5883,159963,3,0,49,31
2021-03-07T23:59:59+01:00,20,21,12628,13641,23465,36251,23899,49049,28084,68546,34361,59070,17380,17355,42460,57565,43444,82779,4147,4354,9802,15845,10638,24224,12900,35988,16274,29482,9647,9851,13902,21840,12075,33078,427803,258574,26148,5543,156193,0,0,48,30
2021-03-06T23:59:59+01:00,20,20,12515,13349,23063,35518,23369,48262,27036,67020,33263,57307,16994,17026,41815,56676,43143,82311,4144,4340,9791,15819,10620,24190,12890,35946,16256,29451,9630,9810,13855,21802,11972,32868,423743,258196,26084,5259,149004,0,0,48,29
2021-03-05T23:59:59+01:00,20,20,12103,12748,22382,34314,22687,47032,26280,65391,32031,54888,16348,16194,38355,52371,40986,78868,4117,4293,9721,15719,10569,24042,12822,35751,16170,29244,9534,9741,13669,21587,11601,32257,408558,256498,24633,4410,139944,0,0,48,28
2021-03-04T23:59:59+01:00,18,20,11344,11743,21194,32586,21468,44986,24924,62739,30336,52530,15618,15477,34351,47206,37906,74180,4067,4204,9608,15429,10467,23685,12689,35221,16025,28846,9359,9588,13511,21376,11517,32112,390117,253457,22558,4318,126065,0,0,48,26
2021-03-03T23:59:59+01:00,16,20,11038,11255,20505,31369,20695,43626,24019,60990,29294,50889,15143,14975,31739,43883,34820,69412,4027,4141,9529,15260,10388,23433,12583,34800,15849,28500,9177,9462,13386,21162,11371,31842,374681,250828,21765,4155,117356,0,0,44,24
2021-03-02T23:59:59+01:00,16,20,10776,10830,19859,30401,19982,42606,23233,59603,28323,49616,14516,14328,29063,40512,30934,63194,3979,4070,9467,15095,10320,23168,12480,34368,15748,28193,9052,9360,13248,20974,11294,31697,356494,248430,20255,4154,111171,0,0,43,24
2021-03-01T23:59:59+01:00,14,19,10604,10571,19347,29598,19419,41725,22644,58533,27610,48494,14101,13873,26994,37922,26679,56310,3964,4021,9413,14940,10257,22869,12399,33991,15642,27870,8970,9300,13065,20705,11178,31514,339282,246014,19141,4154,106139,0,0,43,24
2021-02-28T23:59:59+01:00,13,19,10438,10372,18880,28952,18886,40988,22166,57681,27125,47701,13894,13632,26385,37262,26274,55708,3948,4007,9389,14908,10238,22818,12382,33921,15615,27824,8944,9276,12934,20527,11115,31364,336834,245162,18282,4118,101363,0,0,43,24
2021-02-27T23:59:59+01:00,13,18,10259,9857,18551,28085,18628,40201,21881,56697,26797,46908,13618,13331,25718,36458,25352,54289,3936,3995,9368,14888,10206,22770,12343,33839,15570,27751,8922,9260,12924,20510,11110,31357,332926,244808,17560,4011,96276,0,0,43,24
2021-02-26T23:59:59+01:00,12,17,9463,9072,17649,26645,17846,37994,20952,53846,25337,44084,13151,12930,24129,34471,23828,51983,3855,3927,9290,14727,10132,22514,12262,33474,15453,27456,8842,9179,12857,20442,11069,31288,323813,242901,17307,3937,82385,0,0,43,22
2021-02-25T23:59:59+01:00,12,17,8304,8220,16327,25041,16578,35731,19714,50959,23627,41303,12677,12529,22849,32879,22332,49698,3733,3784,9128,14414,9912,21910,12008,32622,15126,26802,8646,9028,12597,20116,10928,31019,316190,238762,16536,3083,66165,0,0,42,21
2021-02-24T23:59:59+01:00,11,16,7939,7696,15672,24005,15949,34493,19000,49446,22836,40104,12282,12193,21543,31379,20652,47071,3661,3717,8988,14123,9736,21457,11806,31996,14863,26266,8505,8891,12455,19943,10863,30808,307943,235991,15572,2156,58863,0,0,42,21
2021-02-23T23:59:59+01:00,11,16,7455,7219,14855,22828,15264,33275,18281,48036,22118,39036,11975,11869,20206,29804,19038,44514,3621,3642,8868,13921,9598,21060,11618,31420,14564,25764,8335,8749,12327,19733,10793,30577,299830,233165,14772,1493,51285,0,0,42,21
2021-02-22T23:59:59+01:00,10,14,7348,7013,14471,22210,14914,32547,17819,47030,21624,38303,11777,11620,19458,28797,17724,42560,3591,3540,8731,13629,9434,20558,11363,30679,14191,25168,8088,8556,12128,19480,10689,30274,293971,229858,14162,308,47193,0,0,40,21
2021-02-21T23:59:59+01:00,10,14,7258,6888,14150,21768,14495,31964,17404,46378,21187,37809,11671,11519,19295,28584,17477,42227,3552,3500,8649,13506,9358,20342,11292,30387,14070,24899,8026,8494,12072,19373,10618,30111,292830,228021,13790,294,43561,0,0,40,21
2021-02-20T23:59:59+01:00,10,14,7141,6838,14025,21688,14379,31829,17285,46228,21029,37628,11572,11435,18513,27667,16420,40757,3550,3494,8639,13498,9348,20321,11278,30362,14057,24888,8021,8485,12007,19309,10564,30043,288575,227638,13593,293,42370,0,0,40,20
2021-02-19T23:59:59+01:00,8,13,6839,6586,13671,21249,14008,31160,16811,45430,20323,36759,10970,11034,17469,26336,15262,39147,3470,3471,8563,13471,9306,20264,11240,30271,13998,24794,7978,8425,11785,19036,10371,29712,282191,225931,13218,292,37745,0,0,37,19
2021-02-18T23:59:59+01:00,8,13,6442,6111,13044,20105,13368,29785,15995,43558,19450,35180,10740,10815,16877,25580,14685,38264,3284,3334,8229,12931,9013,19514,10890,29234,13632,23967,7773,8116,11198,18084,9874,28562,278613,217412,12636,292,28848,0,0,37,18
2021-02-17T23:59:59+01:00,8,12,6277,5768,12598,19224,12879,28595,15295,41836,18803,33854,10513,10564,16121,24766,13908,37074,3035,3174,7889,12416,8712,18724,10520,28190,13241,23117,7539,7881,10641,17232,9436,27744,273947,209266,11905,290,22315,0,0,37,18
2021-02-16T23:59:59+01:00,8,12,5951,5467,12062,18388,12375,27520,14750,40457,18210,32820,10359,10459,15452,23935,13399,36285,2852,3054,7587,11965,8406,18000,10124,27101,12776,22219,7268,7587,9923,16059,8709,26194,270410,199754,11409,134,16162,0,0,35,18
2021-02-15T23:59:59+01:00,8,12,5845,5286,11767,17745,12108,26737,14402,39463,17862,32050,10234,10349,14892,23280,13038,35746,2762,2973,7396,11644,8187,17493,9823,26256,12426,21535,6987,7301,9223,15003,8194,24913,267308,192093,10806,88,12782,0,0,35,17
2021-02-14T23:59:59+01:00,8,12,5576,5171,11519,17474,11885,26301,14168,39017,17671,31773,10189,10298,14659,22941,12873,35353,2712,2935,7282,11480,8058,17287,9647,25924,12248,21233,6891,7178,9002,14619,8006,24378,266308,188857,9870,87,10783,0,0,33,17
2021-02-13T23:59:59+01:00,8,12,5516,5133,11469,17438,11855,26270,14140,38985,17651,31754,10176,10271,14632,22909,12861,35336,2708,2932,7277,11473,8046,17267,9632,25889,12221,21190,6861,7144,8848,14406,7654,23752,266066,187355,9869,9,10555,0,0,32,16
2021-02-12T23:59:59+01:00,8,11,5000,4815,10898,17074,11537,25718,13821,38341,17322,31110,10065,10164,14448,22695,12781,35227,2658,2899,7183,11316,7945,17036,9482,25497,12004,20745,6679,6911,8487,13845,7062,22412,264369,182218,9858,7,6880,0,0,32,16
2021-02-11T23:59:59+01:00,8,10,4538,4514,10312,16393,11125,24911,13341,37077,16832,30250,9750,9903,14166,22246,12501,34541,2490,2625,6583,10124,7258,15300,8622,22883,10956,18668,6028,6198,7443,12228,6247,20092,261137,163802,8215,4,3138,0,0,30,15
2021-02-10T23:59:59+01:00,8,10,4291,4347,9977,15941,10816,24370,13029,36193,16417,29500,9536,9765,13985,22041,12409,34335,2129,2333,5646,8664,6453,13257,7631,19973,9829,16632,5483,5612,6459,10568,5471,18033,258489,144236,7716,3,836,0,0,29,2
2021-02-09T23:59:59+01:00,8,9,4228,4248,9854,15674,10707,23968,12857,35572,16205,29026,9358,9627,13790,21831,12267,34113,1733,1980,4867,7395,5681,11464,6712,17466,8742,14639,4905,4983,5412,9016,4741,15934,256044,125729,6938,1,431,0,0,28,2
2021-02-08T23:59:59+01:00,8,9,4194,4193,9761,15462,10599,23610,12738,35111,16064,28668,9266,9560,13588,21547,12158,33920,1569,1785,4310,6400,5021,9889,5890,14942,7722,12785,4345,4450,4426,7429,3978,13857,253675,108852,6424,1,425,0,0,28,2
2021-02-07T23:59:59+01:00,8,9,4029,4126,9605,15325,10497,23445,12659,34848,15952,28476,9225,9515,13443,21364,12085,33777,1354,1538,3890,5726,4607,9011,5465,13783,7236,11827,4089,4190,4196,7036,3818,13262,252576,101080,5878,1,0,0,0,28,1
2021-02-06T23:59:59+01:00,8,9,4020,4117,9595,15309,10484,23409,12637,34798,15935,28419,9205,9501,13425,21329,11980,33580,1202,1342,3657,5419,4421,8586,5245,13194,6956,11269,3952,4053,4070,6887,3539,12804,252233,96646,5593,1,0,0,0,28,0
2021-02-05T23:59:59+01:00,8,8,3947,4049,9523,15166,10417,23158,12552,34428,15820,28138,9121,9427,13352,21254,11630,32983,1061,1113,3376,4974,4161,8006,4928,12415,6570,10541,3691,3807,3909,6658,3037,11919,250346,90213,4700,0,0,0,0,27,0
2021-02-04T23:59:59+01:00,8,8,3890,3926,9403,14850,10240,22610,12364,33631,15604,27575,8997,9318,13128,20961,11517,32782,797,780,2552,3722,3226,6263,3975,9871,5244,8330,3010,3094,3284,5671,2645,10421,246402,72919,4476,0,0,0,0,26,0
2021-02-03T23:59:59+01:00,8,8,3821,3855,9300,14628,10136,22275,12231,33122,15454,27158,8888,9203,12987,20784,11442,32617,661,612,1925,2807,2493,4835,3003,7583,4012,6279,2199,2229,2399,4205,1918,7814,243675,55002,4308,0,0,0,0,26,0
2021-02-02T23:59:59+01:00,8,8,3755,3760,9200,14435,10037,21895,12088,32558,15252,26705,8763,9089,12864,20574,11359,32351,525,486,1456,2072,1905,3637,2258,5769,2992,4694,1556,1531,1637,2770,1334,5200,240459,39841,4306,0,0,0,0,26,0
2021-02-01T23:59:59+01:00,7,8,3715,3670,9120,14204,9931,21508,11950,31922,15068,26202,8645,8941,12755,20431,11308,32176,391,352,1015,1429,1255,2421,1471,3778,1858,2973,984,973,970,1691,766,3013,237320,25349,4306,0,0,0,0,25,0
2021-01-31T23:59:59+01:00,7,8,3697,3635,9067,14096,9862,21304,11884,31625,14964,26004,8589,8882,12704,20320,11263,32047,361,331,893,1239,1066,2048,1269,3226,1625,2606,886,882,866,1507,695,2707,235832,22214,4191,0,0,0,0,24,0
2021-01-30T23:59:59+01:00,7,8,3696,3632,9057,14083,9848,21281,11871,31605,14952,25990,8585,8877,12644,20256,11212,31982,344,307,833,1155,1009,1925,1205,3036,1550,2469,858,856,847,1467,680,2654,235511,21201,4140,0,0,0,0,24,0
2021-01-29T23:59:59+01:00,7,8,3636,3617,8996,14053,9819,21229,11839,31530,14904,25922,8561,8854,12457,20031,11032,31739,277,224,713,983,865,1565,1050,2646,1339,2144,769,766,798,1412,662,2601,234291,18818,4011,0,0,0,0,21,0
2021-01-28T23:59:59+01:00,7,8,3517,3531,8792,13666,9599,20717,11607,30951,14577,25423,8424,8753,12021,19410,10676,31158,131,57,294,360,377,609,460,1148,609,963,407,423,467,812,379,1571,229503,9069,3403,0,0,0,0,20,0
2021-01-27T23:59:59+01:00,7,8,3286,3396,8499,13250,9298,20094,11224,30115,14190,24686,8208,8542,11471,18604,10251,30395,79,33,203,222,243,413,306,802,430,663,309,309,347,605,284,1149,222794,6398,2794,0,0,0,0,20,0
2021-01-26T23:59:59+01:00,6,8,3120,3299,8217,12913,9035,19524,10919,29358,13793,24054,7972,8321,10893,17690,9603,29243,74,29,188,212,227,379,290,751,399,602,294,284,320,542,258,1019,216080,5869,1951,0,0,0,0,20,0
2021-01-25T23:59:59+01:00,6,8,3032,3204,7936,12432,8745,18818,10532,28356,13313,23292,7689,8120,10275,16874,9147,28342,66,21,168,191,194,323,251,631,347,497,257,240,266,465,210,831,209778,4959,406,0,0,0,0,18,0
2021-01-24T23:59:59+01:00,6,8,2988,3183,7851,12354,8671,18693,10423,28196,13185,23109,7646,8085,10210,16762,9099,28246,65,20,164,187,192,310,248,610,338,483,248,236,264,458,206,816,208473,4846,304,0,0,0,0,18,0
2021-01-23T23:59:59+01:00,6,8,2987,3182,7850,12351,8667,18683,10422,28183,13179,23104,7639,8082,10086,16596,8771,27659,64,20,164,187,191,309,246,610,336,483,248,236,264,458,206,815,207216,4838,302,0,0,0,0,17,0
2021-01-22T23:59:59+01:00,6,8,2925,3136,7726,12238,8584,18542,10312,28013,13098,22989,7609,8049,9888,16294,8253,26635,64,20,163,187,191,309,246,610,335,483,248,236,264,458,206,815,204067,4836,302,0,0,0,0,16,0
2021-01-21T23:59:59+01:00,6,8,2843,2966,7226,11324,8100,17396,9776,26388,12492,21773,7325,7721,9247,15332,7728,25563,58,18,148,173,174,278,221,534,298,443,222,209,233,378,176,684,192973,4248,302,0,0,0,0,16,0
2021-01-20T23:59:59+01:00,6,8,2484,2619,6346,9912,7355,15442,8822,23559,11382,19699,6725,7069,8153,13564,6913,23341,56,18,147,168,171,276,213,520,287,421,210,202,227,353,162,646,173154,4078,299,0,0,0,0,16,0
2021-01-19T23:59:59+01:00,6,8,2042,2264,5446,8524,6491,13548,7800,20766,10111,17459,5968,6184,6764,11372,5891,20286,40,11,98,124,115,171,150,356,188,293,133,115,139,235,113,479,150758,2760,218,0,0,0,0,16,0
2021-01-18T23:59:59+01:00,5,8,1769,1974,4691,7141,5536,11308,6602,17171,8683,14743,5085,5302,5378,9118,4817,16799,21,6,38,46,52,79,66,162,74,147,59,54,66,131,62,220,126078,1283,94,0,0,0,0,16,0
2021-01-17T23:59:59+01:00,4,8,1492,1684,4178,6347,5028,10175,6065,15597,8042,13478,4745,4953,5005,8445,4488,15792,8,2,8,15,15,28,20,51,27,56,23,23,20,31,13,47,115472,387,90,0,0,0,0,15,0
2021-01-16T23:59:59+01:00,4,7,1325,1481,3961,6026,4848,9735,5806,14931,7712,12785,4555,4725,4793,8169,4133,15188,0,0,0,1,1,2,1,1,1,2,0,1,1,0,0,1,110211,12,7,0,0,0,0,14,0
2021-01-15T23:59:59+01:00,4,7,1174,1255,3707,5604,4594,9170,5515,14092,7304,11986,4263,4431,4607,7861,3598,14142,0,0,0,0,0,0,0,0,0,0,0,0,0,0,0,0,103341,0,4,0,0,0,0,14,0
2021-01-14T23:59:59+01:00,3,4,900,942,2961,4415,3730,7354,4571,11347,5907,9640,3462,3562,3869,6635,3114,12330,0,0,0,0,0,0,0,0,0,0,0,0,0,0,0,0,84767,0,0,0,0,0,0,14,0
2021-01-13T23:59:59+01:00,3,3,765,788,2488,3683,3146,6130,3798,9406,4813,7762,2589,2649,2922,5052,2382,9426,0,0,0,0,0,0,0,0,0,0,0,0,0,0,0,0,67821,0,0,0,0,0,0,13,0
2021-01-12T23:59:59+01:00,2,3,634,657,2084,3021,2590,4982,3041,7579,3796,6098,1859,1829,1996,3417,1684,6429,0,0,0,0,0,0,0,0,0,0,0,0,0,0,0,0,51725,0,0,0,0,0,0,0,0
2021-01-11T23:59:59+01:00,1,1,493,522,1740,2445,2080,3981,2356,5761,2820,4425,1195,1131,1196,2004,924,3648,0,0,0,0,0,0,0,0,0,0,0,0,0,0,0,0,36742,0,0,0,0,0,0,0,0
2021-01-10T23:59:59+01:00,1,1,437,453,1480,2021,1739,3258,1947,4776,2344,3707,1053,1007,1051,1757,823,3195,0,0,0,0,0,0,0,0,0,0,0,0,0,0,0,0,31061,0,0,0,0,0,0,0,0
2021-01-09T23:59:59+01:00,1,1,405,409,1356,1844,1594,2968,1793,4327,2159,3376,978,936,992,1703,805,3152,0,0,0,0,0,0,0,0,0,0,0,0,0,0,0,0,28808,0,0,0,0,0,0,0,0
2021-01-08T23:59:59+01:00,1,1,308,281,1107,1501,1316,2299,1475,3548,1789,2759,845,830,904,1580,758,2999,0,0,0,0,0,0,0,0,0,0,0,0,0,0,0,0,24308,0,0,0,0,0,0,0,0
2021-01-07T23:59:59+01:00,1,0,145,76,398,507,480,788,595,1368,781,1205,467,481,560,961,465,1906,0,0,0,0,0,0,0,0,0,0,0,0,0,0,0,0,11185,0,0,0,0,0,0,0,0
2021-01-06T23:59:59+01:00,1,0,110,44,268,285,308,512,399,928,531,825,359,361,423,747,358,1439,0,0,0,0,0,0,0,0,0,0,0,0,0,0,0,0,7899,0,0,0,0,0,0,0,0
2021-01-05T23:59:59+01:00,1,0,86,31,189,230,241,426,321,819,448,705,343,345,406,714,351,1385,0,0,0,0,0,0,0,0,0,0,0,0,0,0,0,0,7042,0,0,0,0,0,0,0,0
2021-01-04T23:59:59+01:00,1,0,68,25,172,193,199,333,257,636,354,513,268,253,286,516,234,927,0,0,0,0,0,0,0,0,0,0,0,0,0,0,0,0,5235,0,0,0,0,0,0,0,0
2021-01-03T23:59:59+01:00,1,0,66,21,166,188,194,319,255,621,344,496,260,251,282,503,232,910,0,0,0,0,0,0,0,0,0,0,0,0,0,0,0,0,5109,0,0,0,0,0,0,0,0
2021-01-02T23:59:59+01:00,1,0,66,21,166,188,194,319,252,621,341,496,260,251,282,503,232,909,0,0,0,0,0,0,0,0,0,0,0,0,0,0,0,0,5102,0,0,0,0,0,0,0,0
2021-01-01T23:59:59+01:00,1,0,65,21,165,188,194,318,251,621,339,494,260,251,282,502,232,909,0,0,0,0,0,0,0,0,0,0,0,0,0,0,0,0,5093,0,0,0,0,0,0,0,0
2020-12-31T23:59:59+01:00,1,0,65,21,165,186,194,317,250,620,338,493,260,251,282,502,232,909,0,0,0,0,0,0,0,0,0,0,0,0,0,0,0,0,5086,0,0,0,0,0,0,0,0
2020-12-30T23:59:59+01:00,1,0,64,21,165,185,192,314,250,618,338,491,260,251,282,502,231,909,0,0,0,0,0,0,0,0,0,0,0,0,0,0,0,0,5074,0,0,0,0,0,0,0,0
2020-12-29T23:59:59+01:00,1,0,45,12,117,140,143,212,182,443,238,377,179,164,194,373,170,709,0,0,0,0,0,0,0,0,0,0,0,0,0,0,0,0,3699,0,0,0,0,0,0,0,0
2020-12-28T23:59:59+01:00,1,0,24,8,64,77,80,122,101,252,118,232,98,93,103,200,103,388,0,0,0,0,0,0,0,0,0,0,0,0,0,0,0,0,2064,0,0,0,0,0,0,0,0
2020-12-27T23:59:59+01:00,0,0,11,3,17,26,36,47,36,89,37,94,32,29,40,73,32,145,0,0,0,0,0,0,0,0,0,0,0,0,0,0,0,0,747,0,0,0,0,0,0,0,0
