Datum,<15_1_m,<15_1_w,15-24_1_m,15-24_1_w,25-34_1_m,25-34_1_w,35-44_1_m,35-44_1_w,45-54_1_m,45-54_1_w,55-64_1_m,55-64_1_w,65-74_1_m,65-74_1_w,75-84_1_m,75-84_1_w,>84_1_m,>84_1_w,<15_2_m,<15_2_w,15-24_2_m,15-24_2_w,25-34_2_m,25-34_2_w,35-44_2_m,35-44_2_w,45-54_2_m,45-54_2_w,55-64_2_m,55-64_2_w,65-74_2_m,65-74_2_w,75-84_2_m,75-84_2_w,>84_2_m,>84_2_w,bp_1,bp_2,mo_1,mo_2,az_1,az_2,ja,unb_1,unb_2
2021-11-24T23:59:59+01:00,69227,65517,352739,330796,458169,419517,458544,444419,510697,514892,547434,544786,362754,405369,251038,322787,73980,136353,47359,44791,300400,286504,406070,370707,415522,403268,472959,477512,519096,517029,351270,391807,244285,313162,71252,130454,4581636,4143235,540896,515951,809768,766665,338385,801,819
2021-11-23T23:59:59+01:00,67542,64034,351946,330099,457373,418566,457788,443627,510022,514180,546854,544164,362435,404940,250854,322487,73915,136224,47079,44544,299587,285855,405009,369874,414704,402582,472198,476868,518565,516538,351076,391540,244168,312978,71213,130369,4570134,4134907,540530,515691,809766,766653,338286,801,818
2021-11-22T23:59:59+01:00,66137,62745,351054,329347,456405,417572,456925,442823,509388,513423,546271,543533,362125,404522,250707,322211,73865,136081,46851,44304,298706,285191,403922,369072,413818,401930,471511,476232,518033,516126,350886,391292,244063,312831,71186,130301,4558715,4126761,540173,515494,809763,766641,338150,800,817
2021-11-21T23:59:59+01:00,65062,61683,350283,328697,455509,416698,456172,442206,508797,512831,545788,543024,361899,404192,250601,322045,73827,135988,46725,44181,298192,284817,403289,368618,413287,401499,471091,475865,517718,515847,350746,391130,243999,312716,71169,130266,4549326,4121974,539864,515309,809747,766632,338031,800,817
2021-11-20T23:59:59+01:00,64369,61048,349567,328163,454768,416002,455477,441691,508334,512403,545470,542677,361778,404041,250555,321971,73815,135961,46665,44101,297877,284562,402860,368345,412937,401252,470785,475626,517529,515708,350698,391059,243978,312688,71164,130263,4542464,4119122,539600,515189,809743,766628,337949,800,817
2021-11-19T23:59:59+01:00,63100,59774,348055,326808,453435,414684,454334,440579,507415,511472,544844,542022,361539,403756,250466,321847,73790,135905,46416,43855,296954,283924,401943,367642,412146,400636,470085,475083,517063,515379,350584,390909,243922,312617,71151,130244,4528750,4111993,539198,514932,809739,766619,337800,800,817
2021-11-18T23:59:59+01:00,61443,58178,346045,324973,451552,412558,452711,438896,506093,510145,543951,541042,361120,403242,250301,321554,73755,135773,45916,43368,295602,282767,400581,366528,410979,399637,469124,474192,516287,514806,350340,390607,243791,312426,71108,130168,4509055,4100314,538680,514571,809732,766609,337524,800,817
2021-11-17T23:59:59+01:00,60410,57161,344328,323521,449881,410800,451323,437530,504921,509071,543106,540114,360746,402787,250146,321281,73696,135633,45621,43070,294711,281990,399541,365638,410164,398896,468364,473517,515693,514300,350112,390312,243687,312243,71081,130085,4492840,4091599,538253,514320,809720,766598,337298,800,817
2021-11-16T23:59:59+01:00,59482,56310,342418,321984,447931,408983,449789,436066,503688,507896,542215,539220,360372,402326,249964,320972,73632,135497,45349,42816,293884,281301,398658,364841,409435,398264,467759,472920,515183,513850,349890,390054,243534,312064,71049,130003,4475920,4083961,537763,514087,809714,766594,337003,800,816
2021-11-15T23:59:59+01:00,58643,55528,340257,320249,445753,407044,448164,434580,502412,506669,541314,538341,360017,401938,249806,320740,73595,135395,45139,42640,293120,280723,397866,364201,408787,397707,467256,472427,514790,513485,349700,389834,243436,311906,71014,129910,4458297,4077585,537422,513880,809697,766586,336681,800,815
2021-11-14T23:59:59+01:00,57744,54648,338431,318880,443971,405419,446812,433408,501345,505663,540564,537673,359763,401641,249700,320588,73567,135325,44931,42433,292466,280197,397174,363592,408250,397213,466788,472003,514459,513146,349504,389682,243361,311803,70994,129878,4443667,4071975,537071,513730,809672,766576,336383,800,815
2021-11-13T23:59:59+01:00,57232,54177,336934,317636,442563,404220,445698,432472,500475,504949,540042,537252,359651,401505,249649,320521,73551,135309,44845,42363,292153,279918,396879,363328,408005,396995,466553,471804,514306,513010,349453,389628,243335,311766,70989,129868,4432720,4069548,536895,513656,809659,766572,336212,800,815
2021-11-12T23:59:59+01:00,56402,53352,334319,315526,440363,402393,443964,430909,499142,503663,539144,536504,359462,401252,249552,320377,73526,135278,44649,42147,291386,279309,396158,362744,407385,396499,466028,471362,513937,512724,349343,389494,243295,311703,70973,129845,4414713,4063828,536498,513473,809653,766559,335911,800,815
2021-11-11T23:59:59+01:00,55222,52143,330836,312772,437295,399590,441425,428661,497208,501862,537880,535360,359061,400763,249392,320120,73478,135182,44191,41695,290318,278402,395231,361789,406545,395684,465341,470641,513381,512230,349125,389257,243180,311541,70939,129766,4389210,4055076,535737,513118,809635,766541,335311,800,814
2021-11-10T23:59:59+01:00,54436,51483,328104,310592,434509,397190,439324,426828,495551,500326,536763,534295,358695,400320,249231,319865,73434,135081,43931,41414,289501,277647,394389,360999,405867,395012,464738,470043,512902,511782,348877,388994,243039,311371,70906,129697,4368087,4047780,535252,512888,809607,766512,334719,800,814
2021-11-09T23:59:59+01:00,53803,50839,325830,308762,432218,395333,437675,425320,494143,499049,535786,533408,358375,399976,249089,319663,73401,134987,43650,41157,288814,277073,393739,360377,405345,394470,464289,469512,512464,511346,348669,388748,242928,311212,70869,129615,4350771,4041930,534743,512467,809580,766473,334196,800,813
2021-11-08T23:59:59+01:00,53096,50164,322758,306382,429266,392926,435450,423493,492395,497540,534651,532366,357965,399581,248938,319442,73370,134903,43446,40963,288125,276438,393026,359729,404858,393942,463832,469017,512093,510956,348466,388517,242851,311078,70841,129551,4329188,4036473,534180,512187,809548,766456,333402,800,813
2021-11-07T23:59:59+01:00,52701,49787,321179,305207,427589,391493,434087,422433,491372,496722,534028,531797,357769,399349,248843,319345,73351,134856,43288,40799,287641,276019,392511,359226,404439,393560,463516,468656,511835,510710,348354,388382,242773,310990,70829,129513,4317306,4032522,533783,511964,809531,766426,332918,800,813
2021-11-06T23:59:59+01:00,52394,49497,320340,304405,426627,390728,433374,421864,490764,496236,533695,531512,357710,399279,248807,319313,73345,134847,43236,40757,287456,275852,392292,359057,404305,393436,463409,468544,511759,510644,348325,388352,242760,310974,70825,129507,4310423,4031178,533667,511930,809527,766424,332747,800,813
2021-11-05T23:59:59+01:00,51780,48879,318642,302963,424963,389174,431919,420649,489640,495229,533029,530969,357598,399121,248768,319241,73338,134828,43009,40536,286900,275427,391852,358629,403930,393087,463082,468224,511549,510454,348255,388268,242725,310925,70818,129491,4297485,4027592,533148,511742,809516,766413,332203,800,813
2021-11-04T23:59:59+01:00,51065,48193,316400,300994,422494,387110,429987,419030,488006,493875,532101,530267,357389,398873,248683,319108,73311,134768,42603,40090,285935,274550,390955,357698,403150,392327,462446,467589,511021,509994,348078,388070,242623,310753,70775,129424,4280318,4020179,532606,511463,809502,766383,330844,799,813
2021-11-03T23:59:59+01:00,50682,47809,315029,299863,420796,385835,428729,418042,487007,493044,531453,529752,357234,398705,248613,319004,73289,134719,42303,39802,285145,273883,390198,356977,402582,391785,461945,467140,510640,509662,347916,387859,242515,310600,70740,129338,4269097,4013840,532333,511311,809495,766372,330295,798,813
2021-11-02T23:59:59+01:00,50354,47485,313697,298900,419127,384637,427457,417173,485948,492320,530841,529259,357088,398519,248541,318905,73270,134655,41929,39460,284308,273187,389422,356270,401964,391227,461449,466656,510263,509269,347731,387654,242426,310454,70709,129249,4258638,4007317,532031,511120,809488,766356,329622,798,812
2021-11-01T23:59:59+01:00,49951,47108,312207,297787,417475,383520,426128,416285,484922,491596,530303,528879,356963,398391,248492,318843,73256,134620,41677,39178,283632,272576,388740,355719,401403,390777,460994,466283,509949,509005,347616,387534,242368,310340,70689,129188,4248441,4002556,531777,510901,809455,766342,328655,797,812
2021-10-31T23:59:59+01:00,49894,47074,312017,297675,417263,383400,425920,416159,484803,491514,530243,528833,356949,398383,248490,318838,73256,134618,41620,39134,283514,272508,388635,355640,401313,390718,460943,466250,509916,508980,347606,387525,242365,310335,70685,129183,4247283,4001974,531713,510861,809452,766338,328483,797,812
2021-10-30T23:59:59+02:00,49841,47034,311817,297547,416945,383240,425698,416002,484592,491354,530121,528775,356928,398359,248485,318828,73253,134612,41583,39124,283411,272436,388526,355569,401221,390652,460882,466189,509874,508961,347599,387517,242362,310329,70681,129179,4245598,4001428,531666,510800,809451,766335,328317,797,812
2021-10-29T23:59:59+02:00,49622,46803,310781,296839,415629,382364,424574,415303,483692,490730,529613,528489,356857,398286,248447,318784,73243,134591,41451,39019,282917,272067,388037,355176,400796,390356,460530,465904,509667,508809,347541,387463,242342,310290,70674,129165,4237978,3998575,531381,510642,809447,766330,327440,797,812
2021-10-28T23:59:59+02:00,49172,46374,308990,295506,413566,380952,422954,414145,482388,489750,528877,527962,356702,398118,248381,318702,73232,134549,41140,38727,281956,271220,387079,354360,400029,389697,459913,465375,509199,508490,347392,387276,242272,310192,70652,129109,4225716,3992408,530950,510337,809432,766298,325812,797,812
2021-10-27T23:59:59+02:00,48846,46052,308087,294726,412473,380079,422090,413431,481664,489211,528461,527655,356602,397947,248322,318607,73215,134512,40845,38436,281210,270536,386427,353749,399537,389207,459485,464941,508895,508204,347234,387098,242193,310068,70625,129046,4218280,3986883,530649,510145,809426,766268,325213,797,812
2021-10-26T23:59:59+02:00,48436,45639,307013,293767,411320,379139,421191,412747,480966,488610,528040,527331,356483,397820,248259,318524,73192,134463,40485,38067,280333,269602,385664,353015,398972,388643,459044,464483,508533,507900,347087,386936,242093,309913,70599,128977,4210144,3980347,530430,509981,809413,766252,324536,797,812
2021-10-25T23:59:59+02:00,48281,45504,306501,293321,410751,378719,420711,412408,480558,488327,527851,527170,356440,397763,248246,318499,73186,134456,40419,38006,280104,269414,385417,352839,398797,388507,458895,464365,508431,507824,347065,386903,242082,309894,70596,128966,4206490,3979104,530366,509937,809411,766245,324007,797,812
2021-10-24T23:59:59+02:00,48069,45321,305945,292840,410063,378205,420198,411993,480138,488009,527633,526980,356376,397678,248214,318473,73178,134443,40228,37845,279635,268943,384950,352438,398444,388188,458624,464107,508261,507643,346972,386804,242043,309829,70583,128946,4202304,3975809,530209,509801,809409,766229,323413,797,812
2021-10-23T23:59:59+02:00,48033,45288,305784,292707,409853,378060,420045,411852,480025,487918,527559,526932,356357,397654,248210,318467,73178,134440,40188,37803,279544,268835,384830,352366,398364,388112,458553,464043,508225,507611,346952,386790,242042,309823,70582,128945,4201122,3975152,530149,509736,809407,766226,323263,797,812
2021-10-22T23:59:59+02:00,47780,45054,305007,292143,408965,377370,419303,411297,479453,487440,527202,526684,356300,397585,248191,318433,73172,134428,39937,37561,278983,268310,384329,351927,397942,387745,458246,463769,507998,507440,346884,386725,242020,309781,70576,128935,4195483,3971481,529878,509569,809405,766210,322616,797,812
2021-10-21T23:59:59+02:00,47300,44598,303877,291261,407714,376382,418291,410484,478613,486782,526655,526305,356174,397447,248124,318328,73151,134372,39355,36999,277912,267253,383424,351051,397215,386971,457607,463197,507578,507076,346727,386524,241927,309623,70550,128883,4186785,3963602,529600,509194,809400,766197,321646,797,812
2021-10-20T23:59:59+02:00,47074,44343,303268,290716,407033,375760,417735,410024,478179,486407,526364,526067,356082,397325,248053,318236,73126,134312,38935,36623,277158,266494,382803,350383,396687,386365,457174,462746,507223,506754,346552,386321,241828,309482,70511,128806,4181547,3957126,529450,509018,809392,766184,321284,796,812
2021-10-19T23:59:59+02:00,46789,44066,302707,290234,406512,375284,417346,409672,477885,486128,526127,525858,355967,397196,247991,318144,73093,134259,38482,36169,276266,265660,382087,349670,396206,385823,456767,462286,506886,506430,346366,386090,241723,309333,70474,128723,4177189,3950265,529325,508845,809382,766165,320930,796,811
2021-10-18T23:59:59+02:00,46591,43869,302149,289757,405989,374833,416969,409313,477595,485882,525892,525650,355871,397090,247939,318049,73072,134217,38194,35910,275619,264969,381537,349022,395783,385332,456428,461895,506596,506153,346212,385939,241639,309206,70441,128674,4173174,3944940,529179,508661,809377,766145,320563,796,811
2021-10-17T23:59:59+02:00,46478,43751,301817,289496,405716,374574,416743,409146,477437,485719,525789,525522,355811,397036,247918,318001,73058,134181,37945,35655,275106,264463,381164,348642,395496,384992,456182,461661,506431,505980,346121,385829,241601,309138,70418,128622,4170935,3941239,529102,508503,809367,766109,320353,796,811
2021-10-16T23:59:59+02:00,46449,43718,301738,289432,405636,374513,416698,409100,477392,485681,525762,525506,355805,397028,247914,317995,73056,134179,37904,35610,274999,264353,381084,348572,395439,384919,456141,461616,506403,505956,346112,385820,241598,309133,70417,128617,4170434,3940620,529083,508442,809367,766107,320282,796,811
2021-10-15T23:59:59+02:00,46299,43558,301302,289085,405262,374189,416399,408840,477146,485455,525601,525372,355753,396988,247897,317963,73047,134164,37672,35363,274436,263767,380675,348177,395096,384575,455863,461333,506205,505786,346050,385745,241558,309086,70412,128596,4167585,3936854,528960,508228,809363,766097,319972,796,811
2021-10-14T23:59:59+02:00,45967,43220,300508,288379,404596,373523,415877,408370,476713,485035,525282,525089,355637,396858,247839,317868,73016,134101,37115,34799,273186,262497,379865,347209,394408,383739,455215,460687,505779,505367,345816,385519,241446,308926,70381,128545,4162029,3928124,528693,507724,809344,766039,319368,796,809
2021-10-13T23:59:59+02:00,45654,42940,299926,287821,404102,373004,415469,407965,476375,484699,525016,524838,355513,396711,247771,317769,72990,134043,36784,34515,272416,261689,379257,346459,393885,383105,454790,460223,505412,504999,345639,385319,241349,308734,70345,128466,4157373,3921755,528509,507451,809337,765993,318943,796,809
2021-10-12T23:59:59+02:00,45326,42661,299268,287272,403576,372463,415059,407575,476066,484389,524763,524603,355407,396575,247724,317680,72963,133993,36488,34227,271581,260826,378562,345734,393343,382539,454370,459792,505050,504651,345416,385099,241243,308581,70305,128357,4152671,3915143,528332,507223,809328,765969,318587,795,807
2021-10-11T23:59:59+02:00,45082,42436,298679,286787,403082,372000,414647,407212,475761,484080,524521,524404,355296,396453,247653,317585,72927,133927,36202,33971,270826,260091,377888,345056,392853,381984,453988,459343,504717,504349,345223,384904,241147,308430,70262,128270,4148490,3909248,528150,506941,809317,765943,318129,795,807
2021-10-10T23:59:59+02:00,44921,42301,298319,286501,402736,371689,414412,406960,475582,483885,524377,524272,355246,396398,247629,317547,72909,133898,36034,33844,270347,259671,377427,344589,392523,381641,453699,459058,504494,504172,345127,384802,241091,308361,70245,128237,4146060,3905629,528007,506818,809305,765908,317763,795,807
2021-10-09T23:59:59+02:00,44891,42275,298216,286422,402646,371630,414346,406907,475532,483837,524350,524252,355237,396383,247627,317543,72908,133897,35984,33790,270229,259566,377327,344491,392440,381565,453641,459004,504458,504141,345117,384788,241085,308353,70244,128235,4145530,3904922,527970,506745,809302,765896,317650,795,807
2021-10-08T23:59:59+02:00,44650,42066,297707,286013,402188,371253,414041,406609,475249,483600,524135,524083,355175,396322,247592,317492,72890,133882,35776,33512,269663,259003,376901,344057,392061,381184,453364,458678,504277,503982,345053,384705,241051,308308,70233,128223,4142115,3901084,527840,506581,809298,765877,317244,795,806
2021-10-07T23:59:59+02:00,44267,41638,296725,285137,401395,370479,413395,405989,474733,483109,523729,523758,355047,396149,247500,317381,72858,133815,35124,32851,268276,257607,375907,342871,391254,380184,452653,457928,503728,503481,344797,384425,240913,308129,70174,128132,4135187,3891396,527605,505388,809290,765835,316570,795,805
2021-10-06T23:59:59+02:00,44005,41377,296014,284543,400870,369972,412988,405556,474371,482793,523455,523505,354916,395997,247425,317261,72834,133738,34796,32538,267535,256795,375364,342207,390778,379640,452230,457478,503378,503124,344624,384215,240801,307984,70145,128053,4130302,3885288,527471,505274,809283,765800,316076,795,805
2021-10-05T23:59:59+02:00,43688,41080,295303,283858,400233,369348,412467,405069,473986,482388,523169,523200,354770,395840,247347,317116,72805,133642,34495,32223,266717,255950,374676,341468,390238,379028,451726,457011,503027,502766,344431,383995,240690,307811,70097,127979,4124867,3878830,527334,505129,809276,765778,315341,795,805
2021-10-04T23:59:59+02:00,43410,40840,294457,283149,399498,368744,411954,404587,473566,481990,522865,522925,354637,395665,247273,316994,72775,133550,34191,31905,265798,255014,373949,340686,389637,378430,451250,456473,502637,502397,344239,383764,240534,307646,70057,127892,4119565,3872119,527180,505016,809266,765738,314374,794,805
2021-10-03T23:59:59+02:00,43249,40690,294051,282728,399074,368376,411632,404330,473346,481752,522688,522760,354554,395568,247226,316912,72768,133512,34010,31771,265304,254587,373491,340275,389282,378037,450977,456163,502389,502165,344114,383618,240473,307551,70039,127862,4116671,3868536,527077,504903,809240,765683,313733,794,805
2021-10-02T23:59:59+02:00,43213,40653,293927,282601,398954,368285,411546,404248,473284,481695,522652,522729,354540,395544,247225,316909,72766,133510,33963,31733,265165,254455,373391,340185,389204,377958,450921,456110,502358,502127,344102,383595,240471,307544,70037,127862,4115966,3867839,526999,504846,809238,765660,313583,794,805
2021-10-01T23:59:59+02:00,43002,40397,293303,282038,398387,367777,411085,403856,472946,481424,522384,522544,354455,395466,247196,316860,72754,133492,33664,31441,264502,253805,372900,339748,388818,377581,450595,455794,502133,501930,344026,383529,240445,307499,70028,127845,4111999,3863949,526854,504689,809229,765604,312788,794,805
2021-09-30T23:59:59+02:00,42597,39994,292162,280932,397361,366788,410265,403050,472275,480741,521867,522123,354283,395257,247103,316731,72729,133423,33126,30895,263300,252636,372028,338818,388105,376752,449990,455140,501657,501529,343857,383305,240365,307340,69999,127792,4104143,3856854,526509,503683,809208,765520,311320,792,805
2021-09-29T23:59:59+02:00,42253,39688,291382,280182,396614,366072,409709,402465,471771,480250,521504,521809,354102,395052,247028,316598,72700,133357,32824,30586,262541,251873,371383,338157,387643,376172,449563,454682,501305,501184,343684,383125,240272,307177,69977,127734,4098190,3851349,526350,503531,809200,765452,310288,792,804
2021-09-28T23:59:59+02:00,41917,39373,290505,279350,395805,365349,409097,401897,471244,479736,521119,521450,353892,394833,246932,316442,72660,133254,32513,30316,261676,251084,370669,337513,387130,375637,449118,454225,500951,500834,343504,382922,240176,307032,69950,127678,4091856,3845812,526221,503382,809192,765397,309072,792,804
2021-09-27T23:59:59+02:00,41500,38991,289608,278506,395001,364629,408530,401307,470762,479210,520715,521120,353733,394635,246846,316322,72631,133166,32192,29956,260645,250156,369795,336706,386462,374955,448572,453680,500542,500472,343321,382689,240086,306898,69925,127614,4086175,3839605,526054,503230,809185,765288,307276,792,804
2021-09-26T23:59:59+02:00,41126,38685,289030,277969,394494,364179,408186,400955,470458,478919,520503,520930,353624,394535,246802,316252,72612,133125,32033,29822,260134,249693,369344,336306,386117,374580,448278,453387,500335,500284,343229,382597,240028,306825,69909,127578,4082449,3836617,525910,503079,809159,765172,306342,792,804
2021-09-25T23:59:59+02:00,41071,38625,288860,277801,394337,364056,408067,400865,470363,478834,520441,520887,353612,394515,246793,316243,72610,133122,31990,29767,259968,249539,369196,336179,385995,374481,448206,453285,500272,500250,343209,382574,240018,306812,69909,127576,4081687,3835899,525835,503019,809156,765140,305899,792,804
2021-09-24T23:59:59+02:00,40872,38411,288218,277142,393683,363486,407536,400378,469911,478425,520140,520643,353506,394430,246752,316191,72604,133097,31730,29508,259297,248849,368582,335633,385544,374039,447787,452924,499948,500003,343092,382468,239975,306758,69897,127552,4077892,3832162,525685,502915,809146,765070,304170,792,803
2021-09-23T23:59:59+02:00,40235,37741,286502,275469,392197,362119,406343,399163,468859,477456,519384,519959,353206,394154,246621,315975,72561,132980,31335,29089,257994,247757,367424,334640,384603,373209,446972,452188,499350,499487,342855,382225,239863,306609,69871,127476,4067962,3826055,525276,502641,809134,764970,300008,792,803
2021-09-22T23:59:59+02:00,39899,37422,285498,274479,391325,361264,405588,398388,468191,476849,518842,519517,352974,393885,246512,315777,72511,132893,31047,28825,257209,247004,366669,333947,383971,372612,446457,451664,498882,499137,342650,382015,239758,306471,69838,127412,4061056,3820923,525054,502468,809112,764854,298044,791,803
2021-09-21T23:59:59+02:00,39481,36940,284408,273390,390348,360352,404820,397626,467561,476257,518390,519084,352750,393619,246410,315599,72457,132780,30728,28546,256340,246144,365893,333229,383326,372004,445955,451178,498465,498737,342456,381806,239652,306307,69804,127325,4053421,3815265,524892,502269,809101,764775,296304,791,803
2021-09-20T23:59:59+02:00,39126,36662,283262,272307,389288,359410,403990,396812,466855,475637,517891,518628,352503,393390,246301,315416,72413,132683,30343,28175,255213,245154,364900,332379,382527,371228,445230,450591,497999,498292,342226,381589,239546,306119,69768,127247,4046335,3808731,524743,502093,809087,764570,293847,791,802
2021-09-19T23:59:59+02:00,38965,36527,282666,271893,388710,358916,403580,396414,466512,475322,517622,518394,352415,393265,246261,315337,72402,132645,30226,28055,254699,244714,364393,331949,382101,370886,444860,450245,497713,498068,342117,381460,239489,306033,69759,127216,4042979,3805876,524598,501910,809063,764271,292639,791,802
2021-09-18T23:59:59+02:00,38910,36456,282503,271732,388509,358752,403396,396270,466401,475208,517554,518335,352399,393252,246253,315328,72400,132641,30095,27924,254384,244365,364139,331695,381862,370694,444697,450111,497618,497979,342087,381434,239470,306014,69756,127208,4042020,3803987,524483,501829,809060,764258,292167,791,801
2021-09-17T23:59:59+02:00,38577,36090,281596,270899,387714,357992,402668,395612,465784,474682,517171,517972,352250,393106,246190,315258,72376,132609,29827,27657,253639,243680,363448,331096,381269,370188,444227,449698,497280,497691,341966,381299,239420,305935,69743,127186,4036662,3800193,524147,501425,809051,764227,290110,790,801
2021-09-16T23:59:59+02:00,38005,35493,280002,269322,386351,356532,401455,394288,464763,473699,516396,517273,351932,392777,246059,315070,72330,132517,29389,27234,252489,242661,362479,330156,380435,369322,443559,449001,496763,497242,341739,381077,239322,305806,69712,127126,4025713,3793546,523392,501023,809010,764079,287570,790,799
2021-09-15T23:59:59+02:00,37626,35182,278870,268223,385448,355552,400592,393422,464087,473009,515861,516755,351709,392487,245890,314898,72296,132404,29087,26945,251629,241847,361691,329356,379746,368643,442988,448482,496254,496801,341529,380838,239186,305661,69689,127049,4018159,3787865,523101,500788,808997,764005,285466,790,799
2021-09-14T23:59:59+02:00,37313,34875,277897,267256,384501,354687,399854,392650,463478,472354,515329,516300,351463,392244,245760,314727,72253,132335,28811,26706,250845,241053,360955,328684,379135,368042,442444,447970,495833,496416,341333,380623,239075,305515,69665,126994,4011295,3782724,522769,500565,808967,763855,283655,789,798
2021-09-13T23:59:59+02:00,36925,34479,276649,265986,383543,353640,399074,391767,462781,471631,514801,515795,351240,391991,245637,314572,72214,132262,28350,26283,249716,239998,360129,327896,378532,367388,441885,447443,495376,496036,341138,380394,238975,305368,69636,126940,4003050,3775776,522044,500280,808934,763758,282365,789,797
2021-09-12T23:59:59+02:00,36781,34350,276064,265545,383066,353192,398684,391339,462453,471329,514587,515578,351133,391878,245591,314498,72204,132227,28192,26164,249183,239584,359621,327450,378162,367032,441580,447149,495126,495812,341013,380261,238917,305280,69621,126896,3999841,3772733,521877,500087,808897,763631,281289,789,795
2021-09-11T23:59:59+02:00,36702,34301,275873,265334,382840,353003,398523,391182,462318,471205,514516,515517,351103,391847,245582,314482,72202,132224,28045,26065,248900,239400,359398,327292,378012,366889,441430,447031,495058,495757,340989,380233,238909,305267,69621,126892,3998804,3771646,521788,499954,808888,763610,280675,789,793
2021-09-10T23:59:59+02:00,36371,33963,274789,264338,381879,352102,397640,390372,461517,470520,513956,515070,350895,391647,245494,314370,72184,132194,27836,25865,247987,238687,358565,326554,377224,366258,440738,446506,494565,495377,340828,380077,238828,305162,69599,126862,3993442,3768165,521645,499735,808878,763586,276728,789,792
2021-09-09T23:59:59+02:00,35933,33513,273473,263177,380826,350918,396694,389332,460713,469641,513373,514555,350654,391364,245367,314216,72149,132134,27452,25475,246910,237723,357647,325682,376402,365447,440045,445897,493978,494935,340613,379845,238707,305020,69568,126810,3985206,3762044,521341,499336,808832,763433,274041,787,787
2021-09-08T23:59:59+02:00,35530,33112,272506,262183,380015,350064,395994,388546,460077,469034,512933,514090,350451,391121,245263,314040,72120,132076,27157,25186,245983,236861,356828,324943,375716,364720,439438,445327,493528,494476,340411,379600,238594,304859,69534,126722,3978703,3756329,521116,499014,808776,763298,271940,786,785
2021-09-07T23:59:59+02:00,35155,32775,271482,261254,379176,349279,395348,387870,459544,468508,512490,513693,350259,390911,245162,313876,72087,132005,26881,24975,245104,236075,356021,324258,375063,364160,438932,444821,493082,494085,340204,379383,238507,304722,69507,126668,3972581,3751321,520872,498673,808763,763118,270033,786,784
2021-09-06T23:59:59+02:00,34756,32367,270361,260147,378223,348328,394656,387089,458940,467868,512050,513259,350038,390665,245073,313754,72057,131935,26645,24763,244331,235314,355271,323598,374446,363568,438467,444313,492671,493699,339993,379176,238429,304588,69478,126612,3965329,3746484,520733,498428,808714,762988,268158,786,784
2021-09-05T23:59:59+02:00,34600,32219,269949,259731,377906,347981,394358,386770,458704,467629,511873,513080,349966,390571,245031,313692,72041,131908,26509,24608,243899,234919,354871,323212,374090,363255,438205,444064,492473,493490,339894,379058,238386,304524,69461,126580,3962709,3743841,520629,498153,808686,762849,267351,785,784
2021-09-04T23:59:59+02:00,34541,32181,269780,259598,377784,347853,394229,386664,458627,467544,511822,513034,349954,390553,245024,313680,72041,131907,26471,24555,243730,234774,354709,323045,373942,363138,438113,443962,492406,493441,339873,379038,238378,304512,69461,126579,3961994,3743050,520575,498015,808681,762826,266931,785,784
2021-09-03T23:59:59+02:00,34223,31865,268878,258790,377039,347184,393635,386072,458050,467060,511360,512697,349783,390374,244958,313574,72018,131873,26147,24213,242708,233913,353910,322330,373269,362484,437460,443373,491916,493027,339676,378839,238292,304406,69441,126552,3957595,3738746,519871,496474,808653,762753,264676,785,784
2021-09-02T23:59:59+02:00,33856,31524,267816,257904,376169,346341,392894,385313,457359,466424,510826,512264,349517,390121,244835,313395,71993,131794,25847,23948,241680,233108,353014,321547,372524,361769,436742,442744,491349,492568,339429,378576,238184,304254,69416,126474,3951589,3733538,519582,495989,808617,762426,261913,785,783
2021-09-01T23:59:59+02:00,33528,31156,266959,257061,375405,345669,392361,384760,456885,465940,510438,511913,349337,389929,244746,313277,71969,131733,25459,23546,240587,232047,352141,320688,371830,361072,436125,442139,490821,492082,339199,378310,238053,304101,69390,126420,3946108,3726719,519396,495444,808581,762211,260331,785,778
2021-08-31T23:59:59+02:00,33130,30812,266085,256141,374658,344944,391778,384171,456368,465451,509981,511545,349143,389733,244650,313129,71937,131689,25174,23250,239632,231149,351327,319934,371163,360432,435566,441627,490298,491680,338997,378094,237965,303950,69356,126364,3940503,3721377,519205,495057,808555,761789,258425,783,778
2021-08-30T23:59:59+02:00,32583,30325,264776,254954,373653,344021,390957,383351,455609,464736,509417,511045,348913,389512,244557,312975,71901,131620,24854,22931,238468,230158,350317,319034,370369,359686,434859,441040,489742,491165,338741,377848,237839,303772,69315,126287,3932981,3715305,519088,494614,808510,761535,255660,782,775
2021-08-29T23:59:59+02:00,32393,30134,264204,254443,373168,343602,390573,383008,455311,464447,509186,510820,348815,389403,244507,312911,71891,131596,24628,22716,237750,229516,349701,318486,369870,359214,434426,440660,489430,490905,338600,377692,237778,303698,69297,126262,3929867,3711398,518967,494213,808479,761274,254429,782,775
2021-08-28T23:59:59+02:00,32303,30038,263975,254264,372990,343448,390417,382885,455186,464327,509110,510767,348790,389380,244496,312899,71890,131593,24563,22612,237431,229256,349449,318289,369649,359048,434243,440495,489302,490813,338558,377651,237758,303672,69295,126258,3928822,3709817,518926,494096,808473,761248,253865,782,775
2021-08-27T23:59:59+02:00,32073,29787,263329,253697,372475,342925,389944,382432,454729,463929,508734,510481,348660,389244,244438,312813,71871,131573,24416,22461,236826,228755,348831,317781,369176,358614,433788,440139,488997,490563,338428,377533,237703,303608,69284,126251,3925003,3706580,518857,493881,808415,761189,252184,782,774
2021-08-26T23:59:59+02:00,31690,29399,262324,252714,371616,342107,389185,381685,454040,463251,508180,510000,348427,388984,244317,312695,71843,131512,24066,22096,235340,227386,347591,316585,368052,357615,432910,439327,488325,489987,338139,377212,237541,303438,69254,126206,3918792,3698183,518612,493231,808376,760828,249500,782,772
2021-08-25T23:59:59+02:00,31324,29065,261398,251849,370857,341325,388521,380985,453400,462658,507619,509542,348188,388726,244193,312531,71808,131444,23460,21521,233284,225517,346095,315176,366858,356414,431905,438365,487522,489256,337757,376821,237386,303204,69210,126118,3913032,3686156,518479,492823,808346,760676,246882,780,769
2021-08-24T23:59:59+02:00,31005,28797,260665,251066,370249,340690,387980,380407,452916,462143,507205,509167,347979,388500,244076,312367,71782,131372,23143,21205,232070,224447,345126,314252,366068,355660,431230,437712,486961,488708,337477,376509,237254,303045,69186,126054,3908071,3678952,518190,492372,808326,760369,245082,780,763
2021-08-23T23:59:59+02:00,30482,28267,259275,249746,369212,339769,387140,379611,452136,461460,506552,508596,347695,388215,243936,312177,71755,131311,22833,20906,230583,223123,343806,313177,365116,354806,430368,436949,486255,488137,337171,376175,237117,302853,69160,125995,3900582,3671504,518041,491891,808291,760081,241714,779,762
2021-08-22T23:59:59+02:00,30336,28153,258864,249374,368854,339435,386868,379344,451898,461215,506360,508444,347596,388119,243895,312120,71738,131285,22651,20723,229857,222439,343109,312512,364575,354297,429926,436542,485931,487868,337004,375990,237053,302748,69142,125959,3898338,3667079,517891,491422,808251,759780,240706,778,757
2021-08-21T23:59:59+02:00,30085,27948,258366,248909,368536,339114,386611,379083,451692,461037,506211,508305,347541,388063,243873,312082,71735,131276,22375,20469,229113,221785,342619,312112,364170,353884,429561,436234,485701,487671,336919,375922,237026,302705,69136,125947,3895776,3664085,517747,490216,808243,759724,239983,778,757
2021-08-20T23:59:59+02:00,29893,27749,257706,248241,367795,338480,385929,378550,451094,460536,505733,507982,347395,387903,243818,311985,71718,131241,21970,20128,227303,220160,341204,310910,363049,352921,428603,435431,484979,487118,336675,375673,236923,302585,69111,125917,3892271,3655799,517422,489050,808230,759357,237107,776,757
2021-08-19T23:59:59+02:00,29560,27435,256716,247388,366787,337685,385137,377855,450382,459897,505166,507496,347154,387638,243709,311837,71684,131168,21475,19635,224531,217722,338884,309065,361338,351436,427196,434158,483818,486160,336254,375247,236729,302338,69077,125848,3886719,3641383,517054,487280,808187,758881,234010,775,756
2021-08-18T23:59:59+02:00,29273,27174,255919,246681,366079,337063,384552,377279,449778,459396,504692,507080,346882,387398,243591,311689,71652,131102,21097,19262,222050,215193,336821,307301,359681,349780,425664,432825,482671,485121,335735,374693,236497,302041,69027,125754,3881578,3628080,516874,483336,808158,758494,231942,774,755
2021-08-17T23:59:59+02:00,28954,26898,255134,245958,365455,336378,383988,376718,449284,458908,504256,506660,346676,387187,243475,311557,71625,131048,20625,18827,219298,212435,334739,305469,357982,348309,424223,431546,481544,484128,335238,374150,236263,301748,68973,125678,3876498,3612966,516573,480552,808132,758064,230227,773,751
2021-08-16T23:59:59+02:00,28661,26635,254437,245304,364880,335821,383524,376253,448845,458465,503836,506296,346491,386979,243376,311392,71594,131008,20070,18343,216120,209357,332443,303343,356454,346853,423015,430399,480593,483282,334847,373701,236077,301477,68934,125588,3872065,3595493,516417,479844,808105,757713,228478,773,749
2021-08-15T23:59:59+02:00,28464,26472,253938,244856,364444,335428,383162,375913,448547,458204,503593,506096,346378,386860,243326,311312,71583,130987,19285,17613,212096,205290,330537,301716,355186,345621,421983,429456,479805,482619,334513,373365,235950,301300,68910,125538,3869185,3577792,516272,478928,808067,757381,227307,773,746
2021-08-14T23:59:59+02:00,28395,26413,253690,244657,364207,335249,382986,375762,448389,458073,503475,505988,346328,386827,243308,311289,71580,130982,18959,17315,211018,204184,329709,300950,354462,344938,421485,428994,479416,482297,334374,373237,235912,301243,68901,125521,3868001,3571071,516197,478557,808061,757303,226607,773,746
2021-08-13T23:59:59+02:00,28137,26170,252981,244067,363704,334820,382547,375325,447950,457706,503136,505729,346200,386677,243243,311211,71568,130953,18355,16758,209123,202392,328274,299625,353189,343740,420431,428051,478665,481651,334129,372945,235799,301100,68883,125467,3864155,3559076,516124,477951,808051,757110,225061,770,743
2021-08-12T23:59:59+02:00,27937,25943,252254,243429,363082,334225,382006,374833,447413,457255,502713,505371,346017,386476,243141,311104,71555,130905,17771,16260,206518,200112,325387,297071,351166,341932,418917,426793,477438,480579,333676,372411,235554,300823,68843,125384,3860161,3541584,515932,476770,808013,756079,222817,768,741
2021-08-11T23:59:59+02:00,27701,25696,251521,242735,362456,333641,381477,374348,446946,456823,502302,504939,345789,386234,243024,310970,71528,130850,16951,15572,203460,197119,322194,294119,348986,339861,417409,425379,476155,479287,333132,371765,235304,300416,68793,125255,3855280,3519646,515712,475698,807973,755135,221279,765,740
2021-08-10T23:59:59+02:00,27455,25437,250684,241994,361735,333077,380926,373793,446445,456339,501845,504533,345591,386036,242937,310831,71505,130806,16154,14787,199249,192969,317509,289880,345984,337071,415277,423428,474547,477824,332442,371090,235005,300007,68736,125136,3850159,3489408,515421,474584,807935,753979,219717,763,740
2021-08-09T23:59:59+02:00,27257,25236,250054,241417,361147,332587,380475,373409,446029,455987,501498,504245,345428,385887,242871,310719,71485,130770,15160,13843,194696,188363,311781,285117,343214,334568,413354,421646,472920,476353,331795,370395,234729,299635,68677,125001,3846402,3458926,515241,471806,807902,752885,218218,761,734
2021-08-08T23:59:59+02:00,27083,25077,249570,241002,360745,332225,380121,373115,445724,455722,501253,504053,345320,385777,242808,310640,71468,130736,14938,13648,193342,186987,310148,283769,341887,333395,412469,420884,472345,475833,331532,370122,234601,299466,68651,124949,3843782,3449734,515083,470436,807848,752396,216983,760,733
2021-08-07T23:59:59+02:00,26934,24901,249039,240553,360344,331885,379783,372830,445430,455485,501026,503877,345247,385682,242774,310589,71460,130725,13766,12603,189657,183391,308096,281910,340162,331866,411129,419615,471414,475036,331176,369747,234470,299277,68617,124912,3840909,3430044,514976,469100,807835,752183,216100,760,730
2021-08-06T23:59:59+02:00,26708,24666,248169,239880,359556,331270,379104,372251,444773,454958,500489,503485,345013,385478,242675,310474,71449,130703,12858,11776,185903,179826,304611,279086,338033,330020,409521,418265,470115,474067,330795,369359,234310,299124,68592,124865,3838311,3410651,513606,467365,807823,751078,212615,760,727
2021-08-05T23:59:59+02:00,26383,24342,246987,238937,358652,330389,378272,371517,444024,454264,499819,502940,344728,385173,242561,310298,71408,130640,11852,10842,181409,175868,299202,274653,333896,326443,406699,415767,467849,472280,330125,368653,234048,298750,68531,124754,3831891,3382600,513339,462640,807753,747357,209593,760,726
2021-08-04T23:59:59+02:00,26010,23999,245841,237943,357643,329470,377491,370804,443390,453661,499238,502408,344455,384904,242438,310125,71381,130569,11037,10130,177916,172552,295417,271504,329472,322525,404440,413665,466131,470724,329429,367953,233771,298397,68471,124652,3825349,3355336,512996,460865,807719,745604,206936,756,725
2021-08-03T23:59:59+02:00,25546,23577,244471,236754,356723,328631,376775,370108,442731,452999,498636,501870,344163,384604,242309,309948,71337,130501,10474,9629,174414,169094,291291,267838,324347,317898,401683,411101,463787,468619,328592,367085,233421,297925,68403,124513,3817383,3323132,512831,458979,807670,743524,205026,755,723
2021-08-02T23:59:59+02:00,25228,23270,243414,235788,355866,327869,376069,369507,442151,452445,498110,501420,343899,384327,242191,309792,71311,130442,9918,9087,170764,165489,286575,263853,318458,312930,398915,408536,461547,466619,327817,366241,233125,297526,68341,124395,3810993,3289555,512580,456992,807610,740989,203141,754,716
2021-08-01T23:59:59+02:00,25069,23079,242780,235178,355263,327352,375622,369108,441715,452122,497762,501139,343757,384160,242115,309676,71297,130416,9651,8878,169207,164027,284079,261842,313808,309206,397046,406951,460065,465366,327381,365754,232953,297308,68312,124336,3807273,3271567,512274,454840,807516,738533,201770,750,708
2021-07-31T23:59:59+02:00,24959,22974,242434,234857,354979,327124,375378,368937,441524,451968,497654,501035,343724,384120,242095,309663,71296,130410,8415,7781,165423,160170,281245,259283,311711,307200,395644,405663,458917,464375,327061,365376,232819,297134,68286,124290,3805640,3248566,512084,453899,807510,737738,201120,749,708
2021-07-30T23:59:59+02:00,24668,22714,241627,234131,354396,326592,374884,368464,441058,451563,497290,500744,343586,383979,242050,309583,71283,130394,7477,6911,161666,156394,277839,256157,308675,304370,393406,403540,457065,462786,326549,364843,232608,296842,68253,124232,3801517,3223405,511713,452690,807489,734534,199508,748,706
2021-07-29T23:59:59+02:00,24320,22372,240088,232853,353221,325514,373914,367545,440196,450764,496473,500117,343252,383665,241912,309396,71245,130327,6492,6036,156799,151893,272434,251950,302747,299570,389025,400033,454006,460369,325712,363994,232295,296431,68193,124132,3793884,3189335,511030,447805,807402,729413,196071,747,706
2021-07-28T23:59:59+02:00,24018,22083,238930,231810,352334,324670,373162,366848,439554,450091,495902,499622,342995,383363,241774,309209,71210,130253,6000,5593,153017,148226,267916,248266,298285,295592,385744,397162,451906,458511,325047,363228,232026,296042,68129,124006,3787094,3158436,510487,445872,807324,726761,194132,747,703
2021-07-27T23:59:59+02:00,23745,21856,237918,230831,351480,323921,372453,366251,438963,449472,495375,499164,342745,383055,241640,309014,71174,130154,5431,5066,147971,143084,261967,243111,292965,290807,381717,393450,448717,455690,324060,362123,231661,295538,68037,123848,3780750,3116687,509929,443564,807266,723009,192476,745,701
2021-07-26T23:59:59+02:00,23512,21616,236939,229843,350684,323211,371839,365690,438404,448982,494920,498789,342510,382813,241513,308855,71150,130096,5008,4705,143610,138675,256388,238302,287777,286319,377234,389475,445186,452652,323100,361153,231330,295056,67962,123710,3775024,3077104,509297,441302,807182,718643,191070,742,700
2021-07-25T23:59:59+02:00,23153,21315,235594,228683,349735,322435,371155,365023,437823,448438,494453,498381,342309,382595,241423,308725,71129,130032,4753,4472,141755,136907,253681,236068,285257,284207,375087,387686,443087,450846,322578,360631,231123,294826,67937,123633,3767903,3061957,508917,439111,807114,714270,189666,741,700
2021-07-24T23:59:59+02:00,22903,21119,234664,227817,349010,321780,370580,364500,437294,447999,494091,498103,342193,382496,241379,308663,71126,130021,4431,4187,138852,134100,250941,233739,282686,281978,372821,385824,441845,449858,322227,360293,230978,294647,67918,123599,3763866,3043563,508150,436082,807099,713926,187817,741,700
2021-07-23T23:59:59+02:00,22485,20730,233157,226468,347676,320830,369526,363629,436408,447211,493393,497570,341955,382223,241289,308551,71105,129985,4007,3795,133352,129244,245550,229412,278189,278171,369113,382610,439187,447649,321523,359566,230722,294335,67864,123518,3756354,3007873,507678,434303,807043,711781,184296,741,700
2021-07-22T23:59:59+02:00,21978,20254,231048,224482,345920,319279,368019,362330,435088,446059,492408,496667,341520,381771,241113,308302,71061,129904,3585,3451,128990,125170,239529,224886,271781,273084,362198,377097,433713,443120,320334,358300,230281,293809,67770,123363,3743860,2965639,506088,428299,806910,705450,181509,740,698
2021-07-21T23:59:59+02:00,21469,19730,229156,222656,344213,317739,366395,360753,433510,444672,491180,495496,340967,381244,240865,308017,71007,129809,3382,3254,125217,121585,234051,220635,266229,268544,354052,370145,429088,439370,319212,357149,229817,293242,67689,123182,3732808,2930004,502330,417383,806683,700660,178209,740,696
2021-07-20T23:59:59+02:00,21166,19450,227687,221168,342969,316557,365427,359872,432643,443879,490454,494851,340625,380869,240717,307796,70978,129719,3121,2963,120865,117332,227681,215442,260387,263353,346918,364025,424378,435044,318113,355890,229400,292651,67591,122998,3723434,2886090,501924,410138,806551,696256,176064,738,695
2021-07-19T23:59:59+02:00,20852,19153,225948,219470,341648,315296,364383,358891,431826,443098,489782,494229,340326,380502,240565,307564,70933,129622,2925,2754,118100,114719,223274,211845,255757,259391,343189,360842,421750,432853,317387,355159,229100,292257,67516,122874,3712808,2860943,501499,404745,806456,691921,174469,736,693
2021-07-18T23:59:59+02:00,20698,19020,224644,218190,340019,313860,363307,357956,431000,442371,489243,493685,340092,380216,240436,307388,70911,129560,2833,2661,116593,113325,220600,209649,253392,257278,340934,358982,419711,431156,316894,354669,228940,292039,67495,122806,3703299,2848586,500963,400454,806380,688212,173090,734,690
2021-07-17T23:59:59+02:00,20299,18597,223488,217130,339438,313318,362714,357441,430479,441920,488825,493396,339988,380098,240394,307332,70908,129549,2569,2404,114520,111218,218135,207340,250918,255077,338499,356837,418257,429890,316556,354277,228805,291871,67472,122766,3697710,2831022,500760,397722,806354,687422,171626,731,690
2021-07-16T23:59:59+02:00,19755,18083,220948,214983,337696,312014,361202,356145,429010,440716,487727,492538,339583,379727,240224,307173,70883,129513,2302,2163,111400,108408,213354,203396,246368,251434,334186,353126,414907,427164,315633,353343,228455,291453,67418,122685,3687493,2803249,499999,395354,806195,683600,165354,730,689
2021-07-15T23:59:59+02:00,19113,17455,218156,212556,335786,310300,359606,354701,427664,439525,486779,491682,339178,379299,240021,306918,70841,129408,2125,2022,107483,105169,204950,197121,238835,245809,327563,347867,407815,420696,313886,351523,227906,290781,67346,122486,3672387,2756474,499397,386882,806077,676148,162221,727,687
2021-07-14T23:59:59+02:00,18267,16729,215709,210224,334076,308763,358196,353353,426435,438323,485748,490722,338723,378835,239780,306606,70787,129320,1973,1877,103857,101811,198443,191926,233097,241123,323255,344373,403631,417061,312570,350207,227495,290220,67262,122331,3657417,2722692,498809,381325,805953,669328,159500,726,682
2021-07-13T23:59:59+02:00,17613,16071,213521,208195,332471,307378,356855,352114,425255,437228,484782,489859,338282,378361,239577,306359,70752,129227,1860,1768,100087,98257,191930,186492,225940,235044,316555,338293,395209,409179,310765,348277,226890,289425,67149,122129,3643528,2679728,498247,368612,805795,659825,157406,726,677
2021-07-12T23:59:59+02:00,16594,15135,210223,205004,330402,305635,355269,350636,424009,436017,483795,488959,337864,377885,239399,306130,70712,129149,1780,1697,96976,95529,186626,182172,218946,229350,309700,332244,390094,404895,309024,346405,226297,288689,67049,121958,3624977,2641295,497688,361455,805614,651386,155606,723,674
2021-07-11T23:59:59+02:00,16085,14658,208860,203724,329647,304907,354601,350003,423439,435509,483345,488612,337670,377679,239338,306024,70690,129109,1746,1671,95551,94235,183826,179854,215932,227047,307003,330083,387250,402501,306541,343776,225919,288219,66995,121860,3618675,2626230,497045,359454,805479,640865,153769,716,670
2021-07-10T23:59:59+02:00,15610,14198,207009,201930,328172,303633,353461,349022,422705,434910,482868,488213,337501,377514,239272,305938,70680,129089,1705,1624,94242,92958,181278,177727,212890,224557,304469,327915,386082,401461,305894,343104,225739,288031,66979,121833,3610056,2609376,496399,359223,805244,639104,151085,715,670
2021-07-09T23:59:59+02:00,15285,13917,205095,200084,326562,302169,352387,348054,421798,434191,482292,487733,337293,377290,239176,305818,70665,129055,1031,968,91443,90230,177735,174491,208535,220392,299437,323304,382631,398473,304795,341871,225433,287661,66941,121768,3600864,2580304,495528,357153,805047,631488,148479,711,670
2021-07-08T23:59:59+02:00,14816,13489,201598,197087,323239,299484,350001,346060,420081,432726,480857,486663,336847,376846,238997,305570,70620,128977,913,857,87135,86452,170479,168805,200386,213982,292049,317170,375658,392244,302059,338938,224652,286721,66824,121508,3585444,2533984,491474,348472,804528,621095,143540,710,669
2021-07-07T23:59:59+02:00,14314,13035,197850,193211,320056,296611,347678,344003,418519,431249,479648,485559,336366,376279,238805,305297,70581,128871,779,761,83447,82996,163159,163074,191315,206786,284045,310591,368606,385415,298738,335311,223740,285617,66682,121260,3564073,2485895,490101,335008,804140,611067,140596,708,666
2021-07-06T23:59:59+02:00,13854,12661,194412,189829,316785,293864,345198,341706,416800,429682,478376,484422,335861,375716,238608,305007,70528,128786,657,643,79871,79409,156462,157546,183891,200573,275089,302624,362101,379309,295533,332056,222853,284522,66574,121031,3544152,2433257,487024,328015,803722,601536,138163,705,666
2021-07-05T23:59:59+02:00,13456,12324,190006,185577,312714,290516,342680,339364,415116,428128,477226,483345,335388,375195,238428,304761,70495,128700,581,548,76796,76570,151325,153446,179117,196442,268163,296342,355981,373762,292252,328605,221965,283399,66464,120860,3521235,2394096,485855,323517,803225,591162,134059,700,662
2021-07-04T23:59:59+02:00,13277,12165,186159,181695,310068,288477,341361,338284,414231,427347,476642,482849,335164,374939,238341,304634,70469,128646,549,519,74607,74689,148207,150864,176775,194393,265707,294280,352856,371544,288932,325200,221384,282729,66408,120738,3508941,2380239,484558,321214,802661,579597,129538,700,661
2021-07-03T23:59:59+02:00,12081,11107,179722,175687,305790,285014,339016,336107,412414,425539,475425,481793,334764,374493,238167,304387,70445,128603,518,500,72824,73107,145775,148978,174330,192306,262637,291553,350569,369686,287171,323212,221116,282365,66376,120689,3482511,2364457,483148,321012,802480,575101,123345,700,661
2021-07-02T23:59:59+02:00,10981,10014,176002,172215,303360,282805,337258,334395,411162,424348,474649,481101,334505,374178,238053,304205,70417,128555,479,449,70122,70413,141841,145680,169874,188249,256577,286096,345331,364970,283911,319478,220475,281590,66327,120604,3464361,2331148,481664,318216,802297,562503,120807,695,646
2021-07-01T23:59:59+02:00,9883,9085,172320,168758,299312,279496,334758,332118,409362,422765,473553,480139,334085,373715,237852,303935,70371,128475,407,375,65220,65685,135497,140326,162572,181728,246299,277220,334515,355152,279120,314195,218620,279329,66148,120291,3441745,2274656,479562,305835,801951,544747,117641,695,641
2021-06-30T23:59:59+02:00,9393,8692,169041,165667,293679,274858,331074,328772,407589,421225,472530,479167,333664,373227,237660,303634,70337,128386,325,314,62079,62831,129845,135639,155915,175719,236229,268055,321090,341857,273896,308635,216727,277001,65980,119969,3416580,2219516,477386,293006,801661,525873,113872,694,639
2021-06-29T23:59:59+02:00,8855,8169,165232,161876,289126,270577,327502,325466,405472,419136,470979,477750,333075,372587,237405,303279,70282,128277,267,243,59279,59824,124887,131208,149880,170181,224361,257333,312515,333473,267430,301441,214749,274539,65777,119622,3388968,2160130,475384,288332,801335,508448,110245,692,635
2021-06-28T23:59:59+02:00,8450,7789,161897,158408,284077,266248,324190,322616,403326,417204,469490,476435,332556,371973,237172,302970,70238,128184,207,193,57000,57462,120965,127679,145520,166089,215125,248902,306712,328054,262480,296138,212984,272303,65629,119356,3364977,2124311,471412,279693,800676,491901,107028,692,633
2021-06-27T23:59:59+02:00,8302,7666,160379,156875,281966,264436,322384,321073,401622,415845,468594,475717,332265,371681,237069,302807,70219,128135,181,173,55793,56345,118830,125965,142944,163950,211003,245502,303337,325187,258663,292122,210521,269387,65518,119161,3354921,2108779,469335,276184,799630,475734,104015,691,631
2021-06-26T23:59:59+02:00,7147,6567,157107,153533,279854,262551,319964,318826,400429,414689,467894,475019,331995,371400,236962,302649,70195,128105,170,161,55245,55753,117479,124806,141514,162705,208756,243493,300801,322768,257123,290460,210185,268976,65491,119091,3335756,2091915,466503,276092,799623,473233,103879,671,614
2021-06-25T23:59:59+02:00,5925,5450,152795,149242,276452,259592,317907,316860,399116,413437,466892,474191,331706,371065,236835,302493,70168,128056,141,139,53949,54122,114988,122097,137416,158130,199974,235031,295099,316884,255396,288336,209589,268174,65420,118975,3310759,2049321,465072,274391,799572,466633,103647,671,610
2021-06-24T23:59:59+02:00,5059,4661,148340,145103,271604,255633,313623,313074,396913,411554,465515,473052,331278,370603,236666,302255,70134,127968,122,109,51295,51524,109835,117355,130052,151469,187906,224557,283669,306641,250008,282482,207749,265827,65217,118574,3279469,1987118,463062,262568,799405,452862,101949,670,607
2021-06-23T23:59:59+02:00,4838,4455,145170,141979,267896,252462,308374,308264,394420,409204,464109,471730,330749,369983,236435,301943,70086,127861,90,79,49348,49431,106029,113431,124363,145776,177994,215879,271676,294624,245389,277652,206411,264126,65055,118214,3251853,1930648,459532,252690,799244,442151,100170,668,604
2021-06-22T23:59:59+02:00,4585,4225,142088,138845,264174,249073,302242,302828,391782,406642,462565,470241,330199,369374,236215,301590,70039,127754,60,58,47651,47680,102410,110114,119549,141187,165388,204727,260751,284306,241314,273172,204487,261715,64803,117742,3219749,1872165,457591,244949,799053,431187,98891,667,595
2021-06-21T23:59:59+02:00,4326,3979,138821,135894,259457,245161,296994,297955,388731,403766,461089,468882,329678,368808,235994,301280,69999,127642,52,50,46416,46448,100017,107880,116803,138472,159157,198939,253856,277666,235955,267320,200544,257177,64618,117365,3187946,1841090,455544,239429,798849,411358,96926,662,593
2021-06-20T23:59:59+02:00,4182,3861,137307,134381,255190,241658,294402,295710,387337,402446,460297,468131,329453,368519,235882,301147,69979,127580,46,47,45279,45515,97746,106075,114516,136477,156119,196396,249537,273583,232942,263786,199555,255922,64537,117239,3170407,1820639,453776,235870,798689,403482,95390,660,586
2021-06-19T23:59:59+02:00,3766,3511,135151,132279,252437,239330,292614,294052,385490,400877,459453,467401,329232,368266,235779,301009,69959,127548,45,45,44730,44865,96468,104804,113033,135000,154607,194953,246306,270547,232215,262932,199383,255657,64515,117186,3154049,1804608,450945,234281,798678,403188,95272,660,585
2021-06-18T23:59:59+02:00,2814,2598,131861,129137,248910,236272,288596,290636,383084,398747,458112,466241,328856,367866,235624,300774,69933,127499,45,45,43944,43946,94887,103015,110729,132326,151054,190910,239430,263244,230481,260922,198894,255016,64439,117051,3128205,1775221,446504,233750,798651,396464,94987,659,583
2021-06-17T23:59:59+02:00,2578,2375,128148,125842,242869,231816,283361,286242,378283,394749,455781,464400,328259,367144,235379,300418,69868,127385,43,45,41696,42116,90825,99528,105811,127565,143173,183221,228017,251835,225268,254975,197241,252855,64180,116631,3093318,1719426,443502,229596,798388,385529,90510,609,574
2021-06-16T23:59:59+02:00,2307,2139,124907,122432,237962,227462,278652,281979,373108,390248,453183,462255,327517,366347,235087,300003,69802,127270,43,41,39859,40512,87281,96487,101445,123728,134921,175863,215893,239901,219023,247851,195313,250528,63928,116143,3059720,1659498,437950,223985,797896,377403,87900,607,571
2021-06-15T23:59:59+02:00,1918,1806,119988,117561,231972,222307,273293,276984,368037,385610,450330,459828,326646,365367,234737,299491,69720,127086,42,39,38239,38895,83946,93429,97467,119667,127852,169476,203516,227855,212978,241046,193344,248090,63618,115570,3014940,1602085,436014,218119,797333,369704,85179,606,568
2021-06-14T23:59:59+02:00,1655,1530,115928,113396,226736,217395,267926,272007,362743,380849,447206,457232,325858,364505,234427,299102,69658,126965,38,38,37259,38005,81666,91324,94751,117141,123725,165719,196905,221341,209857,237533,192208,246615,63399,115175,2972727,1572417,433658,215835,797073,362032,82427,606,564
2021-06-13T23:59:59+02:00,1582,1445,114433,112015,224281,215282,265379,269747,360486,378887,446032,456205,325581,364198,234290,298931,69626,126891,35,38,36388,37267,79802,89645,92733,115315,120897,163101,193019,217622,206760,234083,191171,245243,63166,114761,2957703,1558359,431217,208551,796772,353782,80360,605,562
2021-06-12T23:59:59+02:00,1433,1307,111781,109263,222385,213550,263990,268462,359047,377487,445138,455436,325291,363888,234198,298828,69608,126863,35,38,36018,36858,78811,88549,91472,114007,119314,161533,189449,214314,205725,232955,189773,243586,63156,114729,2941505,1545158,430238,208538,796750,346402,80219,604,561
2021-06-11T23:59:59+02:00,1287,1171,109228,106745,219482,210921,260319,265269,355905,374749,443420,453962,324853,363436,234061,298618,69581,126808,35,37,35341,35739,76798,85160,89232,110466,115196,156376,182728,206846,203629,230583,189166,242815,63093,114630,2917047,1517571,427434,207841,796567,332934,79512,603,560
2021-06-10T23:59:59+02:00,1125,1014,104472,102326,213400,206152,253253,259436,349803,369448,438922,450185,323994,362463,233741,298171,69497,126656,33,36,33759,34246,72786,80971,84303,104948,108509,148136,170341,193180,197532,223675,187434,240669,62838,114225,2873355,1470254,420316,206090,795733,305884,75370,598,555
2021-06-09T23:59:59+02:00,977,883,100545,98612,207417,201420,246431,253718,343130,363492,435237,447160,323315,361718,233469,297788,69433,126523,32,34,32219,32981,69540,78314,80600,101775,103772,143843,159172,182392,186883,211647,185565,238418,62565,113730,2834275,1416069,411779,202099,795222,294580,70703,580,548
2021-06-08T23:59:59+02:00,795,702,96006,94058,200773,195842,239466,247695,334860,356202,430126,442485,322477,360716,233094,297301,69354,126387,30,32,31143,32120,66949,76006,77308,99032,99173,139918,151543,174875,178145,201906,183753,236162,62334,113362,2782222,1376730,405999,197173,794638,283682,66169,578,540
2021-06-07T23:59:59+02:00,636,561,92777,90952,194696,191131,232904,242444,327025,350024,427070,440033,321932,360077,232877,296973,69300,126291,28,30,30265,31271,64475,74045,74347,96869,95397,136981,143441,167064,174081,197263,182319,234348,62110,112976,2743145,1349525,399819,193865,794071,272539,61335,578,539
2021-06-06T23:59:59+02:00,598,526,91195,89633,191397,188568,229544,239664,322738,346615,425628,438952,321656,359779,232769,296815,69277,126244,28,30,29662,30713,62694,72354,72257,94849,92193,133904,137733,161252,171543,194624,181208,232948,61881,112597,2727685,1337620,392415,184143,793580,262086,58572,577,532
2021-06-05T23:59:59+02:00,516,446,89248,87616,186511,184339,227074,237530,320920,344994,424630,438039,321373,359460,232619,296648,69263,126212,28,29,29200,29950,61486,70392,70853,92694,90502,131621,132959,155901,168529,190949,180722,232289,61847,112531,2704139,1313933,392282,183676,793484,256636,58178,575,529
2021-06-04T23:59:59+02:00,416,361,86885,85085,182837,180711,223055,233574,317322,341350,422266,435840,320914,358925,232424,296419,69224,126150,28,27,28728,29272,60356,68728,69550,90590,88705,128989,129576,152234,164282,186167,179729,231021,61799,112443,2674844,1294996,388455,182901,793365,246544,57723,573,525
2021-06-03T23:59:59+02:00,324,284,83595,82006,177091,176027,215767,227456,309590,334637,414503,428972,319877,357740,232053,295966,69168,126017,26,26,27837,28255,58449,66521,67144,87827,85044,124848,122790,145545,157922,178533,178151,228984,61685,112205,2625803,1265677,378199,177544,792943,233771,54734,571,515
2021-06-02T23:59:59+02:00,274,225,81507,79833,172978,172279,212104,224283,305990,331270,412448,427133,319466,357281,231900,295759,69140,125966,25,25,27365,27770,57307,65387,65524,86533,82961,122889,117795,140643,150024,169542,177426,228026,61600,112034,2596927,1233323,376808,175568,792918,230141,53779,567,503
2021-06-01T23:59:59+02:00,174,157,77233,76003,164686,165689,202726,216537,296876,323377,404228,419293,317954,355668,231358,295018,69028,125739,24,22,25810,26350,52985,62420,60668,83227,77518,118367,110353,133400,138896,156090,175311,225280,61393,111609,2538156,1182989,365135,171449,792160,218353,46861,561,490
2021-05-31T23:59:59+02:00,152,139,74486,73512,159018,161358,195404,210555,289481,316981,398480,414318,316954,354548,230970,294496,68938,125568,24,21,24896,25286,50354,60189,57485,80680,73897,115069,105835,128936,134723,151156,173935,223550,61224,111276,2497662,1160460,355727,169076,791517,207931,40996,560,480
2021-05-30T23:59:59+02:00,141,131,73432,72441,156528,159312,192770,208196,286683,314463,396593,412572,316590,354137,230809,294255,68900,125487,24,21,24288,24498,48753,58441,55734,78812,71642,112492,103167,126056,132561,148620,173140,222613,61130,111064,2481807,1150612,353199,167764,790886,196527,38085,559,466
2021-05-29T23:59:59+02:00,138,129,72822,71847,155012,157907,190470,206168,284842,312876,395756,411802,316366,353892,230728,294176,68889,125468,23,21,23961,23970,47830,56940,54386,76928,69712,109644,100840,123249,129743,145180,172484,221705,61103,111010,2467906,1136936,353038,167694,790822,185977,38058,557,460
2021-05-28T23:59:59+02:00,134,126,71737,70732,152605,155647,186788,202619,281562,309742,393893,410032,315952,353386,230582,293963,68870,125411,23,20,23425,22967,46215,54805,52546,74362,67659,105688,96499,117356,125342,140103,171506,220392,61056,110896,2444036,1114182,351983,167479,790614,171459,37676,555,452
2021-05-27T23:59:59+02:00,123,117,68416,67712,146106,150696,178593,196355,275155,304568,387578,404341,314683,351939,230121,293431,68798,125229,21,19,22096,21282,42956,51748,48656,70539,63082,99660,90127,109829,121396,135459,168691,216676,60882,110580,2399381,1085628,344347,164733,788805,151330,31938,551,442
2021-05-26T23:59:59+02:00,119,114,66258,65526,141148,146600,172482,191288,268398,298893,380836,397649,313154,350319,229626,292733,68693,125016,21,18,21350,20359,41123,49605,46297,67792,60035,95858,85531,104693,116401,129717,164876,211318,60671,110151,2362032,1053558,331124,163150,786981,139833,29207,547,434
2021-05-25T23:59:59+02:00,118,107,64227,63528,136937,143107,167429,186988,261325,292597,375403,392252,311865,348902,229212,292083,68610,124839,21,18,20770,19691,39716,48079,44455,65766,57554,92845,81437,100301,111437,123997,159305,204036,60501,109844,2324403,1021837,323610,159723,784432,130582,27567,543,426
2021-05-24T23:59:59+02:00,116,104,62979,62308,134172,140995,164146,184568,254373,286598,370455,387567,311034,347984,228927,291698,68539,124708,21,18,20424,19279,38689,46997,43105,64276,55866,90833,79190,97778,109998,122334,158693,203243,60388,109639,2300625,1012413,312484,158413,782623,123878,26012,541,416
2021-05-23T23:59:59+02:00,111,103,62478,61790,133069,140096,162945,183531,253127,285572,368862,386133,310409,347323,228754,291470,68519,124672,21,15,20190,19088,38132,46435,42343,63570,54694,89831,77689,96405,108813,120925,157711,202016,60317,109497,2289083,1004176,311895,155326,782578,122268,25877,540,405
2021-05-22T23:59:59+02:00,108,101,61781,61164,131570,139010,160567,181902,250151,283274,366379,383901,309880,346728,228577,291202,68493,124621,20,15,19870,18663,37512,45829,41704,63039,54038,89096,76915,95254,107261,119113,156936,201045,60289,109443,2271050,997449,311878,155320,782539,118822,24403,540,404
2021-05-21T23:59:59+02:00,104,99,60437,59721,128651,136405,157261,178573,244907,278502,360276,378211,308942,345631,228281,290804,68432,124513,20,15,19502,18293,36890,45053,41046,61984,53078,87696,75184,92949,104013,115157,155796,199591,60196,109267,2234891,984367,310232,154992,780959,112215,24113,535,398
2021-05-20T23:59:59+02:00,95,97,57383,56924,122901,131519,150318,172255,234583,269733,351233,369920,306398,342883,227511,289791,68300,124293,19,15,18204,17355,34710,42801,38584,59071,50246,83917,71248,88433,99868,110492,153318,196555,60012,108909,2176790,964939,303557,153028,775001,94526,21212,529,395
2021-05-19T23:59:59+02:00,93,95,55169,54730,117882,126830,143141,165631,224029,260364,340678,359000,303744,340018,226761,288742,68149,124016,19,15,17619,16567,33482,41210,37171,57000,48223,81129,67994,84851,95977,106012,149677,191806,59750,108417,2110765,941438,297298,151042,772019,85003,19390,525,377
2021-05-18T23:59:59+02:00,89,91,53065,52763,113091,122562,136744,160056,212451,249985,330788,349195,301073,337046,225880,287543,67999,123761,19,15,17097,15961,32264,39743,35807,55202,46401,78714,65098,81618,91957,101472,146470,187725,59538,107982,2050831,921114,287907,148168,768421,76339,17410,520,376
2021-05-17T23:59:59+02:00,86,87,52027,51766,110748,120494,133922,157398,205917,243961,323209,342095,299276,335072,225289,286720,67890,123549,18,15,16637,15510,31211,38695,34627,53899,44915,76912,62825,79214,87111,95595,145003,185839,59389,107669,2023967,909356,275583,140694,764988,69635,15347,514,367
2021-05-16T23:59:59+02:00,84,84,51236,51111,109298,119167,132174,155729,202940,241275,315770,335132,298252,333941,224979,286236,67837,123451,18,15,16353,15137,30458,37910,33750,52976,43849,75595,61486,77740,83694,91509,144211,184762,59303,107527,2008586,903228,265146,133925,761740,65493,13592,510,360
2021-05-15T23:59:59+02:00,83,84,50697,50476,108291,118174,131156,154611,201004,239336,312198,331912,297629,333256,224783,285965,67817,123387,18,15,16211,14973,30200,37596,33463,52540,43357,74944,60631,76751,83096,90692,143691,184095,59267,107478,1992349,897958,265124,133775,760869,64354,12881,508,355
2021-05-14T23:59:59+02:00,82,83,49435,49043,106028,116072,127552,151151,192781,232254,305879,326019,296647,332118,224497,285517,67768,123293,18,15,15710,14540,29405,36766,32675,51344,42275,73148,59055,74798,81176,88195,143079,183099,59226,107393,1954999,888237,263420,132890,756320,58911,11825,505,353
2021-05-13T23:59:59+02:00,79,81,47513,47086,102170,112829,122819,147032,182739,223657,295263,316190,293681,328697,223687,284380,67668,123085,16,14,14851,14092,28545,36062,31909,50438,41317,72049,57541,73223,77393,83835,140307,179487,59117,107177,1903331,875638,254768,125827,750085,55056,10803,499,345
2021-05-12T23:59:59+02:00,77,79,46597,46372,100246,111387,120746,145360,180173,221542,290529,310858,292520,327423,223447,284062,67630,123000,16,13,14685,13940,28221,35838,31500,50146,40866,71671,56996,72651,76038,82199,139525,178349,59030,107017,1880182,869843,252602,124027,749592,54784,9999,493,343
2021-05-11T23:59:59+02:00,73,73,44346,44894,96199,108297,114921,140624,166793,210261,278864,300089,289118,323508,222495,282664,67481,122701,15,12,14251,13373,27204,34404,30360,48334,39551,69393,55282,70379,72941,78603,138161,176510,58869,106656,1821263,857482,242859,121331,741070,46916,8513,488,342
2021-05-10T23:59:59+02:00,72,69,43090,43912,93589,106283,111654,137986,158396,203233,270979,292975,286942,321054,221923,281805,67357,122460,15,11,13906,12927,26440,33417,29564,47071,38548,67536,54051,68648,70847,76040,137016,174994,58749,106366,1785650,848576,236806,120271,734083,39712,7536,481,334
2021-05-09T23:59:59+02:00,71,69,41965,43136,90904,104516,108983,136211,153375,199804,265451,288025,285697,319660,221546,281276,67291,122313,15,11,13589,12704,25739,32746,28834,46265,37752,66571,53120,67700,69611,74634,136418,174152,58694,106235,1766270,843973,229699,119289,728073,34929,6546,472,331
2021-05-08T23:59:59+02:00,70,69,41672,42832,90053,103781,107878,135344,151921,198582,262882,285955,285194,319117,221427,281099,67275,122281,15,11,13488,12640,25603,32652,28687,46133,37561,66374,52778,67379,68645,73709,135345,172783,58647,106142,1754172,839335,229183,118535,727844,34146,6528,464,324
2021-05-07T23:59:59+02:00,68,68,40748,42114,88110,102435,105038,133117,147295,194770,256618,280437,283851,317515,221082,280646,67223,122159,15,11,12740,12157,24772,31914,27918,45068,36696,65110,51594,65860,66390,71014,133109,169954,58558,105965,1728318,829605,225971,116259,723716,27352,5579,458,321
2021-05-06T23:59:59+02:00,64,67,38101,40387,83354,98970,99031,128356,137087,186251,240166,266016,278730,311717,219793,278959,67049,121846,15,11,12055,11638,23831,30809,26916,43714,35332,63105,49851,63876,63895,67879,130997,167187,58444,105748,1662693,818471,216058,113139,712795,18976,4669,442,315
2021-05-05T23:59:59+02:00,62,65,36208,39187,79688,96377,94422,124700,129250,179711,225404,251968,272544,304579,218218,276968,66803,121324,15,10,11819,11361,23280,30079,26310,42788,34403,61702,48695,62455,61277,64759,128051,163481,58346,105497,1596426,806117,210973,109563,706744,15005,3600,438,309
2021-05-04T23:59:59+02:00,62,63,35097,38073,76951,94045,90911,121651,123670,174975,214762,241680,267056,298128,216770,275125,66594,120857,15,10,11653,11154,22866,29537,25843,42011,33675,60601,47580,61176,58549,61567,125680,160543,58197,105261,1547296,794158,205841,106921,700651,11854,2946,430,304
2021-05-03T23:59:59+02:00,61,61,34224,37020,74657,92219,88031,119293,119227,171326,208093,235670,263766,294261,215973,274038,66472,120562,15,10,11405,10881,22468,28950,25359,41307,32983,59633,46552,60029,55748,58220,121898,155643,57939,104822,1515484,778240,202723,105203,695711,9093,1295,424,294
2021-05-02T23:59:59+02:00,61,61,33869,36704,73472,91307,86551,118189,116794,169454,204990,233145,262800,293171,215688,273631,66405,120454,15,9,11332,10804,22275,28733,25123,41018,32635,59225,46094,59549,54557,56754,118823,151961,57855,104690,1504831,773181,199923,99634,691827,8188,426,415,282
2021-05-01T23:59:59+02:00,60,61,33550,36324,72707,90512,85478,117145,115321,168088,201900,230113,262108,292343,215477,273351,66394,120415,15,9,11318,10788,22221,28702,25057,40979,32572,59169,46012,59471,54315,56460,118666,151764,57846,104673,1489707,771862,199914,99594,691561,8140,419,414,280
2021-04-30T23:59:59+02:00,57,59,33005,35723,71498,89290,84010,115413,111536,164511,194491,222997,260118,289972,215028,272742,66334,120306,15,9,10993,10592,21856,28423,24779,40551,32243,58606,45544,58835,53417,55295,117714,150577,57791,104554,1456774,768167,199587,97599,690760,5794,217,410,274
2021-04-29T23:59:59+02:00,55,58,31503,34770,68562,87256,80368,112795,106410,160390,181659,211440,252181,280864,213832,271111,66200,119963,15,9,10683,10377,21376,27972,24346,40052,31652,57864,44739,57901,51581,53096,115862,148335,57690,104357,1401788,759311,192302,94916,685379,3470,192,398,271
2021-04-28T23:59:59+02:00,54,57,30268,34155,66687,85939,77883,110970,102979,157530,171955,202249,241326,268262,212551,269426,66004,119637,15,9,10493,10214,21070,27610,23977,39577,31220,57202,44005,57068,49435,50458,113277,145094,57565,104145,1349074,749671,188937,90355,680003,2245,159,391,253
2021-04-27T23:59:59+02:00,51,56,29510,33467,65101,84465,75863,109156,100209,155131,167215,197509,232812,258449,211405,267811,65884,119415,15,9,10368,10101,20786,27317,23739,39244,30858,56697,43310,56378,47425,47912,110636,141653,57446,103945,1314964,739832,186626,86340,672004,1522,157,380,236
2021-04-26T23:59:59+02:00,50,56,29079,33082,64000,83575,74358,107983,97910,153415,158595,189500,228616,253595,210698,266814,65791,119215,15,9,10273,10011,20566,27125,23499,39026,30557,56352,42691,55800,45617,45760,108741,139168,57350,103791,1285975,731849,185185,83231,665271,1140,150,365,228
2021-04-25T23:59:59+02:00,50,55,28826,32842,63217,83042,73288,107243,96173,152178,153197,184623,224280,248708,210108,266033,65725,119093,15,9,10217,9975,20486,27043,23410,38942,30448,56224,42527,55640,45204,45262,108061,138261,57322,103719,1273153,730168,179044,81462,656587,1008,147,358,227
2021-04-24T23:59:59+02:00,50,54,28479,32414,62274,81815,72100,105789,94617,150511,148283,179467,221493,245369,209639,265359,65691,119043,15,9,10203,9955,20444,26999,23354,38875,30368,56137,42376,55504,44960,44951,107810,137965,57301,103691,1248237,729066,179011,80762,655297,964,146,354,225
2021-04-23T23:59:59+02:00,48,54,27728,31790,60703,80298,70295,103767,92019,147863,143483,175065,216931,239815,208984,264371,65628,118928,15,9,10150,9890,20334,26912,23218,38724,30134,55926,42011,55173,44343,44191,106745,136677,57144,103415,1223281,725694,177826,78285,646754,912,142,351,222
2021-04-22T23:59:59+02:00,46,53,27110,31188,59164,78858,67821,101545,87878,144367,135432,167564,207900,228817,206947,261744,65429,118531,14,9,10025,9791,20080,26613,22862,38285,29616,55409,41253,54533,43181,42874,104746,134225,56915,103017,1181712,718189,170362,74356,638406,791,142,344,214
2021-04-21T23:59:59+02:00,46,49,26613,30666,57832,77748,65932,99906,84829,141724,128244,160742,194810,213478,204797,258858,65203,118105,14,9,9893,9704,19846,26361,22573,37959,29255,54955,40699,53995,42328,41851,102548,131430,56660,102601,1130160,711603,167474,70257,632027,716,142,341,206
2021-04-20T23:59:59+02:00,44,48,26185,30195,56657,76596,64250,98315,82269,139149,123152,155665,183338,200014,202369,255720,64967,117675,13,9,9788,9612,19625,26171,22277,37684,28842,54535,40156,53464,41506,40914,100322,128433,56321,102067,1087461,704007,163983,67006,625239,634,140,339,195
2021-04-19T23:59:59+02:00,44,47,25818,29836,55680,75778,62962,97137,80133,137221,119617,152270,177568,193169,200660,253489,64782,117346,13,9,9680,9518,19391,25949,22029,37409,28524,54140,39640,52929,40709,40008,97207,124432,55915,101352,1062866,693587,162146,64583,618626,594,139,330,193
2021-04-18T23:59:59+02:00,43,42,25509,29571,54908,75228,61832,96188,78269,135793,116247,149871,172451,187608,199644,252258,64670,117154,13,9,9606,9441,19200,25771,21849,37240,28308,53859,39379,52678,40380,39626,95992,122879,55731,101051,1048834,689692,160475,62654,608053,579,139,326,189
2021-04-17T23:59:59+02:00,42,41,25397,29477,54534,75026,61312,95833,77612,135188,115394,149128,168195,182719,199110,251532,64636,117089,13,9,9561,9382,19061,25582,21661,37011,28080,53584,39115,52410,40076,39301,95225,121951,55666,100967,1037923,685664,160443,62338,603975,567,139,325,188
2021-04-16T23:59:59+02:00,42,41,25022,29227,53540,74413,60022,94953,75982,133855,111242,144981,160543,173939,197451,249329,64528,116881,13,9,9355,9204,18663,25145,21069,36433,26965,52676,37082,50804,36740,36337,92026,118420,55263,100311,1011973,670501,159648,55396,594446,536,137,323,183
2021-04-15T23:59:59+02:00,40,37,24545,28778,52280,73244,58054,93225,72695,131010,105764,139700,152669,164954,192796,243456,64233,116264,13,9,9180,9040,18290,24719,20572,35766,26285,51872,35691,49572,34624,34282,88899,114671,54754,99454,979722,657332,157589,49800,576507,485,136,317,176
2021-04-14T23:59:59+02:00,38,34,24205,28451,51338,72305,56711,91832,70306,128845,101761,135920,143461,154564,185055,233578,63892,115599,13,9,8768,8765,17811,24210,20030,35109,25368,50995,34403,48450,32571,32118,85916,111014,54260,98591,941800,642359,154919,45573,561255,393,135,307,175
2021-04-13T23:59:59+02:00,38,34,23961,28228,50634,71769,55753,90995,68660,127424,98025,132475,131621,141425,178661,225254,63554,115010,13,9,8529,8588,17459,23794,19595,34562,24694,50196,33326,47427,31182,30748,83749,108606,53899,98046,908460,632901,150395,41178,544746,270,134,302,172
2021-04-12T23:59:59+02:00,38,33,23752,28037,50076,71255,54882,90256,67186,126132,95381,130147,124500,133391,175434,221307,63283,114519,13,9,8292,8399,17092,23493,19222,34124,24219,49659,32659,46798,29648,29204,82084,106664,53572,97524,892017,624423,148846,37922,528833,257,132,293,168
2021-04-11T23:59:59+02:00,37,33,23577,27870,49543,70832,54142,89796,66037,125324,93514,128663,119009,127367,171519,216702,63113,114221,13,9,8155,8265,16791,23213,18902,33807,23861,49276,32213,46412,29010,28536,81065,105416,53363,97205,884500,619110,144438,36091,512458,243,126,285,164
2021-04-10T23:59:59+02:00,37,33,23515,27812,49372,70690,53937,89634,65703,125051,92988,128222,116922,124833,170079,214848,63071,114121,13,9,7566,7658,15897,22424,17941,32966,22739,48239,31099,45414,28345,27824,78969,102807,53095,96769,877473,603753,143579,35712,509920,240,118,283,164
2021-04-09T23:59:59+02:00,36,33,23267,27561,48863,70194,53285,88936,64703,123920,91158,126311,108090,113883,166699,210439,62871,113763,12,9,6605,6756,14361,21098,16220,31406,20596,46267,28881,43401,26561,25995,75456,98618,52550,95929,857998,576233,136520,34193,499607,228,106,275,162
2021-04-08T23:59:59+02:00,36,33,22969,27313,48282,69700,52526,88237,63387,122831,88733,124138,97766,101867,161148,203590,62541,113194,12,9,5960,6166,13166,20076,14955,30066,18955,44551,26385,41068,23536,23019,70782,92809,51392,94162,839268,544551,127619,32254,481528,202,94,271,160
2021-04-07T23:59:59+02:00,34,32,22654,27084,47471,69229,51588,87612,61988,121836,85571,121684,88548,91556,154136,194804,62247,112637,12,9,5579,5841,12503,19397,14135,29234,17913,43502,24471,39170,20992,20493,66809,88023,50394,92542,818764,521012,122012,29774,460071,177,85,257,156
2021-04-06T23:59:59+02:00,33,32,22440,26925,46938,68844,50997,87082,60953,121058,83457,119934,80783,82738,147757,186831,61902,112011,12,9,5382,5682,12149,19033,13780,28796,17377,42936,23610,38355,19860,19462,63638,83912,49470,91149,799440,507594,118794,26807,442624,165,79,248,152
2021-04-05T23:59:59+02:00,33,31,22340,26800,46625,68495,50604,86678,60398,120363,82272,118780,76300,77643,142773,180739,61701,111695,12,9,5243,5543,11889,18778,13486,28480,17056,42558,23162,37895,19397,18992,60742,80349,48772,90081,789977,498227,117040,24015,427405,160,73,239,152
2021-04-04T23:59:59+02:00,33,31,22291,26735,46502,68221,50432,86363,60117,119861,81758,118147,74853,75930,142070,179765,61664,111613,12,9,5237,5534,11870,18762,13474,28463,17037,42542,23063,37823,18990,18670,59301,78497,48565,89769,787418,493420,116929,24010,422202,153,67,234,150
2021-04-03T23:59:59+02:00,33,31,22229,26654,46376,68112,50267,86186,59802,119545,81189,117569,73507,74296,140956,178229,61581,111465,12,9,5226,5525,11857,18742,13452,28443,17004,42495,22957,37748,18854,18519,58947,77931,48476,89622,781051,491624,116886,24010,420253,151,66,233,150
2021-04-02T23:59:59+02:00,33,31,22150,26567,46211,67943,50043,85936,59327,119088,80303,116755,71950,72409,138673,175248,61387,111105,12,9,5205,5486,11807,18698,13396,28361,16915,42346,22684,37271,18498,18156,56608,75041,47664,88519,771908,483132,115103,23365,418316,151,62,229,146
2021-04-01T23:59:59+02:00,30,30,21955,26361,45795,67423,49397,85192,58454,118148,78416,115084,68687,68976,134583,170072,61070,110535,12,9,5058,5342,11531,18433,13170,28123,16593,42038,22179,36827,17668,17404,51736,68984,45972,86041,760248,464971,109010,21990,411123,138,57,224,142
2021-03-31T23:59:59+02:00,29,30,21626,26142,45391,66893,48895,84539,57721,117206,77252,113843,66636,66651,129823,163952,60664,109811,11,9,4980,5289,11431,18309,13005,27968,16354,41769,21583,36309,16531,16499,46501,62551,44585,84047,750459,446536,101831,21050,404995,135,49,221,139
2021-03-30T23:59:59+02:00,29,29,21448,25917,44987,66274,48387,83736,57009,116152,76112,112463,64790,64630,125444,158201,60197,108917,11,9,4913,5203,11326,18182,12810,27777,16022,41445,21008,35763,15695,15695,43734,59134,43473,82247,740261,434655,97604,19681,397053,108,42,211,136
2021-03-29T23:59:59+02:00,28,29,21250,25678,44523,65723,47906,83040,56273,115069,74873,111023,62293,61879,118707,149578,59428,107526,11,9,4815,5131,11219,18064,12652,27610,15773,41121,20545,35294,15042,15153,41129,56138,42365,80417,719708,423403,94181,18994,391137,91,40,208,134
2021-03-28T23:59:59+02:00,28,29,21046,25386,44022,65029,47386,82294,55592,114062,73923,109912,61032,60442,113996,143607,58985,106767,11,9,4758,5070,11074,17913,12392,27310,15579,40874,20377,35060,14803,14906,40054,54724,42013,79875,713150,419074,86871,17668,383716,70,40,204,124
2021-03-27T23:59:59+01:00,28,29,20925,25227,43726,64664,47021,81764,55086,113371,73247,109174,59876,59353,112506,141900,58918,106685,11,9,4743,5058,11047,17893,12373,27279,15217,40442,19977,34622,14509,14696,39569,54037,41541,79058,707870,415013,86166,17015,379662,65,40,201,122
2021-03-26T23:59:59+01:00,28,28,20673,24714,42916,62957,46044,79738,53747,110347,71230,105556,57858,57464,109753,138666,58590,106167,9,9,4723,5025,11025,17841,12302,27186,15138,40332,19633,34027,14037,14042,36484,50185,39481,75800,696454,400444,82848,16796,367375,53,37,194,122
2021-03-25T23:59:59+01:00,28,25,20241,24041,42037,61190,44944,77182,52233,106813,68835,101790,55260,54824,106440,134697,58019,105174,9,9,4677,4969,10934,17737,12178,27042,14951,40114,19352,33717,13556,13546,32635,45129,36477,71246,685003,382048,78643,16200,350332,46,34,189,118
2021-03-24T23:59:59+01:00,28,25,19838,23591,41252,59914,43920,75638,50847,104883,66730,99454,52474,51906,102189,129606,57380,104097,9,9,4621,4901,10840,17594,12010,26838,14721,39826,18985,33296,13096,13098,30063,41912,33358,66406,672175,366465,73763,15102,338042,40,29,186,114
2021-03-23T23:59:59+01:00,28,25,19590,23287,40692,58989,43191,74537,49804,103368,65057,97590,50173,49561,99435,126394,56823,103260,9,9,4560,4829,10740,17467,11860,26652,14475,39512,18567,32906,12592,12588,27624,38797,29657,60468,663996,348790,70422,14512,327595,36,27,184,112
2021-03-22T23:59:59+01:00,28,25,19365,22866,40045,58102,42519,73492,48857,101979,63581,95956,48341,47668,97039,123654,56355,102494,6,8,4503,4783,10652,17349,11728,26474,14316,39273,18325,32603,12275,12214,25780,36427,25653,53981,657655,332390,67619,13955,317298,31,27,182,110
2021-03-21T23:59:59+01:00,28,25,19225,22604,39545,57341,41958,72643,48199,100819,62635,94721,47292,46641,95395,121803,55983,101916,6,8,4487,4774,10615,17301,11679,26387,14255,39184,18243,32502,12154,12079,25350,35978,25299,53421,655036,330182,65586,13541,308355,31,24,180,106
2021-03-20T23:59:59+01:00,27,25,19164,22459,39332,56845,41718,72082,47885,100183,62193,94119,46635,45873,92800,118571,55695,101432,6,8,4478,4765,10605,17288,11650,26369,14212,39149,18162,32426,12000,11919,24709,35206,24534,52338,648557,326472,65136,13353,303545,31,24,179,106
2021-03-19T23:59:59+01:00,26,24,18807,21892,38200,54716,40434,70087,46147,98093,59310,91362,42193,42000,87578,112815,54995,100355,6,8,4457,4750,10572,17238,11585,26256,14120,38975,17925,32126,11645,11637,23029,33142,22850,49768,630793,317105,57921,12989,290519,28,23,175,105
2021-03-18T23:59:59+01:00,26,23,18413,21241,37018,52558,38897,67296,43990,93619,55462,85562,38159,38190,82845,107337,53905,98701,6,8,4437,4721,10506,17135,11506,26100,13974,38786,17711,31923,11410,11454,21782,31618,21134,47167,613835,309011,52185,12375,267415,26,22,171,101
2021-03-17T23:59:59+01:00,25,22,17985,20888,36287,51635,38130,66338,42908,92259,53673,83736,35479,35398,78830,102507,52964,97230,5,8,4414,4693,10442,17035,11431,25966,13860,38596,17513,31730,11170,11226,20527,30199,19543,44761,597141,301474,47783,11662,261556,24,20,169,94
2021-03-16T23:59:59+01:00,24,22,17626,20468,35535,50562,37314,65138,41809,90583,51831,81749,33269,33380,74792,97541,52081,95916,5,6,4363,4641,10370,16905,11341,25813,13760,38357,17378,31486,10992,11042,19245,28674,18061,42434,583843,293667,43091,11227,252890,23,17,166,93
2021-03-15T23:59:59+01:00,24,22,17345,20102,34821,49576,36519,63944,40900,89104,50570,80145,31543,31544,71497,93443,51387,94784,5,6,4341,4606,10303,16782,11275,25612,13642,38068,17229,31212,10823,10881,18514,27707,16793,40571,572689,287828,39762,10577,245013,23,5,160,89
2021-03-14T23:59:59+01:00,24,21,17074,19675,33966,48369,35616,62628,39837,87278,49313,78415,30375,30299,69499,90879,50945,94106,5,6,4317,4587,10258,16704,11218,25470,13581,37846,17137,31048,10750,10794,18335,27426,16531,40009,565562,286625,37882,9445,235069,14,2,156,88
2021-03-13T23:59:59+01:00,24,21,16254,18610,32465,46322,34039,60487,37795,84196,47174,75854,29019,28941,67480,88254,50676,93716,5,6,4317,4586,10256,16698,11213,25461,13572,37838,17129,31038,10716,10762,17586,26538,15484,38554,549200,282364,37598,9444,224702,13,2,156,86
2021-03-12T23:59:59+01:00,23,20,15152,17234,30018,43671,31371,57343,34925,79341,43959,71383,26177,25752,63168,82945,49692,92313,5,5,4304,4551,10237,16636,11194,25408,13526,37720,17040,30907,10436,10535,16693,25285,14412,37026,521120,276540,36287,9430,207243,11,2,151,84
2021-03-11T23:59:59+01:00,22,20,14109,15771,27757,40973,29044,54157,32329,74947,40196,66489,22767,22272,57139,75621,47765,89485,5,5,4262,4510,10155,16517,11079,25182,13408,37409,16875,30600,10131,10322,16061,24439,13744,35748,489012,272528,34694,7985,187298,9,2,146,75
2021-03-10T23:59:59+01:00,22,20,13515,15070,26344,39356,27388,52329,30763,72625,37669,63360,20008,19709,51221,68479,46214,87146,5,5,4225,4466,10056,16349,10958,24930,13260,36988,16676,30226,9888,10134,15319,23666,13084,34722,462549,267781,32648,7240,176182,5,2,142,73
2021-03-09T23:59:59+01:00,21,19,13231,14605,25218,38313,25970,51145,29697,70971,36289,61523,18821,18583,47707,64025,45091,85358,5,5,4200,4440,9971,16182,10854,24670,13106,36671,16498,29989,9761,10029,14654,22826,12585,33946,448928,264059,30105,6402,167683,5,2,141,67
2021-03-08T23:59:59+01:00,20,19,12900,13994,24137,37197,24698,50003,28758,69487,35048,59903,17747,17700,43586,59044,43864,83373,5,5,4185,4404,9909,15984,10751,24407,12971,36311,16367,29723,9677,9945,14157,22219,12269,33502,433460,260856,28095,6007,160050,1,2,138,66
2021-03-07T23:59:59+01:00,20,19,12666,13699,23541,36343,23998,49123,28153,68615,34435,59142,17482,17445,42519,57592,43499,82814,5,5,4172,4389,9886,15942,10723,24332,12939,36141,16310,29609,9655,9916,13958,21963,12134,33296,428684,259786,26278,5662,156271,0,2,132,65
2021-03-06T23:59:59+01:00,19,19,12551,13407,23137,35606,23461,48330,27101,67082,33332,57375,17094,17115,41873,56701,43199,82346,5,5,4169,4375,9874,15915,10705,24298,12929,36100,16292,29578,9637,9875,13911,21925,12031,33085,424604,259406,26214,5378,149055,0,2,131,63
2021-03-05T23:59:59+01:00,19,19,12137,12803,22453,34401,22773,47100,26344,65447,32096,54957,16444,16279,38412,52402,41046,78906,5,5,4142,4327,9804,15814,10654,24150,12861,35905,16205,29372,9542,9805,13726,21714,11660,32472,409416,257709,24760,4531,139980,0,1,131,61
2021-03-04T23:59:59+01:00,17,19,11377,11789,21265,32672,21558,45050,24985,62795,30400,52597,15713,15558,34407,47234,37967,74221,5,5,4092,4235,9689,15518,10551,23792,12728,35370,16059,28968,9362,9649,13568,21504,11576,32326,390960,254642,22680,4433,126099,0,1,130,57
2021-03-03T23:59:59+01:00,15,19,11065,11290,20577,31454,20782,43687,24071,61043,29353,50954,15234,15053,31791,43908,34877,69452,5,5,4050,4170,9609,15345,10470,23537,12620,34947,15879,28620,9176,9521,13441,21284,11432,32052,375494,251979,21883,4265,117360,0,1,126,51
2021-03-02T23:59:59+01:00,15,19,10803,10860,19931,30480,20066,42665,23284,59651,28376,49677,14604,14401,29114,40541,30980,63232,5,5,4002,4098,9546,15178,10400,23272,12513,34514,15775,28310,9049,9418,13301,21092,11355,31907,357272,249560,20372,4260,111165,0,0,123,51
2021-03-01T23:59:59+01:00,13,18,10630,10600,19416,29673,19502,41780,22693,58581,27660,48552,14181,13947,27041,37957,26710,56330,5,5,3986,4048,9490,15021,10333,22972,12429,34137,15666,27986,8964,9356,13118,20823,11239,31724,340012,247120,19256,4260,106123,0,0,121,51
2021-02-28T23:59:59+01:00,12,18,10459,10397,18947,29020,18964,41040,22211,57724,27168,47755,13971,13702,26434,37297,26305,55727,5,5,3969,4034,9464,14988,10314,22920,12412,34067,15638,27938,8937,9332,12985,20642,11175,31574,337542,246259,18393,4222,101321,0,0,120,47
2021-02-27T23:59:59+01:00,12,17,10280,9882,18618,28155,18705,40251,21927,56741,26841,46967,13699,13402,25765,36496,25381,54309,5,5,3955,4022,9442,14967,10281,22873,12373,33985,15591,27864,8916,9315,12964,20617,11153,31554,333633,245894,17671,4072,96245,0,0,120,45
2021-02-26T23:59:59+01:00,11,16,9483,9098,17718,26718,17923,38045,20995,53892,25380,44147,13232,13001,24173,34506,23852,52001,5,5,3874,3953,9363,14807,10206,22617,12293,33619,15474,27571,8836,9234,12897,20548,11113,31484,324494,243986,17416,3998,82375,0,0,119,43
2021-02-25T23:59:59+01:00,11,16,8327,8246,16398,25107,16655,35794,19759,51009,23669,41364,12754,12600,22895,32916,22354,49718,5,5,3750,3807,9197,14489,9983,22009,12035,32759,15146,26914,8639,9082,12634,20223,10973,31216,316870,239826,16641,3127,66169,0,0,114,40
2021-02-24T23:59:59+01:00,10,15,7961,7722,15746,24073,16030,34558,19044,49496,22878,40165,12359,12263,21588,31421,20679,47093,4,5,3676,3737,9053,14195,9804,21551,11828,32128,14884,26377,8496,8943,12490,20050,10908,31004,308640,237036,15674,2183,58872,0,0,114,39
2021-02-23T23:59:59+01:00,10,15,7478,7244,14932,22896,15343,33341,18321,48088,22155,39093,12045,11937,20248,29849,19066,44540,4,5,3634,3660,8933,13991,9663,21152,11640,31548,14581,25873,8325,8798,12362,19839,10836,30766,300514,234179,14872,1517,51295,0,0,113,38
2021-02-22T23:59:59+01:00,9,13,7371,7038,14550,22279,14990,32614,17854,47079,21660,38359,11841,11687,19499,28836,17746,42587,4,5,3604,3558,8795,13700,9500,20649,11385,30801,14210,25273,8075,8602,12161,19584,10730,30455,294631,230851,14264,323,47194,0,0,109,38
2021-02-21T23:59:59+01:00,9,13,7280,6912,14223,21832,14571,32031,17437,46428,21220,37865,11733,11584,19337,28622,17498,42253,4,5,3564,3518,8710,13576,9419,20430,11312,30508,14086,25000,8015,8541,12103,19473,10659,30291,293479,228991,13894,305,43553,0,0,104,37
2021-02-20T23:59:59+01:00,9,13,7163,6862,14096,21752,14453,31893,17317,46275,21058,37682,11633,11499,18555,27705,16439,40782,4,5,3562,3511,8699,13568,9409,20409,11297,30483,14071,24989,8010,8532,12038,19409,10605,30222,289213,228602,13698,304,42352,0,0,102,36
2021-02-19T23:59:59+01:00,7,12,6861,6609,13742,21312,14080,31222,16844,45479,20352,36809,11026,11096,17506,26375,15283,39174,4,5,3482,3486,8623,13538,9366,20350,11259,30390,14012,24894,7968,8472,11819,19137,10412,29892,282821,226891,13321,302,37722,0,0,99,35
2021-02-18T23:59:59+01:00,7,12,6462,6136,13114,20168,13439,29850,16028,43609,19476,35228,10795,10878,16914,25622,14706,38288,4,5,3294,3348,8288,12999,9070,19597,10908,29346,13641,24062,7760,8161,11230,18182,9914,28735,279232,218329,12741,299,28834,0,0,95,34
2021-02-17T23:59:59+01:00,7,11,6296,5793,12668,19290,12946,28662,15326,41887,18827,33903,10562,10621,16158,24808,13930,37103,3,5,3044,3187,7946,12482,8769,18806,10539,28297,13254,23209,7526,7923,10674,17329,9476,27919,274563,210173,12008,294,22302,0,0,89,34
2021-02-16T23:59:59+01:00,7,11,5970,5491,12131,18457,12443,27588,14780,40512,18233,32869,10405,10516,15488,23979,13422,36318,3,5,2862,3067,7641,12026,8463,18081,10142,27203,12791,22308,7254,7627,9958,16153,8745,26366,271031,200638,11511,138,16157,0,0,83,31
2021-02-15T23:59:59+01:00,7,11,5862,5307,11833,17813,12176,26804,14431,39518,17882,32097,10275,10403,14929,23326,13061,35781,3,5,2773,2987,7446,11702,8245,17573,9839,26353,12438,21625,6984,7341,9261,15095,8232,25085,267918,192977,10908,92,12772,0,0,78,29
2021-02-14T23:59:59+01:00,7,11,5594,5189,11585,17542,11951,26370,14199,39071,17691,31820,10229,10352,14694,22985,12897,35388,3,5,2722,2949,7330,11533,8116,17365,9662,26019,12259,21322,6887,7215,9037,14712,8045,24548,266911,189723,9970,90,10775,0,0,77,26
2021-02-13T23:59:59+01:00,7,11,5534,5151,11534,17504,11920,26338,14170,39038,17671,31800,10215,10324,14667,22952,12883,35370,3,5,2718,2946,7324,11524,8104,17343,9645,25984,12232,21278,6855,7180,8881,14499,7692,23915,266662,188206,9966,8,10543,0,0,76,23
2021-02-12T23:59:59+01:00,7,10,5017,4834,10965,17140,11603,25787,13850,38397,17340,31161,10104,10217,14484,22739,12802,35262,3,5,2667,2913,7228,11365,8003,17111,9497,25592,12019,20831,6672,6944,8517,13935,7098,22569,264971,183050,9953,6,6876,0,0,75,22
2021-02-11T23:59:59+01:00,7,10,4556,4533,10377,16457,11189,24978,13371,37135,16852,30302,9789,9955,14204,22290,12521,34575,3,5,2498,2638,6627,10170,7311,15375,8634,22972,10962,18745,6018,6226,7465,12317,6280,20251,261734,164578,8311,3,3137,0,0,72,15
2021-02-10T23:59:59+01:00,7,10,4307,4366,10043,16007,10877,24440,13057,36250,16438,29552,9570,9817,14021,22084,12429,34366,3,5,2135,2345,5689,8701,6500,13328,7649,20061,9831,16700,5474,5637,6476,10654,5504,18198,259074,144972,7808,2,841,0,0,66,3
2021-02-09T23:59:59+01:00,7,9,4244,4268,9919,15738,10768,24035,12883,35632,16223,29079,9391,9676,13825,21870,12286,34142,3,5,1740,1992,4905,7430,5725,11527,6729,17539,8746,14701,4898,5007,5424,9086,4769,16076,256618,126375,7026,1,434,0,0,64,2
2021-02-08T23:59:59+01:00,7,9,4210,4214,9823,15528,10657,23674,12760,35173,16078,28719,9296,9609,13622,21585,12179,33945,3,5,1575,1795,4342,6433,5057,9946,5912,15011,7729,12840,4344,4476,4447,7491,4006,13988,254230,109466,6512,1,428,0,0,61,2
2021-02-07T23:59:59+01:00,7,9,4045,4147,9666,15394,10555,23509,12679,34911,15964,28525,9255,9563,13478,21405,12104,33801,3,5,1361,1549,3921,5760,4639,9065,5482,13843,7240,11876,4090,4215,4215,7095,3845,13388,253135,101656,5967,1,0,0,0,56,1
2021-02-06T23:59:59+01:00,7,9,4035,4138,9655,15378,10542,23474,12657,34861,15945,28469,9236,9550,13460,21370,11998,33604,3,5,1208,1354,3688,5454,4454,8640,5263,13258,6960,11318,3954,4080,4088,6946,3567,12932,252791,97233,5682,1,0,0,0,56,0
2021-02-05T23:59:59+01:00,7,8,3962,4069,9582,15235,10475,23223,12572,34493,15831,28185,9152,9475,13388,21295,11648,33009,3,4,1067,1123,3406,5007,4195,8056,4948,12479,6575,10590,3698,3833,3928,6714,3057,12040,250905,90781,4789,0,0,0,0,54,0
2021-02-04T23:59:59+01:00,7,8,3904,3944,9460,14917,10296,22675,12383,33696,15617,27621,9029,9363,13162,21000,11534,32802,3,2,804,789,2579,3752,3261,6307,3994,9928,5250,8369,3022,3119,3309,5728,2668,10543,246942,73471,4561,0,0,0,0,53,0
2021-02-03T23:59:59+01:00,7,8,3834,3871,9356,14693,10193,22338,12250,33188,15469,27205,8919,9248,13022,20824,11458,32637,3,2,667,620,1947,2831,2521,4870,3016,7625,4020,6310,2205,2245,2415,4237,1934,7892,244220,55393,4387,0,0,0,0,51,0
2021-02-02T23:59:59+01:00,7,8,3767,3775,9257,14497,10094,21959,12109,32625,15266,26754,8791,9131,12899,20617,11375,32372,2,2,531,489,1476,2095,1928,3661,2269,5799,3003,4722,1566,1546,1651,2794,1348,5249,241007,40153,4383,0,0,0,0,49,0
2021-02-01T23:59:59+01:00,6,8,3727,3683,9178,14266,9987,21574,11971,31989,15081,26249,8669,8982,12790,20473,11327,32193,1,0,394,355,1030,1446,1271,2443,1480,3798,1869,2995,996,986,979,1707,773,3036,237857,25571,4383,0,0,0,0,47,0
2021-01-31T23:59:59+01:00,6,8,3706,3647,9124,14157,9915,21368,11903,31690,14978,26053,8613,8923,12738,20360,11282,32063,1,0,363,334,906,1256,1081,2068,1278,3243,1634,2625,897,895,877,1523,702,2728,236355,22421,4266,0,0,0,0,45,0
2021-01-30T23:59:59+01:00,6,8,3705,3644,9113,14143,9901,21344,11890,31670,14966,26039,8609,8918,12669,20291,11215,31985,1,0,347,310,845,1172,1024,1944,1214,3053,1559,2489,869,869,858,1483,687,2675,236030,21408,4173,0,0,0,0,45,0
2021-01-29T23:59:59+01:00,6,8,3644,3627,9052,14114,9872,21292,11858,31594,14917,25972,8585,8895,12483,20068,11033,31741,1,0,280,226,723,997,879,1582,1059,2664,1347,2162,778,777,810,1429,669,2622,234804,19012,4044,0,0,0,0,44,0
2021-01-28T23:59:59+01:00,6,7,3526,3540,8846,13727,9651,20777,11625,31010,14589,25472,8448,8791,12049,19450,10677,31163,1,0,133,59,305,370,385,622,467,1158,614,973,411,430,476,826,384,1590,230013,9207,3430,0,0,0,0,42,0
2021-01-27T23:59:59+01:00,6,7,3295,3402,8552,13308,9351,20151,11237,30175,14202,24734,8230,8577,11499,18642,10252,30398,1,0,82,35,212,230,251,425,310,807,437,672,313,314,353,617,289,1167,223293,6517,2811,0,0,0,0,39,0
2021-01-26T23:59:59+01:00,5,7,3130,3304,8268,12966,9088,19582,10931,29417,13804,24100,7990,8353,10921,17725,9602,29246,1,0,76,31,197,220,235,390,294,754,406,610,298,288,325,553,262,1037,216561,5979,1967,0,0,0,0,35,0
2021-01-25T23:59:59+01:00,5,7,3042,3210,7984,12483,8798,18876,10544,28413,13324,23334,7707,8151,10304,16907,9146,28346,1,0,68,23,173,197,201,331,255,633,354,505,260,243,271,475,213,850,210251,5055,419,0,0,0,0,32,0
2021-01-24T23:59:59+01:00,5,7,2998,3189,7898,12403,8723,18748,10435,28253,13193,23151,7664,8113,10237,16794,9098,28251,1,0,67,22,168,192,198,317,252,611,345,491,251,239,269,468,209,835,208937,4937,314,0,0,0,0,29,0
2021-01-23T23:59:59+01:00,5,7,2997,3188,7896,12399,8718,18737,10432,28239,13187,23146,7656,8110,10112,16628,8769,27664,1,0,66,21,168,191,198,315,250,610,343,491,251,239,269,468,209,833,207673,4925,310,0,0,0,0,26,0
2021-01-22T23:59:59+01:00,5,7,2934,3142,7771,12283,8634,18594,10322,28066,13105,23031,7625,8073,9913,16324,8251,26639,1,0,66,20,167,190,197,315,250,610,342,491,251,239,269,468,209,833,204509,4920,308,0,0,0,0,21,0
2021-01-21T23:59:59+01:00,5,7,2848,2970,7271,11368,8150,17446,9785,26439,12498,21816,7341,7748,9280,15386,7737,25595,1,0,60,18,150,176,179,282,224,535,305,449,227,212,236,384,176,695,193479,4311,307,0,0,0,0,16,0
2021-01-20T23:59:59+01:00,5,7,2488,2625,6388,9957,7399,15487,8835,23612,11389,19743,6739,7096,8181,13617,6923,23374,1,0,58,18,148,171,176,280,215,521,292,427,214,205,230,359,162,657,173648,4136,303,0,0,0,0,14,0
2021-01-19T23:59:59+01:00,5,7,2049,2270,5486,8568,6536,13593,7814,20826,10119,17507,5987,6215,6802,11431,5902,20340,0,0,41,12,98,126,119,171,150,357,192,298,137,117,143,242,114,491,151310,2809,221,0,0,0,0,14,0
2021-01-18T23:59:59+01:00,4,7,1776,1981,4729,7182,5579,11359,6615,17228,8694,14789,5097,5336,5418,9179,4833,16862,0,0,22,7,39,47,54,79,66,163,76,148,63,56,68,135,62,223,126640,1309,95,0,0,0,0,14,0
2021-01-17T23:59:59+01:00,3,7,1501,1694,4214,6388,5070,10226,6079,15660,8054,13525,4759,4989,5043,8504,4506,15861,0,0,8,2,9,15,16,29,20,50,29,58,25,23,20,31,13,47,116054,395,89,0,0,0,0,13,0
2021-01-16T23:59:59+01:00,3,6,1335,1491,3997,6067,4890,9787,5819,14997,7724,12831,4567,4760,4828,8227,4153,15258,0,0,0,0,0,1,1,2,1,1,1,2,0,1,1,0,0,1,110787,12,9,0,0,0,0,13,0
2021-01-15T23:59:59+01:00,3,6,1185,1264,3741,5643,4633,9218,5528,14156,7318,12031,4276,4463,4638,7918,3616,14212,0,0,0,0,0,0,0,0,0,0,0,0,0,0,0,0,0,0,103897,0,4,0,0,0,0,13,0
2021-01-14T23:59:59+01:00,3,4,912,949,2993,4454,3766,7400,4584,11409,5921,9681,3474,3590,3895,6687,3133,12404,0,0,0,0,0,0,0,0,0,0,0,0,0,0,0,0,0,0,85297,0,0,0,0,0,0,13,0
2021-01-13T23:59:59+01:00,3,3,776,794,2520,3717,3179,6172,3811,9459,4828,7797,2603,2675,2937,5097,2399,9485,0,0,0,0,0,0,0,0,0,0,0,0,0,0,0,0,0,0,68286,0,0,0,0,0,0,12,0
2021-01-12T23:59:59+01:00,2,3,643,662,2108,3047,2619,5017,3051,7611,3808,6125,1872,1853,2011,3457,1700,6483,0,0,0,0,0,0,0,0,0,0,0,0,0,0,0,0,0,0,52108,0,0,0,0,0,0,0,0
2021-01-11T23:59:59+01:00,1,1,498,526,1756,2469,2097,4010,2363,5786,2832,4446,1206,1146,1206,2039,938,3693,0,0,0,0,0,0,0,0,0,0,0,0,0,0,0,0,0,0,37038,0,0,0,0,0,0,0,0
2021-01-10T23:59:59+01:00,1,1,440,457,1493,2042,1754,3283,1953,4800,2352,3727,1065,1020,1062,1791,837,3240,0,0,0,0,0,0,0,0,0,0,0,0,0,0,0,0,0,0,31334,0,0,0,0,0,0,0,0
2021-01-09T23:59:59+01:00,1,1,409,412,1368,1865,1608,2992,1800,4352,2167,3397,992,951,1007,1738,819,3197,0,0,0,0,0,0,0,0,0,0,0,0,0,0,0,0,0,0,29090,0,0,0,0,0,0,0,0
2021-01-08T23:59:59+01:00,1,1,312,282,1117,1517,1328,2321,1479,3570,1795,2778,856,843,919,1614,771,3040,0,0,0,0,0,0,0,0,0,0,0,0,0,0,0,0,0,0,24555,0,0,0,0,0,0,0,0
2021-01-07T23:59:59+01:00,1,0,147,77,408,516,489,803,598,1379,783,1213,470,488,567,975,468,1920,0,0,0,0,0,0,0,0,0,0,0,0,0,0,0,0,0,0,11305,0,0,0,0,0,0,0,0
2021-01-06T23:59:59+01:00,1,0,113,45,279,295,316,527,403,935,535,835,364,366,430,757,361,1453,0,0,0,0,0,0,0,0,0,0,0,0,0,0,0,0,0,0,8018,0,0,0,0,0,0,0,0
2021-01-05T23:59:59+01:00,1,0,88,33,199,239,249,439,325,824,451,713,348,350,413,725,354,1399,0,0,0,0,0,0,0,0,0,0,0,0,0,0,0,0,0,0,7153,0,0,0,0,0,0,0,0
2021-01-04T23:59:59+01:00,1,0,70,27,179,200,206,344,261,640,357,523,273,257,293,528,237,943,0,0,0,0,0,0,0,0,0,0,0,0,0,0,0,0,0,0,5341,0,0,0,0,0,0,0,0
2021-01-03T23:59:59+01:00,1,0,68,23,171,194,201,328,259,624,348,505,265,255,289,515,235,926,0,0,0,0,0,0,0,0,0,0,0,0,0,0,0,0,0,0,5209,0,0,0,0,0,0,0,0
2021-01-02T23:59:59+01:00,1,0,68,22,171,193,201,327,255,624,345,505,265,255,289,515,235,925,0,0,0,0,0,0,0,0,0,0,0,0,0,0,0,0,0,0,5198,0,0,0,0,0,0,0,0
2021-01-01T23:59:59+01:00,1,0,67,21,170,192,200,324,254,624,342,503,265,255,289,513,235,925,0,0,0,0,0,0,0,0,0,0,0,0,0,0,0,0,0,0,5182,0,0,0,0,0,0,0,0
2020-12-31T23:59:59+01:00,1,0,67,21,169,190,200,323,252,623,341,502,265,255,289,513,235,925,0,0,0,0,0,0,0,0,0,0,0,0,0,0,0,0,0,0,5173,0,0,0,0,0,0,0,0
2020-12-30T23:59:59+01:00,1,0,66,21,168,189,198,320,251,621,340,500,264,255,289,513,234,925,0,0,0,0,0,0,0,0,0,0,0,0,0,0,0,0,0,0,5157,0,0,0,0,0,0,0,0
2020-12-29T23:59:59+01:00,1,0,46,13,119,142,148,214,182,446,239,385,181,167,201,384,173,723,0,0,0,0,0,0,0,0,0,0,0,0,0,0,0,0,0,0,3765,0,0,0,0,0,0,0,0
2020-12-28T23:59:59+01:00,1,0,25,9,66,79,82,124,101,254,118,235,100,95,106,203,102,391,0,0,0,0,0,0,0,0,0,0,0,0,0,0,0,0,0,0,2092,0,0,0,0,0,0,0,0
2020-12-27T23:59:59+01:00,0,0,12,3,18,27,37,47,36,90,37,97,35,30,42,73,31,146,0,0,0,0,0,0,0,0,0,0,0,0,0,0,0,0,0,0,761,0,0,0,0,0,0,0,0
