Datum,<15_1_m,<15_1_w,15-24_1_m,15-24_1_w,25-34_1_m,25-34_1_w,35-44_1_m,35-44_1_w,45-54_1_m,45-54_1_w,55-64_1_m,55-64_1_w,65-74_1_m,65-74_1_w,75-84_1_m,75-84_1_w,>84_1_m,>84_1_w,<15_2_m,<15_2_w,15-24_2_m,15-24_2_w,25-34_2_m,25-34_2_w,35-44_2_m,35-44_2_w,45-54_2_m,45-54_2_w,55-64_2_m,55-64_2_w,65-74_2_m,65-74_2_w,75-84_2_m,75-84_2_w,>84_2_m,>84_2_w,bp_1,bp_2,mo_1,mo_2,az_1,az_2,ja,unb_1,unb_2
2021-12-10T23:59:59+01:00,108001,101545,363354,340609,469432,432500,467992,454849,518763,523510,554395,552656,366809,410596,252899,326038,74728,138138,56693,53876,323272,306254,430345,392671,435109,420841,489656,492710,531257,528423,355875,397219,246305,316215,71770,131693,4759185,4349208,547665,523180,810874,767730,340767,1050,1096
2021-12-09T23:59:59+01:00,105603,99156,362560,339806,468698,431579,467413,454087,518289,522975,553974,552115,366561,410261,252756,325791,74680,137997,55275,52411,321080,304228,428289,390392,433363,419028,488177,491228,530225,527282,355434,396691,246123,315913,71729,131551,4747229,4328235,547176,522466,810874,767720,340700,1049,1095
2021-12-08T23:59:59+01:00,104097,97749,361939,339266,468094,430906,466925,453510,517901,522508,553609,551696,366351,409987,252638,325596,74620,137873,54353,51523,319410,302776,426639,388736,431991,417720,487018,490099,529311,526381,355087,396230,245983,315668,71687,131420,4738616,4312548,546794,521812,810874,767719,340655,1049,1095
2021-12-07T23:59:59+01:00,102518,96249,361566,338974,467791,430572,466692,453281,517725,522324,553441,551505,366267,409879,252590,325522,74596,137829,53922,51160,318588,302080,425802,387998,431404,417242,486534,489668,528934,526069,354985,396095,245943,315598,71677,131396,4732925,4305845,546571,521614,810874,767719,340619,1049,1095
2021-12-06T23:59:59+01:00,100092,93851,361035,338425,467251,429916,466236,452756,517360,521862,553089,551052,366049,409559,252478,325305,74542,137692,53060,50333,316769,300544,424108,386346,430063,415902,485375,488536,528009,525188,354618,395658,245790,315327,71628,131282,4722591,4289778,546194,521190,810873,767711,340559,1048,1095
2021-12-05T23:59:59+01:00,98822,92711,360599,338008,466778,429299,465822,452301,517026,521499,552751,550704,365822,409278,252378,325118,74508,137583,52546,49815,315317,299368,422512,385059,428897,414904,484521,487667,527336,524553,354361,395356,245686,315167,71594,131197,4715449,4277539,545838,520806,810873,767701,340514,1046,1093
2021-12-04T23:59:59+01:00,97273,91386,360386,337810,466573,429066,465662,452152,516889,521374,552648,550596,365773,409210,252364,325089,74498,137563,52264,49573,314406,298632,421591,384301,428233,414353,483983,487223,526996,524251,354286,395264,245647,315110,71587,131183,4710894,4270732,545719,520662,810873,767700,340493,1046,1093
2021-12-03T23:59:59+01:00,93798,88179,359882,337365,466184,428564,465312,451740,516607,521031,552407,550285,365633,409038,252306,324977,74466,137514,51641,48996,312639,297145,420031,382914,426998,413240,482940,486307,526228,523636,354123,395082,245576,314994,71572,131158,4700160,4257440,545460,520323,810872,767697,340463,1046,1093
2021-12-02T23:59:59+01:00,90485,85094,359142,336689,465444,427679,464700,451019,516107,520448,551968,549703,365384,408715,252146,324724,74406,137359,50683,48034,310472,295235,417988,380954,425129,411570,481366,484924,525190,522623,353802,394681,245397,314725,71516,131056,4686677,4238286,544941,519678,810871,767697,340388,1046,1091
2021-12-01T23:59:59+01:00,88329,83102,358589,336140,464864,426883,464171,450396,515643,519930,551528,549188,365116,408325,252010,324475,74358,137222,50057,47459,308837,293884,416286,379311,423718,410321,480172,483869,524310,521771,353469,394274,245240,314487,71484,130953,4676148,4223346,544589,519236,810868,767692,340330,1044,1091
2021-11-30T23:59:59+01:00,85680,80684,357952,335572,464119,426002,463569,449683,515153,519405,551034,548607,364787,407939,251854,324209,74285,137053,49584,46998,307487,292734,414783,377942,422581,409228,479109,482939,523525,521029,353158,393938,245093,314287,71454,130871,4664017,4210585,544100,518897,810865,767689,340270,1043,1091
2021-11-29T23:59:59+01:00,82731,77998,357387,335102,463489,425280,463065,449105,514755,518905,550649,548154,364539,407603,251757,323985,74228,136908,49201,46589,306149,291648,413264,376676,421373,408269,478106,482054,522774,520340,352885,393648,244957,314068,71431,130791,4652491,4198527,543738,518513,810859,767668,340215,1043,1091
2021-11-28T23:59:59+01:00,80635,76121,356931,334681,462959,424675,462672,448640,514384,518497,550317,547790,364375,407376,251671,323817,74191,136822,48943,46330,305350,290977,412237,375892,420575,407657,477476,481499,522318,519912,352721,393442,244865,313949,71408,130742,4643781,4190936,543413,518245,810850,767643,340170,1043,1089
2021-11-27T23:59:59+01:00,78601,74260,356618,334438,462633,424348,462383,448381,514157,518299,550165,547634,364317,407287,251647,323776,74175,136807,48783,46174,304790,290503,411603,375421,420072,407309,477043,481186,522055,519703,352664,393378,244838,313919,71400,130736,4637405,4186447,543205,518062,810849,767642,340126,1043,1089
2021-11-26T23:59:59+01:00,75084,70968,355917,333812,462012,423645,461908,447818,513675,517859,549813,547255,364173,407081,251579,323651,74158,136747,48402,45822,303737,289644,410493,374651,419139,406539,476255,480556,521580,519285,352546,393234,244782,313845,71383,130720,4624934,4177867,542970,517749,810843,767630,340067,1043,1089
2021-11-25T23:59:59+01:00,71225,67576,354874,332791,460950,422308,460999,446778,512843,516931,549138,546488,363804,406653,251404,323378,74103,136628,47799,45229,302140,288258,408759,373153,417771,405275,474999,479425,520773,518557,352327,392959,244682,313681,71353,130652,4607330,4163676,542411,517235,810832,767628,339949,1043,1089
2021-11-24T23:59:59+01:00,69514,65835,354021,332048,460109,421322,460208,445929,512170,516210,548510,545821,363512,406183,251261,323055,74037,136464,47474,44910,301146,287358,407468,372055,416757,404412,474110,478625,520069,517943,352111,392657,244561,313496,71319,130576,4595119,4153357,542062,516916,810825,767616,339854,1042,1089
2021-11-23T23:59:59+01:00,67718,64256,353116,331237,459216,420233,459362,445052,511409,515415,547878,545143,363182,405724,251058,322732,73963,136316,47178,44646,300255,286651,406318,371143,415860,403673,473288,477914,519475,517412,351892,392374,244436,313297,71276,130485,4582487,4144293,541591,516611,810823,767607,339758,1042,1087
2021-11-22T23:59:59+01:00,66290,62952,352178,330458,458213,419205,458471,444214,510742,514640,547279,544493,362866,405295,250904,322457,73907,136165,46943,44396,299342,285953,405183,370304,414951,402996,472575,477243,518923,516987,351694,392123,244332,313149,71249,130415,4570694,4135819,541237,516415,810820,767593,339627,1041,1085
2021-11-21T23:59:59+01:00,65208,61883,351391,329802,457299,418320,457703,443576,510134,514039,546791,543978,362636,404965,250797,322288,73868,136068,46816,44273,298817,285567,404537,369845,414414,402558,472147,476868,518609,516703,351550,391964,244268,313038,71232,130377,4561170,4130966,540922,516225,810799,767584,339503,1041,1085
2021-11-20T23:59:59+01:00,64518,61249,350665,329269,456555,417623,457005,443057,509668,513611,546472,543629,362514,404814,250751,322214,73856,136040,46753,44193,298496,285311,404102,369568,414059,402305,471838,476621,518422,516562,351502,391894,244246,313010,71227,130374,4554287,4128081,540652,516094,810795,767579,339423,1041,1085
2021-11-19T23:59:59+01:00,63251,59972,349137,327896,455211,416295,455853,441935,508744,512674,545836,542966,362274,404526,250661,322088,73831,135983,46496,43944,297561,284660,403159,368846,413257,401677,471129,476067,517952,516230,351384,391742,244188,312939,71214,130353,4540460,4120816,540248,515824,810789,767571,339280,1041,1085
2021-11-18T23:59:59+01:00,61587,58360,347101,326042,453308,414161,454215,440236,507404,511337,544935,541978,361852,404011,250496,321794,73796,135849,45993,43453,296204,283489,401768,367712,412077,400662,470156,475170,517169,515647,351139,391437,244057,312746,71171,130278,4520603,4109011,539718,515452,810782,767559,339000,1040,1084
2021-11-17T23:59:59+01:00,60545,57324,345355,324572,451619,412387,452810,438856,506221,510253,544088,541042,361476,403550,250343,321518,73738,135706,45698,43155,295303,282701,400715,366811,411253,399897,469387,474486,516563,515130,350900,391130,243943,312563,71145,130194,4504216,4100190,539276,515153,810771,767547,338777,1040,1084
2021-11-16T23:59:59+01:00,59609,56464,343422,323019,449649,410559,451263,437374,504978,509068,543194,540136,361099,403088,250160,321208,73674,135570,45423,42901,294465,282008,399832,366010,410524,399263,468776,473884,516046,514673,350678,390878,243789,312382,71113,130112,4487136,4092510,538780,514911,810765,767542,338488,1040,1082
2021-11-15T23:59:59+01:00,58769,55675,341238,321272,447447,408602,449622,435873,503688,507829,542283,539254,360739,402694,250000,320974,73635,135469,45211,42723,293696,281423,399031,365365,409868,398694,468268,473382,515652,514305,350487,390656,243692,312223,71078,130018,4469349,4086067,538433,514699,810747,767534,338165,1040,1081
2021-11-14T23:59:59+01:00,57868,54795,339397,319891,445639,406968,448257,434688,502608,506812,541524,538577,360478,402393,249895,320820,73607,135399,45002,42515,293033,280893,398332,364749,409319,398199,467797,472955,515319,513965,350290,390502,243616,312122,71058,129986,4454589,4080409,538072,514549,810721,767523,337864,1040,1078
2021-11-13T23:59:59+01:00,57341,54301,337856,318594,444166,405725,447103,433723,501718,506066,540982,538142,360365,402256,249845,320752,73591,135382,44905,42433,292697,280603,398008,364463,409059,397960,467543,472744,515160,513823,350236,390443,243590,312085,71053,129975,4443269,4077817,537885,514464,810710,767519,337673,1040,1078
2021-11-12T23:59:59+01:00,56507,53472,335217,316465,441943,403874,445348,432138,500364,504775,540074,537389,360177,402003,249748,320607,73566,135351,44707,42216,291921,279991,397280,363876,408435,397459,467018,472296,514790,513536,350124,390306,243550,312023,71037,129952,4425087,4072049,537477,514282,810704,767506,337373,1040,1077
2021-11-11T23:59:59+01:00,55317,52254,331700,313692,438837,401043,442783,429869,498411,502950,538805,536235,359775,401505,249586,320348,73517,135253,44248,41759,290849,279074,396340,362916,407590,396643,466317,471568,514229,513041,349905,390068,243436,311864,71002,129874,4399354,4063246,536694,513920,810686,767488,336764,1040,1074
2021-11-10T23:59:59+01:00,54524,51580,328924,311489,436021,398621,440660,428009,496736,501397,537680,535164,359403,401057,249425,320089,73474,135152,43988,41475,290030,278311,395488,362118,406903,395962,465709,470966,513749,512595,349657,389807,243298,311695,70969,129805,4378001,4055904,536187,513690,810659,767460,336165,1040,1074
2021-11-09T23:59:59+01:00,53890,50932,326633,309646,433700,396737,438998,426494,495314,500106,536693,534269,359082,400715,249283,319885,73441,135054,43705,41215,289339,277732,394828,361491,406376,395417,465260,470434,513308,512157,349451,389560,243186,311536,70932,129723,4360530,4050015,535672,513267,810631,767421,335639,1040,1073
2021-11-08T23:59:59+01:00,53172,50240,323511,307235,430710,394298,436740,424639,493544,498577,535537,533211,358669,400316,249132,319660,73410,134969,43500,41022,288649,277095,394110,360837,405884,394884,464800,469931,512932,511765,349248,389328,243110,311401,70904,129659,4338641,4044516,535084,512984,810599,767405,334843,1040,1073
2021-11-07T23:59:59+01:00,52770,49856,321899,306034,428991,392837,435350,423553,492493,497744,534900,532629,358470,400079,249038,319560,73390,134919,43341,40858,288162,276674,393594,360329,405462,394498,464482,469566,512672,511519,349135,389194,243033,311314,70893,129621,4326488,4040542,534678,512757,810579,767375,334361,1040,1073
2021-11-06T23:59:59+01:00,52462,49564,321053,305231,428021,392065,434633,422980,491881,497255,534565,532341,358409,400008,249003,319528,73384,134910,43288,40815,287972,276507,393375,360159,405327,394373,464369,469449,512595,511453,349106,389164,243020,311298,70889,129615,4319562,4039181,534561,512723,810575,767373,334185,1040,1073
2021-11-05T23:59:59+01:00,51838,48942,319320,303764,426314,390472,433144,421737,490730,496221,533882,531784,358294,399848,248963,319456,73377,134890,43060,40594,287409,276080,392920,359725,404946,394019,464036,469124,512375,511261,349036,389079,242984,311249,70882,129599,4306331,4035543,534037,512534,810567,767362,333626,1040,1073
2021-11-04T23:59:59+01:00,51118,48245,317049,301772,423799,388369,431179,420090,489068,494849,532942,531067,358083,399596,248876,319321,73350,134828,42650,40146,286441,275196,392008,358786,404163,393252,463396,468488,511846,510796,348852,388881,242881,311074,70839,129529,4288892,4028064,533473,512255,810553,767332,332260,1039,1072
2021-11-03T23:59:59+01:00,50731,47860,315653,300627,422070,387067,429886,419080,488048,494002,532288,530549,357924,399423,248805,319218,73327,134779,42348,39856,285643,274521,391242,358062,403589,392705,462892,468033,511466,510460,348689,388671,242773,310923,70803,129445,4277466,4021676,533187,512100,810546,767321,331712,1038,1071
2021-11-02T23:59:59+01:00,50403,47532,314302,299652,420376,385851,428591,418204,486969,493275,531668,530053,357778,399237,248734,319119,73308,134713,41973,39513,284803,273824,390462,357352,402968,392147,462393,467550,511083,510067,348501,388461,242682,310779,70773,129355,4266870,4015123,532879,511909,810539,767304,331037,1038,1070
2021-11-01T23:59:59+01:00,49997,47152,312796,298519,418691,384713,427233,417301,485925,492537,531124,529668,357650,399107,248684,319057,73295,134678,41721,39230,284121,273211,389775,356801,402399,391690,461932,467176,510770,509800,348385,388342,242623,310664,70753,129294,4256496,4010328,532616,511691,810506,767289,330066,1037,1069
2021-10-31T23:59:59+01:00,49938,47117,312593,298394,418450,384577,427008,417157,485788,492439,531056,529616,357635,399095,248681,319050,73295,134676,41664,39183,284000,273143,389669,356721,402305,391630,461874,467138,510736,509774,348374,388333,242620,310659,70749,129289,4255180,4009724,532549,511651,810502,767283,329891,1037,1068
2021-10-30T23:59:59+02:00,49881,47078,312389,298265,418125,384417,426786,416997,485579,492278,530933,529555,357614,399070,248676,319041,73292,134670,41627,39174,283897,273071,389557,356650,402212,391564,461813,467077,510693,509755,348365,388325,242617,310653,70745,129285,4253476,4009177,532502,511589,810501,767279,329722,1037,1068
2021-10-29T23:59:59+02:00,49661,46844,311341,297545,416795,383529,425656,416287,484676,491648,530421,529266,357543,398995,248639,318997,73282,134649,41495,39068,283398,272699,389063,356256,401786,391267,461456,466793,510485,509598,348307,388271,242597,310614,70738,129271,4245773,4006300,532214,511431,810497,767274,328842,1037,1068
2021-10-28T23:59:59+02:00,49206,46415,309538,296200,414694,382099,424013,415119,483363,490660,529679,528736,357386,398827,248573,318915,73271,134607,41180,38775,282429,271846,388099,355433,401007,390603,460831,466257,510016,509274,348158,388083,242524,310514,70716,129215,4233385,4000077,531777,511124,810482,767242,327196,1037,1067
2021-10-27T23:59:59+02:00,48877,46089,308628,295415,413583,381214,423141,414393,482635,490118,529262,528426,357285,398651,248514,318817,73253,134571,40885,38484,281678,271160,387443,354814,400513,390105,460400,465822,509709,508988,347997,387905,242445,310390,70689,129152,4225875,3994516,531465,510933,810476,767212,326593,1037,1067
2021-10-26T23:59:59+02:00,48465,45676,307546,294449,412422,380272,422232,413705,481933,489514,528838,528100,357165,398524,248454,318733,73230,134522,40525,38115,280797,270220,386677,354074,399946,389537,459952,465363,509347,508684,347850,387742,242345,310234,70663,129082,4217692,3987945,531243,510769,810463,767195,325914,1037,1067
2021-10-25T23:59:59+02:00,48308,45539,307027,293986,411838,379839,421738,413356,481510,489223,528648,527933,357121,398464,248441,318707,73224,134515,40459,38054,280567,270028,386429,353895,399766,389398,459800,465243,509244,508606,347828,387709,242334,310215,70659,129071,4213937,3986686,531175,510725,810459,767186,325377,1037,1067
2021-10-24T23:59:59+02:00,48095,45355,306470,293499,411144,379318,421213,412933,481082,488896,528428,527741,357056,398376,248410,318681,73216,134502,40268,37893,280089,269554,385959,353488,399407,389075,459524,464984,509070,508423,347734,387609,242296,310149,70646,129051,4209695,3983360,531018,510588,810456,767166,324775,1036,1065
2021-10-23T23:59:59+02:00,48058,45324,306306,293365,410929,379172,421057,412790,480969,488805,528355,527691,357035,398351,248406,318675,73215,134498,40228,37849,279998,269445,385837,353415,399328,388997,459452,464921,509034,508390,347713,387595,242295,310143,70645,129050,4208503,3982696,530950,510523,810454,767163,324623,1036,1065
2021-10-22T23:59:59+02:00,47803,45089,305519,292795,410031,378478,420307,412229,480395,488326,527999,527439,356977,398281,248387,318641,73209,134486,39976,37606,279433,268917,385333,352972,398902,388628,459143,464644,508807,508217,347645,387530,242273,310101,70639,129040,4202820,3979005,530675,510355,810452,767146,323968,1036,1065
2021-10-21T23:59:59+02:00,47326,44632,304384,291910,408771,377491,419292,411411,479553,487662,527449,527057,356851,398141,248320,318536,73190,134432,39394,37044,278358,267855,384421,352090,398172,387851,458499,464067,508385,507851,347486,387328,242180,309941,70614,128988,4194094,3971091,530397,509977,810447,767131,322993,1034,1064
2021-10-20T23:59:59+02:00,47100,44377,303767,291360,408083,376861,418724,410945,479113,487282,527153,526819,356758,398017,248249,318444,73165,134372,38974,36667,277601,267095,383799,351421,397641,387238,458064,463612,508029,507525,347308,387125,242081,309799,70575,128912,4188796,3964588,530243,509800,810438,767118,322628,1034,1064
2021-10-19T23:59:59+02:00,46810,44099,303201,290875,407559,376382,418330,410590,478817,487003,526914,526611,356642,397887,248188,318353,73132,134317,38520,36211,276708,266257,383081,350704,397157,386693,457653,463151,507692,507200,347119,386893,241975,309650,70538,128829,4184411,3957703,530114,509626,810428,767097,322272,1034,1061
2021-10-18T23:59:59+02:00,46610,43901,302638,290396,407030,375931,417950,410227,478525,486756,526676,526402,356546,397779,248136,318258,73111,134275,38232,35950,276057,265564,382527,350053,396733,386200,457311,462756,507399,506924,346964,386741,241890,309523,70505,128779,4180371,3952355,529966,509441,810423,767076,321899,1034,1061
2021-10-17T23:59:59+02:00,46496,43782,302305,290135,406750,375672,417725,410059,478365,486594,526569,526272,356486,397724,248114,318211,73098,134238,37983,35695,275543,265055,382149,349671,396444,385859,457065,462522,507230,506750,346873,386628,241853,309454,70481,128728,4178119,3948640,529889,509278,810410,767039,321687,1034,1061
2021-10-16T23:59:59+02:00,46467,43749,302225,290071,406669,375611,417680,410013,478319,486555,526542,526255,356480,397715,248110,318205,73096,134236,37941,35650,275435,264945,382068,349600,396387,385786,457023,462477,507202,506726,346864,386618,241850,309449,70480,128723,4177619,3948015,529863,509217,810410,767037,321616,1034,1061
2021-10-15T23:59:59+02:00,46317,43589,301787,289723,406288,375284,417379,409748,478071,486327,526380,526121,356428,397675,248093,318174,73087,134221,37708,35403,274871,264356,381655,349201,396044,385441,456744,462193,507003,506554,346803,386543,241810,309402,70475,128702,4174749,3944237,529740,509003,810406,767025,321302,1034,1061
2021-10-14T23:59:59+02:00,45983,43251,300989,289016,405616,374611,416852,409277,477635,485907,526059,525837,356312,397545,248037,318080,73058,134157,37151,34839,273616,263083,380840,348231,395356,384603,456090,461541,506575,506132,346569,386318,241699,309245,70444,128651,4169162,3935478,529475,508499,810387,766967,320698,1034,1059
2021-10-13T23:59:59+02:00,45669,42969,300401,288455,405115,374090,416442,408870,477289,485565,525792,525584,356187,397400,247971,317984,73034,134098,36820,34555,272843,262271,380229,347481,394830,383965,455662,461072,506206,505764,346392,386116,241601,309053,70408,128572,4164486,3929090,529289,508226,810380,766921,320261,1033,1059
2021-10-12T23:59:59+02:00,45340,42690,299738,287905,404586,373548,416030,408480,476977,485254,525540,525351,356079,397262,247925,317896,73006,134048,36524,34266,272004,261407,379534,346755,394286,383397,455239,460640,505843,505414,346166,385895,241494,308904,70367,128462,4159770,3922458,529107,507997,810371,766897,319905,1033,1057
2021-10-11T23:59:59+02:00,45096,42463,299148,287417,404091,373081,415616,408113,476669,484944,525295,525149,355969,397141,247856,317802,72970,133984,36237,34010,271247,260671,378858,346075,393793,382841,454855,460189,505508,505109,345971,385697,241400,308761,70326,128380,4155566,3916553,528930,507716,810359,766871,319445,1033,1057
2021-10-10T23:59:59+02:00,44935,42328,298783,287128,403742,372766,415377,407860,476485,484747,525146,525015,355919,397086,247832,317764,72952,133955,36069,33883,270766,260251,378393,345604,393459,382496,454565,459902,505285,504932,345875,385595,241345,308691,70308,128347,4153107,3912915,528786,507594,810346,766836,319077,1033,1057
2021-10-09T23:59:59+02:00,44905,42300,298679,287048,403651,372705,415310,407805,476433,484698,525117,524995,355909,397071,247830,317760,72951,133954,36019,33828,270647,260146,378292,345504,393376,382419,454506,459848,505247,504901,345865,385581,241339,308683,70307,128345,4152567,3912201,528745,507521,810343,766824,318962,1033,1057
2021-10-08T23:59:59+02:00,44663,42091,298170,286637,403188,372327,415002,407506,476146,484458,524902,524825,355847,397010,247795,317708,72933,133940,35811,33550,270079,259581,377865,345070,392994,382038,454225,459520,505067,504741,345801,385497,241305,308638,70296,128333,4149134,3908355,528617,507356,810339,766804,318551,1033,1056
2021-10-07T23:59:59+02:00,44280,41658,297180,285757,402394,371549,414353,406882,475623,483958,524492,524497,355718,396836,247706,317599,72901,133874,35159,32889,268683,258180,376866,343883,392185,381036,453509,458768,504517,504240,345543,385215,241169,308461,70241,128252,4142168,3898653,528378,506162,810330,766762,317872,1033,1055
2021-10-06T23:59:59+02:00,44018,41394,296465,285159,401862,371036,413944,406448,475255,483636,524220,524244,355586,396684,247631,317481,72877,133798,34831,32576,267939,257367,376322,343218,391707,380491,453085,458318,504167,503880,345370,385004,241057,308314,70212,128173,4137249,3892531,528245,506047,810323,766727,317376,1033,1055
2021-10-05T23:59:59+02:00,43700,41096,295745,284472,401219,370407,413419,405959,474869,483228,523933,523939,355439,396527,247553,317334,72848,133703,34530,32261,267120,256521,375629,342477,391164,379879,452579,457850,503814,503522,345177,384783,240945,308142,70165,128099,4131788,3886068,528107,505900,810316,766705,316631,1033,1055
2021-10-04T23:59:59+02:00,43420,40856,294896,283759,400481,369801,412906,405472,474447,482826,523628,523664,355305,396352,247479,317213,72818,133612,34224,31943,266200,255585,374900,341694,390562,379277,452100,457312,503422,503153,344984,384552,240790,307978,70125,128012,4126464,3879345,527953,505787,810305,766664,315662,1031,1055
2021-10-03T23:59:59+02:00,43259,40704,294483,283333,400052,369428,412581,405208,474224,482588,523449,523498,355221,396253,247433,317131,72811,133575,34044,31807,265704,255157,374441,341282,390204,378880,451827,456999,503173,502918,344859,384406,240729,307882,70107,127982,4123535,3875753,527849,505669,810279,766608,315016,1031,1054
2021-10-02T23:59:59+02:00,43222,40667,294359,283206,399928,369336,412493,405125,474160,482528,523412,523466,355207,396229,247432,317128,72809,133573,33997,31768,265565,255025,374341,341192,390126,378801,451770,456945,503142,502880,344846,384382,240727,307875,70105,127982,4122814,3875055,527771,505612,810277,766581,314866,1031,1054
2021-10-01T23:59:59+02:00,43010,40411,293733,282640,399356,368820,412028,404732,473818,482255,523143,523281,355121,396149,247404,317079,72797,133555,33697,31475,264903,254372,373848,340750,389740,378424,451442,456628,502917,502680,344769,384315,240700,307829,70096,127965,4118817,3871148,527628,505454,810265,766525,314069,1031,1052
2021-09-30T23:59:59+02:00,42603,40009,292587,281531,398320,367822,411204,403925,473142,481569,522627,522859,354947,395941,247311,316950,72774,133486,33159,30928,263699,253198,372971,339816,389025,377593,450837,455972,502441,502275,344600,384091,240619,307670,70067,127912,4110928,3864033,527281,504446,810243,766440,312595,1029,1052
2021-09-29T23:59:59+02:00,42259,39702,291805,280779,397572,367102,410644,403337,472634,481072,522261,522545,354763,395736,247235,316816,72745,133420,32857,30618,262935,252430,372320,339154,388563,377013,450408,455513,502087,501930,344425,383910,240526,307507,70045,127854,4104946,3858510,527121,504294,810235,766371,311557,1029,1051
2021-09-28T23:59:59+02:00,41923,39387,290926,279943,396760,366373,410029,402764,472107,480557,521876,522184,354553,395516,247139,316660,72707,133317,32546,30348,262069,251636,371599,338506,388046,376478,449959,455051,501732,501578,344243,383706,240433,307365,70018,127801,4098596,3852958,526993,504144,810227,766315,310331,1029,1051
2021-09-27T23:59:59+02:00,41505,39004,290029,279094,395952,365651,409457,402171,471621,480029,521472,521854,354393,395317,247052,316540,72679,133229,32225,29988,261034,250705,370718,337694,387373,375796,449410,454503,501323,501216,344060,383473,240343,307231,69992,127737,4092891,3846729,526826,503991,810219,766204,308529,1029,1051
2021-09-26T23:59:59+02:00,41131,38698,289449,278552,395443,365199,409111,401817,471313,479733,521260,521663,354282,395217,247009,316471,72660,133189,32066,29854,260523,250239,370264,337289,387025,375420,449115,454206,501115,501026,343967,383381,240285,307158,69976,127700,4089151,3843722,526678,503840,810193,766088,307589,1029,1050
2021-09-25T23:59:59+02:00,41076,38637,289279,278383,395284,365075,408992,401725,471217,479648,521198,521619,354268,395197,247000,316462,72658,133186,32022,29798,260354,250082,370114,337162,386902,375319,449042,454103,501051,500991,343945,383358,240275,307144,69976,127698,4088384,3842994,526603,503778,810190,766054,307140,1029,1050
2021-09-24T23:59:59+02:00,40877,38422,288635,277724,394625,364500,408459,401237,470760,479237,520894,521374,354161,395112,246959,316410,72652,133161,31762,29539,259678,249390,369499,336612,386448,374876,448621,453739,500727,500744,343828,383252,240232,307090,69964,127674,4084573,3839247,526450,503673,810180,765982,305403,1029,1049
2021-09-23T23:59:59+02:00,40238,37748,286908,276048,393134,363127,407260,400015,469708,478264,520137,520687,353864,394836,246828,316194,72609,133043,31367,29118,258370,248296,368335,335616,385501,374038,447798,452999,500129,500227,343590,383007,240119,306941,69938,127598,4074608,3833105,526036,503398,810168,765881,301230,1029,1047
2021-09-22T23:59:59+02:00,39902,37430,285902,275056,392258,362270,406502,399236,469037,477655,519594,520245,353631,394567,246718,315997,72559,132956,31078,28855,257584,247543,367577,334920,384865,373439,447283,452474,499656,499876,343384,382793,240014,306803,69905,127535,4067678,3827949,525813,503225,810147,765765,299267,1028,1045
2021-09-21T23:59:59+02:00,39484,36947,284808,273965,391280,361354,405733,398474,468402,477062,519140,519811,353405,394299,246615,315821,72505,132842,30759,28576,256713,246683,366796,334198,384218,372829,446777,451987,499239,499475,343187,382582,239909,306638,69872,127448,4060024,3822274,525650,503026,810136,765684,297521,1028,1045
2021-09-20T23:59:59+02:00,39129,36669,283659,272881,390214,360408,404898,397658,467695,476440,518641,519352,353158,394069,246507,315639,72461,132745,30374,28205,255583,245692,365798,333347,383414,372051,446052,451400,498772,499030,342958,382365,239803,306450,69836,127370,4052917,3815727,525500,502850,810122,765479,295059,1028,1044
2021-09-19T23:59:59+02:00,38968,36534,283060,272466,389628,359913,404486,397254,467351,476124,518370,519117,353071,393944,246467,315560,72450,132707,30256,28085,255065,245250,365283,332917,382987,371705,445681,451052,498484,498807,342849,382235,239746,306364,69827,127339,4049548,3812860,525355,502667,810098,765180,293838,1028,1044
2021-09-18T23:59:59+02:00,38913,36462,282897,272305,389426,359748,404301,397109,467240,476010,518301,519057,353055,393931,246459,315551,72448,132703,30125,27954,254750,244900,365027,332662,382745,371512,445518,450918,498389,498718,342819,382209,239727,306345,69824,127331,4048584,3810965,525240,502586,810095,765167,293364,1028,1043
2021-09-17T23:59:59+02:00,38580,36096,281990,271470,388630,358989,403574,396450,466623,475483,517918,518692,352904,393785,246396,315480,72424,132671,29856,27686,254005,244213,364332,332062,382150,371006,445048,450506,498049,498429,342697,382072,239676,306267,69811,127309,4043217,3807153,524904,502182,810083,765136,291309,1028,1043
2021-09-16T23:59:59+02:00,38008,35498,280394,269893,387254,357527,402355,395120,465598,474499,517141,517992,352586,393457,246266,315291,72378,132579,29417,27263,252851,243193,363357,331121,381313,370137,444378,449808,497530,497979,342468,381850,239577,306138,69780,127249,4032254,3800491,524138,501780,810042,764989,288755,1028,1041
2021-09-15T23:59:59+02:00,37628,35187,279256,268790,386345,356545,401491,394258,464918,473806,516608,517474,352363,393167,246097,315118,72344,132466,29115,26974,251989,242379,362568,330317,380623,369456,443805,449288,497022,497536,342257,381611,239441,305992,69757,127172,4024678,3794795,523847,501545,810028,764915,286650,1028,1041
2021-09-14T23:59:59+02:00,37315,34879,278282,267821,385397,355678,400747,393484,464307,473147,516076,517019,352115,392924,245968,314948,72301,132398,28839,26735,251203,241583,361831,329643,380010,368855,443260,448773,496600,497148,342061,381395,239330,305846,69733,127117,4017799,3789641,523513,501319,809998,764765,284836,1027,1040
2021-09-13T23:59:59+02:00,36925,34484,277031,266549,384436,354631,399966,392599,463608,472421,515545,516513,351891,392671,245845,314793,72263,132325,28378,26311,250073,240527,361003,328853,379406,368199,442700,448245,496141,496768,341865,381166,239229,305699,69704,127063,4009538,3782682,522788,501034,809965,764668,283541,1027,1039
2021-09-12T23:59:59+02:00,36781,34355,276442,266107,383957,354182,399574,392167,463280,472117,515329,516297,351784,392557,245799,314719,72253,132290,28220,26192,249540,240113,360492,328405,379033,367842,442393,447949,495891,496544,341738,381029,239171,305610,69689,127020,4006316,3779626,522620,500841,809928,764540,282462,1026,1035
2021-09-11T23:59:59+02:00,36702,34306,276251,265894,383731,353992,399412,392009,463145,471993,515258,516235,351754,392526,245790,314703,72251,132287,28073,26093,249257,239925,360269,328247,378883,367699,442243,447831,495823,496489,341714,381001,239163,305597,69689,127016,4005275,3778538,522531,500708,809919,764519,281845,1026,1033
2021-09-10T23:59:59+02:00,36371,33968,275165,264894,382767,353086,398525,391197,462340,471308,514698,515785,351545,392326,245702,314590,72233,132257,27864,25893,248342,239211,359436,327506,378091,367066,441549,447306,495330,496107,341553,380846,239082,305492,69667,126986,3999892,3775049,522387,500489,809909,764495,277890,1025,1032
2021-09-09T23:59:59+02:00,35934,33517,273846,263731,381707,351899,397579,390154,461534,470423,514114,515268,351304,392042,245574,314434,72198,132197,27480,25503,247261,238245,358516,326632,377268,366254,440856,446697,494742,495661,341336,380612,238960,305349,69636,126934,3991630,3768911,522082,500090,809862,764341,275196,1023,1026
2021-09-08T23:59:59+02:00,35531,33115,272877,262735,380894,351044,396876,389365,460895,469816,513673,514800,351102,391799,245470,314258,72169,132139,27185,25214,246334,237380,357695,325892,376577,365524,440247,446122,494290,495202,341133,380367,238847,305188,69603,126857,3985112,3763190,521855,499767,809806,764205,273092,1022,1023
2021-09-07T23:59:59+02:00,35156,32778,271851,261806,380054,350253,396224,388688,460360,469288,513231,514401,350908,391587,245368,314094,72136,132068,26909,25003,245454,236592,356887,325205,375920,364961,439741,445617,493842,494810,340925,380149,238760,305051,69576,126803,3978972,3758168,521611,499428,809791,764025,271179,1022,1022
2021-09-06T23:59:59+02:00,34757,32370,270727,260695,379099,349297,395530,387907,459751,468645,512789,513965,350686,391341,245279,313971,72106,131998,26673,24791,244680,235829,356136,324543,375299,364368,439274,445108,493428,494424,340712,379939,238682,304919,69547,126747,3971701,3753320,521471,499184,809740,763894,269296,1022,1021
2021-09-05T23:59:59+02:00,34601,32221,270314,260276,378778,348945,395225,387588,459512,468400,512610,513785,350613,391246,245237,313909,72090,131969,26537,24636,244248,235433,355735,324153,374938,364050,439011,444858,493228,494213,340612,379820,238637,304855,69530,126715,3969056,3750661,521361,498906,809710,763755,268484,1021,1019
2021-09-04T23:59:59+02:00,34542,32181,270141,260141,378654,348815,395096,387482,459435,468314,512558,513739,350601,391228,245230,313897,72090,131968,26499,24583,244078,235288,355569,323984,374790,363933,438919,444756,493162,494165,340591,379800,238629,304843,69530,126714,3968332,3749868,521306,498770,809705,763731,268060,1021,1019
2021-09-03T23:59:59+02:00,34225,31866,269236,259332,377907,348144,394502,386891,458858,467828,512095,513404,350429,391048,245164,313790,72066,131933,26175,24240,243055,234423,354768,323266,374111,363277,438263,444164,492671,493747,340393,379600,238542,304737,69510,126686,3963930,3745542,520599,497228,809677,763655,265799,1021,1017
2021-09-02T23:59:59+02:00,33857,31524,268168,258440,377034,347298,393754,386127,458160,467188,511560,512972,350163,390795,245041,313611,72041,131854,25874,23973,242026,233613,353871,322481,373360,362560,437544,443534,492104,493289,340147,379337,238435,304585,69485,126608,3957888,3740323,520308,496743,809641,763326,263031,1021,1015
2021-09-01T23:59:59+02:00,33528,31155,267309,257593,376263,346620,393221,385572,457684,466701,511171,512622,349981,390601,244952,313492,72017,131793,25486,23571,240928,232547,352995,321619,372666,361862,436926,442927,491573,492803,339914,379069,238305,304433,69460,126554,3952380,3733490,520122,496197,809606,763107,261441,1020,1009
2021-08-31T23:59:59+02:00,33130,30811,266433,256670,375512,345893,392634,384982,457166,466210,510714,512254,349784,390403,244856,313345,71985,131749,25201,23275,239971,231644,352180,320857,371995,361221,436366,442412,491051,492401,339709,378853,238217,304282,69426,126498,3946761,3728137,519931,495809,809579,762680,259527,1018,1007
2021-08-30T23:59:59+02:00,32583,30324,265123,255479,374504,344966,391812,384162,456405,465494,510148,511753,349554,390181,244763,313191,71949,131680,24880,22955,238807,230649,351167,319950,371199,360475,435658,441825,490494,491883,339453,378606,238091,304103,69385,126421,3939224,3722045,519813,495365,809534,762425,256758,1017,1004
2021-08-29T23:59:59+02:00,32393,30133,264550,254966,374015,344546,391424,383819,456107,465203,509917,511527,349453,390070,244713,313126,71939,131656,24654,22740,238087,230001,350543,319399,370698,359998,435225,441445,490182,491621,339312,378449,238030,304026,69367,126396,3936096,3718116,519691,494962,809503,762163,255521,1017,1003
2021-08-28T23:59:59+02:00,32303,30037,264320,254787,373835,344391,391266,383695,455983,465083,509841,511474,349428,390047,244702,313114,71938,131653,24588,22636,237767,229741,350289,319200,370476,359830,435043,441280,490054,491529,339270,378408,238010,304000,69366,126392,3935049,3716533,519650,494845,809497,762136,254953,1017,1003
2021-08-27T23:59:59+02:00,32074,29787,263673,254218,373319,343866,390789,383240,455525,464683,509465,511188,349298,389911,244644,313028,71919,131633,24441,22483,237161,229236,349667,318687,369997,359392,434584,440919,489747,491279,339138,378289,237955,303936,69355,126385,3931233,3713276,519580,494629,809438,762075,253258,1017,999
2021-08-26T23:59:59+02:00,31689,29398,262668,253232,372459,343045,390028,382492,454837,464005,508909,510705,349064,389650,244523,312910,71891,131572,24091,22118,235674,227865,348424,317486,368870,358387,433706,440101,489074,490700,338847,377967,237792,303766,69325,126340,3925005,3704852,519334,493978,809399,761711,250573,1017,994
2021-08-25T23:59:59+02:00,31323,29065,261738,252365,371699,342259,389364,381789,454195,463410,508346,510243,348820,389389,244400,312746,71856,131504,23485,21542,233614,225992,346927,316078,367672,357185,432699,439138,488271,489966,338466,377576,237638,303532,69281,126252,3919222,3692818,519201,493568,809369,761556,247949,1013,991
2021-08-24T23:59:59+02:00,31004,28797,261002,251583,371087,341622,388818,381207,453710,462892,507928,509865,348609,389164,244283,312582,71830,131432,23168,21226,232399,224922,345954,315155,366880,356426,432023,438481,487709,489416,338185,377259,237506,303372,69257,126188,3914243,3685601,518912,493116,809348,761248,246138,1013,984
2021-08-23T23:59:59+02:00,30481,28266,259609,250262,370049,340700,387976,380411,452930,462210,507275,509291,348325,388881,244143,312392,71803,131371,22858,20927,230909,223594,344628,314072,365923,355569,431159,437718,487002,488844,337879,376924,237373,303178,69231,126129,3906744,3678125,518763,492632,809313,760960,242769,1012,982
2021-08-22T23:59:59+02:00,30335,28152,259198,249890,369687,340363,387705,380141,452690,461963,507083,509139,348224,388784,244102,312334,71786,131345,22675,20744,230177,222907,343929,313404,365384,355059,430716,437308,486676,488572,337710,376737,237309,303073,69213,126094,3904486,3673681,518613,492162,809273,760655,241759,1010,977
2021-08-21T23:59:59+02:00,30082,27947,258700,249424,369369,340040,387448,379879,452484,461785,506934,509000,348168,388728,244080,312296,71783,131336,22399,20490,229431,222251,343437,313002,364979,354646,430351,436997,486446,488375,337624,376669,237282,303030,69207,126082,3901920,3670679,518469,490955,809264,760598,241034,1010,977
2021-08-20T23:59:59+02:00,29890,27748,258038,248756,368626,339403,386763,379345,451885,461283,506455,508674,348020,388565,244024,312199,71766,131301,21994,20149,227620,220625,342019,311798,363854,353681,429392,436193,485722,487822,337379,376420,237178,302910,69182,126052,3898399,3662382,518144,489788,809251,760231,238151,1008,976
2021-08-19T23:59:59+02:00,29557,27434,257043,247903,367614,338606,385970,378649,451170,460642,505887,508187,347778,388299,243915,312051,71732,131228,21496,19656,224844,218184,339695,309949,362139,352192,427983,434919,484560,486863,336957,375991,236984,302663,69148,125983,3892833,3647944,517776,488017,809208,759753,235046,1007,973
2021-08-18T23:59:59+02:00,29270,27173,256245,247194,366900,337981,385379,378071,450563,460137,505413,507772,347505,388056,243797,311903,71700,131162,21117,19280,222360,215654,337625,308182,360480,350532,426449,433585,483411,485823,336437,375437,236753,302364,69098,125889,3887670,3634619,517595,484067,809178,759368,232971,1006,972
2021-08-17T23:59:59+02:00,28950,26897,255458,246468,366276,337294,384814,377508,450064,459648,504976,507352,347299,387843,243680,311771,71674,131109,20645,18845,219605,212894,335542,306347,358780,349060,425009,432307,482286,484833,335945,374897,236519,302073,69045,125812,3882576,3619516,517292,481282,809152,758938,231252,1005,967
2021-08-16T23:59:59+02:00,28657,26634,254761,245811,365699,336733,384343,377042,449624,459204,504554,506985,347112,387634,243581,311606,71643,131069,20089,18361,216425,209808,333241,304218,357247,347601,423797,431157,481334,483984,335550,374444,236333,301802,69006,125722,3878127,3602008,517136,480573,809123,758586,229494,1005,964
2021-08-15T23:59:59+02:00,28460,26471,254261,245362,365260,336339,383978,376700,449324,458942,504310,506782,346997,387513,243531,311524,71632,131048,19304,17630,212397,205737,331331,302587,355978,346367,422762,430209,480545,483317,335215,374105,236206,301625,68982,125672,3875229,3584279,516991,479656,809085,758252,228317,1005,961
2021-08-14T23:59:59+02:00,28391,26412,254013,245163,365022,336160,383802,376549,449165,458811,504192,506674,346947,387480,243513,311501,71629,131043,18978,17332,211318,204629,330501,301819,355254,345684,422264,429747,480157,482995,335074,373977,236168,301568,68973,125655,3874043,3577553,516916,479282,809079,758174,227616,1005,960
2021-08-13T23:59:59+02:00,28133,26169,253304,244572,364517,335730,383361,376111,448724,458443,503850,506415,346817,387329,243448,311423,71617,131014,18372,16775,209421,202837,329063,300492,353979,344485,421209,428801,479403,482346,334829,373685,236055,301425,68955,125601,3870189,3565543,516843,478676,809069,757980,226065,999,956
2021-08-12T23:59:59+02:00,27933,25942,252577,243934,363892,335134,382814,375617,448183,457989,503422,506056,346633,387128,243344,311316,71604,130966,17790,16276,206812,200555,326168,297935,351951,342672,419691,427535,478173,481273,334373,373146,235809,301148,68915,125518,3866180,3548019,516651,477494,809030,756945,223808,997,953
2021-08-11T23:59:59+02:00,27696,25694,251841,243237,363263,334546,382282,375129,447713,457555,503011,505623,346404,386887,243227,311182,71577,130911,16970,15588,203751,197558,322971,294974,349765,340600,418180,426121,476886,479979,333825,372497,235559,300741,68865,125389,3861278,3526049,516431,476419,808990,756000,222264,994,949
2021-08-10T23:59:59+02:00,27450,25435,251001,242492,362541,333978,381729,374574,447211,457068,502554,505215,346207,386689,243140,311043,71554,130867,16173,14802,199536,193405,318282,290729,346762,337811,416042,424165,475282,478517,333141,371816,235266,300334,68810,125271,3856142,3495772,516142,475336,808951,754843,220697,992,949
2021-08-09T23:59:59+02:00,27252,25234,250369,241914,361947,333485,381274,374189,446789,456717,502203,504924,346042,386539,243074,310931,71534,130831,15179,13857,194975,188792,312547,285960,343989,335305,414119,422377,473655,477043,332501,371121,235001,299965,68754,125136,3852362,3465254,515962,472582,808915,753748,219193,989,942
2021-08-08T23:59:59+02:00,27077,25075,249883,241495,361542,333116,380922,373894,446482,456451,501957,504731,345933,386427,243011,310848,71517,130796,14957,13662,193619,187412,310908,284607,342656,334127,413233,421614,473076,476519,332234,370846,234872,299794,68728,125084,3849718,3456024,515804,471210,808860,753254,217955,987,940
2021-08-07T23:59:59+02:00,26928,24899,249353,241046,361140,332775,380585,373607,446187,456213,501729,504554,345860,386332,242977,310797,71509,130785,13785,12618,189932,183813,308852,282744,340928,332596,411890,420344,472142,475721,331878,370470,234741,299605,68695,125047,3846843,3436318,515697,469870,808845,753040,217069,987,936
2021-08-06T23:59:59+02:00,26702,24664,248481,240372,360347,332160,379905,373024,445528,455684,501190,504160,345623,386126,242878,310681,71498,130763,12877,11790,186176,180242,305362,279914,338796,330749,410281,418994,470841,474750,331495,370081,234582,299451,68670,124999,3844228,3416893,514327,468135,808831,751936,213580,983,933
2021-08-05T23:59:59+02:00,26377,24339,247299,239425,359440,331274,379068,372283,444777,454987,500517,503613,345338,385820,242762,310505,71456,130700,11871,10855,181682,176280,299949,275475,334657,327165,407453,416493,468571,472961,330822,369374,234320,299077,68608,124888,3837787,3388816,514058,463401,808758,748216,210547,981,930
2021-08-04T23:59:59+02:00,26004,23996,246153,238428,358427,330348,378283,371569,444142,454383,499936,503076,345063,385551,242640,310333,71429,130629,11056,10141,178183,172962,296155,272317,330229,323238,405195,414389,466851,471402,330125,368674,234043,298725,68547,124786,3831233,3361518,513713,461624,808722,746460,207881,975,929
2021-08-03T23:59:59+02:00,25540,23574,244781,237236,357505,329508,377565,370870,443482,453717,499331,502533,344766,385247,242508,310156,71385,130562,10493,9639,174677,169504,292021,268641,325101,318610,402437,411821,464504,469297,329285,367804,233693,298253,68480,124648,3823249,3329295,513548,459737,808673,744380,205951,974,927
2021-08-02T23:59:59+02:00,25222,23267,243721,236267,356648,328745,376857,370266,442901,453160,498805,502083,344500,384966,242390,310001,71359,130504,9936,9097,171023,165900,287295,264646,319208,313638,399668,409253,462263,467293,328505,366957,233398,297853,68418,124531,3816849,3295685,513296,457747,808610,741836,204060,972,920
2021-08-01T23:59:59+02:00,25063,23076,243086,235654,356043,328228,376406,369863,442462,452836,498456,501801,344358,384798,242313,309885,71345,130478,9668,8887,169463,164437,284792,262628,314550,309911,397798,407666,460778,466037,328070,366468,233226,297635,68389,124472,3813111,3277666,512990,455591,808516,739380,202685,968,910
2021-07-31T23:59:59+02:00,24953,22971,242739,235333,355759,328000,376159,369690,442270,452681,498348,501697,344324,384757,242293,309871,71344,130472,8432,7790,165674,160578,281951,260068,312449,307903,396395,406377,459628,465045,327750,366088,233092,297461,68363,124426,3811476,3254643,512800,454649,808506,738584,202030,967,910
2021-07-30T23:59:59+02:00,24662,22711,241933,234605,355173,327467,375660,369216,441804,452275,497983,501406,344186,384617,242248,309791,71331,130456,7492,6920,161913,156799,278540,256938,309408,305069,394152,404252,457774,463453,327238,365555,232881,297169,68330,124367,3807344,3229443,512427,453440,808485,735378,200416,966,908
2021-07-29T23:59:59+02:00,24313,22368,240392,233325,353996,326386,374689,368294,440940,451475,497164,500778,343851,384299,242110,309603,71293,130389,6506,6044,157037,152295,273125,252723,303472,300260,389768,400733,454712,461031,326398,364704,232568,296758,68270,124267,3799701,3195318,511738,448551,808396,730250,196970,964,906
2021-07-28T23:59:59+02:00,24011,22077,239232,232279,353107,325541,373935,367596,440297,450801,496593,500284,343593,383999,241972,309416,71259,130316,6013,5601,153250,148627,268596,249034,299005,296273,386485,397852,452605,459170,325728,363928,232300,296369,68205,124140,3792901,3164358,511196,446616,808318,727589,195027,964,902
2021-07-27T23:59:59+02:00,23738,21850,238220,231298,352251,324792,373225,366996,439706,450181,496064,499824,343344,383690,241839,309222,71223,130217,5443,5074,148201,143482,262636,243874,293683,291482,382451,394135,449411,456346,324738,362818,231934,295866,68112,123981,3786551,3122561,510637,444306,808260,723829,193367,962,898
2021-07-26T23:59:59+02:00,23506,21610,237239,230307,351454,324075,372607,366434,439146,449690,495608,499446,343106,383448,241712,309063,71199,130159,5019,4713,143838,139064,257055,239058,288493,286990,377963,390154,445877,453304,323776,361848,231604,295384,68037,123843,3780811,3082935,510001,442041,808173,719462,191958,957,896
2021-07-25T23:59:59+02:00,23147,21308,235891,229146,350504,323295,371921,365767,438560,449143,495141,499036,342904,383227,241622,308932,71177,130095,4764,4480,141978,137292,254345,236823,285969,284875,375813,388360,443774,451501,323251,361319,231396,295153,68012,123766,3773667,3067761,509621,439851,808103,715080,190550,955,894
2021-07-24T23:59:59+02:00,22896,21111,234962,228273,349778,322636,371344,365242,438032,448701,494778,498758,342787,383128,241578,308870,71174,130084,4441,4195,139069,134480,251600,234490,283393,282646,373547,386495,442529,450510,322899,360979,231251,294971,67993,123732,3769612,3049333,508853,436820,808088,714734,188699,955,893
2021-07-23T23:59:59+02:00,22478,20722,233453,226923,348440,321682,370288,364367,437146,447909,494078,498221,342548,382855,241488,308758,71153,130048,4017,3803,133567,129615,246202,230156,278889,278832,369836,383273,439868,448296,322192,360252,230994,294659,67939,123650,3762089,3013602,508379,435040,808032,712588,185163,955,888
2021-07-22T23:59:59+02:00,21969,20246,231343,224936,346678,320127,368778,363064,435824,446754,493091,497316,342112,382403,241312,308508,71109,129967,3595,3458,129207,125533,240167,225621,272468,273735,362916,377755,434387,443764,321002,358982,230553,294134,67845,123495,3749579,2971308,506788,429033,807897,706253,182364,953,886
2021-07-21T23:59:59+02:00,21459,19722,229451,223109,344965,318579,367152,361483,434244,445362,491862,496141,341558,381873,241064,308221,71055,129872,3392,3260,125433,121944,234677,221363,266908,269189,354759,370793,429756,440010,319880,357832,230089,293566,67764,123314,3738500,2935623,503030,418110,807671,701461,179051,952,884
2021-07-20T23:59:59+02:00,21156,19443,227981,221618,343719,317392,366183,360601,433376,444565,491135,495494,341215,381496,240915,307999,71026,129782,3131,2969,121080,117687,228298,216160,261058,263989,347617,364670,425041,435679,318778,356568,229670,292977,67666,123130,3729110,2891661,502623,410861,807541,697047,176897,948,883
2021-07-19T23:59:59+02:00,20842,19146,226239,219919,342392,316128,365137,359619,432557,443779,490461,494870,340913,381125,240763,307767,70981,129685,2935,2760,118311,115071,223884,212557,256421,260022,343882,361483,422414,433484,318046,355836,229370,292584,67591,123006,3718464,2866483,502198,405461,807446,692714,175288,946,881
2021-07-18T23:59:59+02:00,20688,19011,224930,218638,340757,314688,364058,358681,431730,443049,489921,494323,340676,380837,240633,307591,70959,129623,2843,2666,116801,113676,221205,210353,254054,257903,341624,359619,420371,431782,317551,355342,229210,292366,67570,122938,3708930,2854093,501662,401169,807369,689000,173897,942,878
2021-07-17T23:59:59+02:00,20290,18587,223775,217577,340173,314144,363461,358164,431209,442595,489501,494033,340572,380719,240591,307535,70956,129612,2579,2409,114728,111568,218736,208040,251574,255697,339189,357471,418915,430514,317213,354951,229075,292198,67547,122898,3703336,2836517,501459,398433,807341,688210,172422,940,878
2021-07-16T23:59:59+02:00,19746,18073,221233,215431,338424,312836,361946,356863,429739,441390,488400,493175,340165,380347,240420,307377,70932,129576,2312,2168,111606,108750,213944,204093,247021,252049,334870,353758,415561,427786,316289,354015,228723,291781,67494,122817,3693103,2808717,500697,396060,807183,684384,166138,939,875
2021-07-15T23:59:59+02:00,19104,17444,218440,213002,336510,311116,360352,355415,428389,440198,487450,492316,339758,379918,240217,307122,70890,129471,2134,2027,107684,105499,205525,197805,239480,246416,328235,348496,408457,421317,314539,352192,228172,291109,67422,122618,3677982,2761879,500094,387575,807066,676920,162994,933,873
2021-07-14T23:59:59+02:00,18259,16719,215995,210668,334798,309579,358936,354062,427159,438996,486418,491356,339300,379452,239976,306810,70837,129383,1982,1882,104056,102133,199015,192599,233732,241725,323923,344994,404262,417678,313219,350871,227761,290548,67338,122462,3662999,2728041,499505,382009,806941,670093,160269,932,867
2021-07-13T23:59:59+02:00,17605,16061,213804,208635,333187,308191,357591,352820,425982,437902,485450,490492,338858,378974,239771,306563,70802,129290,1869,1773,100283,98575,192493,187157,226563,235642,317213,338911,395839,409791,311405,348936,227153,289751,67226,122260,3649088,2685024,498943,369284,806782,660583,158169,932,862
2021-07-12T23:59:59+02:00,16587,15125,210502,205442,331115,306446,356000,351339,424733,436690,484464,489592,338439,378497,239593,306334,70762,129213,1788,1702,97168,95839,187184,182833,219562,229937,310352,332855,390723,405497,309664,347061,226559,289014,67126,122089,3630515,2646538,498383,362122,806600,652130,156371,929,859
2021-07-11T23:59:59+02:00,16077,14648,209135,204161,330357,305712,355327,350704,424161,436177,484011,489242,338241,378286,239532,306229,70740,129173,1753,1676,95737,94543,184376,180503,216542,227626,307649,330690,387874,403101,307178,344426,226181,288542,67072,121991,3624182,2631431,497739,360119,806468,641596,154522,921,854
2021-07-10T23:59:59+02:00,15602,14188,207282,202366,328877,304436,354184,349721,423425,435579,483535,488841,338072,378120,239466,306142,70730,129153,1712,1629,94427,93265,181821,178370,213501,225132,305112,328523,386705,402058,306528,343749,226001,288353,67056,121964,3615549,2614562,497093,359885,806232,639826,151833,920,853
2021-07-09T23:59:59+02:00,15276,13907,205365,200518,327263,302971,353107,348749,422514,434859,482957,488360,337864,377897,239370,306022,70715,129119,1038,973,91625,90534,178273,175120,209143,220958,300072,323910,383245,399067,305426,342516,225694,287982,67018,121898,3606341,2585445,496219,357811,806037,632204,149218,916,851
2021-07-08T23:59:59+02:00,14808,13478,201864,197518,323930,300284,350712,346752,420795,433390,481519,487288,337415,377451,239192,305774,70670,129041,920,862,87312,86751,171004,169424,200983,214540,292681,317772,376263,392832,302684,339577,224913,287040,66901,121638,3590893,2539072,492163,349121,805518,621796,144266,912,849
2021-07-07T23:59:59+02:00,14306,13024,198115,193640,320745,297408,348386,344693,419233,431914,480308,486181,336931,376884,239000,305500,70631,128935,787,766,83622,83291,163673,163688,191905,207341,284667,311191,369202,385996,299357,335945,223997,285936,66759,121391,3569505,2490931,490789,335643,805131,611760,141316,911,847
2021-07-06T23:59:59+02:00,13846,12650,194674,190257,317472,294655,345902,342393,417507,430342,479034,485040,336422,376319,238804,305211,70577,128849,665,648,80041,79701,156963,158159,184472,201121,275705,303220,362688,379885,296146,332685,223106,284839,66651,121162,3549546,2438247,487712,328643,804716,602215,138872,909,845
2021-07-05T23:59:59+02:00,13449,12313,190259,185998,313393,291294,343382,340045,415822,428787,477880,483960,335946,375793,238624,304963,70544,128762,589,553,76961,76853,151817,154051,179696,196985,268771,296933,356565,374333,292862,329222,222216,283716,66541,120990,3526588,2399055,486538,324133,804220,591826,134749,903,839
2021-07-04T23:59:59+02:00,13270,12152,186409,182108,310742,289248,342060,338961,414934,427999,477292,483464,335720,375533,238534,304835,70518,128708,556,524,74766,74961,148691,151457,177351,194930,266307,294870,353430,372108,289538,325814,221632,283044,66485,120868,3514261,2385153,485239,321821,803656,580250,130207,901,837
2021-07-03T23:59:59+02:00,12073,11094,179971,176092,306457,285781,339713,336780,413114,426191,476075,482406,335320,375088,238359,304586,70494,128665,525,505,72977,73373,146253,149567,174904,192837,263232,292141,351141,370248,287777,323820,221363,282680,66453,120819,3487801,2369344,483829,321613,803476,575746,124007,901,837
2021-07-02T23:59:59+02:00,10976,10001,176246,172613,304023,283567,337949,335064,411858,424999,475298,481714,335061,374772,238245,304404,70465,128617,487,454,70273,70670,142312,146266,170438,188775,257160,286673,345900,365533,284513,320077,220720,281904,66404,120735,3469632,2335986,482345,318815,803293,563138,121455,891,822
2021-07-01T23:59:59+02:00,9878,9071,172560,169151,299973,280250,335444,332780,410056,423413,474197,480743,334642,374307,238042,304133,70420,128537,414,380,65364,65932,135961,140893,163125,182239,246867,277782,335070,355710,279710,314785,218863,279637,66224,120422,3446978,2279402,480242,306423,802949,545352,118274,890,816
2021-06-30T23:59:59+02:00,9388,8678,169276,166052,294334,275608,331754,329433,408283,421872,473174,479770,334219,373818,237850,303830,70386,128448,332,318,62213,63071,130298,136196,156463,176229,236792,268606,321637,342405,274480,309219,216970,277306,66056,120099,3421791,2224200,478066,293586,802661,526470,114487,889,813
2021-06-29T23:59:59+02:00,8850,8155,165461,162250,289772,271315,328180,326122,406163,419780,471621,478350,333628,373175,237594,303474,70331,128338,274,247,59413,60045,125329,131757,150417,170686,224913,257877,313058,334018,268006,302014,214989,274842,65852,119751,3394131,2164743,476064,288907,802335,509034,110843,887,808
2021-06-28T23:59:59+02:00,8444,7775,162121,158778,284715,266981,324863,323269,404016,417844,470130,477033,333107,372561,237360,303165,70287,128245,214,197,57129,57675,121402,128223,146049,166588,215666,249438,307251,328591,263049,296706,213224,272603,65704,119483,3370111,2128868,472087,280256,801673,492474,107621,886,805
2021-06-27T23:59:59+02:00,8296,7652,160602,157239,282601,265159,323055,321719,402310,416480,469227,476309,332814,372268,237257,303002,70268,128196,187,176,55921,56553,119252,126496,143470,164442,211534,246031,303866,325716,259224,292687,210760,269685,65593,119288,3360023,2113294,470009,276731,800625,476288,104591,885,801
2021-06-26T23:59:59+02:00,7141,6553,157330,153895,280486,263273,320633,319473,401116,415324,468528,475610,332545,371987,237150,302844,70244,128166,175,164,55373,55959,117896,125325,142036,163192,209284,244017,301326,323287,257685,291023,210423,269271,65566,119219,3340854,2096383,467176,276639,800618,473783,104450,867,785
2021-06-25T23:59:59+02:00,5918,5437,153018,149597,277079,260306,318568,317504,399801,414068,467525,474778,332255,371652,237023,302688,70217,128117,146,142,54075,54324,115397,122605,137921,158604,200491,235545,295619,317394,255955,288894,209827,268468,65495,119103,3315828,2053726,465741,274929,800565,467165,104209,867,780
2021-06-24T23:59:59+02:00,5051,4646,148557,145452,272218,256345,314277,313712,397596,412183,466145,473638,331825,371187,236854,302450,70183,128029,127,112,51417,51718,110224,117847,130539,151931,188411,225053,284182,307136,250556,283031,207986,266120,65291,118702,3284497,1991440,463727,263076,800398,453370,102498,866,772
2021-06-23T23:59:59+02:00,4830,4441,145379,142321,268503,253169,309027,308898,395101,409831,464739,472317,331292,370562,236623,302138,70135,127922,95,82,49469,49619,106410,113912,124838,146225,178486,216365,272183,295110,245930,278191,206645,264416,65128,118341,3256854,1934894,460194,253186,800236,442645,100707,864,767
2021-06-22T23:59:59+02:00,4577,4212,142297,139185,264777,249774,302891,303454,392459,407267,463195,470824,330739,369952,236403,301785,70088,127815,64,61,47768,47862,102783,110583,120019,141624,165867,205204,261251,284785,241849,273697,204718,261998,64875,117868,3224722,1876324,458249,245433,800044,431667,99424,862,757
2021-06-21T23:59:59+02:00,4317,3966,139031,136231,260055,245854,297635,298573,389401,404386,461716,469459,330216,369387,236183,301474,70048,127703,56,53,46527,46626,100382,108340,117260,138902,159625,199410,254347,278139,236484,267833,200772,257455,64690,117490,3192879,1845178,456198,239902,799840,411826,97447,857,755
2021-06-20T23:59:59+02:00,4173,3848,137514,134711,255782,242344,295035,296325,388005,403065,460918,468707,329989,369094,236071,301341,70028,127641,50,50,45386,45691,98103,106530,114966,136902,156584,196851,250025,274044,233464,264291,199780,256198,64608,117364,3175300,1824677,454426,236332,799681,403932,95904,854,746
2021-06-19T23:59:59+02:00,3757,3498,135356,132605,253020,240015,293246,294664,386158,401495,460073,467977,329768,368841,235968,301204,70008,127609,49,48,44838,45039,96821,105254,113474,135416,155067,195405,246789,271005,232731,263436,199607,255933,64586,117311,3158926,1808606,451593,234738,799669,403635,95782,854,745
2021-06-18T23:59:59+02:00,2805,2586,132062,129459,249486,236950,289222,291244,383749,399365,458728,466819,329391,368441,235812,300969,69982,127560,49,48,44050,44117,95236,103461,111160,132738,151507,191357,239901,263690,230993,261419,199117,255290,64510,117176,3133058,1779170,447150,234201,799640,396896,95489,851,742
2021-06-17T23:59:59+02:00,2569,2363,128341,126163,243437,232487,283980,286841,378946,395364,456393,464976,328794,367719,235567,300612,69917,127446,47,48,41797,42282,91164,99966,106229,127965,143610,183653,228476,252265,225765,255466,197461,253126,64250,116756,3098125,1723276,444149,230037,799379,385948,90995,808,729
2021-06-16T23:59:59+02:00,2299,2128,125095,122749,238527,228130,279271,282577,373767,390853,453796,462833,328052,366925,235275,300200,69851,127331,47,44,39956,40669,87606,96914,101853,124119,135339,176286,216349,240323,219512,248325,195531,250792,63997,116267,3064509,1663249,438595,224409,798891,377807,88380,805,726
2021-06-15T23:59:59+02:00,1911,1795,120175,117873,232531,222962,273905,277579,368694,386211,450940,460405,327177,365944,234924,299688,69768,127147,46,42,38336,39042,84260,93846,97865,120052,128264,169898,203967,228267,213462,241511,193559,248353,63687,115694,3019697,1605775,436652,218539,798326,370097,85648,804,723
2021-06-14T23:59:59+02:00,1648,1519,116112,113704,227286,218040,268532,272600,363397,381447,447814,457806,326388,365080,234613,299299,69706,127027,42,41,37355,38150,81973,91736,95137,117521,124131,166132,197343,221750,210335,237988,192419,246870,63467,115300,2977460,1576046,434290,216248,798065,362419,82878,803,719
2021-06-13T23:59:59+02:00,1574,1434,114617,112320,224826,215922,265983,270335,361138,379481,446640,456773,326110,364773,234476,299128,69674,126953,39,41,36483,37409,80106,90056,93109,115693,121297,163513,193451,218028,207236,234535,191380,245494,63233,114885,2962408,1561966,431849,208959,797763,354154,80805,801,716
2021-06-12T23:59:59+02:00,1425,1296,111963,109566,222928,214187,264593,269048,359698,378081,445745,456004,325821,364463,234384,299025,69656,126924,39,41,36111,36999,79117,88957,91843,114381,119710,161942,189874,214715,206200,233407,189982,243837,63223,114853,2946201,1548740,430868,208943,797741,346771,80662,799,715
2021-06-11T23:59:59+02:00,1278,1160,109405,107044,220020,211552,260914,265847,356550,375342,444023,454531,325384,364009,234247,298815,69629,126869,39,40,35429,35875,77093,85553,89593,110832,115581,156775,183141,207225,204094,231029,189372,243063,63160,114754,2921710,1521060,428063,208239,797558,333287,79941,797,713
2021-06-10T23:59:59+02:00,1115,1003,104646,102621,213931,206778,253840,260010,350441,370033,439523,450749,324527,363036,233928,298368,69544,126716,37,39,33845,34377,73073,81359,84641,105304,108880,148521,170738,193549,197983,224110,187635,240916,62903,114349,2877987,1473655,420943,206481,796721,306211,75783,791,705
2021-06-09T23:59:59+02:00,967,872,100717,98900,207936,202038,247007,254289,343761,364073,435834,447722,323843,362284,233654,297984,69480,126582,36,37,32305,33110,69818,78694,80929,102127,104135,144220,159559,182751,187317,212072,185757,238664,62629,113853,2838857,1419396,412395,202488,796208,294894,71098,775,697
2021-06-08T23:59:59+02:00,785,691,96178,94340,201286,196454,240038,248265,335487,356783,430723,443047,323004,361273,233278,297498,69400,126446,33,35,31225,32242,67222,76379,77631,99382,99528,140287,151924,175224,178570,202320,183945,236405,62398,113484,2786781,1379993,406612,197552,795623,283991,66554,770,688
2021-06-07T23:59:59+02:00,626,552,92948,91229,195200,191736,233470,243004,327643,350600,427666,440591,322456,360631,233062,297170,69346,126350,29,31,30345,31388,64743,74413,74666,97209,95742,137346,143816,167410,174495,197670,182510,234589,62174,113098,2747661,1352738,400425,194239,795059,272835,61710,766,685
2021-06-06T23:59:59+02:00,588,517,91365,89904,191897,189165,230105,240217,323349,347188,426218,439507,322176,360331,232954,297012,69323,126303,29,31,29740,30825,62957,72718,72573,95187,92530,134260,138101,161588,171952,195023,181397,233187,61945,112717,2732168,1340788,393014,184511,794565,262373,58933,764,677
2021-06-05T23:59:59+02:00,506,437,89416,87885,187006,184920,227629,238083,321528,345566,425218,438594,321892,360012,232804,296845,69309,126271,29,29,29277,30058,61741,70750,71165,93028,90835,131974,133323,156236,168935,191342,180913,232528,61911,112652,2708594,1317082,392879,184044,794474,256910,58526,762,672
2021-06-04T23:59:59+02:00,406,352,87052,85349,183321,181281,223603,234120,317927,341916,422848,436395,321431,359476,232609,296616,69270,126209,29,27,28802,29379,60604,69073,69845,90915,89027,129327,129935,152557,164680,186557,179919,231260,61863,112564,2679256,1298071,389047,183261,794357,246810,58057,760,667
2021-06-03T23:59:59+02:00,314,275,83759,82260,177558,176584,216299,227991,310180,335180,415078,429525,320390,358286,232238,296163,69215,126077,26,27,27907,28354,58681,66853,67422,88136,85335,125174,123132,145861,158301,178909,178337,229222,61748,112325,2630145,1268632,378777,177898,793933,234022,55029,754,655
2021-06-02T23:59:59+02:00,263,217,81669,80080,173436,172820,212630,224811,306567,331810,413019,427682,319975,357821,232083,295954,69187,126025,25,25,27435,27864,57534,65708,65792,86830,83235,123205,118130,140952,150399,169905,177610,228264,61663,112154,2601213,1236211,377381,175918,793906,230382,54054,747,640
2021-06-01T23:59:59+02:00,162,150,77387,76243,165135,166227,203236,217058,297449,323909,404797,419845,318461,356205,231541,295216,69075,125798,24,22,25880,26443,53203,62734,60927,83521,77779,118671,110679,133695,139252,156437,175495,225517,61456,111729,2542408,1185807,365694,171792,793149,218579,47117,741,624
2021-05-31T23:59:59+02:00,141,132,74631,73745,159459,161890,195903,211073,290050,317503,399042,414866,317457,355084,231152,294694,68985,125627,24,21,24963,25375,50568,60488,57735,80967,74155,115365,106149,129225,135068,151497,174118,223786,61287,111396,2501877,1163221,356273,169418,792499,208142,41234,740,614
2021-05-30T23:59:59+02:00,131,124,73576,72673,156963,159831,193265,208708,287245,314980,397150,413117,317091,354668,230990,294454,68947,125546,24,21,24356,24586,48962,58725,55976,79089,71890,112783,103466,126338,132896,148951,173322,222847,61193,111184,2485994,1153325,353739,168097,791865,196719,38302,738,598
2021-05-29T23:59:59+02:00,128,122,72963,72078,155446,158427,190962,206678,285400,313391,396310,412346,316866,354420,230909,294374,68936,125527,23,21,24027,24058,48035,57218,54625,77199,69955,109927,101132,123529,130069,145505,172662,221939,61166,111130,2472081,1139610,353576,168025,791802,186160,38265,735,589
2021-05-28T23:59:59+02:00,124,119,71874,70960,153035,156159,187273,203125,282114,310253,394447,410573,316453,353913,230762,294161,68917,125470,23,20,23491,23049,46413,55072,52776,74627,67891,105962,96781,117628,125654,140411,171681,220624,61119,111016,2448179,1116760,352519,167809,791593,171638,37875,733,577
2021-05-27T23:59:59+02:00,113,110,68548,67933,146528,151200,179071,196859,275698,305070,388126,404874,315180,352460,230301,293628,68845,125288,21,19,22160,21358,43150,52002,48871,70786,63301,99920,90394,110084,121696,135757,168862,216908,60944,110700,2403482,1088117,344873,165050,789780,151495,32112,729,564
2021-05-26T23:59:59+02:00,109,107,66384,65744,141559,147096,172957,191788,268931,299389,381385,398178,313650,350839,229805,292930,68740,125075,21,18,21413,20432,41310,49849,46503,68028,60252,96107,85784,104938,116689,130003,165048,211544,60733,110271,2366106,1055977,331638,163460,787949,139983,29368,724,554
2021-05-25T23:59:59+02:00,108,100,64355,63742,137338,143594,167900,187480,261853,293086,375948,392778,312361,349423,229390,292280,68657,124898,21,18,20830,19763,39893,48313,44654,65992,57769,93086,81683,100537,111705,124267,159471,204256,60561,109964,2328448,1024159,324119,160032,785391,130727,27719,720,539
2021-05-24T23:59:59+02:00,107,97,63107,62518,134566,141472,164608,185051,254899,287086,371000,388088,311526,348497,229101,291894,68586,124767,21,18,20480,19351,38859,47225,43296,64495,56077,91067,79429,98007,110263,122597,158858,203460,60448,109759,2304619,1014675,312986,158717,783581,124023,26156,720,531
2021-05-23T23:59:59+02:00,103,96,62602,61999,133460,140565,163400,184010,253647,286056,369405,386651,310900,347833,228928,291665,68566,124731,21,15,20245,19160,38296,46658,42522,63780,54898,90054,77919,96626,109074,121182,157874,202231,60377,109617,2293047,1006388,312390,155621,783532,122401,26016,719,514
2021-05-22T23:59:59+02:00,100,94,61905,61370,131959,139474,161019,182375,250666,283756,366917,384414,310370,347237,228751,291397,68540,124680,20,15,19925,18736,37673,46048,41879,63246,54237,89313,77142,95473,107522,119367,157100,201261,60349,109563,2274979,999648,312373,155611,783494,118946,24538,719,513
2021-05-21T23:59:59+02:00,97,92,60560,59925,129024,136851,157700,179036,245410,278975,360806,378712,309428,346136,228455,290998,68479,124572,20,15,19553,18366,37046,45265,41211,62184,53267,87903,75401,93165,104266,115407,155956,199803,60256,109386,2238730,986505,310723,155278,781911,112329,24237,713,506
2021-05-20T23:59:59+02:00,88,90,57501,57123,123266,131953,150739,172701,235078,270192,351762,370414,306878,343381,227684,289981,68347,124352,19,15,18250,17425,34858,43007,38738,59263,50425,84118,71455,88643,100115,110731,153478,196763,60072,109028,2180537,967018,304042,153307,775944,94622,21327,707,500
2021-05-19T23:59:59+02:00,86,88,55282,54918,118238,127256,143548,166063,224516,260813,341196,359493,304220,340511,226934,288934,68197,124075,19,15,17665,16636,33625,41405,37313,57185,48394,81320,68191,85045,96215,106246,149833,192010,59810,108536,2114438,943446,297767,151304,772961,85089,19499,702,481
2021-05-18T23:59:59+02:00,82,84,53175,52947,113442,122981,137141,160481,212932,250426,331298,349680,301542,337533,226052,287734,68047,123820,19,15,17142,16029,32402,39929,35942,55383,46566,78896,65288,81805,92182,101693,146619,187927,59598,108101,2054445,923061,288363,148425,769359,76408,17512,698,479
2021-05-17T23:59:59+02:00,78,78,52133,51945,111092,120909,134311,157815,206384,244391,323712,342574,299736,335551,225460,286911,67937,123607,18,15,16682,15576,31346,38878,34756,54076,45077,77083,63002,79392,87331,95813,145147,186040,59448,107788,2027511,911258,276030,140950,765920,69697,15436,692,467
2021-05-16T23:59:59+02:00,76,75,51342,51290,109637,119579,132559,156141,203401,241699,316267,335601,298705,334413,225150,286426,67884,123509,18,15,16397,15202,30591,38091,33877,53149,44005,75764,61659,77917,83910,91719,144353,184960,59362,107646,2012092,905107,265585,134172,762665,65556,13675,685,455
2021-05-15T23:59:59+02:00,75,74,50802,50653,108626,118581,131539,155015,201461,239756,312689,332375,298079,333728,224954,286153,67864,123445,18,15,16254,15035,30327,37772,33590,52715,43509,75110,60802,76924,83313,90900,143834,184294,59325,107597,1995820,899820,265555,134018,761793,64414,12960,683,452
2021-05-14T23:59:59+02:00,74,73,49539,49214,106352,116468,127923,151549,193218,232665,306364,326473,297093,332586,224667,285703,67815,123351,18,15,15751,14602,29528,36932,32798,51513,42415,73306,59218,74966,81390,88395,143220,183297,59284,107512,1958390,890049,263842,133127,757237,58962,11897,680,449
2021-05-13T23:59:59+02:00,71,71,47611,47244,102481,113211,123175,147416,183166,224056,295736,316631,294122,329156,223854,284564,67715,123142,16,14,14890,14152,28663,36217,32026,50603,41451,72200,57693,73386,77599,84031,140445,179682,59174,107296,1906623,877408,255169,126051,750993,55098,10864,671,438
2021-05-12T23:59:59+02:00,68,69,46692,46526,100543,111759,121098,145735,180587,221931,290994,311292,292958,327872,223614,284247,67677,123057,16,13,14724,13997,28333,35991,31614,50304,40998,71817,57145,72808,76241,82390,139660,178543,59087,107136,1883396,871585,252998,124243,750496,54819,10056,661,434
2021-05-11T23:59:59+02:00,64,65,44441,45043,96489,108665,115265,140994,167195,210640,279321,300512,289550,323950,222661,282850,67528,122758,15,12,14286,13430,27307,34551,30466,48487,39681,69534,55421,70527,73134,78789,138295,176700,58926,106774,1824402,859162,243255,121537,741963,46946,8569,656,432
2021-05-10T23:59:59+02:00,63,61,43180,44058,93871,106643,111992,138343,158776,203600,271425,293394,287368,321492,222088,281990,67404,122517,15,11,13941,12981,26541,33561,29666,47222,38671,67674,54185,68791,71036,76224,137150,175184,58807,106484,1788712,850227,237193,120473,734962,39737,7589,646,426
2021-05-09T23:59:59+02:00,62,61,42052,43281,91181,104866,109309,136562,153741,200162,265885,288440,286121,320093,221711,281460,67338,122370,15,11,13623,12757,25838,32885,28933,46413,37869,66707,53254,67842,69798,74815,136552,174341,58752,106353,1769281,845604,230078,119490,728939,34952,6593,631,422
2021-05-08T23:59:59+02:00,62,61,41759,42975,90327,104127,108199,135688,152280,198935,263313,286369,285619,319548,221590,281284,67322,122338,15,11,13522,12692,25701,32790,28786,46279,37678,66508,52912,67521,68831,73889,135479,172970,58705,106260,1757155,840956,229557,118735,728704,34169,6575,624,415
2021-05-07T23:59:59+02:00,61,61,40832,42253,88380,102774,105347,133456,147647,195109,257043,280846,284273,317939,221245,280831,67270,122216,15,11,12775,12208,24866,32046,28012,45209,36811,65241,51725,66000,66573,71190,133241,170138,58616,106083,1731240,831193,226336,116455,724572,27375,5623,619,410
2021-05-06T23:59:59+02:00,58,60,38180,40522,83613,99296,99328,128685,137427,186576,240559,266411,279138,312134,219954,279145,67095,121902,15,11,12089,11689,23921,30940,27005,43852,35444,63232,49981,64008,64072,68051,131130,167365,58502,105866,1665506,820033,216411,113327,713630,18994,4706,601,403
2021-05-05T23:59:59+02:00,56,58,36286,39319,79941,96701,94713,125026,129579,180026,225788,252353,272944,304988,218375,277151,66849,121380,15,10,11851,11410,23370,30209,26396,42919,34513,61824,48817,62582,61451,64926,128183,163655,58404,105615,1599171,807639,211319,109745,707570,15024,3635,597,395
2021-05-04T23:59:59+02:00,56,56,35171,38201,77197,94364,91187,121970,123988,175283,215133,242046,267451,298528,216925,275306,66640,120913,15,10,11686,11201,22953,29660,25925,42132,33779,60721,47696,61294,58713,61726,125810,160715,58255,105379,1549957,795619,206180,107100,701462,11872,2978,586,388
2021-05-03T23:59:59+02:00,55,55,34296,37147,74890,92531,88301,119605,119534,171624,208453,236032,264152,294648,216129,274214,66517,120618,15,10,11438,10928,22553,29066,25436,41426,33085,59749,46664,60140,55905,58372,122023,155810,57997,104939,1518075,779656,203059,105380,696502,9108,1323,578,374
2021-05-02T23:59:59+02:00,55,55,33939,36831,73697,91614,86813,118494,117089,169744,205342,233501,263185,293555,215844,273807,66450,120511,15,9,11363,10850,22357,28848,25200,41136,32734,59340,46205,59659,54709,56904,118947,152124,57912,104807,1507379,774583,200256,99808,692607,8201,446,565,361
2021-05-01T23:59:59+02:00,54,55,33619,36447,72930,90816,85737,117448,115614,168374,202245,230468,262492,292726,215634,273526,66439,120472,15,9,11347,10833,22301,28817,25134,41096,32671,59283,46123,59580,54466,56610,118789,151926,57903,104790,1492231,773255,200243,99765,692337,8153,439,564,359
2021-04-30T23:59:59+02:00,52,53,33072,35843,71715,89583,84263,115709,111827,164792,194832,223349,260497,290354,215185,272917,66379,120363,15,9,11021,10635,21934,28535,24856,40667,32339,58720,45651,58940,53564,55443,117837,150739,57848,104671,1459256,769540,199913,97768,691529,5807,236,559,350
2021-04-29T23:59:59+02:00,50,52,31568,34884,68777,87540,80610,113081,106690,160668,181992,211785,252549,281241,213988,271287,66245,120020,15,9,10710,10418,21453,28082,24422,40165,31748,57974,44844,58005,51722,53240,115984,148493,57747,104473,1404203,760666,192622,95078,686136,3479,211,545,343
2021-04-28T23:59:59+02:00,49,51,30331,34269,66898,86218,78122,111249,103249,157803,172277,202585,241685,268631,212704,269601,66049,119693,15,9,10518,10254,21143,27716,24051,39687,31312,57311,44100,57168,49565,50596,113395,145251,57621,104261,1351414,750981,189256,90507,680760,2252,178,535,324
2021-04-27T23:59:59+02:00,46,50,29569,33580,65310,84737,76100,109431,100469,155397,167527,197839,233163,258806,211559,267985,65929,119471,15,9,10392,10140,20854,27418,23811,39352,30949,56806,43406,56476,47551,48043,110751,141809,57502,104060,1317244,741122,186944,86486,672753,1526,176,519,302
2021-04-26T23:59:59+02:00,45,50,29136,33192,64204,83839,74590,108255,98166,153675,158894,189816,228964,253952,210850,266988,65836,119271,15,9,10296,10050,20631,27226,23571,39131,30647,56458,42786,55895,45738,45889,108854,139322,57406,103905,1288196,733121,185499,83372,666014,1142,169,505,292
2021-04-25T23:59:59+02:00,45,49,28883,32950,63415,83305,73514,107510,96417,152435,153487,184930,224623,249058,210258,266206,65770,119149,15,9,10240,10013,20549,27141,23480,39043,30537,56329,42619,55734,45322,45391,108173,138414,57378,103835,1275327,731426,179351,81598,657317,1010,166,497,289
2021-04-24T23:59:59+02:00,45,48,28536,32521,62469,82074,72325,106051,94853,150766,148569,179773,221834,245717,209789,265532,65736,119099,15,9,10225,9993,20506,27095,23423,38973,30455,56242,42468,55599,45077,45079,107922,138118,57357,103807,1250385,730317,179316,80894,656022,966,165,492,287
2021-04-23T23:59:59+02:00,45,48,27784,31896,60889,80548,70513,104023,92243,148108,143755,175366,217262,240150,209133,264545,65673,118984,15,9,10172,9928,20395,27008,23284,38819,30217,56030,42100,55266,44461,44319,106856,136830,57200,103530,1225350,726936,178125,78410,647471,914,160,488,283
2021-04-22T23:59:59+02:00,43,48,27164,31293,59346,79100,68030,101789,88094,144604,135693,167852,208217,229142,207096,261915,65473,118587,14,9,10045,9828,20140,26707,22926,38378,29699,55511,41338,54628,43295,42998,104853,134376,56971,103132,1183706,719412,170648,74473,639112,791,160,476,275
2021-04-21T23:59:59+02:00,43,44,26667,30769,58008,77979,66134,100147,85037,141950,128491,161021,195120,213790,204945,259026,65247,118162,14,9,9911,9738,19905,26452,22634,38050,29337,55054,40783,54087,42441,41973,102654,131579,56715,102714,1132078,712807,167750,70364,632726,716,160,471,265
2021-04-20T23:59:59+02:00,41,44,26235,30296,56829,76819,64439,98548,82475,139364,123390,155933,183633,200317,202514,255888,65011,117732,13,9,9806,9644,19683,26260,22336,37773,28922,54632,40238,53553,41618,41036,100426,128580,56376,102180,1089300,705194,164254,67107,625926,634,158,467,254
2021-04-19T23:59:59+02:00,41,43,25867,29933,55851,75996,63143,97366,80337,137431,119848,152523,177857,193464,200804,253656,64826,117402,13,9,9697,9550,19446,26038,22088,37497,28604,54237,39724,53017,40821,40130,97307,124579,55969,101464,1064649,694764,162413,64685,619302,593,157,459,252
2021-04-18T23:59:59+02:00,40,38,25556,29666,55072,75442,62011,96413,78470,136003,116471,150118,172736,187899,199789,252424,64714,117210,13,9,9623,9473,19255,25858,21906,37325,28385,53958,39460,52763,40492,39747,96091,123023,55785,101163,1050585,690853,160736,62751,608723,578,157,454,250
2021-04-17T23:59:59+02:00,39,37,25443,29569,54694,75238,61489,96055,77809,135394,115618,149375,168472,183004,199255,251700,64680,117145,13,9,9578,9414,19113,25667,21717,37095,28157,53682,39197,52495,40186,39420,95323,122094,55720,101079,1039650,686814,160699,62433,604638,565,157,454,249
2021-04-16T23:59:59+02:00,39,37,25065,29318,53698,74620,60191,95165,76172,134054,111459,145223,160811,174210,197593,249495,64572,116938,13,9,9371,9236,18715,25229,21124,36513,27039,52771,37161,50885,36844,36450,92118,118551,55317,100422,1013637,671616,159900,55475,595095,534,155,451,244
2021-04-15T23:59:59+02:00,37,33,24586,28866,52433,73446,58215,93434,72880,131203,105968,139933,152922,165213,192935,243616,64276,116321,13,9,9196,9070,18343,24796,20627,35844,26357,51966,35771,49651,34721,34391,88989,114796,54808,99565,981319,658421,157835,49873,577135,483,153,443,237
2021-04-14T23:59:59+02:00,35,30,24245,28537,51488,72502,56863,92029,70486,129032,101959,136140,143705,154807,185192,233737,63935,115657,13,9,8781,8792,17864,24283,20080,35183,25438,51085,34481,48530,32663,32226,86003,111139,54313,98703,943336,643414,155153,45645,561871,391,152,427,236
2021-04-13T23:59:59+02:00,35,30,24001,28310,50778,71958,55897,91183,68830,127603,98218,132687,131837,141645,178792,225405,63596,115068,13,9,8541,8612,17512,23865,19639,34627,24754,50280,33396,47502,31268,30855,83831,108728,53952,98157,909896,633893,150623,41246,545335,268,151,421,234
2021-04-12T23:59:59+02:00,35,29,23791,28117,50216,71439,55025,90440,67351,126306,95571,130349,124714,133607,175567,221457,63325,114577,13,9,8304,8423,17144,23563,19265,34185,24277,49743,32728,46874,29730,29307,82165,106784,53625,97635,893423,625397,149068,37988,529415,256,149,410,229
2021-04-11T23:59:59+02:00,34,29,23614,27948,49682,71011,54279,89977,66199,125494,93696,128858,119219,127574,171647,216849,63155,114278,13,9,8166,8289,16843,23279,18943,33868,23914,49359,32279,46487,29089,28635,81145,105534,53416,97316,885878,620065,144651,36152,513020,241,142,397,224
2021-04-10T23:59:59+02:00,34,29,23552,27888,49509,70867,54070,89813,65863,125217,93167,128415,117130,125036,170205,214995,63113,114178,13,9,7577,7681,15947,22489,17979,33025,22792,48319,31160,45484,28424,27920,79048,102924,53148,96881,878837,604685,143791,35773,510468,238,131,396,223
2021-04-09T23:59:59+02:00,33,29,23304,27635,48994,70365,53413,89111,64860,124084,91330,126496,108287,114074,166819,210581,62913,113820,12,9,6616,6777,14411,21162,16254,31463,20649,46347,28936,43468,26639,26085,75533,98726,52603,96041,859299,577132,136725,34252,500147,226,118,389,220
2021-04-08T23:59:59+02:00,33,29,23004,27387,48409,69869,52649,88407,63540,122993,88896,124319,97951,102047,161270,203724,62583,113253,12,9,5970,6187,13213,20140,14987,30122,19007,44626,26434,41133,23610,23106,70855,92912,51445,94271,840539,545412,127808,32310,482053,200,105,381,218
2021-04-07T23:59:59+02:00,32,28,22683,27152,47592,69392,51710,87775,62137,121992,85724,121856,88717,91720,154250,194932,62289,112694,12,9,5588,5860,12547,19460,14166,29289,17964,43576,24517,39234,21063,20575,66878,88120,50447,92649,819960,521843,122186,29828,460579,175,95,365,212
2021-04-06T23:59:59+02:00,31,28,22468,26992,47052,69001,51118,87242,61100,121213,83606,120103,80942,82894,147866,186956,61943,112067,12,9,5390,5700,12190,19095,13810,28851,17428,43006,23655,38417,19930,19543,63703,84009,49523,91257,800605,508408,118964,26861,443118,163,89,348,206
2021-04-05T23:59:59+02:00,31,28,22368,26865,46737,68649,50723,86832,60543,120517,82419,118943,76453,77794,142879,180857,61742,111751,12,9,5251,5559,11928,18839,13516,28535,17107,42628,23206,37956,19466,19071,60806,80443,48826,90187,791118,499029,117205,24066,427884,159,83,337,205
2021-04-04T23:59:59+02:00,31,28,22318,26800,46612,68371,50551,86514,60261,120012,81901,118307,75001,76083,142176,179883,61705,111669,12,9,5245,5550,11909,18822,13504,28517,17086,42612,23106,37883,19058,18749,59363,78587,48618,89875,788545,494214,117094,24060,422675,152,76,329,199
2021-04-03T23:59:59+02:00,31,28,22255,26718,46484,68260,50384,86335,59944,119695,81331,117725,73655,74448,141059,178345,61622,111521,12,9,5234,5539,11896,18802,13482,28497,17052,42565,23000,37808,18922,18598,59008,78020,48529,89728,782165,492414,117048,24060,420719,150,74,328,199
2021-04-02T23:59:59+02:00,31,28,22175,26631,46318,68087,50159,86085,59469,119234,80441,116909,72099,72560,138776,175365,61428,111161,12,9,5213,5501,11844,18757,13425,28414,16962,42415,22727,37330,18565,18235,56668,75129,47715,88624,773010,483907,115262,23416,418782,150,69,324,197
2021-04-01T23:59:59+02:00,28,27,21980,26423,45897,67565,49508,85341,58593,118289,78552,115236,68829,69123,134682,170182,61111,110591,12,9,5066,5357,11568,18490,13198,28176,16640,42106,22220,36885,17730,17477,51795,69067,46021,86142,761326,465723,109157,22039,411578,137,64,317,188
2021-03-31T23:59:59+02:00,27,27,21648,26201,45492,67031,49006,84683,57856,117345,77386,113997,66772,66794,129920,164061,60704,109868,11,9,4986,5304,11466,18364,13031,28019,16398,41835,21619,36366,16589,16567,46559,62632,44634,84146,751518,447266,101970,21088,405443,134,54,314,185
2021-03-30T23:59:59+02:00,27,26,21468,25976,45087,66410,48495,83877,57142,116290,76245,112613,64923,64770,125538,158304,60237,108974,11,9,4919,5216,11359,18236,12835,27827,16067,41510,21042,35819,15750,15759,43789,59209,43519,82344,741299,435354,97738,19720,397494,107,47,303,180
2021-03-29T23:59:59+02:00,26,26,21270,25737,44623,65856,48014,83178,56402,115206,75003,111169,62422,62017,118800,149677,59467,107581,11,9,4819,5144,11251,18114,12677,27659,15817,41184,20578,35349,15095,15213,41181,56211,42411,80514,720722,424084,94313,19029,391573,90,45,298,176
2021-03-28T23:59:59+02:00,26,26,21066,25444,44119,65160,47489,82428,55717,114196,74048,110055,61159,60576,114089,143701,59024,106824,11,9,4762,5082,11105,17962,12417,27359,15624,40937,20409,35113,14853,14964,40102,54790,42059,79972,714148,419738,86998,17700,384134,69,45,294,165
2021-03-27T23:59:59+01:00,26,26,20945,25285,43821,64794,47123,81896,55210,113505,73371,109315,60001,59485,112597,141994,58957,106742,11,9,4747,5070,11078,17941,12398,27328,15262,40505,20009,34675,14558,14753,39615,54103,41586,79155,708858,415673,86291,17044,380075,64,45,291,164
2021-03-26T23:59:59+01:00,26,25,20693,24771,43009,63084,46144,79866,53866,110476,71351,105693,57978,57594,109843,138755,58629,106224,9,9,4726,5037,11056,17889,12326,27234,15182,40393,19664,34080,14086,14097,36527,50249,39524,75895,697425,401088,82967,16825,367771,52,41,282,163
2021-03-25T23:59:59+01:00,26,22,20261,24096,42129,61313,45042,77305,52346,106940,68954,101924,55378,54951,106526,134783,58059,105232,9,9,4680,4981,10965,17785,12201,27089,14992,40175,19383,33769,13605,13601,32677,45187,36517,71336,685953,382672,78758,16228,350717,45,38,276,159
2021-03-24T23:59:59+01:00,26,22,19855,23642,41342,60034,44014,75757,50959,105007,66846,99587,52587,52030,102270,129691,57419,104156,9,9,4624,4912,10871,17642,12033,26885,14761,39886,19016,33347,13145,13150,30100,41968,33389,66479,673104,367049,73876,15130,338409,39,33,272,155
2021-03-23T23:59:59+01:00,26,22,19607,23333,40780,59105,43281,74651,49910,103487,65171,97720,50282,49678,99514,126477,56862,103319,9,9,4563,4840,10770,17512,11883,26699,14513,39570,18598,32956,12639,12638,27661,38850,29684,60534,664896,349347,70526,14540,327948,35,31,270,153
2021-03-22T23:59:59+01:00,26,22,19381,22910,40131,58214,42605,73603,48958,102092,63693,96085,48445,47783,97118,123734,56393,102554,6,8,4506,4794,10682,17393,11751,26522,14352,39330,18356,32654,12322,12262,25816,36478,25678,54043,658534,332934,67719,13983,317636,30,31,268,151
2021-03-21T23:59:59+01:00,26,22,19241,22646,39631,57451,42035,72745,48292,100926,62742,94847,47394,46753,95474,121882,56020,101974,6,8,4490,4785,10645,17345,11701,26434,14291,39241,18274,32552,12200,12124,25386,36029,25324,53482,655876,330721,65683,13569,308684,30,26,266,146
2021-03-20T23:59:59+01:00,26,22,19180,22499,39415,56953,41794,72184,47976,100288,62297,94241,46736,45984,92878,118651,55732,101490,6,8,4481,4776,10635,17332,11672,26417,14248,39206,18192,32476,12045,11963,24745,35257,24559,52399,649386,327009,65233,13381,303866,30,26,264,146
2021-03-19T23:59:59+01:00,25,21,18823,21932,38283,54822,40509,70183,46234,98197,59408,91480,42291,42108,87652,112889,55033,100412,6,8,4460,4761,10602,17282,11607,26304,14156,39032,17955,32176,11689,11680,23064,33191,22874,49825,631605,317631,58013,13017,290822,28,25,260,145
2021-03-18T23:59:59+01:00,25,20,18428,21278,37101,52662,38969,67391,44075,93720,55557,85676,38250,38291,82918,107408,53943,98756,6,8,4440,4732,10534,17179,11528,26148,14009,38842,17745,31975,11452,11496,21817,31667,21158,47222,614634,309534,52272,12402,267695,26,24,255,141
2021-03-17T23:59:59+01:00,24,19,18000,20922,36368,51737,38202,66430,42990,92360,53767,83848,35564,35497,78900,102574,53002,97285,5,8,4417,4704,10470,17078,11453,26012,13895,38652,17549,31784,11216,11271,20562,30246,19567,44815,597920,302004,47864,11686,261832,24,22,252,135
2021-03-16T23:59:59+01:00,23,19,17639,20499,35614,50662,37384,65228,41889,90678,51924,81859,33351,33475,74856,97605,52119,95971,5,6,4366,4652,10398,16947,11362,25859,13795,38411,17414,31539,11034,11085,19278,28719,18085,42487,584597,294183,43170,11251,253154,23,18,248,133
2021-03-15T23:59:59+01:00,23,19,17358,20132,34898,49674,36589,64034,40981,89196,50660,80252,31622,31633,71560,93505,51426,94840,5,6,4344,4617,10329,16823,11294,25656,13675,38121,17265,31265,10865,10923,18547,27751,16816,40623,573429,288333,39838,10600,245272,23,6,241,127
2021-03-14T23:59:59+01:00,23,18,17086,19704,34038,48464,35684,62713,39915,87368,49401,78520,30450,30387,69560,90938,50982,94162,5,6,4319,4598,10284,16744,11237,25514,13614,37899,17172,31099,10792,10837,18368,27470,16554,40061,566283,287125,37956,9468,235313,14,3,235,127
2021-03-13T23:59:59+01:00,23,18,16266,18638,32537,46414,34099,60569,37870,84284,47258,75955,29093,29025,67540,88310,50714,93772,5,6,4319,4597,10282,16738,11232,25505,13605,37891,17164,31089,10757,10801,17618,26579,15505,38603,549902,282854,37672,9466,224929,13,3,234,122
2021-03-12T23:59:59+01:00,22,17,15163,17259,30089,43762,31430,57424,34997,79429,44035,71474,26250,25833,63226,82997,49729,92369,5,5,4306,4562,10262,16675,11212,25452,13557,37773,17076,30956,10475,10574,16723,25323,14432,37074,521785,277019,36358,9450,207467,11,3,231,118
2021-03-11T23:59:59+01:00,21,17,14118,15795,27823,41058,29098,54236,32398,75034,40268,66577,22830,22345,57195,75665,47799,89537,5,5,4263,4520,10180,16556,11098,25225,13438,37462,16911,30647,10171,10358,16095,24477,13762,35795,489637,272994,34763,8017,187503,9,3,218,103
2021-03-10T23:59:59+01:00,21,17,13523,15094,26409,39438,27436,52407,30828,72709,37737,63443,20069,19779,51273,68521,46247,87198,5,5,4226,4476,10081,16387,10976,24969,13289,37039,16711,30270,9926,10167,15353,23703,13101,34768,463150,268229,32715,7270,176373,5,3,214,100
2021-03-09T23:59:59+01:00,20,16,13239,14624,25278,38395,26016,51225,29760,71054,36354,61605,18876,18649,47758,64066,45123,85409,5,5,4201,4450,9996,16218,10872,24707,13133,36721,16533,30033,9799,10061,14687,22863,12601,33992,449515,264502,30170,6429,167861,5,3,210,92
2021-03-08T23:59:59+01:00,19,16,12906,14012,24196,37278,24743,50083,28820,69566,35111,59982,17800,17764,43632,59082,43896,83424,5,5,4186,4414,9934,16020,10769,24441,12998,36361,16401,29765,9714,9976,14190,22255,12285,33547,434027,261291,28160,6032,160222,1,3,205,91
2021-03-07T23:59:59+01:00,19,16,12672,13717,23598,36421,24039,49203,28214,68692,34492,59217,17534,17504,42564,57628,43530,82865,5,5,4173,4399,9911,15977,10741,24365,12966,36191,16344,29651,9692,9947,13991,21999,12150,33341,429238,260220,26342,5686,156430,0,3,194,90
2021-03-06T23:59:59+01:00,18,16,12557,13426,23194,35680,23502,48409,27159,67157,33388,57451,17144,17173,41917,56738,43230,82397,5,5,4170,4385,9899,15951,10723,24331,12956,36148,16326,29620,9674,9906,13944,21961,12047,33130,425152,259838,26278,5402,149207,0,3,193,89
2021-03-05T23:59:59+01:00,18,16,12142,12824,22508,34473,22814,47178,26400,65519,32148,55032,16493,16336,38453,52435,41076,78956,5,5,4143,4335,9829,15847,10672,24183,12887,35952,16239,29411,9577,9835,13759,21750,11675,32516,409949,258132,24823,4554,140125,0,1,192,83
2021-03-04T23:59:59+01:00,16,16,11382,11809,21318,32742,21594,45125,25041,62865,30451,52671,15762,15615,34447,47265,37996,74268,5,5,4093,4242,9714,15551,10568,23824,12753,35418,16093,29006,9395,9677,13599,21540,11590,32370,391483,255057,22739,4455,126234,0,1,191,76
2021-03-03T23:59:59+01:00,15,16,11070,11307,20630,31522,20815,43758,24125,61111,29403,51024,15283,15107,31829,43939,34903,69495,5,5,4051,4177,9633,15377,10488,23567,12644,34994,15912,28657,9209,9549,13472,21320,11445,32094,375996,252383,21938,4287,117488,0,1,187,71
2021-03-02T23:59:59+01:00,15,16,10808,10877,19977,30545,20098,42734,23335,59716,28425,49745,14651,14453,29150,40570,31006,63274,5,5,4003,4104,9570,15210,10418,23298,12535,34559,15807,28347,9082,9446,13332,21128,11368,31949,357754,249955,20423,4281,111287,0,0,183,71
2021-03-01T23:59:59+01:00,13,15,10635,10615,19462,29737,19533,41849,22742,58644,27709,48620,14225,13997,27075,37986,26734,56367,5,5,3987,4054,9514,15052,10349,22997,12451,34181,15697,28022,8997,9384,13149,20858,11252,31765,340480,247506,19306,4281,106239,0,0,180,71
2021-02-28T23:59:59+01:00,13,15,10465,10412,18992,29082,18993,41107,22260,57786,27216,47823,14013,13751,26468,37324,26328,55763,5,5,3970,4039,9488,15019,10330,22945,12433,34111,15669,27973,8970,9360,13016,20678,11188,31616,338004,246643,18441,4243,101431,0,0,179,68
2021-02-27T23:59:59+01:00,13,15,10286,9897,18663,28216,18734,40319,21975,56800,26888,47033,13740,13450,25797,36522,25402,54344,5,5,3956,4026,9466,14998,10297,22898,12394,34028,15622,27899,8949,9343,12995,20653,11166,31596,334089,246277,17714,4092,96352,0,0,179,66
2021-02-26T23:59:59+01:00,12,14,9489,9113,17760,26777,17951,38112,21042,53947,25428,44208,13273,13047,24204,34531,23873,52037,5,5,3875,3957,9386,14837,10222,22642,12314,33662,15505,27606,8869,9262,12928,20584,11126,31526,324948,244367,17459,4018,82467,0,0,176,64
2021-02-25T23:59:59+01:00,12,14,8331,8259,16437,25164,16679,35854,19801,51058,23715,41422,12795,12646,22925,32940,22372,49753,5,5,3751,3811,9220,14516,9998,22035,12056,32797,15172,26948,8672,9110,12666,20259,10986,31258,317310,240200,16682,3139,66233,0,0,172,62
2021-02-24T23:59:59+01:00,11,13,7965,7735,15781,24130,16053,34615,19087,49543,22923,40223,12399,12310,21617,31444,20696,47126,4,5,3678,3741,9076,14220,9818,21576,11849,32165,14909,26408,8529,8967,12522,20086,10921,31046,309070,237402,15716,2191,58929,0,0,172,61
2021-02-23T23:59:59+01:00,11,13,7482,7257,14966,22949,15365,33396,18364,48131,22200,39147,12079,11980,20274,29870,19082,44571,4,5,3636,3664,8955,14016,9677,21177,11661,31583,14606,25902,8358,8821,12392,19873,10849,30808,300924,234535,14914,1524,51339,0,0,170,60
2021-02-22T23:59:59+01:00,10,11,7375,7051,14580,22331,15010,32668,17897,47122,21706,38413,11874,11729,19525,28858,17761,42615,4,5,3606,3562,8817,13724,9513,20674,11406,30834,14233,25299,8107,8623,12190,19617,10743,30497,295033,231198,14306,328,47234,0,0,166,57
2021-02-21T23:59:59+01:00,10,11,7283,6925,14252,21883,14591,32084,17480,46470,21264,37919,11765,11624,19362,28644,17513,42280,4,5,3566,3522,8731,13597,9432,20453,11333,30540,14110,25026,8047,8562,12132,19506,10672,30333,293874,229332,13936,310,43588,0,0,161,56
2021-02-20T23:59:59+01:00,10,11,7166,6874,14125,21803,14473,31946,17359,46316,21102,37736,11665,11537,18577,27725,16451,40808,4,5,3564,3515,8720,13589,9422,20432,11318,30515,14095,25015,8042,8553,12067,19442,10618,30264,289601,228943,13739,309,42384,0,0,156,55
2021-02-19T23:59:59+01:00,8,10,6864,6621,13770,21362,14099,31274,16883,45520,20396,36861,11057,11134,17527,26394,15294,39199,4,5,3484,3490,8644,13558,9379,20373,11280,30421,14035,24920,8000,8493,11848,19169,10424,29934,283201,227227,13362,307,37750,0,0,151,54
2021-02-18T23:59:59+01:00,8,10,6464,6147,13141,20215,13458,29900,16066,43651,19517,35281,10823,10913,16934,25640,14716,38312,4,5,3296,3352,8309,13019,9085,19620,10928,29376,13664,24086,7792,8180,11259,18213,9926,28776,279602,218661,12782,304,28855,0,0,141,51
2021-02-17T23:59:59+01:00,8,9,6298,5804,12695,19334,12965,28709,15363,41929,18866,33953,10588,10656,16178,24825,13940,37128,3,5,3046,3191,7966,12500,8784,18828,10558,28328,13276,23233,7556,7942,10700,17357,9486,27960,274923,210491,12047,298,22320,0,0,135,51
2021-02-16T23:59:59+01:00,8,9,5972,5502,12158,18499,12461,27635,14817,40553,18271,32918,10430,10549,15508,23996,13432,36344,3,5,2864,3071,7661,12044,8478,18102,10160,27234,12811,22332,7281,7642,9979,16177,8753,26403,271390,200931,11550,142,16172,0,0,125,46
2021-02-15T23:59:59+01:00,8,9,5864,5318,11861,17854,12194,26851,14464,39559,17920,32144,10300,10436,14949,23342,13071,35806,3,5,2775,2991,7465,11717,8258,17593,9856,26383,12456,21648,6999,7354,9276,15117,8238,25120,268274,193235,10947,96,12783,0,0,118,41
2021-02-14T23:59:59+01:00,8,9,5596,5200,11613,17582,11969,26416,14232,39112,17728,31867,10253,10385,14714,23001,12907,35413,3,5,2724,2953,7348,11548,8128,17385,9678,26049,12278,21345,6901,7227,9052,14734,8051,24582,267267,189979,10008,93,10783,0,0,117,36
2021-02-13T23:59:59+01:00,8,9,5536,5162,11562,17544,11938,26384,14203,39079,17708,31847,10239,10355,14687,22969,12893,35395,3,5,2720,2950,7342,11539,8116,17363,9661,26014,12251,21300,6870,7190,8895,14520,7698,23950,267017,188462,10004,10,10551,0,0,116,31
2021-02-12T23:59:59+01:00,8,8,5019,4844,10993,17180,11621,25832,13883,38438,17378,31206,10125,10247,14503,22756,12812,35285,3,5,2669,2917,7246,11380,8014,17131,9512,25622,12036,20853,6687,6952,8530,13955,7104,22604,265322,183301,9989,8,6883,0,0,112,27
2021-02-11T23:59:59+01:00,8,8,4558,4541,10404,16496,11208,25023,13401,37176,16889,30345,9808,9983,14222,22307,12530,34598,3,5,2500,2642,6643,10182,7322,15395,8649,23002,10975,18764,6031,6234,7478,12336,6286,20286,262079,164817,8345,3,3139,0,0,105,19
2021-02-10T23:59:59+01:00,8,8,4309,4374,10070,16044,10896,24484,13088,36290,16475,29594,9588,9844,14039,22102,12437,34388,3,5,2137,2348,5704,8712,6508,13344,7659,20090,9843,16717,5487,5644,6489,10670,5509,18223,259417,145178,7842,2,841,0,0,96,6
2021-02-09T23:59:59+01:00,8,8,4246,4274,9946,15774,10787,24075,12913,35672,16260,29120,9409,9703,13843,21888,12294,34163,3,5,1742,1996,4917,7440,5733,11542,6739,17564,8755,14719,4908,5013,5437,9100,4774,16098,256952,126564,7060,1,434,0,0,94,3
2021-02-08T23:59:59+01:00,8,8,4212,4220,9850,15563,10674,23713,12789,35212,16114,28761,9313,9635,13640,21603,12187,33966,3,5,1577,1799,4353,6443,5066,9961,5921,15033,7737,12855,4353,4481,4459,7502,4010,14005,254558,109634,6544,1,428,0,0,91,3
2021-02-07T23:59:59+01:00,8,8,4047,4153,9693,15426,10572,23548,12708,34950,15999,28565,9272,9588,13496,21423,12112,33822,3,5,1363,1552,3930,5770,4645,9079,5492,13862,7247,11891,4099,4219,4227,7106,3849,13405,253459,101813,5996,1,0,0,0,86,2
2021-02-06T23:59:59+01:00,8,8,4037,4143,9682,15410,10559,23513,12686,34900,15980,28509,9253,9575,13478,21388,12006,33625,3,5,1210,1357,3697,5464,4459,8653,5273,13276,6968,11333,3963,4084,4100,6956,3569,12948,253114,97383,5711,1,0,0,0,86,2
2021-02-05T23:59:59+01:00,8,7,3964,4073,9609,15266,10492,23262,12600,34532,15866,28225,9169,9500,13407,21313,11656,33030,3,4,1069,1126,3415,5016,4200,8069,4958,12497,6584,10604,3706,3838,3939,6724,3058,12056,251226,90927,4818,0,0,0,0,84,2
2021-02-04T23:59:59+01:00,8,7,3906,3948,9487,14947,10312,22713,12411,33734,15652,27661,9046,9387,13181,21018,11542,32823,3,2,805,791,2588,3760,3265,6319,4003,9946,5259,8382,3029,3123,3319,5736,2669,10559,247258,73604,4589,0,0,0,0,83,2
2021-02-03T23:59:59+01:00,8,7,3836,3875,9383,14724,10209,22376,12278,33225,15504,27245,8936,9271,13040,20841,11466,32658,3,2,668,622,1956,2834,2524,4880,3024,7639,4026,6317,2211,2248,2418,4243,1933,7895,244533,55477,4415,0,0,0,0,81,1
2021-02-02T23:59:59+01:00,8,7,3769,3779,9283,14527,10110,21997,12137,32661,15301,26792,8808,9153,12917,20633,11383,32393,2,2,532,491,1485,2098,1932,3670,2276,5811,3007,4729,1570,1549,1654,2798,1347,5252,241312,40228,4411,0,0,0,0,79,1
2021-02-01T23:59:59+01:00,7,7,3729,3687,9204,14296,10003,21610,12000,32024,15115,26287,8685,9002,12807,20489,11335,32214,1,0,395,357,1038,1449,1274,2451,1487,3808,1873,3002,999,986,980,1710,772,3037,238160,25632,4410,0,0,0,0,73,0
2021-01-31T23:59:59+01:00,7,7,3708,3651,9149,14186,9931,21400,11932,31725,15012,26090,8629,8943,12755,20376,11290,32084,1,0,364,336,912,1258,1083,2073,1285,3252,1638,2631,900,895,878,1526,701,2729,236652,22473,4292,0,0,0,0,71,0
2021-01-30T23:59:59+01:00,7,7,3707,3648,9138,14171,9916,21376,11919,31705,15000,26076,8625,8938,12686,20307,11223,32006,1,0,348,311,851,1174,1025,1949,1221,3062,1563,2495,870,869,859,1486,686,2676,236326,21456,4198,0,0,0,0,71,0
2021-01-29T23:59:59+01:00,7,7,3646,3631,9077,14141,9887,21324,11887,31628,14951,26009,8601,8915,12500,20080,11041,31762,1,0,281,227,726,998,880,1586,1066,2673,1351,2168,779,777,811,1432,668,2623,235094,19055,4069,0,0,0,0,70,0
2021-01-28T23:59:59+01:00,7,6,3528,3544,8871,13752,9665,20808,11653,31041,14618,25508,8464,8808,12066,19461,10684,31183,1,0,133,60,308,371,386,626,470,1166,618,977,412,430,477,827,384,1591,230293,9241,3447,0,0,0,0,66,0
2021-01-27T23:59:59+01:00,7,6,3297,3406,8577,13331,9364,20179,11264,30205,14230,24766,8245,8593,11516,18651,10258,30419,1,0,82,35,215,231,251,429,312,812,441,676,313,314,354,617,289,1167,223565,6542,2822,0,0,0,0,60,0
2021-01-26T23:59:59+01:00,6,6,3132,3308,8293,12988,9100,19607,10956,29444,13831,24131,8004,8367,10938,17733,9608,29265,1,0,76,31,200,221,235,394,296,758,410,614,298,288,326,553,262,1037,216819,6003,1976,0,0,0,0,53,0
2021-01-25T23:59:59+01:00,6,6,3044,3214,8009,12504,8807,18898,10568,28439,13351,23363,7719,8163,10321,16914,9152,28365,1,0,68,23,176,198,201,335,256,637,357,509,260,243,272,475,213,850,210498,5077,426,0,0,0,0,47,0
2021-01-24T23:59:59+01:00,6,6,3000,3193,7922,12424,8732,18770,10458,28279,13220,23180,7675,8124,10253,16800,9104,28270,1,0,67,22,171,193,198,321,253,614,348,495,251,239,270,468,209,835,209182,4958,321,0,0,0,0,40,0
2021-01-23T23:59:59+01:00,6,6,2999,3192,7920,12420,8727,18759,10455,28265,13214,23174,7667,8119,10126,16634,8775,27683,1,0,66,21,170,192,198,319,251,613,346,495,251,239,270,468,209,833,207916,4945,317,0,0,0,0,34,0
2021-01-22T23:59:59+01:00,6,6,2936,3146,7795,12304,8643,18616,10344,28091,13131,23059,7636,8081,9926,16329,8257,26658,1,0,66,20,169,191,197,317,251,612,344,495,251,239,270,468,209,833,204749,4936,315,0,0,0,0,26,0
2021-01-21T23:59:59+01:00,6,6,2850,2974,7293,11388,8159,17467,9806,26463,12524,21842,7349,7757,9293,15391,7743,25614,1,0,60,18,151,177,179,283,225,537,306,453,227,212,237,384,176,694,193711,4323,314,0,0,0,0,19,0
