Datum,<15_m,<15_w,15-24_1_m,15-24_1_w,25-34_1_m,25-34_1_w,35-44_1_m,35-44_1_w,45-54_1_m,45-54_1_w,55-64_1_m,55-64_1_w,65-74_1_m,65-74_1_w,75-84_1_m,75-84_1_w,>84_1_m,>84_1_w,<24_2_m,<24_2_w,25-34_2_m,25-34_2_w,35-44_2_m,35-44_2_w,45-54_2_m,45-54_2_w,55-64_2_m,55-64_2_w,65-74_2_m,65-74_2_w,75-84_2_m,75-84_2_w,>84_2_m,>84_2_w,bp_1,bp_2,mo_1,mo_2,az_1,az_2,ja,unb_1,unb_2
2021-08-03T23:59:59+02:00,25229,23263,242313,234355,353257,325387,373750,367532,439946,450663,496200,499830,342684,383102,241691,309405,71212,130366,171853,166346,286629,263588,319986,314129,397918,407481,459971,464961,326030,364366,231788,296001,67975,123666,3793942,3287559,509980,454977,805412,738714,201096,501,350
2021-08-02T23:59:59+02:00,24935,22989,241370,233507,352512,324723,373148,367020,439471,450185,495757,499430,342461,382866,241589,309278,71189,130318,168508,163078,282821,260333,314637,309626,395390,405108,457891,463091,325315,363589,231514,295626,67917,123560,3788245,3257713,509749,453057,805364,736247,199635,501,349
2021-08-01T23:59:59+02:00,24802,22824,240818,232970,351990,324270,372768,366657,439081,449895,495447,499185,342345,382721,241524,309169,71177,130292,167131,161790,280687,258606,310390,306230,393645,403650,456497,461938,324916,363133,231361,295424,67891,123504,3784962,3241756,509452,450958,805280,733832,198486,501,349
2021-07-31T23:59:59+02:00,24694,22728,240486,232665,351729,324057,372537,366493,438901,449748,495343,499090,342313,382684,241504,309156,71176,130287,163517,158129,277994,256145,308375,304298,392306,402425,455419,461011,324609,362771,231232,295261,67867,123460,3783432,3219800,509272,450032,805277,733121,197855,501,349
2021-07-30T23:59:59+02:00,24409,22473,239715,231983,351185,323546,372070,366047,438466,449364,494999,498806,342176,382553,241463,309083,71163,130273,159809,154422,274642,253079,305396,301527,390111,400359,453607,459458,324120,362252,231027,294976,67834,123405,3779456,3194934,508923,448845,805263,730068,196377,501,349
2021-07-29T23:59:59+02:00,24075,22141,238207,230753,350059,322503,371134,365165,437638,448601,494216,498198,341852,382251,241329,308909,71130,130216,155014,150016,269335,248961,299626,296853,385832,396931,450605,457096,323298,361420,230722,294576,67774,123311,3772128,3161475,508292,444239,805183,725001,193018,501,349
2021-07-28T23:59:59+02:00,23784,21859,237075,229733,349193,321690,370419,364502,437023,447946,493662,497724,341603,381960,241199,308724,71096,130145,151301,146415,264901,245350,295236,292938,382598,394116,448541,455267,322647,360670,230465,294194,67710,123190,3765578,3131128,507772,442336,805106,722391,191126,500,349
2021-07-27T23:59:59+02:00,23519,21643,236113,228807,348399,320984,369756,363942,436467,447357,493160,497286,341374,381668,241069,308539,71063,130047,146351,141372,259098,240303,290025,288264,378682,390495,445427,452515,321678,359582,230108,293703,67623,123035,3759549,3090277,507243,440066,805051,718704,189595,500,349
2021-07-26T23:59:59+02:00,23288,21410,235164,227856,347641,320301,369174,363405,435929,446881,492716,496934,341151,381431,240943,308385,71040,129990,142053,137022,253609,235580,284907,283847,374270,386603,441941,449529,320737,358625,229784,293235,67552,122899,3754037,3051340,506631,437838,804977,714385,188239,500,349
2021-07-25T23:59:59+02:00,22935,21114,233858,226738,346728,319564,368528,362765,435366,446364,492272,496541,340961,381221,240857,308258,71019,129934,140224,135301,250969,233406,282446,281781,372153,384851,439880,447766,320236,358118,229588,293010,67527,122826,3747217,3036606,506267,435683,804918,710061,186866,500,349
2021-07-24T23:59:59+02:00,22693,20925,232964,225913,346041,318951,367990,362265,434869,445949,491938,496280,340853,381128,240817,308198,71016,129925,137360,132541,248281,231122,279925,279603,369936,383033,438675,446797,319900,357789,229447,292834,67508,122792,3743321,3018431,505506,432696,804910,709725,185223,500,349
2021-07-23T23:59:59+02:00,22282,20549,231501,224627,344755,318053,366971,361428,434021,445179,491260,495772,340626,380865,240733,308087,70995,129890,131937,127739,242970,226877,275504,275857,366290,379876,436057,444619,319207,357075,229197,292528,67454,122712,3736074,2983206,505046,430962,804856,707598,181863,500,348
2021-07-22T23:59:59+02:00,21783,20075,229419,222680,343047,316550,365508,360174,432730,444068,490296,494894,340209,380426,240564,307847,70950,129810,127640,123729,237034,222411,269179,270831,359452,374433,430636,440145,318042,355828,228773,292012,67360,122561,3723863,2941486,503531,425058,804724,701339,179155,500,348
2021-07-21T23:59:59+02:00,21279,19560,227561,220880,341390,315053,363914,358629,431183,442702,489092,493749,339665,379914,240320,307569,70897,129717,123906,120195,231615,218198,263690,266336,351367,367545,426061,436423,316928,354683,228316,291449,67279,122384,3713077,2906223,499835,414255,804506,696581,175898,500,345
2021-07-20T23:59:59+02:00,20977,19285,226119,219435,340185,313916,362967,357773,430343,441934,488388,493122,339333,379557,240180,307351,70870,129630,119615,116001,225317,213072,257898,261194,344281,361464,421390,432134,315848,353437,227908,290868,67185,122203,3703983,2862752,499438,407075,804389,692225,173797,500,345
2021-07-19T23:59:59+02:00,20664,18994,224405,217763,338898,312689,361947,356812,429548,441166,487723,492515,339037,379202,240033,307123,70826,129532,116887,113434,220983,209519,253320,257255,340589,358320,418791,429970,315134,352716,227618,290481,67114,122081,3693556,2837959,499028,401728,804303,687932,172231,500,345
2021-07-18T23:59:59+02:00,20513,18868,223135,216525,337327,311297,360907,355911,428761,440465,487199,491977,338811,378920,239904,306946,70805,129471,115410,112059,218367,207368,250986,255176,338363,356483,416778,428298,314658,352234,227457,290263,67093,122014,3684329,2825798,498498,397469,804229,684270,170926,500,344
2021-07-17T23:59:59+02:00,20121,18447,221993,215479,336761,310763,360328,355407,428254,440022,486791,491692,338710,378805,239863,306893,70802,129461,113352,109974,215919,205078,248541,252996,335959,354362,415341,427042,314328,351844,227322,290096,67070,121975,3678845,2808412,498304,394759,804220,683495,169469,494,343
2021-07-16T23:59:59+02:00,19583,17938,219463,213357,335043,309481,358836,354121,426804,438828,485707,490832,338310,378442,239693,306736,70777,129424,110271,107194,211196,201187,244027,249390,331697,350696,412025,424347,313414,350925,226978,289685,67017,121894,3668738,2780978,497552,392435,804066,679698,163265,494,341
2021-07-15T23:59:59+02:00,18949,17318,216710,210976,333162,307805,357272,352696,425487,437662,484780,489989,337915,378026,239495,306483,70735,129321,106394,104014,202887,194989,236594,243824,325151,345501,405003,417936,311687,349133,226441,289024,66946,121697,3653927,2734752,496961,384092,803954,672323,160182,494,341
2021-07-14T23:59:59+02:00,18112,16596,214310,208680,331495,306296,355891,351370,424285,436480,483764,489044,337468,377569,239260,306174,70681,129235,102814,100711,196464,189859,230914,239188,320886,342046,400845,414331,310390,347827,226041,288468,66867,121543,3639214,2701389,496406,378580,803833,665562,157498,494,340
2021-07-13T23:59:59+02:00,17467,15946,212157,206676,329922,304953,354580,350165,423142,435416,482827,488200,337036,377105,239059,305936,70647,129146,99098,97201,190027,184504,223832,233157,314248,336019,392489,406510,308604,345908,225443,287682,66759,121346,3625635,2658913,495857,365961,803692,656136,155438,493,335
2021-07-12T23:59:59+02:00,16458,15018,208917,203520,327879,303246,353026,348714,421917,434235,481860,487309,336626,376644,238880,305711,70608,129069,96020,94496,184768,180231,216882,227514,307456,330011,387419,402253,306886,344051,224859,286950,66660,121178,3607364,2620814,495313,358865,803542,647766,153660,492,334
2021-07-11T23:59:59+02:00,15952,14551,207579,202262,327151,302541,352373,348106,421368,433746,481422,486974,336439,376445,238820,305608,70587,129029,94604,93217,182014,177936,213901,225242,304782,327869,384606,399881,304427,341438,224483,286482,66608,121080,3601254,2605939,494682,356887,803420,637316,151845,485,330
2021-07-10T23:59:59+02:00,15479,14092,205748,200503,325700,301297,351255,347143,420649,433157,480953,486577,336273,376280,238755,305522,70577,129009,93319,91961,179506,175849,210889,222768,302280,325730,383450,398848,303782,340774,224303,286296,66592,121055,3592748,2589276,494059,356663,803185,635572,149223,485,330
2021-07-09T23:59:59+02:00,15158,13816,203845,198674,324105,299860,350193,346191,419753,432450,480390,486104,336070,376061,238658,305403,70561,128975,90550,89243,175989,172633,206559,218628,297272,321139,380021,395881,302694,339555,224001,285930,66555,120991,3583676,2560397,493204,354612,802995,627997,146635,485,329
2021-07-08T23:59:59+02:00,14700,13395,200387,195722,320821,297211,347842,344225,418053,431008,478965,485045,335638,375624,238481,305159,70518,128899,86271,85498,168773,167007,198466,212253,289930,315055,373113,389703,300007,336653,223229,285002,66438,120733,3568508,2514400,489173,346008,802478,617709,141776,485,329
2021-07-07T23:59:59+02:00,14203,12942,196672,191892,317690,294371,345550,342204,416503,429549,477775,483957,335164,375070,238294,304889,70481,128796,82603,82075,161512,161332,189470,205111,281980,308512,366121,382920,296714,333063,222330,283906,66300,120487,3547399,2466630,487824,332638,802098,607775,138922,484,327
2021-07-06T23:59:59+02:00,13745,12571,193260,188534,314459,291660,343093,339930,414799,427999,476520,482834,334665,374519,238099,304601,70429,128710,79064,78529,154872,155850,182097,198926,273079,300583,359667,376863,293530,329832,221451,282819,66192,120256,3527709,2414420,484781,325687,801683,598299,136494,484,327
2021-07-05T23:59:59+02:00,13349,12237,188894,184318,310446,288351,340603,337631,413142,426466,475385,481769,334193,374003,237926,304358,70396,128626,76021,75733,149781,151785,177350,194812,266197,294341,353582,371342,290269,326394,220572,281708,66084,120087,3505057,2375528,483637,321228,801201,587978,132442,477,327
2021-07-04T23:59:59+02:00,13172,12081,185077,180462,307838,286350,339303,336567,412270,425692,474807,481291,333973,373751,237836,304234,70370,128573,73843,73866,146704,149247,175031,192782,263772,292288,350485,369141,286971,323012,219996,281047,66030,119969,3492937,2361839,482355,318942,800631,576494,127968,477,324
2021-07-03T23:59:59+02:00,11985,11030,178666,174486,303601,282912,336991,334409,410467,423889,473607,480233,333573,373307,237662,303988,70346,128530,72071,72297,144293,147380,172603,190710,260723,289575,348211,367293,285225,321035,219729,280687,65998,119920,3466706,2346181,480958,318748,800446,572018,121810,477,324
2021-07-02T23:59:59+02:00,10891,9946,174968,171039,301212,280724,335259,332719,409223,422704,472836,479552,333314,372992,237546,303806,70318,128482,69391,69633,140399,144119,168197,186697,254693,284163,343013,362600,281981,317321,219091,279917,65950,119836,3448711,2313185,479492,315978,800251,559467,119313,476,298
2021-07-01T23:59:59+02:00,9800,9028,171321,167631,297207,277470,332789,330473,407443,421132,471750,478601,332901,372534,237347,303534,70273,128404,64527,64924,134141,138821,160954,180227,244485,275346,332253,352867,277223,312068,217243,277670,65771,119524,3426361,2257139,477422,303687,799905,541823,116185,476,297
2021-06-30T23:59:59+02:00,9315,8639,168071,164588,291636,272876,329143,327159,405683,419611,470739,477636,332482,372052,237157,303239,70239,128318,61410,62085,128533,134152,154333,174242,234468,266228,318902,339640,272032,306554,215359,275351,65605,119206,3401477,2202303,475280,290917,799604,523072,112454,476,295
2021-06-29T23:59:59+02:00,8780,8118,164296,160840,287146,268648,325605,323876,403596,417545,469205,476232,331899,371418,236909,302887,70185,128209,58636,59114,123613,129766,148339,168738,222654,255572,310377,331310,265592,299382,213397,272900,65403,118861,3374161,2143297,473310,286275,799275,505724,108877,476,292
2021-06-28T23:59:59+02:00,8376,7741,160998,157402,282141,264361,322328,321040,401465,415632,467723,474928,331382,370808,236678,302576,70142,128115,56379,56781,119730,126279,144006,164667,213457,247182,304613,325933,260657,294104,211638,270675,65258,118597,3350409,2107731,469343,277706,798622,489241,105687,476,289
2021-06-27T23:59:59+02:00,8229,7618,159507,155888,280050,262562,320532,319517,399780,414274,466842,474229,331090,370519,236575,302417,70123,128066,55190,55683,117618,124582,141465,162551,209367,243816,301272,323086,256874,290125,209185,267771,65147,118409,3340485,2092387,467277,274242,797581,473173,102700,476,289
2021-06-26T23:59:59+02:00,7079,6524,156250,152562,277957,260684,318134,317287,398597,413129,466143,473523,330819,370235,236469,302258,70099,128036,54647,55103,116293,123444,140054,161323,207133,241820,298751,320689,255346,288475,208852,267363,65120,118339,3321449,2075736,464470,274156,797573,470680,102567,424,241
2021-06-25T23:59:59+02:00,5864,5412,151961,148300,274592,257755,316085,315333,397300,411890,465147,472704,330533,369902,236344,302105,70072,127988,53369,53488,113830,120761,135993,156778,198398,233395,293085,314835,253627,286365,208264,266564,65049,118220,3296639,2033407,463052,272472,797523,464127,102346,424,241
2021-06-24T23:59:59+02:00,5015,4631,147550,144197,269813,253858,311828,311578,395136,410038,463786,471578,330116,369444,236178,301870,70039,127902,50736,50908,108735,116071,128702,150163,186418,222981,281703,304639,248279,280565,206440,264231,64846,117820,3265712,1971615,461066,260762,797358,450443,100691,423,240
2021-06-23T23:59:59+02:00,4796,4425,144405,141102,266139,250733,306614,306797,392651,407710,462392,470266,329590,368829,235949,301560,69991,127799,48812,48835,104958,112180,123059,144511,176567,214351,269783,292708,243686,275771,205109,262537,64685,117460,3238335,1915584,457560,250945,797204,439775,98919,423,239
2021-06-22T23:59:59+02:00,4552,4196,141343,137992,262454,247378,300512,301381,390032,405175,460858,468791,329051,368230,235731,301211,69944,127694,47130,47101,101370,108904,118289,139956,164013,203233,258922,282451,239639,271313,203195,260134,64434,116992,3206462,1857454,455644,243263,797025,428865,97659,421,232
2021-06-21T23:59:59+02:00,4295,3951,138088,135065,257778,243510,295284,296533,387013,402309,459392,467444,328533,367675,235507,300901,69904,127582,45912,45885,98996,106703,115563,137261,157820,197491,252072,275843,234306,265500,199286,255637,64250,116618,3174881,1826642,453619,237770,796812,409162,95714,420,232
2021-06-20T23:59:59+02:00,4154,3833,136588,133573,253626,240110,292751,294323,385628,400999,458606,466702,328313,367398,235396,300768,69884,127520,44801,44978,96765,104929,113309,135294,154803,194963,247788,271805,231315,261984,198299,254388,64169,116493,3157730,1806460,451864,234243,796642,401325,94193,420,229
2021-06-19T23:59:59+02:00,3740,3484,134446,131490,250889,237805,290980,292691,383797,399438,457764,465972,328094,367148,235293,300631,69863,127488,44265,44336,95504,103680,111846,133840,153308,193535,244586,268806,230606,261141,198131,254128,64147,116440,3141475,1790607,449058,232669,796634,401053,94098,420,228
2021-06-18T23:59:59+02:00,2793,2572,131178,128358,247379,234768,286981,289298,381410,397322,456424,464811,327721,366748,235139,300395,69836,127439,43490,43431,93936,101912,109568,131183,149781,189518,237766,261578,228890,259147,197647,253490,64072,116307,3115753,1761488,444637,232151,796609,394378,93825,419,228
2021-06-17T23:59:59+02:00,2560,2349,127482,125099,241384,230347,281781,284928,376641,393350,454111,462989,327135,366031,234899,300040,69770,127327,41268,41613,89896,98452,104696,126453,141944,181866,226412,250234,223709,253234,196001,251341,63813,115888,3081185,1706033,441671,228025,796355,383516,89378,302,217
2021-06-16T23:59:59+02:00,2291,2117,124267,121714,236505,226030,277098,280679,371481,388871,451538,460861,326402,365236,234612,299630,69704,127214,39451,40031,86376,95446,100368,122647,133747,174560,214362,238372,217506,246162,194091,249027,63561,115400,3047833,1646534,436157,222433,795840,375482,86786,300,216
2021-06-15T23:59:59+02:00,1905,1787,119358,116862,230539,220907,271764,275705,366429,384247,448705,458454,325537,364268,234267,299116,69622,127031,37839,38429,83066,92417,96415,118618,126722,168207,202061,226399,211501,239397,192148,246606,63250,114831,3003262,1589489,434241,216614,795276,367842,84085,300,213
2021-06-14T23:59:59+02:00,1644,1515,115318,112717,225330,216008,266406,270737,361162,379510,445593,455870,324755,363416,233955,298727,69560,126911,36863,37543,80801,90344,93727,116119,122631,164487,195492,219929,208405,235906,191018,245138,63033,114444,2961231,1560049,431897,214379,795016,360218,81350,298,212
2021-06-13T23:59:59+02:00,1570,1430,113826,111343,222891,213913,263870,268487,358912,377560,444423,454839,324480,363112,233820,298560,69529,126838,36010,36817,78959,88689,91727,114319,119815,161899,191650,216247,205337,232483,189987,243772,62801,114033,2946278,1546163,429464,207137,794710,352047,79309,298,210
2021-06-12T23:59:59+02:00,1421,1293,111182,108599,221002,212189,262495,267218,357480,376164,443529,454071,324193,362804,233728,298457,69511,126810,35642,36415,77977,87596,90484,113034,118251,160343,188099,212953,204306,231359,188588,242117,62791,114003,2930138,1533077,428488,207128,794690,344675,79187,297,209
2021-06-11T23:59:59+02:00,1274,1156,108648,106096,218117,209577,258832,264042,354353,373443,441816,452599,323758,362354,233594,298251,69484,126755,34974,35306,75981,84243,88261,109516,114163,155213,181433,205537,202220,228997,187987,241350,62729,113906,2905786,1505713,425705,206446,794508,331261,78503,297,207
2021-06-10T23:59:59+02:00,1115,1003,103905,101699,212070,204836,251797,258238,348274,368155,437336,448832,322904,361387,233274,297805,69400,126604,33399,33828,72000,80086,83370,104035,107521,147044,169148,191939,196174,222137,186266,239220,62478,113505,2862275,1458812,418638,204712,793666,304326,74401,295,204
2021-06-09T23:59:59+02:00,967,874,99998,98008,206130,200122,245000,252541,341633,362215,433663,445821,322232,360648,233006,297426,69336,126472,31872,32581,68782,77449,79689,100884,102827,142785,158068,181235,185597,210197,184406,236980,62206,113013,2823402,1405040,410134,200747,793161,293111,69772,256,202
2021-06-08T23:59:59+02:00,785,693,95481,93479,199519,194571,238051,246548,333392,354951,428567,441167,321402,359649,232636,296942,69255,126335,30804,31731,66202,75161,76424,98170,98263,138884,150509,173784,176916,200519,182606,234745,61974,112647,2771554,1365994,404380,195856,792581,282321,65277,256,187
2021-06-07T23:59:59+02:00,627,552,92277,90387,193474,189880,231505,241318,325569,348789,425530,438731,320862,359021,232423,296617,69201,126239,29940,30887,63744,73218,73479,96017,94510,135958,142464,166019,172887,195916,181185,232942,61751,112265,2732649,1338983,398238,192575,792018,271267,60461,253,186
2021-06-06T23:59:59+02:00,589,516,90705,89074,190196,187345,228167,238565,321304,345394,424105,437656,320592,358731,232315,296459,69177,126192,29341,30335,61980,71543,71407,94024,91335,132901,136803,160261,170364,193305,180077,231545,61522,111885,2717287,1327180,390868,182958,791543,260847,57744,251,186
2021-06-05T23:59:59+02:00,509,436,88763,87061,185333,183134,225709,236432,319489,343764,423106,436742,320303,358409,232167,296291,69163,126160,28892,29588,60789,69608,70019,91890,89668,130662,132065,154950,167373,189650,179592,230888,61488,111819,2693868,1303645,390751,182493,791342,255531,57369,250,186
2021-06-04T23:59:59+02:00,409,351,86415,84539,181684,179542,221711,232488,315912,340138,420748,434556,319845,357874,231971,296063,69125,126097,28430,28922,59683,67968,68753,89823,87892,128066,128716,151308,163146,184896,178605,229625,61440,111733,2664667,1284919,386938,181725,791230,245468,56988,250,186
2021-06-03T23:59:59+02:00,316,277,83134,81481,175970,174900,214469,226406,308225,333456,413005,427704,318817,356701,231602,295618,69070,125966,27543,27915,57804,65792,66379,87096,84276,123978,121987,144655,156827,177320,177042,227604,61327,111496,2615848,1255835,376704,176442,790812,232758,54095,248,182
2021-06-02T23:59:59+02:00,267,218,81068,79325,171909,171199,210837,223269,304663,330124,410967,425873,318411,356251,231449,295412,69042,125915,27080,27438,56685,64690,64808,85832,82239,122052,117032,139784,148967,168377,176328,226651,61242,111327,2587178,1223733,375326,174481,790782,229152,53249,246,179
2021-06-01T23:59:59+02:00,171,151,76814,75504,163658,164659,201503,215553,295577,322261,402771,418050,316903,354641,230910,294678,68931,125688,25530,26022,52391,61760,59991,82558,76845,117574,109635,132599,137896,155006,174231,223923,61033,110901,2528589,1173756,363710,170386,790023,217402,46425,244,175
2021-05-31T23:59:59+02:00,150,134,74076,73033,158020,160357,194210,209609,288206,315898,397042,413089,315910,353534,230526,294160,68841,125517,24622,24969,49785,59559,56844,80046,73270,114318,105158,128172,133763,150124,172868,222208,60863,110570,2488226,1151427,354344,168088,789399,207034,40660,243,173
2021-05-30T23:59:59+02:00,139,126,73028,71971,155552,158337,191593,207263,285435,313389,395156,411351,315550,353124,230366,293925,68804,125437,24022,24191,48212,57848,55117,78203,71055,111776,102514,125320,131615,147605,172078,221279,60771,110360,2472420,1141713,351829,166782,788777,195704,37835,243,172
2021-05-29T23:59:59+02:00,136,125,72421,71383,154047,156941,189296,205234,283601,311808,394318,410577,315327,352880,230286,293847,68793,125419,23699,23668,47297,56355,53782,76331,69136,108938,100205,122531,128823,144192,171429,220374,60744,110308,2458556,1128159,351673,166719,788708,185186,37815,243,171
2021-05-28T23:59:59+02:00,131,122,71336,70266,151665,154687,185648,201706,280336,308676,392459,408813,314918,352380,230139,293633,68774,125362,23169,22669,45690,54233,51965,73780,67100,105003,95894,116652,124469,139157,170455,219068,60698,110194,2434793,1105640,350629,166506,788500,170678,37438,242,168
2021-05-27T23:59:59+02:00,120,114,68030,67257,145198,149763,177472,195468,273966,303529,386157,403142,313662,350936,229680,293102,68703,125180,21856,20988,42450,51191,48093,69976,62564,99009,89561,109162,120560,134544,167665,215374,60526,109881,2390310,1077299,343039,163768,786707,150673,31722,242,164
2021-05-26T23:59:59+02:00,116,111,65881,65085,140255,145687,171385,190416,267224,297871,379427,396460,312148,349333,229194,292408,68601,124969,21120,20080,40633,49062,45746,67247,59543,95221,84978,104066,115598,128833,163883,210049,60318,109455,2353107,1045452,329862,162205,784902,139240,28995,239,163
2021-05-25T23:59:59+02:00,115,106,63855,63101,136064,142208,166340,186135,260162,291601,374013,391082,310873,347935,228789,291764,68518,124792,20549,19420,39236,47553,43918,65240,57079,92233,80920,99702,110688,123167,158363,202829,60152,109155,2315646,1014076,322366,158788,782373,130040,27362,236,160
2021-05-24T23:59:59+02:00,112,105,62615,61895,133318,140115,163073,183728,253228,285620,369084,386415,310048,347017,228504,291382,68446,124664,20207,19021,38221,46488,42579,63763,55415,90229,78696,97203,109275,121521,157760,202048,60040,108956,2291938,1004799,311300,157496,780600,123370,25820,236,158
2021-05-23T23:59:59+02:00,107,105,62120,61380,132220,139224,161880,182698,251990,284602,367502,384988,309436,346362,228333,291156,68426,124628,19979,18838,37677,45936,41835,63071,54263,89240,77217,95848,108108,120132,156785,200833,59973,108819,2280472,996691,310724,154445,780553,121787,25695,236,157
2021-05-22T23:59:59+02:00,104,103,61427,60761,130740,138160,159517,181080,249025,282316,365030,382775,308912,345771,228157,290890,68400,124577,19664,18416,37068,45336,41199,62543,53612,88521,76454,94709,106561,118333,156014,199865,59946,108765,2262568,990011,310709,154443,780515,118377,24235,236,157
2021-05-21T23:59:59+02:00,100,99,60097,59326,127844,135574,156248,177768,243806,277558,358946,377094,307979,344683,227860,290494,68340,124470,19305,18051,36456,44569,40550,61496,52666,87129,74744,92410,103331,114392,154881,198418,59854,108590,2226591,977041,309074,154118,778954,111792,23952,229,155
2021-05-20T23:59:59+02:00,92,97,57052,56536,122122,130713,149331,171464,233515,268832,349934,368826,305452,341948,227093,289491,68208,124252,18010,17117,34288,42326,38103,58605,49855,83369,70824,87933,99224,109784,152429,195411,59675,108237,2168734,957837,302430,152181,773013,94169,21059,221,155
2021-05-19T23:59:59+02:00,91,95,54844,54345,117120,126041,142175,164863,222999,259492,339414,357956,302814,339085,226348,288453,68059,123976,17430,16336,33066,40745,36699,56545,47848,80600,67591,84367,95350,105319,148811,190701,59413,107745,2102965,934494,296188,150212,770049,84694,19231,221,142
2021-05-18T23:59:59+02:00,86,90,52753,52388,112339,121788,135812,159301,211448,249134,329560,348178,300150,336123,225473,287257,67907,123722,16913,15739,31867,39291,35357,54759,46047,78209,64717,81150,91361,100801,145626,186650,59202,107310,2043199,914350,286847,147365,766468,76092,17253,218,142
2021-05-17T23:59:59+02:00,83,87,51721,51395,110012,119741,133019,156659,204945,243135,322004,341109,298366,334159,224889,286435,67800,123509,16481,15298,30833,38251,34202,53483,44572,76425,62472,78763,86542,94953,144165,184769,59052,106995,2016457,902741,274604,139913,763067,69465,15195,217,140
2021-05-16T23:59:59+02:00,82,84,50938,50740,108574,118422,131282,155003,201980,240460,314580,334170,297349,333031,224582,285952,67748,123412,16200,14928,30086,37478,33335,52565,43511,75115,61144,77295,83135,90890,143379,183697,58965,106856,2001167,896693,264194,133158,759835,65340,13446,216,136
2021-05-15T23:59:59+02:00,82,84,50402,50107,107576,117436,130273,153895,200053,238530,311021,330970,296730,332344,224386,285682,67728,123348,16062,14765,29832,37172,33048,52135,43025,74471,60298,76315,82540,90078,142865,183031,58929,106809,1985011,891468,264177,133013,758973,64216,12737,215,135
2021-05-14T23:59:59+02:00,81,84,49150,48690,105331,115348,126687,150451,191859,231479,304726,325102,295753,331211,224101,285235,67681,123253,15565,14342,29053,36357,32284,50949,41952,72698,58742,74373,80642,87596,142255,182047,58889,106722,1947858,881870,262480,132148,754431,58806,11698,212,135
2021-05-13T23:59:59+02:00,78,83,47239,46745,101499,112129,121988,146353,181864,222914,294139,315306,292788,327794,223293,284098,67581,123046,14704,13900,28199,35662,31524,50053,41012,71614,57242,72813,76876,83265,139501,178455,58779,106507,1896384,869374,253894,125136,748214,54964,10683,208,134
2021-05-12T23:59:59+02:00,76,81,46329,46043,99587,110706,119935,144699,179325,220808,289414,309992,291626,326530,223051,283778,67543,122961,14539,13750,27882,35446,31124,49764,40571,71241,56705,72247,75544,81651,138725,177330,58693,106347,1873378,863672,251735,123357,747726,54694,9885,204,133
2021-05-11T23:59:59+02:00,72,75,44089,44573,95574,107640,114142,139980,165984,209554,277784,299245,288230,322624,222095,282377,67394,122662,14112,13186,26874,34024,29999,47969,39273,68970,54997,69984,72468,78076,137378,175504,58535,105989,1814623,851459,242053,120676,739236,46832,8419,200,131
2021-05-10T23:59:59+02:00,71,71,42839,43604,92981,105641,110896,137361,157610,202552,269924,292148,286060,320179,221519,281515,67269,122422,13768,12742,26115,33043,29205,46716,38280,67116,53776,68255,70390,75529,136239,173995,58416,105702,1779147,842615,236018,119629,732281,39645,7451,196,125
2021-05-09T23:59:59+02:00,70,71,41723,42836,90311,103901,108249,135597,152610,199140,264419,287228,284826,318799,221143,280986,67203,122276,13455,12525,25425,32377,28478,45914,37491,66157,52834,67305,69162,74128,135646,173165,58361,105571,1759896,838050,228942,118641,726318,34891,6462,195,125
2021-05-08T23:59:59+02:00,69,71,41432,42538,89468,103171,107166,134751,151169,197930,261865,285172,284325,318257,221025,280807,67187,122244,13353,12464,25297,32286,28333,45785,37302,65965,52496,66988,68200,73208,134583,171801,58314,105478,1747933,833467,228434,117899,726095,34115,6449,159,98
2021-05-07T23:59:59+02:00,67,70,40510,41824,87546,101839,104362,132544,146557,194134,255634,279671,282990,316663,220677,280350,67134,122121,12608,11980,24475,31554,27572,44726,36441,64705,51317,65480,65961,70526,132370,168996,58225,105300,1722242,823843,225238,115645,721977,27329,5496,158,97
2021-05-06T23:59:59+02:00,63,69,37868,40105,82806,98390,98385,127806,136394,185643,239213,265284,277875,310883,219389,278665,66959,121805,11921,11464,23540,30451,26579,43379,35087,62707,49584,63513,63481,67411,130271,166241,58112,105082,1656802,812800,215344,112546,711122,18968,4586,151,96
2021-05-05T23:59:59+02:00,61,66,35982,38913,79162,95810,93797,124167,128581,179121,224484,251261,271695,303751,217816,276676,66713,121282,11686,11189,23003,29728,25979,42455,34164,61308,48437,62103,60881,64312,127342,162554,58014,104831,1590678,800570,210285,108996,705106,14983,3514,151,95
2021-05-04T23:59:59+02:00,61,64,34880,37812,76444,93502,90301,121130,123028,174392,213884,241003,266213,297308,216376,274834,66505,120814,11525,10988,22601,29190,25522,41686,33451,60231,47331,60832,58169,61147,124989,159627,57864,104595,1541706,788743,205177,106373,699046,11848,2863,150,92
2021-05-03T23:59:59+02:00,60,62,34014,36761,74164,91690,87428,118787,118590,170756,207238,235007,262939,293448,215578,273751,66384,120519,11282,10718,22210,28615,25044,40989,32768,59266,46311,59695,55395,57815,121232,154745,57607,104158,1509998,772964,202071,104667,694134,9087,1210,148,91
2021-05-02T23:59:59+02:00,60,62,33663,36443,72994,90792,85967,117693,116170,168893,204147,232501,261980,292362,215293,273343,66319,120411,11211,10647,22022,28405,24819,40703,32431,58862,45860,59220,54207,56362,118179,151078,57524,104028,1499420,767974,199285,99133,690277,8188,344,147,88
2021-05-01T23:59:59+02:00,59,62,33349,36072,72234,90001,84899,116655,114712,167538,201071,229472,261291,291542,215084,273062,66308,120373,11197,10632,21969,28375,24760,40665,32370,58805,45777,59145,53966,56071,118020,150882,57515,104011,1484379,766668,199283,99093,690013,8140,340,146,88
2021-04-30T23:59:59+02:00,56,59,32810,35473,71029,88783,83442,114931,110940,163981,193690,222367,259299,289178,214636,272456,66248,120267,10878,10437,21609,28098,24486,40243,32045,58245,45316,58515,53073,54910,117072,149698,57460,103892,1451554,763003,198958,97112,689218,5802,144,144,85
2021-04-29T23:59:59+02:00,54,57,31314,34526,68120,86767,79822,112337,105843,159888,180901,210839,251382,280091,213439,270827,66113,119918,10576,10226,21135,27650,24057,39745,31464,57503,44518,57585,51246,52722,115227,147465,57360,103697,1396803,754199,191681,94439,683860,3499,124,137,83
2021-04-28T23:59:59+02:00,53,55,30081,33915,66257,85463,77344,110522,102426,157040,171234,201680,240545,267511,212159,269142,65916,119590,10393,10066,20839,27300,23695,39276,31044,56852,43794,56764,49132,50112,112653,144240,57237,103485,1344252,744691,188329,89910,678493,2273,94,130,81
2021-04-27T23:59:59+02:00,50,54,29326,33233,64688,84002,75350,108720,99674,154649,166525,196965,232050,257713,211014,267530,65796,119367,10270,9955,20558,27011,23459,38948,30687,56357,43113,56074,47132,47575,110016,140816,57120,103286,1310285,734908,186032,85910,670527,1556,93,128,77
2021-04-26T23:59:59+02:00,49,54,28898,32851,63592,83120,73856,107561,97399,152945,157922,188963,227869,252876,210310,266541,65705,119169,10178,9865,20345,26826,23223,38731,30393,56019,42501,55501,45329,45432,108127,138341,57025,103133,1281413,726971,184593,82824,663813,1176,89,126,75
2021-04-25T23:59:59+02:00,49,53,28647,32614,62818,82600,72798,106831,95674,151724,152550,184099,223541,248002,209721,265764,65640,119048,10123,9831,20266,26752,23137,38650,30282,55895,42341,55342,44916,44935,107449,137434,56997,103063,1268706,725317,178461,81057,655144,1044,87,126,74
2021-04-24T23:59:59+02:00,49,52,28304,32188,61883,81383,71616,105390,94128,150071,147658,178959,220759,244677,209251,265092,65606,118998,10108,9813,20225,26710,23087,38585,30201,55809,42192,55206,44674,44628,107200,137140,56976,103035,1243898,724235,178436,80359,653867,1001,86,126,73
2021-04-23T23:59:59+02:00,47,52,27558,31569,60316,79880,69832,103376,91546,147442,142894,174579,216217,239141,208597,264101,65544,118883,10056,9752,20116,26624,22956,38435,29968,55604,41830,54876,44056,43872,106140,135861,56819,102760,1219098,720896,177259,77889,645351,949,85,124,71
2021-04-22T23:59:59+02:00,45,51,26944,30970,58783,78446,67369,101164,87429,143959,134867,167102,207197,228161,206560,261471,65346,118488,9931,9656,19867,26333,22604,38004,29454,55090,41073,54241,42889,42545,104151,133419,56591,102362,1177636,713450,169827,73946,637022,824,85,120,69
2021-04-21T23:59:59+02:00,45,49,26452,30450,57460,77347,65489,99540,84404,141326,127691,160301,194147,212846,204414,258586,65121,118063,9801,9570,19636,26088,22321,37680,29103,54642,40524,53712,42046,41529,101970,130642,56338,101952,1126256,706936,166951,69877,630660,752,85,113,68
2021-04-20T23:59:59+02:00,44,48,26028,29984,56306,76209,63821,97965,81867,138755,122619,155251,182688,199408,201994,255461,64888,117642,9699,9481,19419,25900,22030,37411,28696,54232,39985,53180,41233,40601,99757,127664,56002,101415,1083739,699419,163467,66629,623908,674,83,111,64
2021-04-19T23:59:59+02:00,44,47,25663,29632,55339,75391,62541,96794,79747,136835,119107,151879,176951,192576,200287,253233,64706,117312,9591,9391,19189,25682,21786,37140,28381,53842,39475,52652,40439,39694,96665,123705,55597,100705,1059267,689099,161643,64215,617313,638,82,106,64
2021-04-18T23:59:59+02:00,43,45,25360,29372,54572,74846,61420,95849,77900,135418,115749,149488,171851,187032,199277,252010,64598,117122,9518,9317,19002,25511,21610,36975,28165,53567,39215,52403,40111,39307,95450,122162,55416,100409,1045339,685249,159978,62285,606767,623,82,106,63
2021-04-17T23:59:59+02:00,42,44,25252,29280,54201,74652,60905,95498,77247,134822,114905,148748,167605,182156,198743,251286,64563,117057,9473,9258,18864,25323,21424,36745,27939,53293,38950,52136,39813,38987,94691,121235,55352,100327,1034476,681247,159950,61971,602711,611,82,106,63
2021-04-16T23:59:59+02:00,42,44,24880,29032,53214,74046,59624,94623,75629,133493,110771,144615,159982,173392,197093,249087,64454,116849,9264,9083,18472,24897,20848,36174,26841,52397,36942,50543,36531,36087,91519,117732,54950,99672,1008626,666301,159165,55097,593209,572,82,105,62
2021-04-15T23:59:59+02:00,38,40,24406,28579,51966,72881,57669,92898,72364,130651,105307,139346,152128,164425,192441,243219,64158,116232,9090,8922,18104,24476,20356,35517,26165,51606,35553,49317,34427,34068,88424,114013,54443,98816,976462,653270,157114,49526,575300,521,81,104,60
2021-04-14T23:59:59+02:00,36,36,24064,28254,51029,71946,56331,91511,69983,128497,101323,135586,142941,154056,184708,233344,63818,115564,8687,8651,17633,23972,19821,34876,25256,50730,34268,48196,32387,31924,85452,110373,53953,97958,938636,638425,154449,45311,560070,423,80,101,59
2021-04-13T23:59:59+02:00,36,36,23827,28040,50336,71408,55390,90690,68350,127093,97604,132157,131121,140950,178322,225012,63478,114975,8453,8481,17290,23569,19401,34346,24594,49936,33203,47185,31006,30568,83316,108009,53597,97416,905438,629168,149940,40924,543576,301,80,99,57
2021-04-12T23:59:59+02:00,35,35,23620,27855,49787,70900,54530,89958,66890,125808,94979,129833,124022,132924,175100,221064,63209,114484,8215,8295,16933,23274,19034,33912,24125,49401,32535,46560,29490,29031,81661,106076,53271,96895,889059,620774,148406,37674,527694,282,80,98,55
2021-04-11T23:59:59+02:00,34,35,23449,27695,49264,70481,53802,89505,65754,125006,93125,128358,118550,126920,171184,216466,63040,114188,8083,8161,16637,22995,18716,33604,23769,49021,32089,46176,28857,28367,80641,104831,53063,96577,881613,615494,143999,35849,511370,267,78,97,54
2021-04-10T23:59:59+02:00,34,35,23388,27638,49098,70348,53603,89349,65428,124739,92602,127924,116469,124396,169746,214618,62999,114088,7496,7559,15747,22211,17760,32765,22649,47989,30979,45183,28198,27655,78551,102226,52797,96141,874635,600198,143147,35470,508849,261,74,97,54
2021-04-09T23:59:59+02:00,33,35,23143,27390,48599,69857,52965,88669,64433,123619,90779,126020,107660,113471,166375,210218,62801,113732,6538,6662,14221,20892,16042,31210,20513,46027,28782,43178,26427,25835,75057,98059,52255,95303,855268,572815,136104,33961,498562,250,67,92,53
2021-04-08T23:59:59+02:00,33,35,22848,27145,48020,69368,52215,87974,63130,122541,88368,123857,97369,101501,160844,203381,62475,113168,5898,6075,13035,19878,14785,29872,18873,44316,26287,40846,23414,22872,70420,92309,51118,93554,836646,541344,127223,32021,480550,217,57,90,53
2021-04-07T23:59:59+02:00,31,34,22538,26920,47221,68914,51292,87365,61745,121563,85239,121425,88199,91222,153853,194605,62181,112607,5518,5754,12379,19205,13973,29045,17831,43265,24381,38951,20882,20352,66475,87552,50126,91941,816293,517929,121639,29545,459171,185,53,89,52
2021-04-06T23:59:59+02:00,30,34,22328,26759,46696,68535,50705,86841,60714,120787,83137,119684,80443,82425,147503,186646,61838,111980,5326,5597,12032,18849,13623,28614,17298,42706,23519,38145,19758,19325,63325,83468,49207,90561,797047,504604,118432,26610,441758,174,49,87,50
2021-04-05T23:59:59+02:00,30,33,22230,26635,46385,68193,50323,86444,60169,120097,81960,118532,75971,77339,142509,180550,61637,111665,5188,5458,11771,18597,13329,28302,16977,42334,23075,37686,19295,18856,60453,79921,48509,89496,787637,495295,116682,23819,426536,169,46,85,50
2021-04-04T23:59:59+02:00,30,33,22182,26575,46264,67926,50154,86131,59890,119597,81453,117901,74533,75634,141809,179574,61600,111583,5184,5452,11754,18584,13318,28286,16959,42317,22977,37614,18888,18533,59019,78077,48304,89185,785104,490514,116579,23817,421346,162,42,82,48
2021-04-03T23:59:59+02:00,30,33,22120,26494,46141,67818,49992,85956,59574,119285,80886,117325,73188,74000,140695,178037,61517,111434,5175,5444,11741,18566,13295,28266,16925,42270,22872,37540,18752,18384,58669,77517,48215,89040,778749,488735,116537,23817,419400,162,41,81,48
2021-04-02T23:59:59+02:00,30,33,22043,26412,45981,67653,49775,85708,59106,118836,80008,116513,71634,72120,138418,175060,61320,111076,5156,5407,11694,18524,13241,28184,16836,42122,22599,37062,18395,18022,56329,74640,47405,87944,769652,480270,114763,23174,417473,162,39,80,46
2021-04-01T23:59:59+02:00,27,31,21849,26208,45564,67134,49132,84969,58231,117897,78128,114846,68376,68696,134343,169894,61003,110511,5009,5265,11423,18262,13018,27951,16514,41814,22099,36622,17580,17280,51502,68624,45730,85490,758028,462279,108684,21806,410292,148,34,78,45
2021-03-31T23:59:59+02:00,27,31,21523,25989,45164,66612,48640,84321,57504,116959,76971,113602,66338,66382,129594,163792,60601,109789,4931,5215,11328,18144,12858,27801,16275,41545,21508,36114,16452,16377,46303,62224,44355,83519,748294,443999,101542,20862,404174,145,30,76,41
2021-03-30T23:59:59+02:00,27,30,21347,25769,44766,65994,48136,83525,56798,115908,75838,112230,64502,64365,125221,158046,60134,108889,4864,5130,11223,18018,12666,27612,15947,41222,20931,35565,15618,15576,43544,58817,43240,81726,738137,432140,97328,19502,396238,116,26,71,40
2021-03-29T23:59:59+02:00,26,30,21150,25530,44307,65444,47660,82836,56064,114834,74616,110796,62016,61625,118493,149414,59364,107496,4767,5061,11118,17907,12514,27446,15700,40903,20474,35097,14966,15037,40961,55839,42135,79907,717632,420963,93908,18827,390338,101,26,71,39
2021-03-28T23:59:59+02:00,26,30,20945,25242,43809,64762,47146,82094,55385,113830,73676,109693,60756,60191,113794,143448,58920,106739,4712,5003,10972,17762,12260,27148,15509,40657,20307,34866,14728,14793,39881,54422,41787,79371,711108,416658,86608,17501,382947,81,26,70,36
2021-03-27T23:59:59+01:00,26,30,20826,25086,43517,64397,46787,81565,54885,113140,73006,108956,59603,59109,112313,141742,58853,106661,4699,4991,10945,17743,12242,27118,15148,40231,19908,34430,14435,14581,39396,53737,41314,78555,705846,412613,85908,16847,378924,75,26,70,36
2021-03-26T23:59:59+01:00,26,29,20574,24574,42715,62696,45821,79543,53552,110126,70997,105347,57595,57233,109565,138510,58527,106147,4681,4958,10921,17691,12173,27026,15070,40122,19569,33838,13968,13932,36335,49908,39259,75315,694481,398139,82604,16629,366667,61,23,69,36
2021-03-25T23:59:59+01:00,26,27,20143,23902,41842,60936,44729,76995,52042,106608,68613,101586,55005,54602,106259,134545,57957,105158,4635,4904,10830,17589,12053,26881,14886,39903,19295,33531,13494,13442,32488,44865,36265,70786,683081,379822,78410,16032,349659,56,21,68,36
2021-03-24T23:59:59+01:00,26,27,19744,23457,41066,59668,43718,75460,50668,104693,66522,99259,52225,51692,102013,129448,57320,104081,4581,4838,10737,17450,11886,26681,14655,39621,18927,33113,13039,12989,29923,41654,33154,65953,670298,364288,73541,14931,337428,50,16,66,36
2021-03-23T23:59:59+01:00,26,27,19498,23158,40506,58761,42997,74374,49638,103184,64871,97406,49939,49351,99258,126238,56761,103242,4522,4768,10637,17326,11740,26500,14410,39311,18511,32727,12537,12483,27494,38561,29494,60063,662198,346762,70200,14343,327018,46,15,64,36
2021-03-22T23:59:59+01:00,26,27,19279,22747,39871,57882,42332,73337,48694,101802,63399,95776,48111,47470,96862,123494,56289,102470,4464,4721,10551,17212,11610,26323,14253,39071,18272,32426,12227,12110,25663,36214,25549,53697,655917,330593,67395,13791,316737,43,15,63,35
2021-03-21T23:59:59+01:00,26,27,19142,22488,39380,57129,41783,72493,48042,100649,62456,94548,47068,46447,95217,121643,55920,101891,4450,4713,10515,17164,11565,26237,14193,38981,18191,32327,12108,11979,25235,35767,25195,53139,653348,328403,65368,13377,307811,43,14,62,35
2021-03-20T23:59:59+01:00,25,27,19082,22343,39170,56634,41545,71934,47731,100012,62019,93948,46418,45681,92621,118414,55635,101405,4441,4706,10506,17152,11538,26221,14150,38945,18109,32253,11949,11818,24596,34993,24433,52055,646895,324698,64920,13188,303005,43,14,62,35
2021-03-19T23:59:59+01:00,25,26,18729,21779,38038,54516,40268,69941,45998,97927,59146,91190,41987,41817,87412,112656,54935,100325,4421,4693,10473,17105,11474,26110,14060,38776,17874,31955,11597,11541,22930,32937,22754,49496,629169,315397,57724,12826,289996,36,14,60,35
2021-03-18T23:59:59+01:00,25,25,18336,21134,36865,52364,38728,67153,43847,93464,55303,85399,37960,38022,82686,107181,53848,98665,4401,4665,10405,17002,11396,25957,13910,38587,17656,31753,11365,11358,21685,31424,21043,46899,612256,307320,51987,12216,266930,33,14,60,34
2021-03-17T23:59:59+01:00,25,24,17917,20784,36140,51448,37965,66201,42767,92111,53516,83573,35292,35242,78666,102361,52904,97192,4378,4640,10343,16909,11324,25823,13797,38400,17458,31562,11128,11136,20446,30014,19454,44501,595620,299832,47593,11511,261079,30,14,59,34
2021-03-16T23:59:59+01:00,24,24,17561,20366,35395,50380,37151,65008,41672,90443,51680,81586,33090,33227,74647,97436,52024,95878,4328,4591,10270,16781,11233,25673,13699,38164,17323,31319,10958,10959,19167,28500,17973,42179,582395,292071,42907,11077,252451,29,11,58,34
2021-03-15T23:59:59+01:00,24,24,17283,20002,34690,49402,36362,63816,40769,88963,50420,79988,31373,31390,71367,93348,51327,94746,4306,4557,10204,16658,11167,25472,13585,37877,17174,31047,10791,10801,18437,27537,16716,40320,571285,286263,39584,10429,244595,28,0,56,34
2021-03-14T23:59:59+01:00,24,23,17015,19575,33837,48193,35463,62498,39714,87137,49166,78265,30211,30159,69374,90788,50882,94070,4281,4538,10159,16581,11110,25330,13525,37655,17084,30883,10720,10716,18255,27256,16454,39760,564181,285066,37708,9295,234675,17,0,52,34
2021-03-13T23:59:59+01:00,24,23,16206,18520,32345,46168,33891,60372,37679,84081,47042,75724,28864,28810,67359,88167,50613,93679,4281,4538,10157,16575,11107,25323,13516,37649,17078,30874,10683,10683,17508,26371,15409,38308,547835,280818,37423,9294,224466,17,0,52,34
2021-03-12T23:59:59+01:00,23,23,15104,17144,29904,43521,31226,57232,34817,79227,43834,71265,26032,25621,63056,82867,49634,92277,4269,4505,10138,16513,11089,25272,13470,37532,16987,30743,10406,10456,16627,25128,14340,36788,519837,275032,36112,9283,207009,14,0,50,33
2021-03-11T23:59:59+01:00,22,23,14064,15684,27659,40831,28908,54046,32230,74839,40082,66374,22634,22146,57051,75557,47704,89438,4228,4466,10057,16395,10979,25047,13353,37222,16822,30439,10104,10244,15992,24289,13672,35516,487821,271037,34523,7844,187085,11,0,48,32
2021-03-10T23:59:59+01:00,22,22,13468,14987,26252,39217,27261,52224,30669,72523,37567,63251,19888,19597,51137,68420,46153,87100,4194,4422,9958,16228,10861,24798,13205,36804,16621,30067,9868,10062,15248,23516,13013,34491,461425,266311,32477,7101,175991,9,0,47,32
2021-03-09T23:59:59+01:00,21,21,13185,14522,25132,38179,25847,51040,29606,70870,36187,61419,18710,18476,47629,63981,45028,85312,4170,4396,9874,16062,10758,24539,13052,36488,16446,29831,9745,9960,14587,22679,12518,33717,447831,262610,29953,6269,167503,9,0,47,30
2021-03-08T23:59:59+01:00,20,21,12854,13921,24049,37072,24580,49902,28670,69386,34957,59801,17632,17598,43514,58996,43800,83329,4155,4361,9813,15864,10656,24281,12919,36132,16319,29566,9662,9877,14094,22073,12204,33278,432385,259437,27948,5878,159889,4,0,46,30
2021-03-07T23:59:59+01:00,20,21,12621,13629,23455,36222,23884,49027,28071,68515,34348,59044,17371,17348,42448,57548,43433,82766,4143,4348,9793,15822,10629,24208,12887,35962,16262,29452,9640,9848,13895,21820,12068,33076,427630,258380,26134,5538,156124,0,0,45,29
2021-03-06T23:59:59+01:00,20,20,12508,13338,23053,35489,23355,48240,27025,66989,33250,57282,16985,17019,41803,56659,43132,82299,4140,4334,9782,15796,10611,24174,12877,35920,16244,29421,9623,9807,13848,21782,11965,32866,423571,258002,26070,5254,148940,0,0,45,28
2021-03-05T23:59:59+01:00,20,20,12097,12737,22372,34285,22673,47010,26269,65360,32018,54863,16340,16188,38343,52356,40976,78857,4113,4287,9712,15696,10561,24026,12809,35725,16158,29215,9527,9738,13662,21568,11595,32255,408391,256307,24619,4406,139882,0,0,45,27
2021-03-04T23:59:59+01:00,18,20,11338,11732,21184,32558,21455,44966,24914,62710,30323,52506,15610,15471,34340,47190,37896,74169,4064,4198,9599,15407,10459,23669,12676,35196,16013,28817,9352,9585,13505,21358,11511,32110,389952,253271,22546,4314,126008,0,0,45,25
2021-03-03T23:59:59+01:00,16,20,11032,11244,20495,31343,20683,43609,24009,60960,29282,50866,15135,14969,31730,43868,34811,69402,4024,4136,9520,15238,10380,23419,12570,34775,15837,28471,9170,9459,13380,21144,11365,31840,374521,250645,21753,4151,117305,0,0,42,23
2021-03-02T23:59:59+01:00,16,20,10769,10820,19850,30377,19970,42590,23224,59574,28311,49593,14508,14322,29054,40497,30925,63184,3976,4065,9458,15073,10312,23154,12469,34344,15736,28165,9045,9357,13242,20956,11288,31695,356339,248251,20243,4150,111121,0,0,41,23
2021-03-01T23:59:59+01:00,14,19,10598,10561,19339,29575,19410,41709,22635,58504,27599,48471,14093,13867,26984,37908,26670,56300,3961,4016,9403,14917,10248,22855,12389,33967,15629,27842,8963,9297,13059,20688,11173,31512,339129,245837,19133,4147,106090,0,0,41,23
2021-02-28T23:59:59+01:00,13,19,10432,10362,18872,28929,18879,40972,22158,57652,27114,47681,13886,13626,26376,37248,26265,55698,3945,4002,9379,14885,10229,22804,12372,33897,15602,27796,8937,9273,12928,20510,11110,31362,336685,244985,18273,4111,101318,0,0,41,23
2021-02-27T23:59:59+01:00,13,18,10253,9847,18543,28062,18621,40188,21873,56670,26786,46889,13610,13325,25709,36444,25343,54280,3933,3991,9358,14865,10197,22756,12333,33815,15558,27723,8915,9257,12919,20494,11105,31355,332780,244634,17551,4005,96235,0,0,41,23
2021-02-26T23:59:59+01:00,12,17,9457,9062,17641,26623,17840,37982,20945,53821,25327,44065,13144,12924,24121,34457,23820,51974,3852,3923,9280,14704,10123,22500,12252,33450,15441,27429,8835,9175,12852,20426,11064,31285,323672,242726,17298,3931,82349,0,0,41,21
2021-02-25T23:59:59+01:00,12,17,8298,8212,16319,25019,16572,35720,19707,50935,23618,41285,12671,12523,22842,32865,22325,49692,3730,3780,9118,14392,9903,21896,11999,32598,15115,26776,8639,9023,12592,20102,10923,31017,316055,238593,16527,3077,66135,0,0,40,20
2021-02-24T23:59:59+01:00,11,16,7933,7689,15664,23983,15943,34483,18992,49422,22827,40087,12275,12187,21536,31367,20645,47065,3658,3713,8978,14101,9727,21444,11799,31972,14852,26241,8498,8886,12450,19929,10858,30806,307810,235824,15562,2152,58836,0,0,40,20
2021-02-23T23:59:59+01:00,11,16,7449,7212,14851,22808,15258,33265,18272,48012,22109,39019,11968,11863,20199,29793,19031,44509,3618,3638,8858,13899,9591,21048,11612,31396,14553,25740,8329,8744,12323,19719,10788,30575,299699,233004,14762,1490,51264,0,0,40,20
2021-02-22T23:59:59+01:00,10,14,7342,7007,14468,22191,14908,32538,17810,47006,21615,38286,11771,11614,19452,28786,17717,42556,3588,3536,8721,13607,9427,20546,11358,30657,14180,25144,8082,8551,12124,19467,10684,30272,293845,229700,14152,306,47174,0,0,39,20
2021-02-21T23:59:59+01:00,10,14,7252,6882,14147,21750,14489,31955,17395,46355,21178,37792,11665,11513,19289,28573,17470,42223,3550,3496,8639,13484,9352,20330,11287,30365,14059,24875,8020,8489,12068,19360,10613,30109,292704,227865,13780,292,43544,0,0,39,20
2021-02-20T23:59:59+01:00,10,14,7135,6832,14022,21670,14373,31820,17276,46205,21020,37611,11566,11430,18508,27656,16414,40753,3548,3490,8629,13476,9342,20309,11273,30340,14046,24864,8015,8480,12003,19296,10559,30041,288452,227482,13583,291,42353,0,0,39,19
2021-02-19T23:59:59+01:00,8,13,6835,6580,13668,21231,14002,31151,16802,45409,20314,36742,10964,11029,17464,26324,15257,39145,3468,3467,8553,13449,9300,20252,11235,30249,13987,24770,7972,8420,11780,19023,10366,29710,282072,225774,13208,290,37730,0,0,36,18
2021-02-18T23:59:59+01:00,8,13,6438,6105,13041,20088,13362,29776,15986,43538,19442,35164,10734,10810,16872,25570,14680,38262,3283,3330,8220,12909,9008,19503,10885,29212,13622,23943,7767,8111,11194,18071,9869,28560,278497,217260,12626,290,28836,0,0,36,18
2021-02-17T23:59:59+01:00,8,12,6273,5762,12595,19206,12874,28585,15286,41816,18795,33838,10507,10559,16116,24756,13903,37072,3034,3170,7880,12395,8707,18714,10515,28168,13231,23093,7534,7876,10637,17220,9431,27742,273829,209118,11895,288,22305,0,0,36,18
2021-02-16T23:59:59+01:00,8,12,5947,5461,12058,18372,12370,27510,14741,40437,18202,32804,10354,10454,15448,23925,13395,36283,2851,3050,7578,11946,8401,17990,10118,27080,12766,22197,7263,7583,9920,16049,8705,26192,270296,199614,11399,133,16152,0,0,34,18
2021-02-15T23:59:59+01:00,8,12,5842,5282,11764,17730,12104,26726,14393,39445,17854,32034,10229,10344,14888,23271,13034,35744,2762,2970,7387,11623,8182,17485,9818,26238,12416,21514,6982,7298,9220,14994,8190,24911,267197,191962,10796,87,12777,0,0,34,17
2021-02-14T23:59:59+01:00,8,12,5574,5167,11516,17458,11881,26290,14159,38999,17663,31757,10184,10293,14655,22932,12869,35351,2712,2932,7273,11459,8053,17279,9642,25906,12238,21213,6887,7175,8999,14610,8002,24376,266198,188728,9860,86,10777,0,0,32,17
2021-02-13T23:59:59+01:00,8,12,5514,5129,11466,17422,11851,26259,14131,38967,17643,31738,10171,10266,14628,22901,12857,35334,2708,2929,7268,11452,8041,17259,9627,25872,12211,21170,6857,7141,8845,14398,7650,23750,265957,187228,9859,8,10549,0,0,31,16
2021-02-12T23:59:59+01:00,8,11,4998,4811,10895,17060,11533,25708,13812,38323,17315,31096,10060,10159,14444,22687,12777,35225,2658,2896,7174,11296,7940,17028,9477,25480,11994,20725,6676,6909,8484,13837,7058,22411,264261,182094,9848,7,6879,0,0,31,16
2021-02-11T23:59:59+01:00,8,10,4536,4510,10308,16379,11121,24901,13332,37060,16825,30236,9745,9898,14162,22239,12497,34541,2490,2622,6575,10107,7253,15293,8618,22870,10947,18648,6025,6196,7440,12222,6243,20091,261030,163691,8207,4,3137,0,0,29,15
2021-02-10T23:59:59+01:00,8,10,4290,4343,9972,15927,10812,24361,13020,36177,16409,29485,9531,9760,13981,22034,12405,34335,2129,2331,5638,8648,6451,13251,7627,19962,9821,16613,5480,5610,6456,10562,5468,18033,258383,144137,7708,3,835,0,0,28,2
2021-02-09T23:59:59+01:00,8,9,4227,4245,9849,15660,10703,23959,12850,35555,16197,29012,9353,9624,13786,21824,12263,34113,1733,1979,4861,7381,5680,11457,6707,17456,8734,14620,4903,4981,5408,9009,4738,15932,255941,125633,6931,1,431,0,0,27,2
2021-02-08T23:59:59+01:00,8,9,4193,4190,9756,15448,10595,23601,12732,35094,16056,28654,9261,9557,13584,21541,12154,33920,1569,1784,4304,6390,5020,9885,5887,14932,7715,12769,4344,4448,4425,7424,3975,13857,253575,108777,6416,1,425,0,0,27,2
2021-02-07T23:59:59+01:00,8,9,4028,4123,9600,15310,10492,23435,12653,34831,15944,28462,9220,9512,13439,21358,12081,33777,1354,1537,3884,5718,4607,9007,5463,13773,7231,11811,4088,4188,4195,7031,3815,13262,252473,101011,5870,1,0,0,0,27,1
2021-02-06T23:59:59+01:00,8,9,4019,4114,9590,15294,10479,23399,12631,34781,15927,28405,9200,9498,13421,21323,11976,33580,1202,1341,3651,5411,4421,8582,5243,13185,6951,11253,3951,4051,4070,6882,3537,12804,252130,96580,5585,1,0,0,0,27,0
2021-02-05T23:59:59+01:00,8,8,3946,4047,9518,15151,10412,23148,12546,34411,15812,28124,9116,9424,13348,21248,11627,32983,1061,1113,3371,4966,4161,8002,4925,12407,6565,10525,3690,3805,3909,6655,3035,11919,250244,90151,4693,0,0,0,0,26,0
2021-02-04T23:59:59+01:00,8,8,3889,3924,9398,14837,10235,22600,12358,33615,15595,27562,8992,9315,13124,20955,11514,32782,797,780,2546,3717,3225,6260,3973,9864,5241,8313,3009,3093,3284,5670,2643,10421,246303,72867,4469,0,0,0,0,25,0
2021-02-03T23:59:59+01:00,8,8,3820,3853,9294,14615,10131,22265,12225,33106,15445,27142,8883,9200,12983,20777,11438,32617,661,612,1923,2802,2491,4833,3003,7578,4009,6267,2200,2229,2399,4206,1916,7814,243570,54969,4301,0,0,0,0,25,0
2021-02-02T23:59:59+01:00,8,8,3754,3758,9194,14422,10034,21885,12082,32542,15243,26688,8759,9086,12860,20567,11355,32351,525,485,1454,2068,1904,3634,2259,5766,2990,4687,1557,1531,1636,2771,1333,5201,240356,39819,4299,0,0,0,0,25,0
2021-02-01T23:59:59+01:00,7,8,3714,3668,9114,14191,9928,21497,11945,31905,15060,26185,8641,8938,12751,20424,11304,32176,391,352,1013,1429,1254,2418,1471,3778,1855,2968,984,973,970,1691,765,3013,237217,25334,4299,0,0,0,0,24,0
2021-01-31T23:59:59+01:00,7,8,3696,3633,9061,14083,9859,21293,11879,31608,14956,25987,8585,8879,12700,20313,11259,32047,361,331,893,1239,1065,2046,1269,3226,1622,2602,886,882,866,1507,694,2707,235729,22203,4184,0,0,0,0,23,0
2021-01-30T23:59:59+01:00,7,8,3696,3630,9051,14070,9845,21271,11866,31588,14944,25973,8581,8874,12641,20250,11208,31982,344,307,833,1155,1008,1923,1205,3036,1547,2465,858,856,847,1467,679,2654,235410,21190,4135,0,0,0,0,23,0
2021-01-29T23:59:59+01:00,7,8,3636,3615,8990,14041,9816,21220,11834,31513,14897,25905,8557,8851,12454,20025,11028,31739,277,224,713,983,864,1563,1050,2646,1336,2140,769,766,798,1412,661,2601,234191,18807,4008,0,0,0,0,20,0
2021-01-28T23:59:59+01:00,7,8,3517,3529,8786,13654,9596,20708,11603,30934,14570,25406,8420,8750,12019,19404,10672,31158,131,57,294,360,376,607,460,1149,607,960,407,423,467,812,378,1571,229404,9061,3400,0,0,0,0,20,0
2021-01-27T23:59:59+01:00,7,8,3286,3394,8493,13239,9295,20086,11221,30098,14183,24669,8204,8539,11469,18599,10247,30395,79,33,203,222,242,412,306,802,428,662,309,309,347,605,284,1149,222698,6393,2792,0,0,0,0,20,0
2021-01-26T23:59:59+01:00,6,8,3120,3297,8211,12902,9032,19516,10916,29341,13786,24039,7968,8318,10891,17685,9600,29243,74,29,188,212,226,378,290,751,397,601,294,284,320,542,258,1019,215986,5864,1950,0,0,0,0,20,0
2021-01-25T23:59:59+01:00,6,8,3033,3202,7930,12420,8741,18810,10530,28339,13306,23277,7685,8118,10273,16869,9144,28342,66,21,168,191,194,322,251,631,345,497,257,240,266,465,210,831,209685,4956,405,0,0,0,0,18,0
2021-01-24T23:59:59+01:00,6,8,2989,3181,7845,12342,8667,18685,10421,28179,13178,23095,7643,8083,10208,16757,9096,28246,65,20,164,187,192,309,248,610,337,483,248,236,264,458,206,816,208382,4844,303,0,0,0,0,18,0
2021-01-23T23:59:59+01:00,6,8,2988,3180,7844,12339,8663,18675,10420,28166,13172,23090,7636,8080,10084,16592,8768,27659,64,20,164,187,191,308,246,610,335,483,248,236,264,458,206,815,207126,4836,301,0,0,0,0,17,0
2021-01-22T23:59:59+01:00,6,8,2926,3134,7720,12226,8580,18535,10310,27996,13092,22975,7606,8047,9886,16290,8250,26635,64,20,163,187,191,308,246,610,334,483,248,236,264,458,206,815,203979,4834,301,0,0,0,0,16,0
2021-01-21T23:59:59+01:00,6,8,2844,2964,7221,11313,8096,17389,9773,26374,12487,21759,7321,7720,9246,15329,7725,25563,58,18,148,173,174,277,221,534,297,443,222,209,233,378,176,684,192892,4246,301,0,0,0,0,16,0
2021-01-20T23:59:59+01:00,6,8,2485,2617,6340,9902,7352,15436,8820,23545,11377,19686,6720,7068,8151,13562,6911,23341,56,18,147,168,171,275,213,520,286,421,210,202,227,353,162,646,173077,4076,298,0,0,0,0,16,0
2021-01-19T23:59:59+01:00,6,8,2043,2261,5441,8517,6488,13543,7798,20755,10105,17446,5963,6183,6762,11369,5889,20285,40,11,98,124,115,171,150,356,187,293,133,115,139,235,113,479,150686,2759,217,0,0,0,0,16,0
2021-01-18T23:59:59+01:00,5,8,1770,1972,4686,7134,5533,11304,6600,17161,8676,14731,5080,5301,5376,9115,4815,16798,21,6,38,46,52,79,66,162,74,147,59,54,66,131,62,220,126009,1283,93,0,0,0,0,16,0
2021-01-17T23:59:59+01:00,4,8,1493,1682,4173,6340,5025,10172,6064,15586,8037,13466,4740,4952,5003,8442,4486,15791,8,2,8,15,15,28,20,51,27,56,23,23,20,31,13,47,115406,387,89,0,0,0,0,15,0
2021-01-16T23:59:59+01:00,4,7,1326,1479,3956,6019,4845,9732,5805,14920,7707,12773,4551,4724,4791,8166,4131,15187,0,0,0,1,1,2,1,1,1,2,0,1,1,0,0,1,110146,12,6,0,0,0,0,14,0
2021-01-15T23:59:59+01:00,4,7,1175,1253,3702,5598,4591,9167,5513,14081,7299,11974,4259,4430,4605,7859,3596,14141,0,0,0,0,0,0,0,0,0,0,0,0,0,0,0,0,103276,0,4,0,0,0,0,14,0
2021-01-14T23:59:59+01:00,3,4,901,940,2956,4410,3727,7351,4569,11337,5902,9628,3458,3561,3867,6634,3112,12329,0,0,0,0,0,0,0,0,0,0,0,0,0,0,0,0,84706,0,0,0,0,0,0,14,0
2021-01-13T23:59:59+01:00,3,3,765,786,2484,3678,3142,6127,3796,9399,4809,7754,2585,2648,2920,5052,2380,9425,0,0,0,0,0,0,0,0,0,0,0,0,0,0,0,0,67769,0,0,0,0,0,0,13,0
2021-01-12T23:59:59+01:00,2,3,634,656,2082,3018,2587,4979,3040,7576,3792,6093,1855,1828,1994,3417,1682,6429,0,0,0,0,0,0,0,0,0,0,0,0,0,0,0,0,51689,0,0,0,0,0,0,0,0
2021-01-11T23:59:59+01:00,1,1,493,522,1738,2444,2078,3977,2355,5759,2816,4422,1193,1131,1196,2004,922,3648,0,0,0,0,0,0,0,0,0,0,0,0,0,0,0,0,36718,0,0,0,0,0,0,0,0
2021-01-10T23:59:59+01:00,1,1,437,453,1479,2020,1737,3256,1945,4774,2340,3704,1052,1007,1051,1757,821,3195,0,0,0,0,0,0,0,0,0,0,0,0,0,0,0,0,31041,0,0,0,0,0,0,0,0
2021-01-09T23:59:59+01:00,1,1,405,409,1355,1843,1592,2966,1791,4325,2155,3373,977,936,992,1703,803,3152,0,0,0,0,0,0,0,0,0,0,0,0,0,0,0,0,28788,0,0,0,0,0,0,0,0
2021-01-08T23:59:59+01:00,1,1,308,281,1107,1501,1314,2297,1473,3546,1785,2756,844,830,904,1580,757,2999,0,0,0,0,0,0,0,0,0,0,0,0,0,0,0,0,24291,0,0,0,0,0,0,0,0
2021-01-07T23:59:59+01:00,1,0,145,76,398,507,478,787,594,1368,778,1203,467,481,560,961,464,1906,0,0,0,0,0,0,0,0,0,0,0,0,0,0,0,0,11175,0,0,0,0,0,0,0,0
2021-01-06T23:59:59+01:00,1,0,110,44,268,285,307,511,398,928,528,823,359,361,423,747,358,1439,0,0,0,0,0,0,0,0,0,0,0,0,0,0,0,0,7891,0,0,0,0,0,0,0,0
2021-01-05T23:59:59+01:00,1,0,86,31,189,230,240,425,320,819,445,704,343,345,406,714,351,1385,0,0,0,0,0,0,0,0,0,0,0,0,0,0,0,0,7035,0,0,0,0,0,0,0,0
2021-01-04T23:59:59+01:00,1,0,68,25,172,193,199,332,256,636,351,512,268,253,286,516,234,927,0,0,0,0,0,0,0,0,0,0,0,0,0,0,0,0,5229,0,0,0,0,0,0,0,0
2021-01-03T23:59:59+01:00,1,0,66,21,166,188,194,318,254,621,343,495,260,251,282,503,232,910,0,0,0,0,0,0,0,0,0,0,0,0,0,0,0,0,5105,0,0,0,0,0,0,0,0
2021-01-02T23:59:59+01:00,1,0,66,21,166,188,194,318,251,621,340,495,260,251,282,503,232,909,0,0,0,0,0,0,0,0,0,0,0,0,0,0,0,0,5098,0,0,0,0,0,0,0,0
2021-01-01T23:59:59+01:00,1,0,65,21,165,188,194,317,251,621,338,493,260,251,282,502,232,909,0,0,0,0,0,0,0,0,0,0,0,0,0,0,0,0,5090,0,0,0,0,0,0,0,0
2020-12-31T23:59:59+01:00,1,0,65,21,165,186,194,316,250,620,337,492,260,251,282,502,232,909,0,0,0,0,0,0,0,0,0,0,0,0,0,0,0,0,5083,0,0,0,0,0,0,0,0
2020-12-30T23:59:59+01:00,1,0,64,21,165,185,192,313,250,618,337,490,260,251,282,502,231,909,0,0,0,0,0,0,0,0,0,0,0,0,0,0,0,0,5071,0,0,0,0,0,0,0,0
2020-12-29T23:59:59+01:00,1,0,45,12,117,140,143,212,182,443,237,376,179,164,194,373,170,709,0,0,0,0,0,0,0,0,0,0,0,0,0,0,0,0,3697,0,0,0,0,0,0,0,0
2020-12-28T23:59:59+01:00,1,0,24,8,64,77,80,122,101,252,118,232,98,93,103,200,103,388,0,0,0,0,0,0,0,0,0,0,0,0,0,0,0,0,2064,0,0,0,0,0,0,0,0
2020-12-27T23:59:59+01:00,0,0,11,3,17,26,36,47,36,89,37,94,32,29,40,73,32,145,0,0,0,0,0,0,0,0,0,0,0,0,0,0,0,0,747,0,0,0,0,0,0,0,0
