Datum,<15_m,<15_w,15-24_1_m,15-24_1_w,25-34_1_m,25-34_1_w,35-44_1_m,35-44_1_w,45-54_1_m,45-54_1_w,55-64_1_m,55-64_1_w,65-74_1_m,65-74_1_w,75-84_1_m,75-84_1_w,>84_1_m,>84_1_w,<24_2_m,<24_2_w,25-34_2_m,25-34_2_w,35-44_2_m,35-44_2_w,45-54_2_m,45-54_2_w,55-64_2_m,55-64_2_w,65-74_2_m,65-74_2_w,75-84_2_m,75-84_2_w,>84_2_m,>84_2_w,bp_1,bp_2,mo_1,mo_2,az_1,az_2,ja,unb_1,unb_2
2021-08-18T23:59:59+02:00,28932,26901,254200,244763,363203,334411,382064,375162,447513,457485,502752,505437,345685,386199,243134,311310,71576,131013,219410,212438,332969,303689,356282,346768,422643,429892,479650,482221,333595,372430,235131,300412,68644,124953,3862570,3597715,514727,480038,806658,755084,228229,475,353
2021-08-17T23:59:59+02:00,28625,26631,253445,244077,362619,333770,381527,374632,447053,457027,502337,505034,345497,385998,243028,311194,71552,130970,216748,209780,330965,301938,354650,345351,421259,428666,478565,481274,333134,371908,234918,300149,68595,124885,3857807,3583288,514432,477293,806631,754673,226590,475,353
2021-08-16T23:59:59+02:00,28357,26383,252805,243458,362092,333245,381101,374203,446645,456620,501960,504694,345323,385801,242938,311043,71521,130932,213796,206877,328863,299980,353249,344008,420105,427599,477677,480491,332776,371491,234747,299902,68561,124802,3853623,3566995,514282,476609,806609,754335,225051,475,353
2021-08-15T23:59:59+02:00,28189,26245,252374,243068,361731,332908,380768,373901,446374,456389,501735,504518,345219,385696,242895,310970,71511,130914,209955,203004,327150,298500,352083,342881,419172,426719,476950,479889,332463,371185,234638,299736,68539,124756,3851130,3550495,514159,475720,806576,754022,223984,475,353
2021-08-14T23:59:59+02:00,28148,26214,252243,242954,361609,332812,380671,373810,446281,456307,501647,504447,345180,385674,242880,310952,71508,130911,209009,201998,326501,297854,351503,342341,418752,426319,476609,479602,332341,371072,234603,299684,68530,124740,3850366,3544312,514138,475562,806575,753976,223613,475,353
2021-08-13T23:59:59+02:00,27902,25978,251580,242392,361153,332409,380272,373406,445862,455957,501324,504202,345053,385529,242817,310881,71497,130883,207297,200380,325245,296697,350347,341235,417759,425441,475902,478993,332106,370795,234496,299547,68514,124690,3846762,3533456,514070,474984,806566,753803,222147,471,353
2021-08-12T23:59:59+02:00,27707,25759,250867,241769,360548,331834,379754,372936,445341,455523,500915,503858,344879,385333,242718,310779,71485,130835,204730,198148,322437,294231,348372,339473,416271,424222,474697,477950,331672,370271,234256,299272,68474,124610,3842923,3516387,513885,473842,806532,752795,219948,471,353
2021-08-11T23:59:59+02:00,27475,25512,250157,241100,359949,331275,379257,372474,444903,455122,500524,503440,344658,385101,242606,310647,71459,130784,201717,195198,319286,291325,346240,337428,414801,422844,473438,476672,331139,369642,234010,298874,68427,124489,3838207,3494768,513673,472786,806495,751868,218516,471,353
2021-08-10T23:59:59+02:00,27236,25257,249338,240381,359261,330749,378736,371944,444423,454656,500089,503057,344473,384912,242522,310515,71435,130742,197640,191220,314696,287180,343295,334693,412708,420922,471871,475239,330474,368980,233726,298475,68372,124375,3833254,3465191,513398,471725,806461,750733,217062,470,353
2021-08-09T23:59:59+02:00,27044,25066,248726,239821,358708,330298,378314,371580,444035,454323,499763,502785,344323,384772,242459,310407,71415,130707,193163,186706,309078,282513,340573,332243,410821,419171,470271,473790,329853,368302,233464,298110,68316,124246,3829723,3435283,513226,468999,806431,749658,215615,470,353
2021-08-08T23:59:59+02:00,26880,24916,248254,239428,358327,329961,377983,371304,443747,454079,499527,502597,344218,384669,242399,310331,71398,130674,191833,185357,307476,281201,339284,331106,409970,418427,469714,473286,329599,368039,233343,297948,68291,124197,3827278,3426350,513076,467652,806381,749188,214406,470,353
2021-08-07T23:59:59+02:00,26733,24746,247736,238983,357938,329633,377660,371027,443458,453845,499305,502426,344149,384577,242364,310282,71390,130664,188189,181787,305451,279366,337584,329598,408653,417174,468796,472502,329250,367671,233213,297762,68257,124162,3824474,3406893,512969,466326,806371,748975,213551,470,350
2021-08-06T23:59:59+02:00,26512,24512,246874,238325,357169,329033,377000,370455,442810,453329,498779,502042,343914,384373,242266,310167,71379,130642,184476,178258,302027,276589,335469,327779,407069,415850,467509,471544,328872,367288,233053,297608,68233,124117,3821938,3387755,511641,464611,806361,747891,210090,470,350
2021-08-05T23:59:59+02:00,26198,24198,245723,237418,356302,328192,376215,369751,442103,452668,498133,501516,343644,384079,242154,309995,71338,130580,180059,174346,296703,272238,331403,324271,404300,413385,465276,469768,328213,366595,232794,297245,68175,124007,3815814,3360153,511388,459934,806304,744223,207149,470,350
2021-08-04T23:59:59+02:00,25831,23858,244590,236439,355331,327294,375455,369049,441489,452073,497569,501006,343372,383814,242035,309826,71312,130510,176611,171065,292979,269132,327015,320391,402061,411305,463584,468227,327524,365902,232524,296899,68117,123906,3809435,3333182,511051,458190,806272,742481,204551,462,349
2021-08-03T23:59:59+02:00,25370,23441,243234,235266,354449,326480,374760,368371,440847,451419,496985,500481,343089,383516,241911,309653,71269,130445,173146,167646,288906,265514,321930,315807,399339,408772,461272,466147,326705,365048,232178,296437,68051,123771,3801600,3301318,510892,456329,806235,740413,202715,462,349
2021-08-02T23:59:59+02:00,25054,23133,242188,234320,353613,325744,374078,367785,440296,450881,496472,500036,342829,383247,241798,309502,71243,130386,169525,164069,284248,261575,316092,310877,396608,406233,459052,464167,325934,364218,231885,296041,67990,123655,3795353,3268035,510647,454379,806181,737893,200879,462,348
2021-08-01T23:59:59+02:00,24904,22947,241564,233723,353033,325247,373653,367410,439869,450562,496130,499761,342699,383087,241725,309385,71230,130359,167987,162630,281782,259599,311481,307175,394761,404666,457582,462931,325512,363739,231721,295828,67963,123596,3791760,3250248,510339,452255,806093,735452,199549,462,348
2021-07-31T23:59:59+02:00,24795,22843,241225,233410,352759,325027,373417,367242,439683,450411,496024,499662,342666,383050,241705,309372,71229,130354,164235,158806,278973,257073,309403,305188,393369,403385,456436,461949,325194,363364,231586,295656,67937,123550,3790174,3227437,510152,451320,806089,734665,198912,462,348
2021-07-30T23:59:59+02:00,24509,22587,240437,232705,352194,324506,372937,366786,439229,450013,495667,499373,342527,382911,241661,309294,71216,130338,160504,155053,275585,253982,306397,302383,391150,401287,454600,460375,324689,362837,231378,295364,67904,123494,3786149,3202474,509796,450125,806072,731487,197326,462,348
2021-07-29T23:59:59+02:00,24171,22252,238913,231458,351052,323450,371981,365894,438393,449234,494874,498759,342198,382605,241527,309118,71181,130276,155672,150606,270234,249828,300520,297637,386826,397824,451568,457986,323860,362001,231070,294958,67844,123398,3778701,3168761,509136,445304,805991,726394,193960,462,348
2021-07-28T23:59:59+02:00,23878,21969,237777,230434,350176,322625,371255,365227,437772,448575,494316,498281,341948,382312,241397,308934,71147,130206,151924,146976,265767,246198,296110,293705,383573,394992,449488,456148,323205,361247,230809,294574,67780,123276,3772096,3138203,508614,443395,805914,723771,192058,461,348
2021-07-27T23:59:59+02:00,23610,21745,236785,229478,349353,321897,370574,364651,437207,447973,493802,497837,341715,382018,241266,308744,71112,130108,146918,141879,259874,241082,290838,288972,379586,391314,446333,453361,322232,360154,230448,294075,67692,123120,3765901,3096785,508072,441108,805858,720051,190497,461,347
2021-07-26T23:59:59+02:00,23378,21510,235825,228523,348585,321206,369984,364108,436661,447492,493353,497477,341490,381781,241140,308590,71089,130051,142589,137510,254349,236315,285682,284513,375138,387378,442825,450347,321285,359194,230121,293600,67619,122983,3760324,3057511,507452,438868,805780,715716,189138,461,347
2021-07-25T23:59:59+02:00,23022,21210,234495,227380,347654,320454,369317,363458,436091,446958,492900,497077,341298,381568,241053,308460,71068,129987,140750,135773,251693,234120,283203,282434,373009,385614,440758,448575,320780,358683,229923,293372,67594,122907,3753348,3042656,507077,436704,805718,711372,187758,461,347
2021-07-24T23:59:59+02:00,22778,21019,233574,226536,346939,319813,368751,362945,435567,446525,492543,496803,341182,381471,241011,308398,71065,129977,137860,132982,248968,231810,280646,280234,370760,383765,439523,447593,320433,358347,229779,293194,67575,122873,3749411,3024368,506313,433709,805701,711036,185922,461,347
2021-07-23T23:59:59+02:00,22363,20633,232080,225212,345629,318894,367715,362091,434694,445742,491850,496277,340947,381201,240923,308285,71044,129941,132400,128153,243619,227531,276193,276465,367080,380590,436889,445402,319735,357627,229526,292885,67521,122792,3742022,2988989,505849,431947,805646,708902,182453,461,346
2021-07-22T23:59:59+02:00,21864,20158,229988,223257,343893,317380,366221,360817,433390,444609,490879,495391,340528,380756,240753,308042,70999,129861,128071,124115,237641,223042,269829,271421,360207,375112,431443,440916,318568,356379,229099,292368,67427,122641,3729726,2947078,504270,425983,805510,702612,179725,461,346
2021-07-21T23:59:59+02:00,21359,19639,228116,221450,342215,315865,364613,359258,431829,443234,489663,494232,339980,380239,240508,307760,70946,129766,124325,120563,232202,218821,264323,266915,352099,368204,426852,437185,317453,355232,228640,291804,67346,122463,3718829,2911713,500538,415140,805291,697841,176457,461,343
2021-07-20T23:59:59+02:00,21056,19362,226657,219987,340998,314711,363657,358392,430981,442453,488950,493599,339643,379875,240366,307540,70919,129676,120003,116351,225872,213666,258515,261756,344998,362110,422168,432886,316367,353980,228230,291222,67251,122282,3709623,2868086,500137,407941,805170,693466,174334,461,342
2021-07-19T23:59:59+02:00,20742,19069,224938,218311,339697,313472,362633,357425,430177,441682,488280,492988,339347,379516,240217,307311,70875,129578,117262,113767,221514,210087,253920,257810,341295,358951,419560,430716,315652,353258,227941,290833,67179,122160,3699131,2843177,499726,402571,805080,689165,172762,461,342
2021-07-18T23:59:59+02:00,20590,18942,223656,217058,338108,312062,361581,356519,429378,440971,487749,492447,339119,379232,240088,307134,70853,129516,115777,112386,218884,207926,251573,255725,339057,357109,417539,429033,315173,352775,227781,290615,67158,122093,3689796,2830958,499192,398305,805008,685480,171446,461,341
2021-07-17T23:59:59+02:00,20198,18521,222512,216009,337536,311527,360997,356011,428868,440525,487339,492160,339015,379116,240046,307080,70850,129506,113713,110292,216429,205628,249125,253541,336641,354981,416098,427773,314840,352384,227646,290448,67134,122053,3684288,2813516,498990,395589,804995,684697,169988,455,340
2021-07-16T23:59:59+02:00,19658,18010,219968,213873,335806,310237,359500,354721,427406,439323,486245,491298,338612,378750,239873,306921,70825,129469,110611,107499,211679,201707,244599,249915,332354,351297,412761,425061,313921,351460,227297,290034,67080,121971,3674127,2785926,498238,393248,804838,680888,163736,455,339
2021-07-15T23:59:59+02:00,19020,17387,217195,211460,333910,308545,357920,353288,426076,438150,485310,490452,338215,378326,239674,306666,70783,129365,106716,104299,203337,195482,237129,244324,325773,346083,405714,418642,312192,349657,226757,289371,67009,121774,3659175,2739532,497640,384844,804723,673479,160644,455,339
2021-07-14T23:59:59+02:00,18177,16662,214764,209147,332227,307020,356530,351954,424867,436957,484287,489503,337763,377865,239436,306356,70729,129279,103123,100978,196897,190341,231437,239673,321497,342623,401549,415025,310888,348347,226355,288814,66929,121620,3644321,2706066,497084,379325,804596,666691,157960,455,336
2021-07-13T23:59:59+02:00,17529,16005,212587,207129,330634,305659,355204,350743,423709,435884,483338,488653,337330,377395,239232,306115,70694,129189,99374,97451,190434,184963,224323,233626,314836,336575,393172,407193,309100,346425,225755,288027,66821,121423,3630604,2663427,496527,366671,804452,657242,155884,454,330
2021-07-12T23:59:59+02:00,16513,15074,209316,203954,328579,303935,353631,349278,422473,434690,482365,487754,336917,376930,239053,305888,70654,129112,96289,94739,185166,180679,217355,227964,308021,330551,388085,402924,307380,344566,225168,287295,66722,121254,3612196,2625228,495977,359559,804279,648846,154101,453,328
2021-07-11T23:59:59+02:00,16006,14606,207965,202687,327846,303226,352971,348663,421917,434194,481923,487414,336731,376729,238993,305782,70633,129072,94873,93454,182406,178379,214370,225687,305343,328404,385262,400543,304917,341947,224791,286826,66670,121156,3606019,2610309,495341,357575,804155,638377,152283,449,327
2021-07-10T23:59:59+02:00,15533,14148,206123,200913,326392,301969,351843,347695,421195,433602,481449,487017,336564,376564,238927,305696,70623,129052,93579,92192,179891,176280,211345,223204,302829,326252,384102,399511,304270,341279,224611,286640,66654,121130,3597458,2593567,494715,357350,803920,636630,149649,449,327
2021-07-09T23:59:59+02:00,15210,13872,204218,199079,324792,300526,350779,346739,420295,432893,480883,486542,336360,376342,238831,305576,70607,129018,90803,89472,176366,173063,207008,219061,297817,321660,380668,396537,303178,340055,224308,286273,66617,121066,3588355,2564645,493854,355296,803729,629047,147057,449,326
2021-07-08T23:59:59+02:00,14750,13447,200745,196112,321490,297860,348415,344761,418589,431449,479451,485476,335926,375902,238654,305331,70564,128943,86512,85713,169138,167423,198894,212675,290464,315571,373748,390344,300474,337149,223537,285340,66500,120808,3573108,2518563,489800,346668,803210,618730,142177,449,326
2021-07-07T23:59:59+02:00,14250,12991,197021,192260,318342,295012,346115,342727,417035,429984,478257,484381,335450,375344,238465,305060,70527,128838,82837,82280,161862,161730,189881,205517,282500,309020,366742,383545,297180,333551,222637,284242,66362,120562,3551900,2470708,488446,333268,802827,608774,139312,448,324
2021-07-06T23:59:59+02:00,13791,12620,193597,188887,315092,292286,343646,340442,415321,428427,476992,483249,334950,374790,238270,304771,70475,128752,79271,78711,155199,156225,182481,199317,273574,301079,360270,377470,293993,330313,221756,283152,66253,120331,3532104,2418303,485388,326299,802412,599284,136880,447,324
2021-07-05T23:59:59+02:00,13394,12284,189220,184657,311061,288968,341147,338124,413657,426890,475853,482181,334477,374272,238096,304527,70442,128667,76224,75904,150092,152156,177730,195200,266681,294829,354171,371945,290726,326875,220875,282038,66145,120162,3509359,2379355,484240,321827,801922,588949,132822,442,322
2021-07-04T23:59:59+02:00,13217,12127,185390,180796,308446,286953,339841,337058,412782,426114,475273,481698,334257,374020,238006,304403,70416,128614,74046,74039,147012,149614,175410,193167,264248,292775,351069,369743,287428,323489,220296,281376,66090,120043,3497181,2365644,482957,319541,801354,577455,128344,442,320
2021-07-03T23:59:59+02:00,12025,11072,178969,174811,304196,283509,337519,334896,410976,424309,474068,480638,333857,373574,237832,304157,70392,128571,72271,72470,144596,147745,172977,191092,261195,290059,348795,367891,285682,321512,220029,281016,66058,119994,3470889,2349971,481556,319346,801169,572977,122175,442,320
2021-07-02T23:59:59+02:00,10929,9981,175262,171356,301791,281317,335777,333202,409730,423126,473294,479954,333598,373261,237716,303975,70364,128523,69588,69800,140697,144482,168563,187074,255152,284643,343585,363192,282438,317793,219390,280248,66010,119910,3452836,2316929,480084,316569,800979,560414,119670,441,299
2021-07-01T23:59:59+02:00,9838,9057,171603,167934,297762,278043,333300,330943,407936,421550,472202,478999,333183,372804,237517,303703,70317,128445,64718,65089,134421,139172,161306,180590,244925,275816,332811,353440,277669,312532,217538,277999,65831,119598,3430374,2260792,478003,304244,800633,542743,116537,441,298
2021-06-30T23:59:59+02:00,9349,8667,168342,164869,292162,273428,329638,327619,406167,420023,471186,478031,332763,372322,237326,303406,70283,128359,61593,62240,128793,134490,154670,174590,234894,266686,319443,340194,272471,307007,215651,275680,65663,119280,3405358,2205864,475850,291455,800340,523944,112799,441,296
2021-06-29T23:59:59+02:00,8813,8145,164558,161106,287645,269183,326085,324327,404071,417949,469649,476620,332178,371686,237076,303052,70228,128250,58814,59262,123862,130099,148663,169079,223068,256016,310907,331854,266020,299830,213686,273227,65460,118935,3377932,2146777,473865,286807,800016,506574,109211,440,293
2021-06-28T23:59:59+02:00,8408,7765,161244,157657,282624,264882,322794,321482,401934,416024,468164,475313,331658,371076,236843,302741,70185,128156,56548,56926,119974,126602,144329,165005,213855,247619,305136,326469,261079,294541,211924,270997,65314,118671,3354079,2111156,469893,278222,799361,490075,106014,440,290
2021-06-27T23:59:59+02:00,8261,7642,159744,156137,280525,263080,320997,319955,400244,414663,467274,474605,331366,370785,236740,302581,70166,128107,55354,55820,117854,124901,141776,162885,209760,244247,301789,323620,257286,290554,209470,268090,65203,118483,3344111,2095771,467823,274752,798315,473979,103020,440,290
2021-06-26T23:59:59+02:00,7109,6544,156481,152800,278421,261195,318592,317721,399058,413515,466576,473902,331095,370502,236634,302424,70142,128077,54812,55240,116525,123758,140360,161654,207521,242247,299261,321215,255754,288898,209137,267680,65176,118413,3325017,2079063,465011,274664,798309,471483,102887,398,251
2021-06-25T23:59:59+02:00,5890,5427,152182,148527,275040,258246,316537,315762,397756,412273,465577,473079,330806,370167,236508,302270,70114,128029,53529,53620,114059,121068,136293,157099,198777,233810,293590,315357,254033,286785,208547,266881,65105,118294,3300114,2036672,463589,272978,798255,464921,102666,398,251
2021-06-24T23:59:59+02:00,5037,4645,147753,144410,270241,254331,312271,311994,395579,410407,464210,471946,330388,369708,236340,302033,70081,127943,50890,51039,108954,116370,128986,150472,186781,223387,282195,305147,248667,280968,206720,264545,64902,117894,3269058,1974800,461594,261236,798088,451201,101008,397,250
2021-06-23T23:59:59+02:00,4818,4437,144599,141302,266560,251191,307038,307205,393088,408068,462812,470632,329861,369090,236110,301723,70033,127840,48954,48965,105168,112468,123332,144808,176911,214741,270258,293199,244069,276168,205390,262851,64741,117534,3241595,1918659,458076,251407,797934,440520,99235,395,250
2021-06-22T23:59:59+02:00,4568,4208,141531,138182,262864,247825,300922,301773,390464,405516,461274,469151,329319,368490,235891,301374,69985,127734,47268,47228,101571,109182,118549,140249,164341,203623,259380,282927,240013,271705,203472,260445,64490,117066,3209621,1860456,456153,243710,797753,429587,97971,393,242
2021-06-21T23:59:59+02:00,4311,3963,138276,135250,258174,243944,295685,296916,387437,402652,459805,467806,328802,367934,235667,301064,69945,127622,46041,46006,99197,106969,115820,137549,158142,197871,252515,276303,234672,265885,199558,255945,64305,116692,3177988,1829583,454121,238203,797545,409856,96023,392,242
2021-06-20T23:59:59+02:00,4167,3845,136776,133748,253952,240486,293117,294688,386048,401343,459015,467061,328579,367654,235555,300931,69925,127560,44925,45091,96952,105186,113559,135571,155118,195339,248222,272258,231678,262363,198571,254695,64224,116566,3160613,1809329,452362,234665,797394,402013,94499,392,238
2021-06-19T23:59:59+02:00,3751,3494,134630,131665,251210,238175,291341,293049,384210,399778,458173,466332,328359,367402,235452,300793,69904,127528,44390,44447,95688,103933,112095,134113,153621,193908,245015,269249,230964,261518,198402,254432,64202,116513,3144321,1793443,449550,233088,797386,401739,94401,392,237
2021-06-18T23:59:59+02:00,2803,2582,131357,128530,247691,235135,287336,289650,381819,397658,456833,465171,327985,367002,235297,300557,69877,127479,43607,43538,94116,102164,109814,131451,150081,189883,238181,261995,229244,259520,197918,253794,64127,116380,3118563,1764227,445123,232570,797361,395060,94127,391,237
2021-06-17T23:59:59+02:00,2569,2359,127656,125254,241685,230703,282124,285267,377043,393679,454514,463344,327399,366284,235056,300202,69811,127366,41376,41717,90073,98702,104935,126714,142233,182225,226813,250636,224054,253598,196271,251643,63868,115961,3083879,1708700,442153,228438,797106,384181,89675,301,226
2021-06-16T23:59:59+02:00,2298,2126,124429,121857,236803,226379,277435,281011,371876,389191,451932,461213,326664,365488,234769,299792,69745,127253,39555,40128,86548,95687,100596,122898,134018,174906,214737,238755,217842,246517,194357,249322,63616,115473,3050456,1649086,436628,222843,796593,376117,87078,299,225
2021-06-15T23:59:59+02:00,1911,1794,119517,116997,230823,221239,272099,276029,366818,384562,449092,458804,325797,364518,234424,299278,69663,127070,37937,38525,83233,92648,96638,118860,126980,168545,202423,226767,211833,239746,192407,246898,63305,114904,3005816,1591967,434707,217017,796027,368461,84369,299,222
2021-06-14T23:59:59+02:00,1649,1520,115471,112844,225604,216333,266740,271057,361544,379826,445980,456215,325016,363665,234112,298888,69601,126950,36957,37637,80962,90568,93943,116350,122876,164807,195841,220290,208731,236248,191274,245429,63088,114517,2963735,1562477,432360,214748,795769,360818,81632,296,221
2021-06-13T23:59:59+02:00,1575,1435,113980,111469,223162,214235,264201,268801,359292,377875,444809,455181,324741,363361,233977,298721,69569,126876,36101,36910,79117,88906,91939,114539,120059,162214,191989,216599,205654,232815,190243,244064,62856,114106,2948764,1548550,429926,207492,795462,352634,79585,296,220
2021-06-12T23:59:59+02:00,1426,1298,111332,108725,221272,212508,262822,267527,357858,376478,443913,454411,324454,363053,233885,298618,69551,126848,35733,36508,78134,87811,90692,113250,118488,160656,188435,213300,204621,231690,188843,242407,62846,114076,2932606,1535439,428948,207483,795442,345255,79459,295,219
2021-06-11T23:59:59+02:00,1279,1161,108796,106217,218383,209891,259159,264343,354727,373756,442200,452941,324019,362603,233751,298413,69524,126793,35065,35397,76136,84447,88466,109728,114392,155520,181751,205868,202531,229326,188241,241639,62784,113979,2908228,1508023,426162,206794,795265,331825,78771,295,217
2021-06-10T23:59:59+02:00,1119,1008,104045,101815,212322,205144,252110,258528,348643,368463,437710,449170,323165,361636,233430,297966,69441,126642,33486,33915,72150,80283,83563,104239,107739,147335,169439,192250,196474,222457,186518,239504,62531,113578,2864661,1461041,419079,205059,794423,304848,74651,293,213
2021-06-09T23:59:59+02:00,971,878,100133,98119,206375,200423,245306,252825,341993,362515,434035,446152,322493,360897,233162,297588,69377,126510,31958,32662,68924,77637,79874,101076,103029,143063,158331,181524,185882,210501,184657,237261,62259,113083,2825743,1407169,410560,201090,793920,293592,70006,264,210
2021-06-08T23:59:59+02:00,788,697,95609,93581,199755,194864,238352,246823,333749,355243,428933,441494,321662,359898,232792,297105,69296,126373,30885,31812,66339,75345,76596,98360,98458,139153,150756,174051,177185,200807,182855,235019,62027,112717,2773837,1368061,404799,196191,793342,282754,65502,264,198
2021-06-07T23:59:59+02:00,630,556,92398,90484,193704,190167,231799,241588,325917,349075,425891,439054,321121,359267,232578,296781,69242,126277,30020,30966,63879,73396,73648,96208,94701,136224,142702,166275,173148,196202,181431,233210,61804,112335,2734890,1341024,398641,192902,792779,271680,60679,262,197
2021-06-06T23:59:59+02:00,592,520,90823,89169,190422,187626,228453,238824,321647,345675,424463,437981,320853,358975,232470,296623,69218,126230,29419,30412,62111,71719,71574,94209,91521,133158,137031,160505,170622,193588,180322,231812,61575,111955,2719504,1329202,391265,183268,792304,261251,57945,260,196
2021-06-05T23:59:59+02:00,512,440,88879,87157,185559,183408,225995,236692,319829,344048,423464,437066,320564,358654,232322,296454,69204,126198,28967,29658,60913,69776,70182,92067,89849,130905,132289,155187,167627,189927,179838,231156,61541,111889,2696048,1305630,391148,182803,792135,255898,57566,259,196
2021-06-04T23:59:59+02:00,412,355,86527,84633,181900,179809,221989,232745,316243,340417,421105,434875,320106,358120,232125,296226,69166,126135,28502,28989,59803,68128,68911,89997,88063,128299,128933,151537,163397,185167,178847,229889,61493,111803,2666814,1286856,387329,182032,792023,245827,57167,259,195
2021-06-03T23:59:59+02:00,319,281,83245,81569,176180,175161,214743,226658,308547,333725,413356,428021,319077,356944,231756,295780,69111,126004,27613,27982,57918,65945,66527,87262,84439,124202,122196,144880,157069,177577,177281,227865,61380,111566,2617954,1257726,377095,176734,791605,233107,54253,257,191
2021-06-02T23:59:59+02:00,270,222,81168,79407,172110,171448,211105,223508,304976,330380,411315,426191,318671,356493,231603,295574,69083,125953,27152,27506,56796,64834,64943,85993,82392,122267,117233,140001,149198,168622,176567,226911,61295,111397,2589231,1225579,375713,174767,791575,229494,53381,255,187
2021-06-01T23:59:59+02:00,172,154,76909,75585,163843,164897,201756,215783,295883,322509,403119,418365,317163,354886,231065,294839,68971,125725,25600,26092,52493,61893,60115,82709,76990,117776,109824,132806,138116,155236,174469,224182,61086,110971,2530598,1175541,364087,170665,790817,217728,46528,253,182
2021-05-31T23:59:59+02:00,150,137,74168,73112,158194,160587,194451,209827,288501,316142,397387,413405,316170,353777,230680,294320,68881,125553,24689,25038,49875,59685,56957,80184,73397,114510,105342,128368,133976,150346,173105,222464,60916,110640,2490211,1153170,354709,168344,790190,207345,40730,252,180
2021-05-30T23:59:59+02:00,139,129,73120,72048,155722,158561,191831,207477,285729,313631,395502,411667,315809,353366,230519,294085,68844,125473,24089,24258,48299,57970,55227,78335,71180,111961,102691,125509,131825,147823,172314,221530,60823,110429,2474401,1143437,352193,167038,789569,196000,37884,252,176
2021-05-29T23:59:59+02:00,136,127,72512,71459,154216,157162,189532,205446,283889,312049,394664,410893,315587,353121,230439,294007,68833,125455,23767,23734,47383,56476,53891,76464,69259,109120,100381,122717,129024,144405,171662,220623,60796,110377,2460521,1129862,352035,166973,789500,185474,37864,252,175
2021-05-28T23:59:59+02:00,132,124,71428,70341,151828,154908,185882,201916,280623,308916,392802,409128,315178,352620,230292,293792,68814,125398,23237,22732,45775,54351,52068,73907,67221,105177,96063,116829,124661,139363,170687,219317,60750,110263,2436739,1107292,350990,166760,789294,170955,37487,251,172
2021-05-27T23:59:59+02:00,121,114,68120,67331,145350,149976,177703,195672,274242,303767,386493,403454,313916,351176,229833,293261,68743,125216,21920,21050,42525,51304,48193,70098,62679,99175,89718,109323,120743,134746,167894,215618,60578,109950,2392218,1078910,343387,164018,787491,150907,31766,251,168
2021-05-26T23:59:59+02:00,117,111,65968,65156,140400,145895,171611,190610,267496,298104,379760,396770,312401,349573,229347,292566,68641,125005,21180,20139,40706,49173,45842,67367,59650,95387,85129,104216,115771,129033,164107,210290,60370,109524,2354978,1047036,330201,162446,785685,139451,29036,248,167
2021-05-25T23:59:59+02:00,116,105,63941,63171,136205,142409,166563,186326,260432,291831,374344,391389,311125,348171,228943,291922,68557,124828,20603,19475,39308,47658,44012,65355,57181,92393,81060,99846,110847,123356,158581,203062,60200,109223,2317495,1015581,322699,159027,783150,130235,27403,244,164
2021-05-24T23:59:59+02:00,113,103,62700,61959,133454,140307,163286,183915,253487,285848,369414,386720,310299,347251,228658,291537,68485,124700,20261,19075,38292,46589,42668,63874,55509,90384,78828,97343,109430,121706,157978,202274,60088,109021,2293766,1006261,311608,157732,781369,123558,25856,244,162
2021-05-23T23:59:59+02:00,108,103,62203,61443,132354,139415,162092,182882,252246,284830,367830,385292,309683,346594,228487,291311,68464,124664,20032,18888,37742,46035,41916,63174,54350,89390,77344,95977,108261,120313,157001,201058,60019,108882,2282283,998117,311027,154651,781321,121971,25731,244,161
2021-05-22T23:59:59+02:00,105,101,61511,60824,130870,138347,159725,181263,249280,282541,365355,383072,309155,346002,228310,291045,68438,124614,19714,18467,37130,45436,41277,62645,53697,88667,76577,94836,106713,118513,156229,200089,59992,108828,2264352,991428,311012,154647,781281,118550,24269,244,161
2021-05-21T23:59:59+02:00,101,97,60180,59385,127972,135755,156448,177945,244055,277779,359268,377391,308222,344913,228013,290649,68378,124506,19354,18102,36518,44667,40627,61596,52748,87274,74861,92536,103476,114566,155094,198639,59900,108653,2228340,978426,309375,154322,779714,111962,23986,238,159
2021-05-20T23:59:59+02:00,94,95,57131,56593,122244,130888,149528,171635,233756,269049,350249,369117,305691,342177,227247,289644,68246,124288,18058,17168,34346,42421,38176,58696,49934,83509,70934,88045,99361,109942,152637,195628,59720,108298,2170446,959169,302726,152382,773756,94311,21091,230,159
2021-05-19T23:59:59+02:00,93,93,54919,54403,117241,126215,142365,165028,223230,259699,339718,358239,303050,339312,226502,288605,68096,124012,17478,16385,33123,40836,36772,56635,47924,80735,67700,84474,95483,105472,149017,190911,59458,107807,2104630,935804,296478,150411,770779,84820,19263,230,146
2021-05-18T23:59:59+02:00,88,88,52827,52445,112461,121957,135995,159461,211675,249337,329854,348453,300384,336348,225627,287410,67944,123758,16962,15782,31920,39378,35422,54847,46121,78332,64818,81252,91490,100946,145827,186857,59246,107372,2044843,915620,287125,147558,767185,76195,17283,226,146
2021-05-17T23:59:59+02:00,85,85,51794,51452,110132,119905,133190,156809,205154,243325,322291,341376,298599,334384,225044,286587,67837,123546,16506,15334,30873,38333,34255,53560,44640,76538,62563,78860,86666,95094,144364,184974,59096,107057,2018078,903956,274843,140097,763771,69517,15224,225,144
2021-05-16T23:59:59+02:00,84,82,51008,50796,108691,118584,131451,155151,202187,240648,314860,334431,297580,333255,224737,286104,67785,123449,16223,14963,30126,37556,33384,52640,43578,75226,61232,77392,83253,91026,143576,183900,59009,106917,2002768,897893,264428,133336,760533,65379,13474,223,140
2021-05-15T23:59:59+02:00,84,82,50472,50165,107693,117598,130439,154044,200255,238718,311295,331224,296959,332568,224541,285833,67765,123385,16083,14800,29872,37250,33097,52209,43091,74581,60385,76411,82657,90210,143062,183234,58973,106870,1986595,892662,264410,133189,759668,64252,12764,222,139
2021-05-14T23:59:59+02:00,83,82,49213,48747,105448,115507,126852,150596,192054,231660,304992,325351,295980,331431,224256,285386,67718,123290,15585,14374,29091,36432,32330,51020,42013,72803,58825,74463,80759,87727,142451,182248,58933,106784,1949394,883038,262713,132323,755123,58834,11723,219,138
2021-05-13T23:59:59+02:00,79,81,47298,46802,101611,112283,122149,146497,182048,223087,294400,315545,293012,328012,223448,284247,67618,123083,14723,13929,28236,35737,31570,50122,41072,71713,57324,72899,76990,83388,139694,178648,58823,106568,1897873,870523,254113,125297,748901,54986,10707,215,135
2021-05-12T23:59:59+02:00,77,79,46388,46097,99696,110859,120094,144841,179504,220980,289672,310228,291849,326751,223206,283929,67580,122998,14558,13779,27917,35520,31170,49832,40630,71339,56787,72334,75655,81768,138919,177517,58737,106408,1874851,864808,251953,123514,748411,54716,9908,211,134
2021-05-11T23:59:59+02:00,73,73,44144,44625,95677,107785,114295,140116,166146,209720,278034,299475,288450,322840,222249,282527,67431,122699,14130,13213,26908,34095,30044,48034,39328,69065,55075,70070,72572,78189,137570,175689,58579,106050,1816043,852569,242261,120827,739908,46854,8435,207,132
2021-05-10T23:59:59+02:00,72,69,42892,43655,93080,105787,111044,137492,157768,202711,270170,292378,286278,320395,221674,281665,67306,122459,13786,12769,26150,33112,29251,46779,38333,67209,53850,68341,70489,75635,136428,174180,58460,105762,1780553,843717,236220,119776,732945,39656,7463,203,126
2021-05-09T23:59:59+02:00,71,69,41773,42886,90401,104039,108391,135724,152765,199295,264660,287452,285044,319014,221299,281136,67240,122313,13473,12551,25460,32445,28523,45977,37543,66251,52911,67393,69259,74233,135836,173347,58405,105631,1761281,839146,229135,118801,726966,34894,6473,199,124
2021-05-08T23:59:59+02:00,70,69,41483,42589,89558,103311,107304,134874,151320,198082,262102,285393,284543,318471,221181,280957,67224,122281,13371,12490,25332,32353,28379,45848,37354,66058,52571,67075,68297,73312,134770,171984,58358,105538,1749289,834552,228627,118058,726743,34116,6460,172,103
2021-05-07T23:59:59+02:00,68,68,40561,41874,87632,101975,104490,132666,146705,194282,255859,279890,283206,316875,220831,280500,67171,122158,12625,12006,24510,31619,27617,44787,36493,64795,51387,65566,66053,70629,132551,169175,58269,105360,1723556,824911,225425,115799,722624,27321,5507,171,101
2021-05-06T23:59:59+02:00,64,67,37919,40154,82889,98525,98501,127923,136529,185788,239420,265492,278088,311087,219544,278813,66996,121842,11939,11490,23573,30517,26623,43436,35138,62795,49651,63597,63568,67510,130445,166416,58156,105142,1658065,813839,215521,112697,711750,18960,4596,162,100
2021-05-05T23:59:59+02:00,62,64,36031,38960,79240,95942,93908,124280,128713,179263,224680,251461,271906,303953,217973,276825,66750,121319,11706,11215,23035,29793,26021,42512,34216,61397,48501,62185,60964,64406,127507,162721,58058,104892,1591908,801586,210457,109136,705725,14979,3524,162,99
2021-05-04T23:59:59+02:00,62,62,34928,37858,76523,93629,90407,121240,123156,174534,214071,241194,266421,297508,216533,274982,66541,120851,11544,11013,22631,29253,25565,41740,33502,60314,47394,60912,58249,61235,125152,159793,57908,104656,1542907,789740,205344,106510,699658,11836,2872,160,97
2021-05-03T23:59:59+02:00,61,60,34061,36806,74239,91814,87533,118894,118716,170893,207419,235196,263145,293647,215735,273901,66420,120556,11300,10743,22239,28677,25085,41041,32817,59348,46372,59774,55469,57900,121385,154903,57651,104219,1511182,773927,202235,104800,694738,9075,1217,158,96
2021-05-02T23:59:59+02:00,61,60,33710,36488,73068,90913,86069,117801,116293,169028,204326,232684,262186,292559,215451,273494,66355,120448,11229,10672,22051,28466,24858,40755,32477,58944,45921,59299,54280,56442,118324,151229,57567,104089,1500600,768921,199445,99255,690871,8176,350,157,93
2021-05-01T23:59:59+02:00,60,60,33394,36115,72308,90122,85000,116762,114832,167670,201250,229655,261497,291738,215243,273213,66344,120410,11215,10657,21998,28436,24799,40717,32416,58886,45838,59224,54038,56150,118165,151033,57558,104072,1485548,767613,199443,99215,690605,8127,346,156,93
2021-04-30T23:59:59+02:00,57,58,32854,35516,71102,88899,83542,115035,111056,164110,193859,222542,259506,289374,214794,272606,66284,120304,10895,10462,21637,28157,24524,40295,32091,58323,45376,58592,53144,54988,117216,149847,57503,103952,1452691,763942,199118,97227,689807,5785,150,153,90
2021-04-29T23:59:59+02:00,55,56,31354,34569,68191,86881,79917,112438,105956,160010,181061,211005,251581,280282,213597,270974,66148,119955,10593,10250,21163,27709,24096,39797,31507,57582,44570,57657,51314,52799,115371,147613,57403,103757,1397887,755125,191840,94551,684442,3477,130,146,88
2021-04-28T23:59:59+02:00,54,54,30120,33958,66327,85573,77440,110620,102530,157161,171386,201841,240736,267695,212318,269291,65951,119627,10410,10091,20866,27358,23734,39329,31085,56930,43846,56835,49198,50186,112793,144384,57280,103545,1345299,745605,188482,90013,679072,2253,100,140,86
2021-04-27T23:59:59+02:00,51,53,29364,33276,64755,84109,75437,108815,99778,154766,166671,197122,232238,257896,211172,267679,65831,119405,10286,9980,20585,27069,23498,39000,30727,56435,43164,56145,47197,47648,110154,140955,57163,103345,1311309,735816,186183,86006,671093,1536,99,139,81
2021-04-26T23:59:59+02:00,50,53,28935,32893,63657,83226,73939,107652,97497,153057,158064,189113,228054,253057,210468,266689,65739,119207,10191,9891,20371,26883,23263,38783,30432,56097,42551,55571,45393,45504,108262,138479,57068,103192,1282410,727869,184742,82917,664365,1157,95,137,79
2021-04-25T23:59:59+02:00,50,52,28684,32657,62883,82705,72880,106920,95769,151834,152685,184247,223725,248180,209879,265910,65673,119085,10136,9857,20293,26808,23177,38702,30322,55971,42392,55412,44979,45007,107582,137572,57040,103122,1269684,726215,178608,81147,655691,1026,92,137,78
2021-04-24T23:59:59+02:00,50,51,28342,32231,61946,81485,71695,105477,94225,150182,147789,179106,220941,244851,209409,265237,65639,119035,10121,9839,20252,26766,23127,38637,30241,55885,42243,55276,44737,44699,107333,137278,57019,103094,1244861,725133,178581,80449,654411,983,91,137,76
2021-04-23T23:59:59+02:00,48,51,27596,31606,60378,79979,69908,103459,91637,147549,143019,174718,216394,239309,208753,264248,65576,118920,10069,9777,20144,26679,22996,38487,30008,55679,41880,54946,44119,43942,106273,135994,56863,102819,1220027,721789,177402,77976,645879,931,90,134,74
2021-04-22T23:59:59+02:00,46,50,26982,31007,58843,78545,67444,101245,87520,144065,134992,167234,207367,228317,206714,261617,65378,118523,9944,9681,19895,26384,22642,38054,29495,55165,41125,54312,42951,42615,104283,133550,56635,102421,1178537,714330,169966,74037,637546,807,90,129,72
2021-04-21T23:59:59+02:00,46,48,26489,30485,57519,77443,65565,99618,84490,141431,127811,160427,194306,212990,204568,258730,65153,118098,9813,9595,19664,26137,22358,37729,29144,54715,40573,53782,42106,41598,102100,130771,56382,102010,1127114,707803,167087,69962,631178,735,90,122,71
2021-04-20T23:59:59+02:00,45,47,26064,30017,56362,76301,63893,98040,81947,138858,122736,155371,182842,199543,202144,255599,64917,117675,9710,9504,19446,25948,22067,37460,28736,54305,40034,53247,41291,40668,99883,127787,56046,101473,1084549,700264,163604,66713,624410,657,88,120,67
2021-04-19T23:59:59+02:00,45,46,25697,29663,55395,75482,62610,96866,79825,136932,119218,151993,177097,192708,200437,253365,64734,117342,9602,9412,19216,25728,21823,37188,28420,53914,39524,52718,40496,39760,96789,123825,55641,100762,1060035,689931,161776,64296,617809,621,87,115,67
2021-04-18T23:59:59+02:00,44,44,25394,29403,54628,74937,61490,95922,77976,135512,115858,149602,171992,187156,199427,252142,64624,117151,9529,9337,19029,25555,21647,37022,28204,53637,39265,52468,40168,39373,95574,122281,55460,100466,1046088,686074,160111,62365,607261,606,87,114,66
2021-04-17T23:59:59+02:00,43,43,25285,29311,54257,74743,60974,95571,77322,134915,115012,148861,167743,182278,198893,251418,64589,117086,9484,9278,18891,25367,21460,36792,27977,53362,39000,52201,39869,39051,94814,121353,55396,100382,1035215,682062,160083,62051,603203,594,87,114,66
2021-04-16T23:59:59+02:00,43,43,24913,29063,53269,74137,59692,94693,75703,133587,110872,144725,160116,173509,197240,249217,64480,116878,9276,9103,18498,24941,20881,36219,26877,52462,36982,50604,36574,36135,91635,117841,54993,99727,1009351,667055,159297,55164,593687,559,87,113,64
2021-04-15T23:59:59+02:00,39,39,24439,28611,52019,72969,57733,92965,72437,130745,105405,139450,152257,164540,192588,243346,64183,116260,9102,8941,18130,24520,20388,35562,26200,51669,35590,49375,34468,34108,88529,114117,54486,98869,977163,653993,157244,49584,575770,509,86,112,62
2021-04-14T23:59:59+02:00,37,35,24099,28286,51083,72033,56396,91579,70050,128589,101417,135683,143066,154164,184852,233470,63841,115592,8697,8670,17657,24014,19852,34919,25288,50792,34304,48252,32427,31957,85553,110475,53996,98009,939317,639125,154577,45361,560531,410,85,108,61
2021-04-13T23:59:59+02:00,37,35,23861,28071,50389,71495,55453,90756,68416,127180,97692,132252,131242,141051,178463,225142,63501,115004,8463,8499,17313,23610,19432,34386,24624,49998,33239,47239,31046,30597,83407,108102,53639,97465,906093,629836,150065,40970,544036,288,85,106,59
2021-04-12T23:59:59+02:00,36,34,23652,27885,49838,70987,54589,90024,66951,125893,95063,129929,124138,133022,175240,221194,63231,114513,8226,8313,16954,23315,19062,33951,24153,49462,32571,46613,29523,29060,81749,106166,53313,96944,889703,621423,148527,37715,528142,272,84,104,57
2021-04-11T23:59:59+02:00,35,34,23478,27726,49314,70567,53860,89571,65811,125090,93209,128452,118660,127012,171321,216591,63062,114216,8093,8179,16658,23036,18744,33643,23797,49082,32124,46229,28888,28396,80729,104921,53105,96626,882242,616140,144120,35890,511801,257,81,103,56
2021-04-10T23:59:59+02:00,35,34,23417,27669,49147,70433,53661,89413,65485,124820,92685,128018,116579,124486,169882,214741,63020,114116,7506,7576,15768,22250,17787,32804,22677,48050,31014,45235,28228,27684,78636,102315,52839,96190,875257,600833,143267,35511,509275,252,76,103,56
2021-04-09T23:59:59+02:00,34,34,23170,27421,48648,69941,53023,88732,64489,123698,90861,126113,107761,113554,166507,210338,62822,113760,6548,6678,14242,20929,16068,31246,20538,46088,28813,43230,26454,25862,75137,98145,52294,95351,855869,573420,136220,33999,498980,241,69,98,54
2021-04-08T23:59:59+02:00,34,34,22875,27176,48069,69451,52269,88033,63183,122617,88449,123947,97457,101578,160974,203500,62496,113196,5906,6091,13056,19913,14811,29907,18898,44371,26314,40896,23438,22899,70494,92385,51155,93601,837233,541908,127327,32060,480952,209,59,96,54
2021-04-07T23:59:59+02:00,32,33,22565,26951,47268,68996,51346,87424,61794,121639,85312,121510,88278,91290,153978,194716,62202,112636,5526,5770,12399,19240,13998,29080,17855,43319,24406,39000,20904,20375,66540,87621,50162,91986,816864,518464,121735,29580,459546,178,55,95,53
2021-04-06T23:59:59+02:00,31,33,22355,26790,46741,68616,50757,86900,60762,120863,83207,119769,80522,82492,147621,186757,61859,112009,5333,5612,12048,18883,13646,28649,17321,42759,23543,38192,19778,19346,63385,83534,49241,90605,797609,505115,118526,26641,442128,167,50,92,51
2021-04-05T23:59:59+02:00,31,32,22256,26666,46430,68271,50374,86503,60217,120173,82027,118617,76045,77402,142623,180660,61658,111694,5195,5473,11787,18631,13352,28337,16999,42387,23098,37732,19314,18877,60506,79985,48542,89540,788188,495794,116773,23848,426898,162,47,90,51
2021-04-04T23:59:59+02:00,31,32,22208,26606,46309,68003,50205,86189,59938,119673,81520,117986,74604,75697,141922,179685,61621,111612,5191,5467,11769,18618,13341,28321,16980,42370,23000,37660,18907,18554,59069,78140,48337,89229,785654,491006,116669,23846,421705,155,43,87,49
2021-04-03T23:59:59+02:00,31,32,22146,26525,46186,67895,50043,86014,59622,119361,80952,117408,73259,74063,140807,178149,61538,111463,5182,5459,11756,18600,13318,28301,16946,42323,22895,37586,18771,18404,58719,77579,48248,89084,779296,489225,116627,23846,419758,155,42,86,49
2021-04-02T23:59:59+02:00,31,32,22069,26442,46026,67730,49826,85766,59153,118912,80074,116596,71705,72183,138529,175171,61341,111105,5163,5422,11709,18558,13264,28219,16857,42175,22622,37109,18413,18041,56379,74699,47436,87983,770195,480748,114852,23203,417832,155,40,85,47
2021-04-01T23:59:59+02:00,28,30,21874,26238,45609,67211,49182,85025,58278,117973,78190,114925,68445,68756,134450,170001,61025,110540,5016,5278,11438,18295,13041,27985,16534,41867,22121,36668,17598,17297,51543,68676,45758,85527,758561,462728,108766,21834,410644,141,35,83,46
2021-03-31T23:59:59+02:00,28,30,21548,26020,45207,66688,48689,84377,57551,117035,77033,113683,66406,66439,129694,163894,60623,109817,4938,5227,11341,18177,12881,27835,16295,41597,21527,36158,16469,16394,46341,62271,44383,83555,748820,444432,101617,20888,404522,138,30,81,42
2021-03-30T23:59:59+02:00,28,29,21370,25798,44809,66069,48184,83581,56843,115984,75898,112307,64567,64421,125319,158145,60156,108917,4871,5142,11236,18052,12689,27646,15968,41274,20952,35609,15637,15592,43587,58864,43268,81761,738649,432583,97398,19526,396582,110,26,76,41
2021-03-29T23:59:59+02:00,27,29,21173,25560,44349,65519,47708,82891,56107,114910,74674,110874,62081,61678,118586,149506,59386,107524,4774,5072,11131,17940,12536,27480,15721,40953,20495,35140,14985,15052,41001,55884,42163,79941,718129,421396,93978,18848,390677,95,26,76,40
2021-03-28T23:59:59+02:00,27,29,20968,25271,43851,64835,47194,82150,55428,113904,73734,109768,60822,60243,113880,143531,58942,106767,4719,5014,10985,17795,12282,27182,15530,40707,20328,34908,14746,14808,39921,54466,41815,79403,711596,417086,86668,17522,383282,75,26,75,37
2021-03-27T23:59:59+01:00,27,29,20848,25114,43559,64469,46832,81621,54928,113215,73064,109031,59668,59160,112397,141824,58875,106687,4706,5002,10958,17776,12264,27152,15169,40280,19929,34472,14453,14596,39435,53779,41341,78586,706327,413035,85968,16868,379253,69,26,75,37
2021-03-26T23:59:59+01:00,27,28,20596,24602,42755,62767,45865,79596,53593,110197,71052,105418,57657,57280,109647,138590,58549,106171,4688,4969,10934,17724,12194,27060,15091,40170,19590,33877,13985,13946,36369,49945,39284,75345,694946,398540,82656,16649,366987,56,23,74,37
2021-03-25T23:59:59+01:00,27,26,20164,23930,41882,61003,44769,77046,52081,106673,68664,101655,55065,54645,106339,134622,57979,105182,4642,4915,10843,17621,12072,26915,14908,39951,19315,33570,13510,13456,32520,44903,36289,70813,683533,380213,78462,16051,349957,51,21,72,37
2021-03-24T23:59:59+01:00,27,26,19763,23483,41103,59734,43754,75510,50703,104753,66570,99325,52282,51735,102089,129525,57342,104105,4588,4849,10750,17481,11904,26713,14677,39669,18947,33152,13053,13003,29951,41691,33176,65979,670742,364665,73589,14950,337702,45,16,71,37
2021-03-23T23:59:59+01:00,27,26,19516,23183,40543,58823,43033,74421,49671,103243,64916,97469,49996,49392,99333,126313,56782,103265,4529,4779,10651,17357,11758,26530,14431,39357,18529,32766,12550,12496,27520,38599,29512,60089,662631,347125,70249,14361,327277,43,15,69,37
2021-03-22T23:59:59+01:00,27,26,19295,22772,39906,57943,42369,73382,48727,101860,63443,95837,48164,47510,96934,123565,56310,102493,4471,4732,10565,17242,11627,26353,14273,39117,18289,32465,12240,12123,25686,36250,25564,53717,656342,330938,67442,13809,316984,40,15,67,36
2021-03-21T23:59:59+01:00,27,26,19158,22513,39415,57190,41820,72537,48074,100706,62501,94606,47117,46487,95288,121714,55941,101914,4457,4724,10529,17194,11582,26267,14213,39027,18208,32366,12121,11992,25258,35802,25210,53159,653770,328747,65415,13395,308050,40,14,66,36
2021-03-20T23:59:59+01:00,26,26,19098,22368,39204,56695,41582,71977,47763,100069,62063,94006,46464,45721,92690,118484,55655,101428,4448,4717,10520,17182,11554,26250,14170,38991,18126,32292,11962,11831,24619,35028,24448,52074,647312,325039,64966,13206,303240,40,14,66,36
2021-03-19T23:59:59+01:00,25,25,18744,21804,38072,54574,40302,69985,46031,97984,59184,91247,42026,41854,87475,112722,54954,100348,4427,4704,10487,17133,11489,26138,14079,38822,17891,31993,11610,11549,22952,32971,22768,49514,629570,315721,57761,12844,290222,34,14,63,36
2021-03-18T23:59:59+01:00,25,24,18349,21158,36897,52419,38761,67195,43877,93518,55338,85452,37997,38055,82745,107243,53867,98689,4407,4676,10420,17030,11411,25984,13930,38633,17674,31790,11377,11366,21705,31458,21056,46916,612642,307641,52020,12233,267138,31,14,63,35
2021-03-17T23:59:59+01:00,25,23,17927,20808,36172,51501,37997,66241,42796,92166,53550,83623,35324,35270,78722,102421,52923,97216,4384,4650,10358,16936,11339,25850,13817,38443,17476,31598,11140,11143,20464,30047,19466,44516,595989,300143,47620,11525,261283,28,14,61,35
2021-03-16T23:59:59+01:00,24,23,17570,20390,35425,50433,37184,65048,41699,90494,51712,81635,33122,33251,74695,97482,52043,95903,4334,4601,10285,16808,11248,25700,13718,38206,17343,31355,10970,10966,19184,28531,17985,42193,582742,292377,42934,11091,252641,28,11,60,35
2021-03-15T23:59:59+01:00,24,23,17292,20026,34718,49455,36392,63857,40795,89015,50452,80034,31401,31412,71413,93389,51345,94771,4312,4566,10218,16685,11182,25499,13603,37919,17194,31083,10803,10808,18451,27567,16728,40332,571617,286560,39609,10442,244779,27,0,58,35
2021-03-14T23:59:59+01:00,24,22,17024,19599,33865,48247,35493,62539,39739,87187,49198,78306,30237,30180,69417,90826,50900,94095,4288,4547,10173,16608,11125,25357,13543,37697,17104,30919,10732,10723,18269,27286,16466,39771,564507,285362,37733,9308,234848,17,0,54,35
2021-03-13T23:59:59+01:00,24,22,16214,18539,32368,46216,33921,60408,37701,84121,47069,75762,28889,28830,67403,88204,50631,93704,4288,4547,10171,16602,11122,25350,13534,37691,17097,30910,10695,10691,17522,26401,15420,38319,548158,281114,37448,9307,224594,16,0,54,35
2021-03-12T23:59:59+01:00,23,22,15113,17162,29926,43567,31256,57267,34838,79265,43859,71302,26055,25639,63098,82902,49650,92299,4275,4514,10152,16540,11104,25299,13488,37573,17006,30779,10418,10464,16640,25156,14349,36796,520143,275318,36137,9296,207129,13,0,52,34
2021-03-11T23:59:59+01:00,22,22,14073,15702,27679,40873,28937,54077,32251,74876,40105,66407,22658,22163,57085,75589,47719,89459,4234,4474,10071,16421,10994,25074,13370,37263,16840,30475,10115,10252,16005,24315,13681,35521,488105,271315,34547,7855,187194,10,0,51,33
2021-03-10T23:59:59+01:00,22,22,13478,15004,26271,39257,27287,52256,30688,72558,37589,63282,19910,19611,51169,68449,46168,87120,4199,4430,9972,16254,10876,24825,13222,36843,16639,30103,9878,10069,15261,23542,13022,34496,461692,266584,32500,7111,176097,8,0,49,33
2021-03-09T23:59:59+01:00,21,21,13195,14536,25150,38218,25871,51071,29626,70905,36209,61450,18729,18488,47658,64008,45043,85332,4175,4404,9887,16087,10773,24566,13069,36526,16464,29867,9754,9967,14599,22705,12526,33722,448092,262877,29974,6279,167600,8,0,49,31
2021-03-08T23:59:59+01:00,20,21,12864,13934,24066,37110,24604,49933,28690,69421,34978,59832,17649,17609,43539,59021,43815,83348,4160,4368,9826,15889,10671,24306,12936,36169,16336,29602,9671,9883,14105,22098,12212,33283,432635,259697,27969,5888,159983,3,0,48,30
2021-03-07T23:59:59+01:00,20,21,12631,13642,23472,36260,23908,49058,28089,68550,34369,59073,17387,17359,42471,57570,43448,82784,4148,4355,9805,15847,10644,24233,12904,35999,16279,29488,9649,9854,13907,21845,12076,33081,427875,258639,26154,5548,156213,0,0,47,29
2021-03-06T23:59:59+01:00,20,20,12518,13350,23070,35526,23378,48271,27041,67024,33271,57310,17001,17030,41826,56681,43147,82316,4145,4341,9794,15821,10626,24199,12894,35957,16261,29457,9632,9813,13860,21807,11973,32871,423815,258261,26090,5264,149023,0,0,47,28
2021-03-05T23:59:59+01:00,20,20,12106,12749,22388,34323,22695,47040,26285,65395,32038,54891,16354,16197,38366,52375,40990,78873,4118,4294,9724,15721,10575,24051,12826,35762,16175,29250,9536,9744,13674,21592,11602,32260,408625,256563,24639,4415,139962,0,0,47,27
2021-03-04T23:59:59+01:00,18,20,11347,11744,21200,32595,21476,44994,24929,62743,30343,52533,15624,15480,34361,47210,37909,74185,4068,4205,9611,15431,10471,23694,12693,35229,16030,28851,9360,9591,13516,21381,11518,32115,390182,253515,22564,4323,126083,0,0,47,25
2021-03-03T23:59:59+01:00,16,20,11040,11255,20511,31376,20702,43633,24023,60994,29300,50892,15148,14978,31749,43887,34823,69417,4028,4142,9532,15262,10392,23442,12587,34808,15853,28505,9177,9465,13391,21167,11372,31845,374743,250884,21771,4160,117368,0,0,43,23
2021-03-02T23:59:59+01:00,16,20,10778,10830,19865,30408,19988,42612,23237,59607,28329,49619,14521,14331,29073,40515,30937,63198,3980,4071,9470,15097,10324,23177,12484,34376,15752,28198,9052,9363,13253,20979,11295,31700,356554,248486,20260,4159,111182,0,0,42,23
2021-03-01T23:59:59+01:00,14,19,10606,10571,19353,29604,19425,41731,22648,58537,27616,48497,14106,13876,27003,37925,26682,56314,3965,4022,9416,14942,10261,22878,12403,33999,15646,27875,8970,9303,13070,20710,11179,31517,339342,246070,19146,4159,106148,0,0,42,23
2021-02-28T23:59:59+01:00,13,19,10440,10372,18886,28957,18892,40994,22170,57685,27131,47704,13899,13635,26394,37265,26277,55712,3949,4008,9392,14910,10242,22827,12386,33929,15619,27829,8944,9279,12938,20532,11116,31367,336893,245217,18287,4123,101372,0,0,42,23
2021-02-27T23:59:59+01:00,13,18,10261,9857,18557,28090,18634,40207,21885,56701,26803,46911,13623,13334,25727,36461,25355,54293,3937,3996,9371,14890,10210,22779,12347,33847,15574,27756,8922,9263,12928,20515,11111,31360,332985,244863,17565,4016,96285,0,0,42,23
2021-02-26T23:59:59+01:00,12,17,9465,9072,17654,26649,17852,38000,20956,53850,25343,44087,13156,12933,24138,34474,23831,51987,3856,3928,9293,14729,10136,22523,12266,33482,15457,27461,8842,9182,12861,20447,11070,31291,323871,242956,17312,3942,82393,0,0,42,21
2021-02-25T23:59:59+01:00,12,17,8306,8220,16332,25045,16583,35737,19719,50962,23633,41304,12682,12532,22858,32882,22335,49702,3734,3785,9131,14416,9916,21919,12012,32630,15130,26806,8646,9031,12601,20121,10929,31022,316247,238817,16541,3087,66170,0,0,41,20
2021-02-24T23:59:59+01:00,11,16,7941,7696,15677,24009,15954,34499,19005,49447,22841,40105,12287,12196,21551,31382,20654,47075,3662,3718,8991,14125,9739,21465,11809,32004,14868,26270,8505,8894,12459,19948,10864,30811,307997,236046,15576,2158,58867,0,0,41,20
2021-02-23T23:59:59+01:00,11,16,7457,7219,14860,22831,15269,33281,18285,48037,22123,39037,11980,11872,20214,29807,19040,44518,3622,3643,8871,13923,9601,21068,11621,31428,14569,25768,8335,8752,12331,19738,10794,30579,299883,233219,14776,1495,51288,0,0,41,20
2021-02-22T23:59:59+01:00,10,14,7350,7013,14475,22213,14919,32553,17822,47031,21629,38304,11782,11623,19465,28800,17726,42564,3592,3541,8734,13631,9437,20566,11366,30687,14196,25171,8087,8559,12132,19485,10689,30276,294021,229910,14166,309,47196,0,0,39,20
2021-02-21T23:59:59+01:00,10,14,7260,6888,14154,21770,14500,31970,17407,46379,21191,37810,11676,11522,19302,28587,17479,42230,3553,3501,8652,13508,9361,20350,11295,30395,14075,24902,8025,8497,12076,19378,10618,30113,292879,228073,13794,295,43562,0,0,39,20
2021-02-20T23:59:59+01:00,10,14,7143,6838,14029,21690,14384,31835,17288,46229,21033,37629,11577,11438,18520,27670,16421,40760,3551,3495,8642,13500,9351,20329,11281,30370,14062,24891,8020,8488,12011,19314,10564,30045,288623,227690,13597,294,42371,0,0,39,19
2021-02-19T23:59:59+01:00,8,13,6841,6586,13675,21251,14013,31166,16814,45431,20326,36760,10975,11037,17476,26339,15263,39150,3471,3472,8566,13473,9309,20272,11243,30279,14003,24797,7977,8428,11789,19042,10371,29714,282238,225984,13222,293,37746,0,0,36,18
2021-02-18T23:59:59+01:00,8,13,6444,6111,13048,20107,13373,29792,15998,43559,19453,35180,10744,10818,16884,25583,14686,38267,3285,3335,8232,12933,9016,19522,10893,29242,13636,23970,7772,8119,11202,18090,9874,28564,278658,217464,12640,293,28850,0,0,36,17
2021-02-17T23:59:59+01:00,8,12,6279,5768,12602,19226,12884,28601,15298,41837,18806,33854,10516,10567,16127,24769,13909,37077,3036,3175,7892,12418,8715,18732,10523,28198,13245,23120,7539,7884,10645,17237,9436,27746,273991,209318,11908,291,22316,0,0,36,17
2021-02-16T23:59:59+01:00,8,12,5953,5467,12065,18390,12380,27526,14753,40458,18213,32820,10362,10462,15458,23938,13400,36288,2853,3055,7590,11967,8409,18008,10127,27109,12780,22222,7268,7590,9927,16064,8709,26196,270453,199806,11412,135,16163,0,0,34,17
2021-02-15T23:59:59+01:00,8,12,5847,5286,11770,17747,12113,26743,14405,39464,17865,32050,10236,10352,14898,23282,13039,35749,2763,2974,7399,11646,8190,17501,9825,26264,12430,21538,6987,7304,9227,15006,8194,24915,267349,192142,10809,89,12783,0,0,34,16
2021-02-14T23:59:59+01:00,8,12,5578,5171,11521,17476,11890,26307,14171,39018,17674,31773,10191,10301,14664,22943,12874,35356,2713,2936,7285,11481,8061,17295,9649,25932,12252,21236,6891,7180,9006,14622,8006,24380,266347,188905,9873,87,10784,0,0,32,16
2021-02-13T23:59:59+01:00,8,12,5518,5133,11471,17440,11859,26276,14143,38986,17654,31754,10178,10274,14637,22911,12862,35339,2709,2933,7280,11474,8049,17274,9633,25896,12225,21193,6861,7146,8852,14409,7654,23754,266105,187400,9872,9,10555,0,0,31,15
2021-02-12T23:59:59+01:00,8,11,5002,4815,10900,17076,11541,25724,13824,38342,17325,31110,10067,10167,14453,22697,12782,35230,2659,2900,7186,11317,7948,17043,9483,25504,12008,20748,6679,6913,8490,13848,7062,22414,264408,182262,9861,7,6880,0,0,31,15
2021-02-11T23:59:59+01:00,8,10,4540,4514,10314,16395,11128,24918,13344,37079,16835,30250,9752,9906,14171,22248,12502,34544,2491,2626,6586,10125,7261,15307,8623,22889,10959,18670,6028,6200,7446,12231,6247,20094,261176,163842,8218,4,3139,0,0,29,14
2021-02-10T23:59:59+01:00,8,10,4293,4347,9979,15943,10819,24377,13032,36195,16419,29500,9538,9768,13990,22044,12410,34337,2130,2334,5649,8665,6454,13264,7632,19978,9832,16634,5483,5615,6461,10570,5471,18036,258528,144271,7719,3,837,0,0,27,2
2021-02-09T23:59:59+01:00,8,9,4230,4248,9856,15676,10710,23975,12859,35575,16207,29026,9360,9630,13795,21834,12268,34115,1734,1980,4869,7396,5682,11471,6713,17470,8745,14641,4905,4986,5413,9018,4741,15937,256083,125760,6941,1,432,0,0,26,2
2021-02-08T23:59:59+01:00,8,9,4196,4193,9763,15464,10602,23617,12740,35114,16066,28668,9268,9563,13593,21550,12159,33922,1570,1785,4312,6401,5022,9895,5891,14946,7724,12787,4345,4453,4427,7431,3978,13860,253714,108881,6427,1,426,0,0,26,2
2021-02-07T23:59:59+01:00,8,9,4031,4126,9607,15327,10500,23452,12661,34851,15954,28476,9227,9518,13447,21367,12085,33779,1355,1538,3892,5727,4608,9017,5466,13787,7238,11829,4089,4193,4197,7037,3818,13265,252614,101108,5881,1,0,0,0,26,1
2021-02-06T23:59:59+01:00,8,9,4022,4117,9597,15311,10487,23416,12639,34801,15937,28419,9207,9504,13429,21332,11980,33582,1203,1342,3659,5420,4422,8592,5246,13198,6958,11271,3952,4056,4071,6888,3539,12807,252271,96674,5596,1,0,0,0,26,0
2021-02-05T23:59:59+01:00,8,8,3949,4049,9525,15168,10420,23166,12554,34431,15822,28138,9123,9430,13356,21257,11630,32985,1062,1113,3378,4975,4162,8012,4929,12418,6572,10543,3691,3810,3910,6659,3037,11922,250384,90240,4703,0,0,0,0,26,0
2021-02-04T23:59:59+01:00,8,8,3892,3926,9405,14852,10243,22618,12366,33635,15606,27575,8999,9321,13132,20965,11517,32784,798,780,2554,3723,3227,6268,3976,9873,5246,8332,3010,3097,3285,5672,2645,10424,246442,72944,4479,0,0,0,0,25,0
2021-02-03T23:59:59+01:00,8,8,3823,3855,9303,14630,10139,22283,12233,33126,15456,27158,8890,9206,12990,20788,11443,32618,662,612,1926,2808,2493,4839,3004,7584,4014,6281,2199,2232,2400,4205,1918,7815,243715,55020,4311,0,0,0,0,25,0
2021-02-02T23:59:59+01:00,8,8,3756,3760,9203,14437,10040,21903,12091,32563,15254,26705,8765,9092,12867,20578,11360,32351,526,486,1456,2073,1905,3640,2258,5769,2994,4695,1556,1534,1638,2770,1334,5200,240499,39853,4309,0,0,0,0,25,0
2021-02-01T23:59:59+01:00,7,8,3716,3670,9123,14206,9934,21517,11953,31927,15070,26202,8646,8944,12758,20435,11309,32175,391,352,1015,1430,1255,2423,1471,3778,1859,2973,985,976,971,1691,766,3013,237359,25358,4309,0,0,0,0,24,0
2021-01-31T23:59:59+01:00,7,8,3698,3635,9070,14098,9865,21313,11887,31630,14966,26004,8590,8885,12707,20324,11264,32046,361,331,893,1240,1066,2050,1269,3226,1626,2606,887,884,867,1507,695,2707,235871,22222,4194,0,0,0,0,23,0
2021-01-30T23:59:59+01:00,7,8,3697,3632,9060,14085,9851,21290,11874,31610,14954,25990,8586,8880,12647,20260,11213,31981,344,307,833,1156,1009,1927,1205,3036,1551,2469,859,858,848,1467,680,2654,235550,21209,4143,0,0,0,0,23,0
2021-01-29T23:59:59+01:00,7,8,3637,3617,8999,14055,9822,21238,11842,31535,14906,25922,8562,8857,12460,20035,11033,31738,277,224,712,983,865,1567,1050,2646,1340,2144,769,768,799,1412,662,2601,234330,18823,4014,0,0,0,0,20,0
2021-01-28T23:59:59+01:00,7,8,3518,3531,8795,13668,9602,20725,11610,30956,14579,25423,8425,8756,12024,19414,10677,31157,131,57,293,360,377,611,460,1148,609,963,407,425,468,812,379,1571,229541,9073,3406,0,0,0,0,19,0
2021-01-27T23:59:59+01:00,7,8,3287,3396,8502,13252,9301,20101,11226,30120,14192,24686,8209,8545,11474,18608,10252,30394,79,33,202,222,243,415,306,802,430,663,309,311,348,605,284,1149,222832,6402,2795,0,0,0,0,19,0
2021-01-26T23:59:59+01:00,6,8,3121,3299,8220,12915,9038,19531,10921,29363,13795,24054,7973,8324,10896,17693,9604,29242,74,29,187,212,227,381,290,751,399,602,294,285,321,542,258,1019,216117,5872,1952,0,0,0,0,19,0
2021-01-25T23:59:59+01:00,6,8,3033,3205,7939,12434,8748,18825,10534,28361,13315,23292,7690,8123,10278,16876,9148,28341,66,21,167,191,194,325,251,631,347,497,257,240,267,465,210,831,209815,4961,407,0,0,0,0,17,0
2021-01-24T23:59:59+01:00,6,8,2989,3184,7854,12356,8674,18700,10425,28201,13187,23109,7647,8088,10213,16764,9100,28245,65,20,163,187,192,311,248,610,338,483,248,236,265,458,206,816,208510,4847,305,0,0,0,0,17,0
2021-01-23T23:59:59+01:00,6,8,2988,3183,7853,12353,8670,18690,10423,28187,13181,23104,7640,8085,10089,16598,8772,27658,64,20,163,187,191,310,246,610,336,483,248,236,265,458,206,815,207251,4839,303,0,0,0,0,16,0
2021-01-22T23:59:59+01:00,6,8,2926,3137,7729,12240,8587,18548,10313,28017,13100,22989,7610,8052,9891,16296,8254,26634,64,20,162,187,191,310,246,610,335,483,248,236,265,458,206,815,204101,4837,303,0,0,0,0,15,0
2021-01-21T23:59:59+01:00,6,8,2844,2967,7230,11326,8103,17402,9777,26391,12494,21773,7327,7724,9250,15334,7729,25562,58,18,147,173,174,279,221,534,298,443,222,209,234,378,176,684,193007,4249,303,0,0,0,0,15,0
2021-01-20T23:59:59+01:00,6,8,2485,2620,6350,9914,7356,15447,8823,23562,11384,19699,6727,7073,8156,13566,6914,23340,56,18,146,168,171,277,213,520,287,421,210,202,228,353,162,646,173185,4079,300,0,0,0,0,15,0
2021-01-19T23:59:59+01:00,6,8,2043,2265,5449,8526,6492,13553,7801,20770,10113,17460,5970,6188,6767,11373,5892,20285,40,11,97,124,115,171,150,356,188,293,133,115,140,235,113,479,150789,2760,219,0,0,0,0,15,0
2021-01-18T23:59:59+01:00,5,8,1770,1975,4694,7143,5537,11313,6603,17174,8685,14744,5087,5306,5381,9119,4818,16798,21,6,38,46,52,79,66,162,74,147,59,54,66,131,62,220,126108,1283,95,0,0,0,0,15,0
2021-01-17T23:59:59+01:00,4,8,1493,1685,4181,6348,5029,10182,6066,15600,8044,13479,4747,4956,5008,8446,4489,15791,8,2,8,15,15,28,20,51,27,56,23,23,20,31,13,47,115503,387,90,0,0,0,0,14,0
2021-01-16T23:59:59+01:00,4,7,1326,1482,3964,6027,4849,9742,5807,14934,7714,12786,4557,4728,4795,8170,4134,15187,0,0,0,1,1,2,1,1,1,2,0,1,1,0,0,1,110241,12,7,0,0,0,0,13,0
2021-01-15T23:59:59+01:00,4,7,1175,1256,3710,5605,4595,9177,5516,14094,7306,11987,4265,4434,4608,7862,3599,14141,0,0,0,0,0,0,0,0,0,0,0,0,0,0,0,0,103369,0,4,0,0,0,0,13,0
2021-01-14T23:59:59+01:00,3,4,901,943,2964,4416,3730,7360,4572,11348,5909,9641,3464,3565,3870,6636,3115,12329,0,0,0,0,0,0,0,0,0,0,0,0,0,0,0,0,84792,0,0,0,0,0,0,13,0
2021-01-13T23:59:59+01:00,3,3,766,789,2491,3684,3146,6136,3799,9408,4815,7763,2591,2652,2923,5053,2382,9425,0,0,0,0,0,0,0,0,0,0,0,0,0,0,0,0,67846,0,0,0,0,0,0,12,0
2021-01-12T23:59:59+01:00,2,3,635,658,2085,3022,2590,4987,3042,7581,3798,6099,1861,1832,1997,3418,1684,6429,0,0,0,0,0,0,0,0,0,0,0,0,0,0,0,0,51747,0,0,0,0,0,0,0,0
2021-01-11T23:59:59+01:00,1,1,493,523,1741,2446,2080,3985,2356,5762,2821,4425,1197,1133,1197,2004,924,3648,0,0,0,0,0,0,0,0,0,0,0,0,0,0,0,0,36756,0,0,0,0,0,0,0,0
2021-01-10T23:59:59+01:00,1,1,437,454,1480,2021,1739,3262,1947,4777,2345,3707,1055,1008,1052,1757,823,3195,0,0,0,0,0,0,0,0,0,0,0,0,0,0,0,0,31072,0,0,0,0,0,0,0,0
2021-01-09T23:59:59+01:00,1,1,405,409,1356,1844,1594,2972,1793,4328,2160,3376,980,937,993,1703,805,3152,0,0,0,0,0,0,0,0,0,0,0,0,0,0,0,0,28818,0,0,0,0,0,0,0,0
2021-01-08T23:59:59+01:00,1,1,308,281,1107,1501,1316,2303,1475,3548,1790,2759,846,831,905,1580,758,2999,0,0,0,0,0,0,0,0,0,0,0,0,0,0,0,0,24316,0,0,0,0,0,0,0,0
2021-01-07T23:59:59+01:00,1,0,145,76,398,507,480,789,595,1368,781,1205,467,482,561,961,465,1906,0,0,0,0,0,0,0,0,0,0,0,0,0,0,0,0,11188,0,0,0,0,0,0,0,0
2021-01-06T23:59:59+01:00,1,0,110,44,268,285,308,513,399,928,531,825,359,362,424,747,358,1439,0,0,0,0,0,0,0,0,0,0,0,0,0,0,0,0,7902,0,0,0,0,0,0,0,0
2021-01-05T23:59:59+01:00,1,0,86,31,189,230,241,427,321,819,448,705,343,346,407,714,351,1385,0,0,0,0,0,0,0,0,0,0,0,0,0,0,0,0,7045,0,0,0,0,0,0,0,0
2021-01-04T23:59:59+01:00,1,0,68,25,172,193,199,334,257,636,354,513,268,253,287,516,234,927,0,0,0,0,0,0,0,0,0,0,0,0,0,0,0,0,5237,0,0,0,0,0,0,0,0
2021-01-03T23:59:59+01:00,1,0,66,21,166,188,194,319,255,621,344,496,260,251,283,503,232,910,0,0,0,0,0,0,0,0,0,0,0,0,0,0,0,0,5110,0,0,0,0,0,0,0,0
2021-01-02T23:59:59+01:00,1,0,66,21,166,188,194,319,252,621,341,496,260,251,283,503,232,909,0,0,0,0,0,0,0,0,0,0,0,0,0,0,0,0,5103,0,0,0,0,0,0,0,0
2021-01-01T23:59:59+01:00,1,0,65,21,165,188,194,318,251,621,339,494,260,251,283,502,232,909,0,0,0,0,0,0,0,0,0,0,0,0,0,0,0,0,5094,0,0,0,0,0,0,0,0
2020-12-31T23:59:59+01:00,1,0,65,21,165,186,194,317,250,620,338,493,260,251,283,502,232,909,0,0,0,0,0,0,0,0,0,0,0,0,0,0,0,0,5087,0,0,0,0,0,0,0,0
2020-12-30T23:59:59+01:00,1,0,64,21,165,185,192,314,250,618,338,491,260,251,283,502,231,909,0,0,0,0,0,0,0,0,0,0,0,0,0,0,0,0,5075,0,0,0,0,0,0,0,0
2020-12-29T23:59:59+01:00,1,0,45,12,117,140,143,212,182,443,238,377,179,164,195,373,170,709,0,0,0,0,0,0,0,0,0,0,0,0,0,0,0,0,3700,0,0,0,0,0,0,0,0
2020-12-28T23:59:59+01:00,1,0,24,8,64,77,80,122,101,252,118,232,98,93,103,200,103,388,0,0,0,0,0,0,0,0,0,0,0,0,0,0,0,0,2064,0,0,0,0,0,0,0,0
2020-12-27T23:59:59+01:00,0,0,11,3,17,26,36,47,36,89,37,94,32,29,40,73,32,145,0,0,0,0,0,0,0,0,0,0,0,0,0,0,0,0,747,0,0,0,0,0,0,0,0
