Datum,<15_m,<15_w,15-24_1_m,15-24_1_w,25-34_1_m,25-34_1_w,35-44_1_m,35-44_1_w,45-54_1_m,45-54_1_w,55-64_1_m,55-64_1_w,65-74_1_m,65-74_1_w,75-84_1_m,75-84_1_w,>84_1_m,>84_1_w,<24_2_m,<24_2_w,25-34_2_m,25-34_2_w,35-44_2_m,35-44_2_w,45-54_2_m,45-54_2_w,55-64_2_m,55-64_2_w,65-74_2_m,65-74_2_w,75-84_2_m,75-84_2_w,>84_2_m,>84_2_w,bp_1,bp_2,mo_1,mo_2,az_1,az_2,ja,unb_1,unb_2
2021-09-04T23:59:59+02:00,34253,31955,268593,258200,375657,345770,392366,385023,456937,466100,510391,511804,349065,389673,244770,313497,72020,131884,242106,233062,352180,320530,371538,361008,435887,441826,490263,491328,338270,377303,237345,303251,69161,125885,3947265,3721319,519069,495621,807846,760512,264372,487,393
2021-09-03T23:59:59+02:00,33943,31656,267717,257408,374923,345127,391784,384444,456362,465625,509938,511476,348899,389499,244707,313393,71997,131853,241122,232243,351404,319840,370885,360369,435253,441262,489790,490931,338083,377111,237263,303147,69141,125859,3942996,3717214,518405,494174,807830,760445,262114,487,393
2021-09-02T23:59:59+02:00,33592,31337,266684,256561,374091,344320,391061,383712,455698,465011,509412,511066,348639,389252,244587,313231,71977,131788,240127,231466,350545,319093,370165,359683,434567,440663,489232,490484,337843,376863,237168,303018,69121,125809,3937269,3712272,518140,493748,807795,760130,259409,487,393
2021-09-01T23:59:59+02:00,33269,30973,265849,255738,373354,343658,390543,383178,455237,464544,509027,510726,348462,389060,244504,313116,71953,131728,239054,230427,349712,318274,369501,358999,433968,440076,488721,490017,337620,376608,237047,302868,69099,125759,3931926,3705668,517964,493238,807763,759919,257860,487,392
2021-08-31T23:59:59+02:00,32873,30631,264984,254835,372627,342961,389978,382600,454738,464064,508583,510366,348270,388871,244410,312973,71922,131690,238111,229556,348918,317556,368853,358371,433429,439584,488215,489627,337420,376407,236962,302731,69069,125706,3926469,3700528,517775,492857,807737,759510,255988,487,392
2021-08-30T23:59:59+02:00,32332,30153,263701,253677,371643,342060,389168,381796,453994,463364,508024,509877,348044,388659,244317,312823,71886,131623,236968,228594,347935,316681,368078,357646,432737,439015,487665,489128,337176,376173,236841,302557,69032,125632,3919117,3694664,517660,492420,807693,759260,253263,487,392
2021-08-29T23:59:59+02:00,32145,29965,263140,253183,371174,341650,388791,381469,453702,463079,507796,509655,347949,388551,244268,312759,71876,131599,236261,227970,347336,316143,367586,357187,432317,438648,487360,488871,337039,376021,236781,302486,69015,125608,3916077,3690861,517545,492025,807667,759008,252053,487,392
2021-08-28T23:59:59+02:00,32056,29873,262917,253006,371000,341498,388637,381349,453579,462964,507723,509605,347926,388530,244257,312747,71875,131596,235945,227714,347093,315953,367369,357025,432136,438487,487238,488779,336999,375982,236761,302461,69014,125604,3915054,3689308,517505,491911,807661,758983,251509,487,392
2021-08-27T23:59:59+02:00,31829,29625,262268,252442,370494,340990,388170,380907,453132,462572,507361,509328,347799,388398,244200,312663,71857,131576,235347,227225,346493,315461,366905,356608,431695,438140,486942,488537,336870,375868,236710,302400,69005,125597,3911307,3686173,517437,491700,807597,758927,249860,487,392
2021-08-26T23:59:59+02:00,31454,29241,261277,251471,369661,340185,387429,380177,452460,461907,506826,508852,347569,388145,244077,312548,71828,131515,233904,225893,345292,314303,365830,355631,430841,437363,486298,487973,336596,375562,236552,302236,68978,125553,3905221,3678072,517197,491067,807550,758575,247243,487,392
2021-08-25T23:59:59+02:00,31098,28913,260377,250629,368927,339428,386788,379490,451836,461324,506284,508410,347340,387896,243957,312392,71793,131449,231916,224069,343844,312931,364676,354459,429861,436418,485520,487269,336228,375181,236408,302006,68935,125469,3899642,3666423,517072,490660,807522,758427,244685,486,390
2021-08-24T23:59:59+02:00,30801,28659,259666,249876,368337,338815,386263,378933,451366,460835,505892,508058,347138,387681,243850,312235,71766,131379,230728,223023,342898,312025,363904,353726,429203,435786,484970,486733,335959,374879,236279,301849,68912,125406,3894923,3659386,516787,490219,807504,758127,242926,486,385
2021-08-23T23:59:59+02:00,30287,28139,258287,248578,367316,337908,385439,378157,450596,460162,505252,507498,346863,387402,243712,312047,71739,131321,229259,221720,341597,310974,362961,352882,428352,435047,484280,486169,335661,374550,236147,301664,68886,125347,3887593,3652094,516645,489751,807470,757849,239584,486,385
2021-08-22T23:59:59+02:00,30148,28027,257885,248216,366972,337588,385170,377895,450364,459921,505070,507354,346771,387309,243673,311989,71723,131295,228547,221055,340920,310324,362431,352388,427924,434645,483962,485909,335503,374375,236085,301562,68867,125311,3885426,3647780,516506,489297,807431,757554,238596,486,385
2021-08-21T23:59:59+02:00,29901,27824,257394,247757,366660,337271,384919,377639,450161,459748,504923,507217,346718,387253,243651,311951,71720,131286,227809,220405,340441,309930,362036,351987,427560,434340,483735,485720,335420,374309,236059,301519,68861,125299,3882908,3644843,516366,488102,807424,757498,237884,486,385
2021-08-20T23:59:59+02:00,29713,27627,256739,247102,365926,336655,384254,377119,449572,459258,504456,506900,346577,387098,243596,311856,71704,131253,226015,218802,339050,308757,360931,351038,426615,433549,483023,485175,335182,374062,235959,301401,68837,125270,3879485,3636693,516050,486954,807412,757132,235046,486,385
2021-08-19T23:59:59+02:00,29388,27318,255779,246266,364954,335886,383488,376438,448866,458641,503904,506422,346343,386841,243489,311710,71672,131182,223273,216380,336763,306948,359242,349574,425229,432293,481878,484224,334769,373641,235768,301162,68803,125200,3874107,3622463,515698,485203,807381,756666,231989,485,385
2021-08-18T23:59:59+02:00,29108,27060,254988,245568,364267,335284,382920,375871,448278,458155,503434,506020,346076,386605,243372,311564,71641,131117,220821,213874,334730,305198,357618,347935,423723,430980,480746,483198,334258,373098,235540,300873,68756,125108,3869082,3609328,515527,481317,807357,756291,229949,485,385
2021-08-17T23:59:59+02:00,28797,26785,254208,244865,363662,334621,382369,375333,447806,457687,503011,505608,345880,386401,243258,311436,71615,131066,218075,211136,332668,303375,355943,346479,422301,429723,479630,482222,333782,372563,235314,300592,68706,125034,3864179,3594407,515229,478549,807330,755861,228255,485,384
2021-08-16T23:59:59+02:00,28516,26528,253524,244227,363097,334074,381912,374879,447378,457252,502600,505245,345699,386197,243163,311276,71584,131027,214925,208083,330391,301278,354437,345043,421107,428600,478691,481388,333401,372131,235132,300323,68668,124948,3859853,3577160,515078,477852,807307,755514,226524,485,384
2021-08-15T23:59:59+02:00,28323,26368,253043,243790,362681,333695,381561,374548,447085,457004,502365,505057,345589,386084,243116,311196,71573,131006,210931,204040,328511,299674,353186,343836,420093,427671,477912,480735,333071,371799,235014,300148,68644,124898,3857080,3559653,514944,476944,807274,755192,225370,485,383
2021-08-14T23:59:59+02:00,28258,26313,252802,243592,362452,333521,381387,374400,446930,456876,502250,504951,345540,386052,243098,311173,71570,131002,209864,202945,327706,298914,352475,343167,419603,427214,477529,480415,332932,371672,234976,300091,68635,124881,3855925,3553012,514874,476581,807270,755117,224682,485,383
2021-08-13T23:59:59+02:00,28007,26073,252105,243009,361958,333098,380956,373975,446498,456517,501915,504696,345412,385903,243034,311098,71558,130974,207990,201168,326289,297610,351217,341984,418561,426279,476781,479780,332691,371384,234864,299949,68617,124829,3852152,3541138,514804,475985,807260,754927,223159,480,383
2021-08-12T23:59:59+02:00,27811,25850,251385,242379,361346,332520,380433,373497,445971,456082,501499,504350,345232,385705,242934,310996,71546,130926,205408,198909,323414,295092,349217,340200,417065,425047,475568,478725,332252,370858,234620,299673,68577,124747,3848258,3523836,514619,474823,807226,753905,220947,480,383
2021-08-11T23:59:59+02:00,27579,25601,250663,241700,360733,331951,379916,373024,445517,455666,501095,503928,345008,385468,242821,310864,71519,130875,202375,195933,320240,292164,347053,338141,415574,423647,474293,477442,331717,370224,234374,299274,68529,124626,3843492,3502080,514407,473761,807187,752970,219430,480,382
2021-08-10T23:59:59+02:00,27338,25345,249836,240978,360038,331414,379386,372485,445027,455196,500651,503536,344820,385275,242736,310727,71496,130831,198190,191825,315592,287979,344087,335381,413464,421709,472712,475995,331045,369558,234086,298872,68474,124510,3838482,3472086,514131,472687,807153,751823,217938,479,382
2021-08-09T23:59:59+02:00,27146,25147,249220,240412,359474,330948,378957,372111,444626,454859,500313,503258,344665,385129,242670,310618,71476,130796,193662,187248,309900,283241,341339,332900,411564,419946,471100,474539,330416,368874,233822,298505,68418,124378,3834874,3441823,513954,469946,807125,750739,216461,479,381
2021-08-08T23:59:59+02:00,26977,24993,248744,240014,359090,330603,378622,371831,444335,454610,500075,503068,344560,385026,242610,310540,71459,130763,192324,185890,308288,281917,340039,331756,410705,419196,470540,474030,330161,368609,233700,298340,68393,124328,3832385,3432817,513804,468593,807075,750264,215245,479,381
2021-08-07T23:59:59+02:00,26828,24820,248222,239564,358697,330271,378288,371552,444042,454375,499850,502895,344489,384933,242575,310491,71451,130752,188665,182305,306248,280071,338326,330241,409378,417939,469617,473242,329811,368239,233570,298152,68359,124292,3829550,3413270,513697,467264,807065,750050,214372,479,378
2021-08-06T23:59:59+02:00,26606,24586,247355,238904,357924,329667,377624,370977,443390,453855,499320,502508,344254,384729,242476,310376,71440,130730,184935,178766,302800,277282,336208,328416,407782,416610,468324,472280,329433,367855,233410,297998,68335,124246,3827005,3394046,512346,465542,807055,748959,210904,479,377
2021-08-05T23:59:59+02:00,26286,24264,246187,237976,357039,328810,376818,370260,442660,453186,498659,501975,343974,384431,242362,310202,71399,130668,180477,174829,297437,272906,332110,324879,404990,414133,466080,470499,328766,367156,233149,297630,68276,124136,3820742,3366260,512089,460854,806995,745264,207918,479,377
2021-08-04T23:59:59+02:00,25913,23921,245045,236991,356052,327906,376046,369551,442041,452590,498090,501455,343702,384163,242243,310032,71373,130598,177014,171534,293684,269783,327708,320984,402744,412046,464383,468954,328077,366461,232878,297283,68218,124035,3814301,3339186,511743,459098,806961,743518,205300,471,376
2021-08-03T23:59:59+02:00,25448,23501,243683,235812,355159,327083,375346,368870,441394,451934,497499,500925,343412,383865,242117,309857,71330,130531,173537,168096,289592,266151,322608,316389,400009,409497,462063,466866,327251,365602,232531,296819,68152,123898,3806413,3307200,511584,457231,806924,741449,203437,471,376
2021-08-02T23:59:59+02:00,25131,23194,242635,234857,354315,326332,374654,368279,440831,451396,496982,500478,343152,383591,242002,309707,71304,130472,169905,164507,284907,262199,316752,311448,397266,406950,459836,464879,326480,364770,232237,296422,68090,123781,3800113,3273814,511338,455269,806868,738923,201584,471,375
2021-08-01T23:59:59+02:00,24979,23007,242008,234257,353723,325830,374220,367896,440398,451077,496637,500201,343015,383428,241927,309590,71291,130445,168359,163063,282427,260211,312126,307734,395412,405380,458364,463634,326055,364290,232071,296206,68063,123722,3796480,3255961,511029,453140,806781,736480,200228,471,373
2021-07-31T23:59:59+02:00,24870,22902,241666,233939,353445,325609,373982,367730,440211,450926,496531,500102,342982,383391,241907,309577,71290,130440,164595,159227,279607,257673,310044,305743,394017,404098,457216,462646,325737,363914,231937,296034,68037,123676,3794884,3233085,510842,452203,806777,735689,199586,471,373
2021-07-30T23:59:59+02:00,24583,22645,240876,233228,352873,325082,373498,367268,439754,450527,496173,499812,342844,383252,241863,309498,71277,130424,160856,155465,276211,254572,307024,302933,391793,401990,455377,461067,325229,363387,231728,295742,68004,123619,3790830,3208060,510485,451004,806760,732499,197991,471,373
2021-07-29T23:59:59+02:00,24236,22307,239339,231962,351718,324012,372537,366362,438906,449738,495366,499188,342514,382942,241728,309318,71240,130360,156012,150996,270839,250398,301129,298164,387453,398515,452331,458669,324396,362546,231418,295335,67943,123521,3783293,3174231,509817,446164,806678,727403,194573,471,373
2021-07-28T23:59:59+02:00,23935,22022,238192,230930,350839,323177,371795,365680,438278,449078,494801,498701,342262,382646,241598,309135,71206,130289,152259,147355,266357,246754,296700,294220,384192,395671,450249,456828,323740,361791,231157,294951,67878,123398,3776606,3143590,509287,444247,806599,724773,192661,470,372
2021-07-27T23:59:59+02:00,23666,21798,237186,229962,349998,322441,371102,365094,437696,448466,494275,498245,342021,382345,241465,308942,71171,130191,147240,142236,260446,241620,291405,289466,380184,391980,447076,454028,322759,360694,230794,294448,67788,123242,3770355,3102070,508739,441954,806543,721038,191017,469,371
2021-07-26T23:59:59+02:00,23434,21561,236217,228994,349219,321741,370508,364549,437141,447982,493825,497881,341793,382106,241338,308786,71148,130134,142894,137849,254905,236838,286239,284996,375727,388031,443564,451004,321808,359731,230467,293970,67714,123105,3764726,3062698,508113,439703,806464,716692,189640,469,371
2021-07-25T23:59:59+02:00,23075,21260,234876,227842,348281,320980,369833,363893,436569,447444,493371,497479,341597,381893,241251,308656,71127,130070,141048,136101,252230,234626,283745,282908,373594,386262,441493,449228,321301,359220,230269,293742,67689,123029,3757687,3047759,507737,437530,806401,712345,188257,469,371
2021-07-24T23:59:59+02:00,22826,21065,233949,226984,347563,320330,369261,363371,436041,447007,493010,497202,341480,381796,241209,308594,71124,130059,138154,133302,249498,232306,281184,280702,371339,384407,440257,448245,320954,358884,230125,293564,67670,122995,3753687,3029436,506969,434524,806385,712008,186414,469,371
2021-07-23T23:59:59+02:00,22410,20679,232448,225648,346245,319399,368218,362512,435165,446221,492313,496671,341245,381526,241120,308481,71103,130023,132679,128461,244134,228014,276713,276919,367652,381217,437612,446048,320256,358163,229871,293254,67616,122914,3746255,2993955,506498,432752,806330,709872,182926,469,370
2021-07-22T23:59:59+02:00,21906,20203,230349,223679,344502,317864,366717,361226,433854,445081,491336,495778,340825,381078,240951,308237,71058,129943,128340,124415,238144,223510,270336,271862,360769,375730,432158,441552,319087,356912,229444,292737,67522,122763,3733854,2951962,504911,426776,806205,703564,180194,469,370
2021-07-21T23:59:59+02:00,21399,19684,228470,221866,342811,316340,365099,359658,432281,443698,490116,494614,340276,380557,240704,307953,71005,129848,124585,120854,232694,219277,264820,267340,352645,368810,427557,437815,317971,355763,228984,292173,67441,122584,3722897,2916522,501161,415909,805982,698787,176912,469,367
2021-07-20T23:59:59+02:00,21096,19405,227003,220398,341581,315179,364138,358788,431427,442911,489401,493975,339937,380189,240559,307732,70978,129759,120253,116625,226350,214109,258998,262174,345536,362711,422868,433511,316879,354509,228571,291591,67346,122403,3713637,2872808,500755,408699,805852,694402,174783,469,366
2021-07-19T23:59:59+02:00,20780,19110,225277,218711,340274,313931,363107,357816,430621,442140,488731,493362,339641,379828,240410,307501,70934,129661,117505,114030,221978,210520,254391,258222,341826,359541,420254,431335,316159,353782,228280,291201,67273,122279,3703103,2847823,500337,403322,805763,690086,173202,469,366
2021-07-18T23:59:59+02:00,20627,18979,223990,217444,338672,312511,362047,356901,429813,441421,488196,492820,339410,379543,240281,307324,70912,129599,116015,112649,219337,208347,252040,256131,339582,357696,418228,429648,315680,353299,228120,290983,67252,122212,3693702,2835572,499798,399056,805689,686395,171869,469,364
2021-07-17T23:59:59+02:00,20233,18557,222836,216391,338095,311972,361460,356388,429295,440972,487784,492531,339306,379426,240239,307269,70909,129589,113944,110548,216881,206046,249581,253939,337160,355564,416783,428386,315345,352909,227985,290816,67228,122172,3688143,2818084,499595,396336,805676,685610,170408,466,364
2021-07-16T23:59:59+02:00,19690,18044,220287,214249,336357,310680,359958,355098,427829,439768,486686,491670,338902,379057,240066,307111,70884,129552,110832,107747,212118,202117,245049,250302,332867,351868,413438,425667,314426,351983,227635,290400,67174,122090,3677952,2790416,498837,393986,805515,681797,164150,466,363
2021-07-15T23:59:59+02:00,19048,17418,217506,211825,334450,308980,358373,353662,426498,438588,485747,490821,338504,378631,239864,306856,70842,129448,106931,104539,203768,195882,237566,244704,326276,346642,406378,419237,312698,350178,227092,289734,67103,121892,3662934,2743941,498236,385564,805396,674379,161056,466,363
2021-07-14T23:59:59+02:00,18203,16693,215072,209505,332759,307451,356974,352326,425283,437389,484721,489867,338052,378169,239626,306544,70788,129362,103328,101210,197299,190728,231858,240041,321989,343169,402209,415611,311389,348867,226689,289176,67022,121738,3648037,2710392,497673,380003,805268,667586,158364,465,360
2021-07-13T23:59:59+02:00,17553,16035,212883,207481,331158,306079,355641,351107,424113,436302,483759,489008,337617,377696,239423,306299,70753,129270,99575,97677,190820,185335,224732,233986,315319,337110,393824,407763,309602,346945,226088,288389,66913,121540,3634223,2667674,497115,367337,805112,658126,156283,463,354
2021-07-12T23:59:59+02:00,16536,15103,209605,204302,329097,304353,354065,349640,422872,435102,482783,488108,337202,377228,239244,306070,70713,129193,96482,94961,185544,181045,217755,228315,308490,331080,388730,403492,307880,345083,225499,287657,66814,121371,3615781,2629423,496559,360207,804934,649720,154497,462,352
2021-07-11T23:59:59+02:00,16028,14628,208250,203033,328362,303642,353404,349018,422310,434601,482339,487767,337015,377025,239184,305965,70692,129153,95064,93676,182779,178739,214763,226032,305803,328929,385905,401107,305415,342461,225121,287188,66761,121273,3609570,2614469,495921,358220,804807,639239,152676,457,351
2021-07-10T23:59:59+02:00,15554,14169,206405,201253,326903,302383,352271,348046,421585,434008,481865,487369,336847,376860,239118,305879,70682,129133,93766,92405,180252,176631,211730,223548,303284,326769,384743,400072,304768,341791,224941,287000,66745,121246,3600994,2597678,495291,357991,804570,637488,150029,456,351
2021-07-09T23:59:59+02:00,15231,13890,204500,199414,325298,300935,351202,347088,420683,433296,481296,486893,336642,376639,239021,305759,70666,129099,90981,89681,176724,173407,207389,219401,298264,322167,381304,397096,303674,340566,224638,286632,66708,121182,3591862,2568711,494427,355932,804379,629898,147433,456,350
2021-07-08T23:59:59+02:00,14766,13462,201010,196429,321984,298268,348833,345105,418975,431847,479862,485827,336206,376196,238844,305513,70621,129024,86679,85919,169481,167761,199266,213009,290899,316065,374369,390895,300965,337656,223867,285699,66591,120924,3576536,2522572,490376,347288,803860,619554,142545,456,350
2021-07-07T23:59:59+02:00,14265,13008,197275,192570,318822,295411,346529,343064,417418,430379,478667,484728,335730,375635,238655,305242,70584,128919,82999,82478,162192,162059,190237,205842,282928,309510,367348,384089,297662,334057,222966,284599,66453,120678,3555281,2474659,489014,333871,803477,609576,139670,455,348
2021-07-06T23:59:59+02:00,13806,12636,193841,189190,315565,292680,344053,340774,415698,428819,477402,483594,335229,375080,238458,304952,70531,128833,79430,78901,155523,156550,182829,199641,273994,301562,360863,378006,294469,330817,222083,283509,66344,120447,3535435,2422198,485949,326894,803060,600073,137235,454,348
2021-07-05T23:59:59+02:00,13409,12299,189457,184950,311525,289354,341545,338449,414035,427279,476262,482522,334756,374563,238284,304708,70498,128748,76372,76084,150412,152474,178066,195515,267086,295302,354754,372473,291198,327373,221200,282392,66235,120278,3512646,2383181,484793,322405,802570,589718,133169,451,346
2021-07-04T23:59:59+02:00,13231,12142,185618,181085,308897,287332,340235,337381,413157,426500,475681,482036,334535,374310,238194,304584,70472,128695,74189,74217,147326,149925,175741,193477,264646,293244,351649,370271,287897,323985,220621,281727,66180,120159,3500428,2369444,483505,320113,802003,578212,128683,450,344
2021-07-03T23:59:59+02:00,12038,11087,179193,175093,304640,283880,337909,335216,411344,424692,474475,480976,334136,373864,238019,304337,70448,128652,72410,72644,144907,148049,173305,191397,261587,290522,349371,368417,286148,322004,220353,281366,66148,120110,3474095,2353741,482105,319914,801819,573725,122502,450,344
2021-07-02T23:59:59+02:00,10941,9995,175482,171633,302231,281686,336163,333517,410096,423507,473701,480291,333877,373551,237903,304156,70420,128604,69719,69959,140991,144767,168880,187363,255534,285085,344154,363714,282898,318280,219714,280595,66100,120026,3456018,2320580,480629,317130,801633,561150,119990,449,323
2021-07-01T23:59:59+02:00,9849,9068,171818,168204,298198,278404,333678,331254,408304,421934,472606,479330,333458,373090,237702,303884,70373,128526,64845,65244,134694,139443,161608,180863,245290,276243,333369,353947,278123,313013,217862,278342,65921,119713,3433510,2264345,478543,304784,801287,543448,116854,449,321
2021-06-30T23:59:59+02:00,9360,8676,168553,165130,292584,273779,330012,327919,406535,420405,471586,478363,333038,372608,237511,303585,70339,128438,61721,62403,129059,134765,154972,174868,235253,267107,319983,340688,272920,307478,215973,276023,65753,119395,3408452,2209406,476381,291983,800993,524630,113106,448,319
2021-06-29T23:59:59+02:00,8824,8153,164763,161358,288057,269528,326457,324625,404438,418327,470047,476952,332453,371972,237260,303231,70284,128329,58937,59416,124121,130365,148960,169348,223417,256427,311438,332337,266464,300297,214006,273569,65550,119050,3380988,2150247,474394,287331,800670,507244,109511,447,316
2021-06-28T23:59:59+02:00,8419,7773,161448,157906,283028,265216,323161,321775,402298,416402,468561,475643,331933,371363,237027,302920,70240,128235,56670,57074,120228,126862,144621,165271,214199,248023,305655,326941,261522,295003,212242,271338,65404,118786,3357098,2114583,470420,278735,800016,490730,106311,447,313
2021-06-27T23:59:59+02:00,8271,7650,159946,156382,280927,263410,321363,320242,400605,415042,467671,474932,331641,371071,236924,302758,70221,128186,55473,55967,118108,125156,142061,163146,210096,244642,302302,324087,257721,291009,209787,268430,65293,118598,3347109,2099164,468348,275255,798967,474612,103315,447,313
2021-06-26T23:59:59+02:00,7119,6554,156683,153043,278822,261526,318956,318010,399415,413891,466972,474230,331371,370788,236818,302601,70197,128156,54926,55383,116777,124007,140640,161911,207852,242640,299772,321677,256189,289351,209454,268020,65266,118528,3328002,2082402,465531,275167,798961,472117,103182,414,283
2021-06-25T23:59:59+02:00,5899,5438,152374,148766,275435,258570,316899,316049,398112,412646,465973,473408,331082,370454,236691,302446,70169,128106,53640,53758,114304,121313,136565,157345,199098,234194,294095,315808,254467,287233,208864,267220,65195,118410,3303067,2039944,464104,273475,798907,465544,102961,414,283
2021-06-24T23:59:59+02:00,5045,4651,147935,144640,270623,254639,312626,312278,395931,410777,464603,472277,330663,369992,236523,302210,70136,128019,50998,51171,109194,116607,129250,150714,187078,223756,282690,305589,249091,281399,207034,264878,64992,118010,3271949,1977989,462105,261721,798739,451801,101291,414,282
2021-06-23T23:59:59+02:00,4825,4444,144775,141528,266932,251488,307385,307482,393438,408434,463200,470962,330136,369374,236294,301901,70088,127914,49058,49092,105401,112700,123589,145040,177196,215100,270736,293614,244486,276595,205702,263182,64831,117650,3244432,1921754,458587,251871,798581,441114,99517,412,281
2021-06-22T23:59:59+02:00,4575,4215,141704,138403,263226,248113,301265,302048,390804,405877,461660,469482,329592,368770,236075,301551,70040,127808,47372,47355,101798,109402,118801,140472,164618,203969,259839,283328,240427,272130,203783,260775,64579,117181,3212414,1863483,456659,244167,798395,430163,98249,410,273
2021-06-21T23:59:59+02:00,4316,3970,138442,135465,258527,244223,296025,297187,387768,403011,460190,468135,329075,368213,235852,301240,70000,127695,46142,46128,99419,107187,116068,137773,158411,198205,252961,276688,235078,266302,199860,256268,64394,116806,3180728,1832540,454624,238655,798188,410410,96298,409,273
2021-06-20T23:59:59+02:00,4172,3852,136937,133961,254297,240755,293449,294951,386377,401698,459400,467392,328851,367932,235740,301108,69980,127633,45025,45210,97168,105402,113800,135789,155383,195672,248661,272624,232080,262777,198873,255015,64313,116680,3163315,1812253,452865,235106,798035,402552,94768,409,267
2021-06-19T23:59:59+02:00,3755,3501,134789,131865,251545,238434,291669,293306,384539,400129,458557,466664,328631,367680,235636,300968,69959,127601,44488,44560,95899,104148,112332,134327,153883,194238,245444,269611,231363,261930,198702,254752,64291,116627,3146978,1796323,450048,233529,798025,402274,94668,409,266
2021-06-18T23:59:59+02:00,2806,2588,131513,128724,248022,235390,287660,289902,382143,398004,457219,465501,328257,367280,235481,300732,69932,127552,43700,43645,94320,102371,110046,131662,150339,190210,238595,262345,229642,259930,198218,254114,64216,116493,3121192,1767061,445614,232995,797998,395585,94393,408,266
2021-06-17T23:59:59+02:00,2572,2365,127807,125438,242012,230956,282445,285517,377361,394021,454899,463670,327667,366561,235239,300377,69867,127439,41461,41822,90270,98902,105160,126919,142480,182539,227212,250968,224446,254003,196569,251963,63956,116074,3086460,1711450,442637,228858,797745,384690,89934,332,258
2021-06-16T23:59:59+02:00,2301,2132,124573,122035,237118,226625,277751,281256,372189,389530,452317,461538,326929,365766,234951,299967,69801,127326,39634,40230,86738,95881,100816,123101,134255,175210,215122,239071,218226,246906,194649,249640,63704,115586,3052995,1651749,437099,223257,797237,376611,87333,330,257
2021-06-15T23:59:59+02:00,1914,1800,119658,117169,231137,221482,272405,276274,367129,384900,449475,459128,326062,364797,234604,299453,69719,127143,38016,38622,83418,92839,96853,119056,127212,168842,202793,227066,212205,240121,192695,247213,63393,115017,3008326,1594547,435173,217424,796674,368943,84623,330,254
2021-06-14T23:59:59+02:00,1652,1525,115605,113011,225910,216573,267044,271301,361846,380159,446363,456537,325281,363942,234292,299065,69657,127023,37035,37735,81141,90754,94149,116541,123103,165098,196202,220580,209097,236616,191561,245742,63175,114628,2966213,1565006,432821,215152,796416,361289,81877,328,253
2021-06-13T23:59:59+02:00,1578,1440,114112,111634,223464,214471,264503,269040,359590,378204,445195,455507,325005,363638,234157,298897,69625,126949,36172,37006,79289,89088,92140,114729,120279,162502,192341,216879,206016,233181,190530,244376,62943,114217,2951228,1551046,430384,207889,796113,353091,79821,328,252
2021-06-12T23:59:59+02:00,1429,1303,111463,108889,221571,212743,263121,267766,358154,376806,444298,454738,324718,363329,234065,298794,69607,126921,35803,36602,78303,87993,90890,113434,118703,160942,188782,213577,204983,232055,189129,242719,62933,114185,2935061,1537907,429405,207880,796094,345708,79691,327,251
2021-06-11T23:59:59+02:00,1281,1167,108922,106376,218679,210122,259459,264578,355021,374078,442583,453266,324284,362879,233928,298588,69580,126866,35130,35491,76300,84623,88656,109908,114601,155801,182090,206137,202887,229686,188526,241951,62871,114087,2910659,1510447,426614,207185,795914,332262,79000,327,250
2021-06-10T23:59:59+02:00,1119,1013,104165,101972,212610,205362,252406,258756,348934,368786,438087,449496,323430,361910,233607,298141,69497,126714,33549,34009,72303,80452,83738,104406,107938,147599,169755,192502,196822,222809,186799,239812,62618,113685,2867060,1463364,419521,205446,795068,305261,74868,325,245
2021-06-09T23:59:59+02:00,971,883,100247,98269,206652,200633,245592,253049,342280,362837,434413,446473,322757,361167,233339,297763,69433,126582,32018,32753,69071,77802,80044,101240,103221,143323,158622,181758,186210,210833,184937,237567,62346,113190,2828091,1409387,410994,201471,794565,293999,70220,298,241
2021-06-08T23:59:59+02:00,789,702,95719,93728,200022,195071,238634,247040,334034,355562,429307,441808,321925,360168,232967,297279,69352,126446,30945,31897,66485,75504,76763,98520,98644,139406,151034,174274,177505,201126,183133,235321,62113,112824,2776147,1370228,405233,196558,793982,283144,65706,298,230
2021-06-07T23:59:59+02:00,631,560,92503,90630,193964,190369,232079,241800,326202,349392,426264,439366,321383,359537,232753,296956,69298,126350,30079,31051,64023,73550,73810,96364,94883,136472,142958,166490,173461,196513,181706,233510,61890,112441,2737174,1343138,399073,193266,793418,272051,60879,296,229
2021-06-06T23:59:59+02:00,593,524,90929,89314,190678,187823,228726,239032,321926,345990,424833,438290,321115,359244,232645,296798,69274,126303,29477,30496,62253,71871,71735,94357,91696,133406,137278,160712,170930,193894,180596,232110,61661,112061,2721772,1331299,391691,183617,792939,261611,58135,294,228
2021-06-05T23:59:59+02:00,513,444,88986,87300,185814,183608,226262,236902,320110,344364,423835,437378,320830,358924,232497,296629,69260,126271,29023,29740,61050,69920,70339,92208,90019,131140,132525,155383,167924,190229,180111,231453,61627,111995,2698298,1307691,391570,183141,792801,256222,57753,293,227
2021-06-04T23:59:59+02:00,413,359,86632,84771,182153,180001,222256,232955,316519,340724,421473,435184,320372,358389,232300,296400,69222,126208,28557,29069,59932,68268,69062,90128,88228,128526,129162,151728,163691,185460,179118,230186,61579,111909,2669049,1288875,387747,182369,792684,246140,57338,293,226
2021-06-03T23:59:59+02:00,320,285,83345,81704,176422,175343,214999,226862,308812,334028,413720,428328,319341,357211,231930,295951,69167,126077,27667,28058,58039,66081,66670,87385,84598,124414,122411,145063,157345,177856,177548,228160,61466,111672,2620135,1259688,377510,177054,792265,233398,54407,291,221
2021-06-02T23:59:59+02:00,271,226,81267,79538,172345,171623,211355,223706,305235,330683,411676,426498,318934,356759,231777,295745,69139,126026,27201,27579,56912,64969,65078,86112,82543,122477,117438,140180,149471,168896,176829,227205,61381,111503,2591390,1227503,376126,175084,792236,229781,53515,288,216
2021-06-01T23:59:59+02:00,172,158,77004,75714,164066,165060,201999,215976,296136,322808,403477,418663,317425,355153,231238,295009,69027,125798,25650,26163,52599,62019,60242,82823,77131,117976,110011,132971,138375,155494,174728,224470,61171,111076,2532727,1177383,364487,170973,791475,218002,46640,286,211
2021-05-31T23:59:59+02:00,150,141,74259,73237,158409,160746,194693,210011,288750,316430,397739,413700,316431,354044,230853,294489,68937,125627,24737,25105,49976,59804,57075,80288,73527,114699,105516,128528,134230,150593,173363,222750,61001,110744,2492328,1154964,355096,168641,790844,207608,40815,285,209
2021-05-30T23:59:59+02:00,139,133,73209,72171,155933,158716,192070,207658,285970,313913,395854,411959,316069,353633,230692,294253,68899,125547,24135,24318,48386,58076,55335,78433,71301,112135,102860,125665,132078,148068,172570,221814,60908,110533,2476514,1145195,352577,167335,790216,196231,37945,284,205
2021-05-29T23:59:59+02:00,136,131,72599,71579,154422,157315,189771,205627,284130,312326,395017,411187,315848,353388,230612,294175,68888,125529,23813,23793,47468,56580,53996,76557,69377,109290,100544,122865,129275,144647,171918,220906,60881,110481,2462621,1131590,352417,167270,790149,185695,37925,284,204
2021-05-28T23:59:59+02:00,132,128,71512,70461,152031,155058,186114,202090,280861,309191,393159,409421,315442,352886,230465,293960,68869,125472,23282,22791,45860,54452,52170,73999,67336,105337,96219,116972,124901,139596,170943,219598,60835,110367,2438823,1108980,351368,167057,789940,171162,37546,283,201
2021-05-27T23:59:59+02:00,121,118,68200,67446,145547,150121,177926,195839,274476,304036,386844,403740,314182,351442,230006,293430,68798,125290,21961,21107,42607,51401,48293,70179,62785,99322,89867,109459,120973,134976,168146,215897,60662,110054,2394269,1080552,343752,164315,788132,151084,31819,283,197
2021-05-26T23:59:59+02:00,117,115,66048,65269,140595,146038,171829,190774,267725,298369,380106,397052,312665,349840,229520,292734,68696,125079,21219,20191,40786,49264,45940,67447,59749,95531,85276,104347,115993,129258,164357,210563,60453,109627,2357008,1048646,330555,162739,786321,139607,29088,282,196
2021-05-25T23:59:59+02:00,116,108,64017,63280,136393,142550,166779,186484,260661,292093,374684,391667,311387,348435,229116,292092,68612,124902,20641,19528,39387,47746,44106,65432,57276,92530,81197,99972,111057,123572,158821,203321,60283,109320,2319493,1017127,323048,159316,783782,130378,27451,278,190
2021-05-24T23:59:59+02:00,113,106,62776,62067,133638,140447,163497,184071,253711,286105,369753,386995,310560,347517,228830,291707,68540,124773,20298,19122,38369,46674,42762,63947,55598,90519,78961,97461,109636,121916,158215,202530,60171,109118,2295760,1007771,311943,158017,781993,123692,25903,277,186
2021-05-23T23:59:59+02:00,108,106,62279,61551,132538,139555,162303,183037,252469,285084,368168,385567,309943,346860,228659,291481,68520,124737,20066,18935,37816,46118,42008,63248,54437,89523,77471,96095,108460,120520,157237,201309,60100,108976,2284270,999595,311360,154934,781949,122098,25777,277,184
2021-05-22T23:59:59+02:00,105,104,61585,60930,131050,138482,159931,181414,249500,282796,365690,383345,309413,346267,228482,291215,68494,124687,19747,18515,37205,45517,41368,62719,53781,88797,76700,94953,106910,118718,156464,200340,60073,108922,2266306,992894,311345,154930,781910,118672,24314,277,184
2021-05-21T23:59:59+02:00,101,100,60253,59490,128143,135890,156645,178092,244267,278033,359596,377658,308480,345176,228186,290819,68434,124579,19387,18149,36592,44747,40717,61668,52829,87404,74979,92649,103669,114767,155324,198889,59981,108747,2230250,979871,309706,154604,780336,112074,24031,274,182
2021-05-20T23:59:59+02:00,94,98,57204,56695,122409,131020,149721,171782,233960,269292,350574,369381,305948,342436,227420,289811,68302,124361,18091,17215,34417,42501,38263,58770,50015,83633,71048,88150,99548,110123,152865,195875,59801,108391,2172309,960585,303051,152658,774382,94403,21135,266,182
2021-05-19T23:59:59+02:00,93,96,54990,54502,117403,126341,142554,165170,223426,259935,340025,358492,303304,339570,226674,288768,68152,124085,17511,16430,33191,40913,36858,56708,48005,80853,67809,84573,95665,105646,149244,191153,59539,107900,2106424,937194,296796,150681,771403,84897,19307,266,169
2021-05-18T23:59:59+02:00,88,91,52893,52541,112618,122080,136177,159601,211859,249569,330153,348698,300636,336605,225797,287572,68000,123831,16993,15826,31980,39452,35503,54914,46199,78444,64923,81347,91663,101116,146051,187094,59326,107465,2046586,916972,287434,147823,767808,76254,17324,262,169
2021-05-17T23:59:59+02:00,85,88,51859,51548,110286,120024,133367,156946,205334,243555,322584,341614,298847,334635,225211,286749,67893,123619,16537,15377,30930,38407,34336,53623,44717,76645,62662,78954,86831,95258,144588,185210,59176,107150,2019796,905281,275138,140359,764383,69569,15266,261,167
2021-05-16T23:59:59+02:00,84,85,51072,50892,108844,118700,131627,155286,202364,240873,315152,334665,297830,333507,224904,286265,67841,123522,16253,15005,30180,37626,33464,52702,43652,75331,61329,77484,83414,91184,143799,184134,59089,107010,2004479,899199,264715,133591,761144,65428,13512,259,163
2021-05-15T23:59:59+02:00,84,85,50536,50259,107846,117712,130614,154176,200430,238939,311582,331455,297209,332821,224708,285994,67821,123458,16113,14841,29926,37320,33179,52271,43165,74686,60480,76502,82817,90367,143283,183466,59053,106963,1988290,893962,264697,133444,760274,64299,12802,257,162
2021-05-14T23:59:59+02:00,83,85,49276,48837,105594,115619,127026,150723,192224,231870,305271,325573,296229,331684,224423,285546,67774,123363,15615,14412,29142,36501,32409,51081,42086,72905,58917,74551,80914,87880,142670,182479,59013,106877,1951042,884319,263000,132573,755723,58876,11757,255,161
2021-05-13T23:59:59+02:00,79,84,47358,46891,101752,112391,122320,146617,182210,223293,294674,315759,293263,328265,223614,284407,67674,123156,14752,13966,28286,35805,31647,50179,41143,71811,57411,72986,77137,83530,139910,178872,58903,106661,1899492,871779,254391,125525,749492,55025,10740,252,158
2021-05-12T23:59:59+02:00,77,82,46447,46185,99833,110967,120261,144959,179664,221185,289944,310434,292101,326999,223374,284088,67636,123071,14587,13816,27966,35587,31247,49889,40698,71436,56870,72419,75800,81905,139131,177738,58817,106501,1876443,866048,252229,123733,749003,54755,9940,247,157
2021-05-11T23:59:59+02:00,73,76,44203,44710,95806,107892,114460,140233,166297,209918,278298,299674,288700,323088,222418,282687,67486,122772,14159,13248,26957,34161,30116,48087,39394,69157,55157,70154,72714,78321,137777,175909,58658,106143,1817600,853783,242534,121043,740492,46889,8464,243,155
2021-05-10T23:59:59+02:00,72,72,42951,43738,93204,105890,111205,137605,157913,202895,270426,292569,286526,320640,221844,281825,67362,122530,13817,12805,26197,33177,29323,46828,38399,67302,53931,68425,70626,75765,136632,174399,58538,105855,1782063,844921,236490,119990,733520,39689,7491,239,148
2021-05-09T23:59:59+02:00,71,72,41828,42967,90523,104137,108541,135837,152907,199478,264907,287631,285288,319259,221469,281298,67296,122384,13502,12587,25504,32507,28592,46025,37608,66341,52994,67479,69396,74363,136036,173564,58483,105724,1762761,840341,229394,119013,727531,34920,6501,235,146
2021-05-08T23:59:59+02:00,70,72,41537,42666,89678,103408,107448,134982,151461,198264,262346,285569,284787,318717,221350,281119,67280,122352,13400,12526,25377,32415,28448,45896,37419,66147,52654,67161,68431,73441,134967,172201,58436,105631,1750737,835735,228883,118269,727308,34142,6488,214,131
2021-05-07T23:59:59+02:00,68,71,40613,41950,87746,102070,104625,132773,146841,194458,256097,280064,283449,317118,221001,280662,67227,122229,12653,12043,24553,31680,27685,44836,36556,64884,51467,65650,66183,70755,132743,169382,58346,105453,1724971,826073,225674,116002,723186,27344,5534,213,129
2021-05-06T23:59:59+02:00,64,70,37968,40227,82999,98615,98630,128020,136656,185953,239649,265654,278326,311326,219715,278974,67052,121913,11966,11526,23616,30575,26689,43483,35201,62882,49729,63674,63695,67630,130631,166620,58232,105235,1659426,814977,215761,112894,712295,18976,4620,203,128
2021-05-05T23:59:59+02:00,62,67,36081,39032,79345,96032,94030,124374,128835,179424,224898,251616,272141,304188,218142,276984,66806,121390,11732,11251,23077,29850,26087,42561,34276,61483,48577,62261,61083,64524,127689,162921,58134,104985,1593236,802703,210688,109329,706259,14997,3547,203,124
2021-05-04T23:59:59+02:00,62,65,34977,37927,76624,93714,90529,121334,123274,174692,214281,241346,266654,297744,216702,275141,66597,120922,11570,11047,22673,29310,25629,41788,33559,60396,47468,60988,58364,61346,125325,159988,57984,104749,1544215,790831,205572,106693,700182,11851,2895,201,122
2021-05-03T23:59:59+02:00,61,63,34109,36872,74338,91899,87652,118985,118834,171047,207626,235345,263377,293879,215904,274059,66476,120627,11325,10774,22279,28734,25146,41088,32873,59430,46446,59849,55581,58009,121550,155097,57727,104312,1512472,774995,202461,104981,695254,9092,1237,199,121
2021-05-02T23:59:59+02:00,61,63,33757,36554,73164,90996,86185,117892,116409,169181,204530,232832,262419,292791,215620,273651,66410,120519,11253,10702,22090,28521,24916,40802,32532,59024,45995,59373,54392,56548,118487,151418,57643,104182,1501884,769981,199670,99428,691380,8190,367,198,117
2021-05-01T23:59:59+02:00,60,63,33440,36180,72403,90202,85114,116852,114942,167819,201450,229803,261729,291969,215410,273371,66399,120480,11239,10686,22037,28491,24856,40764,32470,58966,45912,59298,54150,56256,118328,151222,57634,104165,1486805,768672,199667,99388,691115,8141,361,197,117
2021-04-30T23:59:59+02:00,57,61,32897,35580,71196,88979,83654,115120,111164,164257,194053,222688,259738,289601,214961,272763,66339,120374,10918,10491,21676,28212,24580,40341,32145,58403,45449,58665,53254,55092,117376,150035,57579,104045,1453923,764994,199341,97398,690315,5798,162,194,114
2021-04-29T23:59:59+02:00,55,59,31397,34632,68277,86954,80019,112519,106059,160151,181240,211145,251808,280504,213764,271130,66203,120025,10612,10277,21200,27764,24150,39842,31560,57662,44641,57731,51420,52899,115528,147800,57479,103850,1399052,756165,192064,94718,684945,3482,141,185,112
2021-04-28T23:59:59+02:00,54,57,30163,34020,66410,85643,77540,110698,102632,157299,171559,201977,240952,267905,212485,269445,66006,119697,10427,10118,20902,27412,23786,39372,31136,57007,43914,56907,49298,50283,112948,144568,57356,103638,1346423,746624,188699,90172,679572,2257,111,178,108
2021-04-27T23:59:59+02:00,51,56,29404,33336,64834,84180,75532,108891,99879,154901,166838,197251,232449,258102,211337,267830,65886,119475,10302,10007,20621,27123,23550,39042,30776,56511,43231,56216,47293,47740,110309,141136,57239,103438,1312405,736820,186393,86162,671584,1539,110,173,103
2021-04-26T23:59:59+02:00,50,56,28975,32952,63733,83297,74031,107724,97594,153190,158223,189238,228262,253262,210630,266838,65794,119277,10207,9918,20406,26937,23314,38825,30480,56172,42613,55641,45487,45592,108414,138657,57143,103285,1283472,728857,184949,83067,664856,1159,106,169,101
2021-04-25T23:59:59+02:00,50,55,28724,32714,62958,82774,72969,106989,95866,151965,152839,184369,223930,248379,210040,266058,65728,119154,10152,9884,20328,26861,23228,38744,30369,56046,42453,55482,45073,45095,107733,137750,57115,103215,1270721,727200,178811,81297,656179,1028,103,168,99
2021-04-24T23:59:59+02:00,50,54,28382,32288,62020,81553,71784,105544,94321,150309,147938,179223,221143,245048,209570,265384,65694,119104,10137,9866,20287,26819,23176,38679,30288,55960,42304,55346,44829,44787,107483,137456,57094,103187,1245875,726115,178782,80597,654899,985,102,168,97
2021-04-23T23:59:59+02:00,48,54,27636,31663,60452,80046,69996,103526,91732,147670,143160,174833,216593,239503,208915,264395,65631,118989,10084,9803,20179,26732,23045,38529,30054,55753,41941,55016,44211,44030,106421,136170,56938,102912,1221023,722767,177602,78120,646360,933,101,165,94
2021-04-22T23:59:59+02:00,46,53,27021,31064,58916,78610,67532,101312,87611,144180,135127,167348,207559,228506,206877,261764,65433,118592,9959,9707,19929,26434,22690,38096,29539,55239,41186,54378,43042,42702,104430,133724,56709,102514,1179509,715294,170161,74178,638024,809,101,160,92
2021-04-21T23:59:59+02:00,46,51,26528,30542,57590,77509,65651,99681,84572,141544,127941,160537,194494,213174,204728,258876,65207,118166,9828,9621,19697,26186,22405,37771,29187,54789,40634,53848,42194,41684,102242,130941,56455,102103,1128051,708753,167279,70099,631651,737,101,154,91
2021-04-20T23:59:59+02:00,45,50,26103,30072,56432,76365,63976,98101,82027,138969,122862,155474,183018,199718,202304,255741,64970,117735,9725,9530,19478,25998,22112,37502,28776,54377,40095,53314,41378,40751,100024,127955,56118,101566,1085431,701207,163796,66848,624879,657,99,152,84
2021-04-19T23:59:59+02:00,45,49,25736,29715,55461,75545,62693,96923,79901,137043,119343,152094,177266,192876,200597,253507,64787,117402,9616,9437,19247,25778,21867,37228,28460,53986,39583,52785,40582,39842,96927,123990,55713,100854,1060892,690863,161966,64426,618273,620,98,146,84
2021-04-18T23:59:59+02:00,44,44,25428,29455,54693,75000,61571,95978,78049,135621,115978,149701,172159,187321,199587,252279,64674,117208,9542,9362,19058,25604,21690,37062,28242,53709,39323,52534,40254,39455,95711,122443,55531,100555,1046915,686990,160296,62494,607720,605,98,145,83
2021-04-17T23:59:59+02:00,43,43,25319,29363,54322,74805,61054,95626,77395,135022,115132,148960,167907,182437,199052,251553,64640,117143,9497,9303,18920,25416,21502,36832,28015,53434,39058,52266,39955,39133,94947,121515,55467,100471,1036032,682972,160268,62180,603656,593,98,145,83
2021-04-16T23:59:59+02:00,43,43,24945,29115,53334,74199,59770,94747,75770,133691,110985,144816,160269,173664,197396,249348,64531,116934,9289,9128,18527,24986,20921,36256,26905,52530,37034,50661,36639,36201,91759,117992,55064,99816,1010124,667900,159477,55263,594137,559,98,144,81
2021-04-15T23:59:59+02:00,39,39,24470,28663,52083,73029,57810,93018,72501,130846,105516,139536,152406,164685,192744,243475,64234,116315,9115,8965,18158,24562,20427,35597,26227,51736,35640,49429,34524,34161,88644,114258,54556,98959,977911,654794,157424,49672,576210,508,97,142,79
2021-04-14T23:59:59+02:00,37,35,24129,28338,51146,72091,56472,91632,70114,128689,101527,135768,143209,154303,185005,233596,63893,115647,8709,8692,17684,24056,19891,34952,25313,50857,34350,48306,32481,32003,85666,110611,54066,98099,940052,639902,154752,45444,560964,408,96,137,78
2021-04-13T23:59:59+02:00,37,35,23892,28121,50449,71556,55528,90807,68480,127280,97801,132335,131379,141184,178615,225267,63555,115059,8474,8520,17339,23649,19470,34416,24649,50064,33283,47292,31098,30642,83510,108230,53709,97555,906814,630583,150236,41051,544467,285,96,135,76
2021-04-12T23:59:59+02:00,36,34,23683,27933,49894,71047,54664,90074,67012,125990,95169,130011,124269,133149,175388,221318,63284,114568,8237,8335,16976,23353,19099,33981,24177,49527,32615,46666,29572,29103,81849,106290,53383,97034,890404,622151,148694,37794,528562,271,94,133,74
2021-04-11T23:59:59+02:00,35,34,23508,27773,49370,70624,53934,89620,65869,125187,93312,128534,118787,127136,171469,216713,63114,114270,8104,8201,16680,23074,18781,33672,23820,49147,32167,46279,28935,28437,80828,105044,53174,96715,882935,616862,144283,35967,512211,253,90,131,71
2021-04-10T23:59:59+02:00,35,34,23447,27716,49203,70489,53734,89462,65542,124917,92788,128098,116704,124609,170028,214862,63072,114170,7517,7597,15790,22288,17822,32832,22699,48115,31057,45283,28272,27725,78733,102437,52907,96279,875944,601542,143428,35587,509682,248,85,131,71
2021-04-09T23:59:59+02:00,34,34,23200,27466,48703,69998,53094,88779,64545,123794,90963,126189,107877,113669,166645,210454,62874,113814,6558,6697,14262,20965,16101,31272,20558,46151,28852,43275,26495,25900,75233,98262,52362,95440,856532,574097,136372,34074,499377,236,77,126,67
2021-04-08T23:59:59+02:00,34,34,22904,27220,48123,69507,52339,88079,63238,122711,88545,124021,97567,101679,161106,203610,62548,113250,5915,6110,13075,19946,14843,29933,18919,44432,26352,40941,23473,22933,70585,92491,51221,93690,837876,542549,127473,32133,481326,206,67,124,67
2021-04-07T23:59:59+02:00,32,33,22592,26995,47320,69050,51413,87467,61849,121732,85403,121581,88381,91386,154102,194824,62254,112690,5535,5789,12415,19273,14027,29106,17876,43380,24442,39044,20937,20408,66628,87727,50225,92075,817487,519091,121879,29650,459903,176,61,120,66
2021-04-06T23:59:59+02:00,31,33,22381,26834,46792,68669,50823,86943,60816,120955,83295,119838,80620,82582,147740,186865,61911,112062,5341,5630,12064,18916,13674,28674,17341,42818,23579,38235,19810,19376,63468,83632,49302,90693,798222,505721,118665,26705,442472,165,56,116,63
2021-04-05T23:59:59+02:00,31,32,22282,26709,46481,68324,50437,86545,60271,120264,82115,118688,76143,77488,142736,180764,61710,111747,5202,5491,11803,18664,13380,28362,17018,42446,23134,37774,19345,18906,60585,80079,48603,89626,788792,496387,116913,23911,427232,159,53,114,63
2021-04-04T23:59:59+02:00,31,32,22234,26650,46360,68056,50267,86231,59991,119762,81608,118056,74701,75782,142033,179791,61673,111665,5198,5484,11785,18651,13369,28346,16999,42429,23036,37702,18938,18583,59148,78232,48397,89315,786257,491595,116807,23909,422036,152,49,111,61
2021-04-03T23:59:59+02:00,31,32,22172,26569,46237,67948,50104,86056,59675,119450,81040,117477,73356,74146,140916,178255,61590,111516,5189,5475,11772,18633,13346,28326,16965,42382,22930,37628,18802,18432,58798,77670,48308,89169,779894,489809,116765,23909,420088,152,48,110,61
2021-04-02T23:59:59+02:00,31,32,22094,26486,46077,67782,49885,85808,59205,119000,80162,116665,71801,72262,138636,175274,61393,111157,5170,5437,11724,18590,13291,28244,16876,42234,22656,37151,18444,18069,56457,74788,47495,88068,770780,481326,114990,23265,418160,152,44,108,59
2021-04-01T23:59:59+02:00,28,30,21899,26282,45661,67260,49239,85065,58329,118060,78281,114994,68538,68829,134553,170100,61076,110590,5023,5293,11452,18327,13068,28008,16553,41925,22152,36708,17626,17325,51612,68756,45816,85612,759139,463276,108893,21894,410965,139,39,105,58
2021-03-31T23:59:59+02:00,28,30,21572,26064,45259,66736,48745,84417,57600,117123,77123,113752,66493,66510,129794,163988,60674,109867,4945,5242,11354,18209,12908,27858,16312,41655,21557,36197,16496,16422,46399,62338,44436,83629,749386,444936,101732,20946,404847,136,34,102,54
2021-03-30T23:59:59+02:00,28,29,21394,25841,44859,66117,48239,83620,56889,116071,75984,112374,64652,64489,125414,158236,60206,108968,4878,5157,11250,18083,12716,27669,15985,41331,20982,35648,15663,15619,43644,58928,43320,81834,739194,433080,97511,19583,396902,107,30,97,53
2021-03-29T23:59:59+02:00,27,29,21196,25603,44398,65568,47763,82929,56153,114997,74756,110941,62162,61742,118674,149595,59436,107575,4781,5084,11145,17969,12562,27503,15738,41008,20524,35180,15011,15078,41055,55944,42213,80012,718659,421876,94088,18904,390995,92,28,96,52
2021-03-28T23:59:59+02:00,27,29,20990,25314,43899,64883,47246,82188,55473,113990,73815,109835,60902,60308,113968,143619,58992,106818,4726,5025,10999,17823,12303,27204,15547,40761,20357,34947,14772,14834,39974,54523,41865,79473,712125,417552,86774,17577,383595,72,28,95,49
2021-03-27T23:59:59+01:00,27,29,20870,25157,43607,64517,46882,81659,54973,113301,73142,109097,59745,59223,112482,141911,58925,106738,4713,5013,10972,17804,12285,27174,15186,40332,19957,34511,14479,14622,39487,53834,41390,78655,706848,413494,86072,16922,379560,66,28,95,49
2021-03-26T23:59:59+01:00,27,28,20618,24643,42802,62813,45914,79634,53634,110279,71124,105483,57730,57340,109729,138669,58598,106222,4694,4980,10948,17752,12215,27082,15108,40222,19616,33916,14010,13970,36415,49995,39333,75411,695449,398979,82751,16703,367281,53,25,94,49
2021-03-25T23:59:59+01:00,27,26,20186,23971,41929,61049,44818,77083,52121,106753,68734,101719,55136,54705,106418,134700,58027,105231,4648,4925,10857,17649,12093,26936,14924,40003,19339,33609,13535,13479,32565,44946,36337,70877,684029,380636,78557,16105,350243,48,22,92,49
2021-03-24T23:59:59+01:00,27,26,19784,23524,41146,59779,43803,75546,50743,104828,66637,99389,52353,51792,102163,129601,57388,104154,4593,4859,10764,17506,11925,26733,14692,39719,18971,33190,13077,13025,29995,41734,33223,66040,671226,365074,73683,15004,337974,41,17,91,48
2021-03-23T23:59:59+01:00,27,26,19536,23222,40587,58865,43080,74455,49708,103316,64977,97530,50062,49446,99406,126389,56828,103314,4534,4789,10665,17381,11779,26549,14446,39406,18553,32803,12574,12518,27560,38638,29555,60146,663101,347513,70342,14415,327533,40,16,88,48
2021-03-22T23:59:59+01:00,27,26,19313,22808,39947,57983,42414,73416,48763,101929,63502,95897,48227,47560,97006,123643,56357,102543,4476,4742,10579,17265,11648,26371,14288,39166,18312,32501,12263,12146,25726,36285,25598,53764,656795,331299,67535,13862,317234,37,16,85,47
2021-03-21T23:59:59+01:00,27,26,19175,22549,39455,57230,41865,72571,48109,100773,62558,94662,47178,46535,95359,121792,55987,101964,4461,4733,10543,17217,11601,26285,14228,39076,18230,32402,12143,12014,25297,35837,25244,53206,654220,329102,65507,13448,308288,37,15,83,45
2021-03-20T23:59:59+01:00,26,26,19115,22404,39244,56735,41624,72010,47798,100136,62118,94060,46523,45769,92761,118561,55699,101477,4452,4725,10534,17205,11573,26268,14185,39039,18148,32327,11984,11853,24656,35062,24482,52120,647752,325387,65058,13259,303474,37,15,83,45
2021-03-19T23:59:59+01:00,25,25,18761,21839,38111,54610,40343,70016,46061,98049,59234,91301,42078,41894,87542,112797,54997,100397,4431,4712,10501,17154,11508,26156,14093,38869,17913,32028,11632,11570,22989,33002,22798,49560,629989,316057,57845,12897,290445,31,15,77,45
2021-03-18T23:59:59+01:00,25,24,18366,21191,36934,52455,38803,67225,43905,93577,55388,85504,38043,38094,82810,107312,53909,98737,4411,4684,10435,17051,11430,26001,13945,38681,17697,31825,11400,11387,21742,31488,21085,46961,613046,307978,52101,12286,267348,28,15,77,44
2021-03-17T23:59:59+01:00,25,23,17944,20838,36209,51537,38038,66271,42823,92225,53599,83676,35368,35307,78786,102487,52965,97264,4388,4658,10373,16956,11357,25867,13832,38492,17498,31632,11162,11162,20500,30076,19495,44561,596384,300473,47696,11577,261493,25,15,76,44
2021-03-16T23:59:59+01:00,24,23,17587,20419,35463,50467,37225,65076,41725,90549,51760,81688,33163,33287,74753,97541,52084,95950,4338,4609,10300,16828,11266,25716,13733,38255,17365,31389,10992,10983,19216,28555,18014,42235,583123,292692,43006,11143,252841,25,12,74,44
2021-03-15T23:59:59+01:00,24,23,17307,20055,34754,49489,36433,63886,40821,89069,50500,80087,31439,31446,71471,93447,51387,94817,4316,4574,10233,16705,11199,25515,13617,37967,17216,31117,10826,10825,18483,27589,16755,40373,571996,286867,39681,10494,244970,25,1,72,44
2021-03-14T23:59:59+01:00,24,22,17039,19628,33898,48279,35533,62566,39763,87243,49244,78357,30273,30213,69476,90884,50942,94141,4292,4555,10188,16628,11142,25372,13557,37745,17126,30953,10754,10739,18302,27308,16493,39812,564884,285666,37803,9361,235030,16,0,68,44
2021-03-13T23:59:59+01:00,24,22,16226,18565,32399,46245,33958,60430,37723,84168,47111,75803,28918,28859,67462,88259,50673,93750,4292,4555,10186,16622,11139,25365,13548,37739,17120,30944,10717,10707,17553,26422,15447,38360,548527,281415,37518,9360,224726,16,0,68,44
2021-03-12T23:59:59+01:00,23,22,15125,17188,29956,43596,31292,57289,34859,79312,43898,71339,26080,25667,63155,82956,49691,92345,4279,4522,10167,16560,11121,25314,13502,37621,17029,30813,10440,10480,16667,25174,14375,36836,520492,275610,36206,9349,207260,13,0,66,43
2021-03-11T23:59:59+01:00,22,22,14083,15728,27705,40901,28972,54099,32270,74920,40143,66441,22678,22190,57138,75636,47757,89504,4238,4482,10087,16441,11010,25089,13384,37310,16863,30509,10135,10267,16032,24332,13707,35561,488427,271604,34614,7908,187315,10,0,65,40
2021-03-10T23:59:59+01:00,22,22,13488,15030,26295,39284,27319,52278,30704,72602,37622,63313,19929,19636,51220,68492,46205,87165,4203,4438,9987,16274,10892,24840,13236,36890,16664,30136,9898,10084,15289,23559,13048,34535,461995,266873,32566,7164,176210,8,0,63,40
2021-03-09T23:59:59+01:00,21,21,13206,14562,25171,38243,25901,51092,29640,70947,36243,61479,18745,18511,47708,64051,45080,85376,4179,4412,9902,16107,10789,24580,13083,36572,16488,29899,9773,9982,14624,22722,12552,33761,448387,263159,30035,6331,167707,8,0,63,38
2021-03-08T23:59:59+01:00,20,21,12875,13954,24089,37133,24628,49954,28704,69463,35009,59860,17665,17631,43585,59061,43852,83392,4164,4376,9841,15909,10687,24319,12950,36214,16359,29634,9689,9898,14130,22117,12238,33322,432915,259977,28029,5940,160081,3,0,62,37
2021-03-07T23:59:59+01:00,20,21,12642,13661,23495,36283,23929,49078,28103,68592,34400,59101,17403,17380,42516,57610,43485,82828,4152,4363,9819,15867,10660,24246,12918,36044,16302,29520,9667,9869,13932,21863,12102,33120,428149,258917,26214,5600,156310,0,0,61,36
2021-03-06T23:59:59+01:00,20,20,12529,13369,23093,35549,23398,48291,27054,67064,33300,57336,17017,17051,41870,56720,43184,82359,4149,4349,9808,15841,10642,24212,12908,36002,16284,29489,9649,9828,13885,21825,11999,32909,424082,258537,26150,5316,149116,0,0,61,35
2021-03-05T23:59:59+01:00,20,20,12116,12767,22411,34346,22715,47060,26299,65433,32064,54916,16370,16216,38408,52412,41027,78915,4122,4302,9738,15741,10590,24064,12840,35806,16197,29282,9553,9758,13699,21610,11628,32298,408884,256836,24698,4467,140050,0,0,61,33
2021-03-04T23:59:59+01:00,18,20,11356,11759,21223,32618,21496,45011,24942,62781,30369,52559,15639,15497,34402,47243,37946,74227,4073,4211,9625,15449,10486,23706,12707,35273,16052,28881,9375,9604,13541,21399,11543,32153,390434,253780,22621,4374,126165,0,0,61,30
2021-03-03T23:59:59+01:00,16,20,11047,11263,20534,31397,20722,43648,24033,61030,29324,50917,15162,14994,31789,43920,34860,69457,4033,4148,9544,15279,10407,23454,12601,34851,15874,28535,9191,9478,13416,21185,11397,31883,374986,251145,21826,4209,117436,0,0,56,28
2021-03-02T23:59:59+01:00,16,20,10785,10838,19888,30428,20007,42628,23248,59642,28352,49641,14535,14347,29110,40546,30974,63236,3985,4077,9482,15113,10338,23189,12497,34418,15773,28228,9065,9376,13278,20998,11320,31738,356788,248743,20315,4208,111247,0,0,55,28
2021-03-01T23:59:59+01:00,14,19,10614,10578,19376,29624,19444,41744,22659,58571,27636,48519,14120,13893,27039,37955,26717,56347,3969,4027,9427,14958,10275,22890,12416,34042,15667,27905,8983,9316,13095,20728,11204,31555,339563,246324,19201,4208,106210,0,0,55,28
2021-02-28T23:59:59+01:00,13,19,10446,10377,18908,28975,18909,41006,22180,57718,27149,47725,13912,13651,26430,37295,26310,55745,3953,4013,9402,14925,10256,22839,12399,33972,15640,27859,8956,9292,12963,20549,11141,31405,337103,245468,18341,4172,101427,0,0,55,27
2021-02-27T23:59:59+01:00,13,18,10267,9862,18580,28107,18650,40219,21895,56733,26820,46931,13636,13350,25760,36489,25387,54325,3941,4001,9381,14904,10224,22791,12360,33890,15595,27785,8934,9276,12944,20527,11120,31385,333185,245111,17618,4023,96340,0,0,55,27
2021-02-26T23:59:59+01:00,12,17,9470,9077,17677,26663,17866,38010,20965,53879,25360,44107,13169,12948,24171,34500,23860,52019,3860,3933,9303,14743,10150,22535,12278,33524,15478,27490,8854,9195,12877,20459,11079,31316,324062,243202,17364,3949,82440,0,0,55,25
2021-02-25T23:59:59+01:00,12,17,8311,8225,16355,25058,16596,35746,19728,50988,23650,41322,12695,12548,22891,32908,22363,49733,3738,3789,9141,14430,9930,21930,12024,32672,15151,26835,8657,9044,12615,20133,10939,31047,316436,239061,16594,3093,66208,0,0,54,23
2021-02-24T23:59:59+01:00,11,16,7946,7701,15699,24022,15966,34508,19014,49471,22857,40122,12298,12212,21583,31408,20682,47106,3666,3722,9001,14138,9753,21475,11821,32046,14889,26297,8516,8907,12472,19960,10874,30836,308180,236287,15628,2162,58903,0,0,54,23
2021-02-23T23:59:59+01:00,11,16,7463,7224,14881,22844,15281,33287,18293,48062,22138,39053,11991,11887,20243,29831,19068,44548,3625,3646,8881,13936,9615,21077,11632,31469,14589,25795,8345,8765,12344,19749,10804,30604,300061,233454,14828,1498,51318,0,0,53,22
2021-02-22T23:59:59+01:00,10,14,7356,7018,14496,22226,14930,32559,17828,47056,21644,38321,11793,11638,19494,28822,17752,42594,3595,3544,8744,13644,9451,20575,11377,30728,14214,25197,8097,8571,12144,19496,10698,30301,294192,230140,14219,311,47226,0,0,51,22
2021-02-21T23:59:59+01:00,10,14,7266,6893,14173,21780,14509,31976,17412,46404,21205,37827,11686,11536,19331,28609,17505,42259,3556,3504,8660,13521,9375,20359,11306,30436,14093,24928,8035,8509,12088,19389,10627,30138,293048,228300,13847,297,43584,0,0,49,22
2021-02-20T23:59:59+01:00,10,14,7149,6843,14048,21700,14393,31841,17293,46254,21047,37646,11587,11452,18548,27691,16447,40789,3554,3498,8650,13513,9365,20338,11292,30411,14080,24917,8030,8500,12023,19325,10573,30070,288790,227917,13650,296,42393,0,0,49,21
2021-02-19T23:59:59+01:00,8,13,6847,6591,13694,21261,14022,31172,16819,45456,20340,36776,10985,11051,17501,26360,15288,39179,3474,3475,8574,13486,9322,20281,11254,30320,14021,24823,7987,8439,11802,19054,10380,29739,282401,226212,13275,294,37767,0,0,46,20
2021-02-18T23:59:59+01:00,8,13,6450,6116,13067,20117,13382,29798,16003,43584,19467,35197,10754,10832,16909,25605,14711,38296,3288,3338,8239,12946,9028,19531,10902,29277,13652,23995,7782,8130,11215,18101,9883,28589,278824,217677,12693,294,28870,0,0,46,19
2021-02-17T23:59:59+01:00,8,12,6284,5773,12621,19236,12892,28608,15302,41862,18820,33870,10525,10580,16152,24791,13934,37107,3039,3178,7899,12430,8727,18740,10532,28232,13260,23144,7548,7895,10658,17248,9445,27770,274157,209524,11961,292,22331,0,0,46,19
2021-02-16T23:59:59+01:00,8,12,5958,5472,12082,18401,12388,27533,14757,40482,18227,32835,10371,10476,15483,23960,13425,36318,2856,3058,7597,11978,8422,18016,10136,27142,12795,22246,7278,7600,9939,16074,8717,26220,270621,200007,11465,136,16174,0,0,44,19
2021-02-15T23:59:59+01:00,8,12,5852,5291,11786,17757,12121,26750,14409,39488,17878,32065,10245,10366,14922,23304,13064,35779,2766,2977,7404,11655,8203,17509,9834,26297,12445,21562,6997,7314,9238,15016,8202,24938,267516,192337,10862,90,12791,0,0,44,18
2021-02-14T23:59:59+01:00,8,12,5582,5176,11536,17486,11897,26314,14175,39041,17687,31788,10200,10315,14688,22964,12899,35386,2716,2939,7290,11490,8074,17303,9658,25965,12266,21260,6901,7190,9017,14632,8014,24402,266512,189098,9926,88,10789,0,0,42,18
2021-02-13T23:59:59+01:00,8,12,5522,5138,11486,17450,11866,26283,14147,39009,17667,31769,10186,10287,14661,22932,12887,35368,2712,2936,7285,11483,8062,17281,9642,25929,12239,21217,6871,7156,8863,14419,7662,23776,266267,187593,9925,9,10560,0,0,41,17
2021-02-12T23:59:59+01:00,8,11,5005,4820,10915,17086,11548,25731,13828,38365,17337,31125,10075,10179,14477,22718,12807,35259,2662,2903,7191,11325,7961,17050,9492,25536,12022,20771,6689,6923,8501,13857,7070,22436,264570,182451,9914,7,6883,0,0,40,17
2021-02-11T23:59:59+01:00,8,10,4543,4519,10327,16406,11135,24925,13348,37101,16847,30266,9759,9916,14195,22269,12527,34573,2494,2629,6591,10132,7273,15313,8630,22921,10970,18689,6035,6207,7454,12236,6254,20115,261339,164003,8271,4,3139,0,0,36,16
2021-02-10T23:59:59+01:00,8,10,4297,4351,9992,15953,10825,24384,13036,36216,16431,29516,9545,9778,14014,22065,12435,34366,2133,2336,5653,8670,6466,13269,7639,20005,9843,16653,5488,5621,6467,10573,5478,18056,258688,144414,7772,3,837,0,0,34,4
2021-02-09T23:59:59+01:00,8,9,4233,4253,9869,15685,10715,23982,12863,35596,16219,29042,9366,9640,13819,21855,12293,34144,1737,1981,4872,7401,5693,11476,6720,17490,8755,14657,4909,4991,5417,9020,4747,15958,256240,125884,6994,1,432,0,0,33,4
2021-02-08T23:59:59+01:00,8,9,4199,4198,9775,15473,10607,23622,12744,35135,16078,28684,9274,9573,13617,21570,12184,33951,1572,1786,4314,6404,5031,9900,5898,14963,7732,12800,4349,4458,4428,7432,3984,13878,253867,108984,6480,1,426,0,0,33,4
2021-02-07T23:59:59+01:00,8,9,4034,4131,9619,15337,10505,23458,12665,34872,15966,28490,9233,9528,13471,21386,12110,33808,1357,1539,3894,5730,4615,9021,5472,13803,7245,11841,4093,4198,4198,7038,3824,13282,252769,101203,5934,1,0,0,0,30,3
2021-02-06T23:59:59+01:00,8,9,4025,4122,9608,15321,10492,23422,12643,34822,15949,28433,9213,9514,13453,21351,12005,33610,1205,1343,3661,5423,4429,8596,5252,13213,6965,11283,3956,4061,4072,6889,3545,12824,252424,96768,5649,1,0,0,0,30,2
2021-02-05T23:59:59+01:00,8,8,3952,4054,9536,15178,10425,23171,12558,34452,15834,28152,9129,9440,13380,21276,11655,33013,1064,1114,3380,4978,4169,8016,4935,12432,6579,10554,3695,3815,3909,6658,3039,11934,250536,90319,4756,0,0,0,0,30,2
2021-02-04T23:59:59+01:00,8,8,3894,3930,9415,14861,10248,22623,12370,33656,15618,27590,9006,9330,13154,20983,11540,32809,800,781,2556,3725,3234,6272,3982,9883,5253,8339,3013,3102,3290,5680,2651,10445,246585,73041,4531,0,0,0,0,28,2
2021-02-03T23:59:59+01:00,8,8,3825,3858,9312,14638,10144,22287,12238,33148,15468,27173,8897,9215,13012,20806,11466,32643,664,613,1928,2810,2500,4843,3009,7589,4019,6289,2200,2235,2403,4210,1924,7828,243860,55093,4359,0,0,0,0,28,2
2021-02-02T23:59:59+01:00,8,8,3757,3763,9212,14445,10045,21906,12096,32584,15266,26720,8772,9101,12889,20595,11384,32379,528,486,1458,2075,1911,3643,2262,5771,2998,4700,1557,1537,1640,2773,1338,5209,240644,39906,4357,0,0,0,0,28,2
2021-02-01T23:59:59+01:00,7,8,3717,3673,9133,14215,9939,21521,11957,31948,15081,26216,8652,8954,12781,20452,11333,32203,393,352,1015,1432,1261,2426,1475,3780,1862,2977,986,980,972,1694,769,3022,237506,25405,4357,0,0,0,0,26,2
2021-01-31T23:59:59+01:00,7,8,3699,3638,9079,14107,9870,21317,11891,31651,14977,26019,8596,8895,12730,20341,11288,32074,363,331,893,1242,1071,2053,1273,3228,1629,2610,888,888,868,1510,698,2716,236017,22268,4242,0,0,0,0,25,2
2021-01-30T23:59:59+01:00,7,8,3698,3635,9069,14094,9856,21294,11878,31631,14965,26005,8592,8890,12661,20272,11221,31997,346,307,833,1158,1014,1929,1209,3038,1554,2473,860,862,849,1470,683,2663,235696,21254,4149,0,0,0,0,25,2
2021-01-29T23:59:59+01:00,7,8,3638,3620,9008,14064,9827,21242,11846,31556,14917,25937,8568,8867,12474,20047,11041,31754,279,224,712,985,870,1569,1054,2648,1343,2148,770,770,800,1415,665,2610,234476,18866,4020,0,0,0,0,22,2
2021-01-28T23:59:59+01:00,7,8,3520,3534,8803,13678,9607,20729,11614,30975,14590,25439,8431,8765,12037,19426,10685,31173,132,57,293,360,378,611,462,1148,612,964,407,426,469,814,382,1580,229687,9098,3411,0,0,0,0,20,1
2021-01-27T23:59:59+01:00,7,8,3289,3399,8510,13262,9306,20105,11231,30140,14203,24703,8215,8554,11486,18619,10260,30409,80,33,202,222,244,415,307,801,433,662,309,312,349,607,287,1158,222977,6423,2800,0,0,0,0,20,1
2021-01-26T23:59:59+01:00,6,8,3123,3301,8228,12925,9043,19535,10926,29383,13806,24070,7979,8332,10908,17703,9612,29257,75,29,187,212,228,381,291,750,402,601,294,286,322,544,260,1028,216258,5892,1957,0,0,0,0,20,1
2021-01-25T23:59:59+01:00,6,8,3035,3207,7945,12443,8753,18829,10540,28381,13325,23306,7697,8131,10289,16886,9156,28356,67,21,167,191,194,325,252,630,350,496,257,241,268,467,211,840,209953,4979,410,0,0,0,0,18,1
2021-01-24T23:59:59+01:00,6,8,2991,3186,7860,12365,8679,18704,10431,28221,13196,23123,7654,8095,10224,16774,9108,28260,66,20,163,187,192,311,249,609,341,482,248,237,266,460,207,825,208647,4865,307,0,0,0,0,18,1
2021-01-23T23:59:59+01:00,6,8,2990,3185,7859,12362,8675,18694,10429,28207,13190,23118,7647,8092,10100,16608,8780,27673,65,20,163,187,191,310,247,609,339,482,248,237,266,460,207,823,207388,4856,305,0,0,0,0,17,1
2021-01-22T23:59:59+01:00,6,8,2928,3139,7735,12249,8592,18552,10319,28036,13109,23003,7617,8058,9902,16305,8262,26649,65,20,162,187,191,310,247,609,338,482,248,237,266,460,207,823,204236,4854,304,0,0,0,0,16,1
2021-01-21T23:59:59+01:00,6,8,2846,2969,7236,11335,8107,17405,9783,26409,12502,21787,7335,7733,9265,15358,7744,25599,59,18,147,173,174,279,221,533,301,442,222,210,235,380,177,691,193190,4264,304,0,0,0,0,16,1
2021-01-20T23:59:59+01:00,6,8,2487,2622,6355,9923,7360,15449,8829,23579,11391,19714,6733,7081,8168,13590,6929,23377,57,18,146,168,171,277,213,519,289,420,210,203,229,355,163,653,173359,4093,301,0,0,0,0,16,1
2021-01-19T23:59:59+01:00,6,8,2047,2267,5455,8535,6500,13558,7808,20793,10123,17480,5977,6200,6783,11404,5907,20324,41,11,97,124,115,172,150,356,190,292,133,115,141,237,114,486,151005,2774,220,0,0,0,0,16,1
2021-01-18T23:59:59+01:00,5,8,1774,1977,4699,7151,5545,11318,6609,17195,8694,14764,5093,5317,5397,9151,4834,16842,22,6,38,46,52,80,66,162,76,146,59,54,66,131,62,220,126323,1286,96,0,0,0,0,16,1
2021-01-17T23:59:59+01:00,4,8,1499,1687,4186,6356,5036,10186,6072,15625,8052,13499,4753,4967,5024,8477,4505,15833,8,2,8,15,15,29,20,51,29,56,23,23,20,31,13,47,115718,389,91,0,0,0,0,15,1
2021-01-16T23:59:59+01:00,4,7,1332,1484,3969,6035,4856,9746,5813,14960,7722,12806,4563,4739,4811,8201,4150,15229,0,0,0,1,1,3,1,1,2,2,0,1,1,0,0,1,110457,13,8,0,0,0,0,14,1
2021-01-15T23:59:59+01:00,4,7,1181,1258,3715,5613,4602,9181,5522,14119,7314,12007,4271,4445,4624,7893,3614,14183,0,0,0,0,0,0,0,0,1,0,0,0,0,0,0,0,103584,0,4,0,0,0,0,14,1
2021-01-14T23:59:59+01:00,3,4,907,945,2969,4424,3737,7364,4578,11373,5918,9659,3469,3576,3883,6664,3127,12365,0,0,0,0,0,0,0,0,1,0,0,0,0,0,0,0,84989,0,0,0,0,0,0,14,1
2021-01-13T23:59:59+01:00,3,3,772,791,2496,3692,3153,6140,3805,9431,4824,7781,2596,2663,2934,5081,2394,9459,0,0,0,0,0,0,0,0,1,0,0,0,0,0,0,0,68037,0,0,0,0,0,0,13,1
2021-01-12T23:59:59+01:00,2,3,640,660,2089,3028,2596,4988,3046,7591,3804,6113,1864,1842,2007,3445,1695,6461,0,0,0,0,0,0,0,0,1,0,0,0,0,0,0,0,51900,0,0,0,0,0,0,1,1
2021-01-11T23:59:59+01:00,1,1,496,524,1741,2451,2083,3986,2359,5768,2824,4432,1199,1140,1203,2023,934,3678,0,0,0,0,0,0,0,0,1,0,0,0,0,0,0,0,36864,0,0,0,0,0,0,1,1
2021-01-10T23:59:59+01:00,1,1,440,455,1480,2026,1743,3263,1950,4783,2348,3714,1057,1015,1058,1776,833,3225,0,0,0,0,0,0,0,0,1,0,0,0,0,0,0,0,31180,0,0,0,0,0,0,1,1
2021-01-09T23:59:59+01:00,1,1,408,410,1356,1849,1598,2973,1796,4334,2163,3383,982,944,999,1722,815,3182,0,0,0,0,0,0,0,0,1,0,0,0,0,0,0,0,28926,0,0,0,0,0,0,1,1
2021-01-08T23:59:59+01:00,1,1,311,281,1107,1505,1320,2304,1477,3554,1793,2766,848,836,911,1599,767,3027,0,0,0,0,0,0,0,0,1,0,0,0,0,0,0,0,24416,0,0,0,0,0,0,1,1
2021-01-07T23:59:59+01:00,1,0,146,76,398,507,481,789,596,1369,783,1206,467,483,562,963,466,1912,0,0,0,0,0,0,0,0,1,0,0,0,0,0,0,0,11208,0,0,0,0,0,0,0,1
2021-01-06T23:59:59+01:00,1,0,111,44,268,285,308,513,400,928,533,826,359,363,425,749,359,1445,0,0,0,0,0,0,0,0,1,0,0,0,0,0,0,0,7920,0,0,0,0,0,0,0,1
2021-01-05T23:59:59+01:00,1,0,87,31,189,230,241,427,321,818,450,704,343,347,408,716,352,1391,0,0,0,0,0,0,0,0,1,0,0,0,0,0,0,0,7059,0,0,0,0,0,0,0,1
2021-01-04T23:59:59+01:00,1,0,69,25,172,193,199,334,257,635,356,512,268,254,288,518,235,933,0,0,0,0,0,0,0,0,1,0,0,0,0,0,0,0,5251,0,0,0,0,0,0,0,1
2021-01-03T23:59:59+01:00,1,0,67,21,166,188,194,319,255,620,346,495,260,252,284,505,233,916,0,0,0,0,0,0,0,0,1,0,0,0,0,0,0,0,5124,0,0,0,0,0,0,0,1
2021-01-02T23:59:59+01:00,1,0,67,21,166,188,194,319,252,620,343,495,260,252,284,505,233,915,0,0,0,0,0,0,0,0,1,0,0,0,0,0,0,0,5117,0,0,0,0,0,0,0,1
2021-01-01T23:59:59+01:00,1,0,66,21,165,188,194,318,251,620,340,493,260,252,284,504,233,915,0,0,0,0,0,0,0,0,1,0,0,0,0,0,0,0,5107,0,0,0,0,0,0,0,1
2020-12-31T23:59:59+01:00,1,0,66,21,165,186,194,317,250,619,339,492,260,252,284,504,233,915,0,0,0,0,0,0,0,0,1,0,0,0,0,0,0,0,5100,0,0,0,0,0,0,0,1
2020-12-30T23:59:59+01:00,1,0,65,21,165,185,192,314,250,617,339,490,260,252,284,504,232,915,0,0,0,0,0,0,0,0,1,0,0,0,0,0,0,0,5088,0,0,0,0,0,0,0,1
2020-12-29T23:59:59+01:00,1,0,46,12,117,140,143,212,182,443,239,376,179,164,196,375,171,715,0,0,0,0,0,0,0,0,1,0,0,0,0,0,0,0,3712,0,0,0,0,0,0,0,1
2020-12-28T23:59:59+01:00,1,0,25,8,64,77,80,122,101,252,119,231,98,93,103,200,103,388,0,0,0,0,0,0,0,0,1,0,0,0,0,0,0,0,2066,0,0,0,0,0,0,0,1
2020-12-27T23:59:59+01:00,0,0,12,3,17,26,36,47,36,89,38,94,32,29,40,73,32,145,0,0,0,0,0,0,0,0,0,0,0,0,0,0,0,0,749,0,0,0,0,0,0,0,0
