Datum,<15_m,<15_w,15-24_1_m,15-24_1_w,25-34_1_m,25-34_1_w,35-44_1_m,35-44_1_w,45-54_1_m,45-54_1_w,55-64_1_m,55-64_1_w,65-74_1_m,65-74_1_w,75-84_1_m,75-84_1_w,>84_1_m,>84_1_w,<24_2_m,<24_2_w,25-34_2_m,25-34_2_w,35-44_2_m,35-44_2_w,45-54_2_m,45-54_2_w,55-64_2_m,55-64_2_w,65-74_2_m,65-74_2_w,75-84_2_m,75-84_2_w,>84_2_m,>84_2_w,bp_1,bp_2,mo_1,mo_2,az_1,az_2,ja,unb_1,unb_2
2021-09-03T23:59:59+02:00,33923,31632,267648,257329,374862,345075,391727,384380,456332,465589,509909,511449,348887,389489,244704,313389,71994,131845,241039,232173,351348,319766,370825,360300,435218,441217,489744,490894,338068,377090,237257,303135,69140,125844,3942526,3716663,518384,494146,807818,760428,262024,489,393
2021-09-02T23:59:59+02:00,33573,31315,266622,256490,374036,344275,391008,383656,455675,464984,509387,511043,348630,389244,244584,313227,71974,131780,240050,231400,350493,319029,370109,359622,434535,440619,489190,490452,337829,376843,237163,303008,69120,125796,3936870,3711775,518119,493721,807783,760113,259320,489,393
2021-09-01T23:59:59+02:00,33252,30951,265793,255673,373302,343614,390496,383126,455215,464520,509005,510704,348454,389053,244502,313112,71950,131721,238986,230366,349666,318220,369450,358948,433944,440040,488691,489991,337608,376596,237044,302859,69098,125746,3931551,3705248,517944,493215,807755,759905,257782,489,392
2021-08-31T23:59:59+02:00,32868,30629,264969,254823,372610,342944,389959,382579,454731,464054,508574,510352,348264,388866,244408,312969,71919,131684,238091,229539,348903,317544,368830,358344,433418,439571,488200,489610,337410,376399,236960,302723,69068,125693,3926336,3700358,517755,492834,807729,759496,255970,489,392
2021-08-30T23:59:59+02:00,32327,30151,263687,253665,371627,342043,389149,381775,453987,463354,508015,509863,348038,388654,244315,312819,71883,131617,236948,228577,347920,316671,368055,357620,432726,439003,487650,489111,337166,376165,236839,302549,69031,125619,3918986,3694498,517640,492397,807685,759246,253245,489,392
2021-08-29T23:59:59+02:00,32140,29963,263126,253171,371158,341633,388772,381448,453695,463069,507787,509641,347943,388546,244266,312755,71873,131593,236241,227953,347321,316133,367563,357161,432306,438636,487345,488854,337029,376013,236779,302478,69014,125595,3915947,3690695,517525,492002,807658,758994,252035,489,392
2021-08-28T23:59:59+02:00,32051,29871,262903,252994,370984,341481,388618,381328,453572,462954,507714,509591,347920,388525,244255,312743,71872,131590,235925,227697,347078,315943,367347,356999,432125,438476,487223,488762,336989,375974,236759,302453,69013,125591,3914924,3689143,517485,491889,807652,758969,251491,489,392
2021-08-27T23:59:59+02:00,31824,29623,262254,252430,370478,340973,388151,380886,453126,462562,507352,509314,347793,388393,244198,312659,71854,131570,235327,227208,346478,315451,366883,356582,431685,438129,486927,488520,336860,375860,236708,302392,69004,125584,3911177,3686008,517417,491678,807588,758913,249843,489,392
2021-08-26T23:59:59+02:00,31449,29239,261263,251459,369645,340168,387410,380156,452454,461897,506817,508838,347563,388140,244075,312544,71825,131509,233884,225876,345277,314293,365809,355607,430831,437352,486284,487956,336586,375554,236550,302228,68977,125540,3905091,3677911,517177,491045,807541,758561,247226,489,392
2021-08-25T23:59:59+02:00,31093,28911,260363,250617,368911,339411,386769,379469,451830,461314,506275,508396,347334,387891,243955,312388,71790,131443,231896,224053,343830,312921,364655,354435,429851,436407,485506,487252,336218,375173,236406,301998,68934,125456,3899512,3666265,517052,490638,807513,758413,244668,488,390
2021-08-24T23:59:59+02:00,30796,28657,259652,249864,368321,338798,386244,378912,451361,460826,505883,508044,347132,387676,243848,312231,71763,131373,230708,223009,342884,312015,363884,353702,429193,435775,484956,486716,335949,374871,236277,301841,68911,125393,3894795,3659230,516767,490199,807495,758113,242909,488,385
2021-08-23T23:59:59+02:00,30282,28137,258273,248566,367300,337891,385420,378136,450591,460153,505243,507484,346857,387397,243710,312043,71736,131315,229239,221706,341583,310965,362941,352858,428342,435037,484266,486152,335651,374542,236145,301656,68885,125334,3887465,3651941,516625,489731,807461,757835,239567,488,385
2021-08-22T23:59:59+02:00,30143,28025,257871,248204,366956,337571,385151,377874,450359,459912,505061,507340,346765,387304,243671,311985,71720,131289,228527,221041,340906,310315,362412,352364,427914,434635,483948,485892,335493,374367,236083,301554,68866,125298,3885297,3647627,516486,489277,807422,757540,238580,488,385
2021-08-21T23:59:59+02:00,29896,27822,257380,247746,366645,337254,384900,377618,450156,459739,504914,507203,346712,387248,243649,311947,71717,131280,227789,220391,340429,309921,362017,351963,427550,434330,483721,485703,335410,374301,236057,301511,68860,125286,3882780,3644691,516346,488082,807415,757484,237869,488,385
2021-08-20T23:59:59+02:00,29708,27625,256725,247091,365911,336638,384235,377098,449567,459249,504447,506886,346571,387093,243594,311852,71701,131247,225995,218789,339038,308748,360912,351015,426605,433539,483009,485158,335172,374054,235957,301393,68836,125257,3879357,3636542,516030,486935,807403,757118,235031,488,385
2021-08-19T23:59:59+02:00,29383,27316,255765,246255,364939,335869,383469,376417,448861,458632,503895,506408,346337,386836,243487,311706,71669,131176,223253,216368,336751,306939,359223,349551,425219,432283,481864,484207,334759,373633,235766,301154,68802,125187,3873979,3622313,515678,485184,807372,756652,231974,487,385
2021-08-18T23:59:59+02:00,29103,27058,254974,245557,364252,335268,382901,375850,448273,458146,503425,506007,346070,386600,243370,311560,71638,131111,220802,213862,334718,305190,357599,347912,423713,430970,480732,483182,334248,373090,235538,300865,68755,125095,3868954,3609179,515507,481298,807348,756277,229936,487,385
2021-08-17T23:59:59+02:00,28792,26783,254194,244854,363647,334605,382350,375312,447801,457678,503002,505595,345874,386396,243256,311432,71612,131060,218056,211124,332656,303367,355924,346456,422291,429713,479616,482206,333772,372555,235312,300584,68705,125021,3864051,3594258,515209,478530,807321,755847,228242,487,384
2021-08-16T23:59:59+02:00,28511,26526,253510,244216,363083,334058,381893,374858,447373,457243,502591,505232,345693,386192,243161,311272,71581,131021,214906,208072,330380,301270,354419,345020,421097,428590,478677,481372,333391,372123,235130,300315,68667,124935,3859725,3577012,515058,477833,807298,755500,226512,487,384
2021-08-15T23:59:59+02:00,28318,26366,253029,243779,362667,333679,381542,374527,447080,456995,502356,505044,345583,386079,243114,311192,71570,131000,210912,204029,328500,299666,353168,343813,420083,427661,477898,480719,333061,371791,235012,300140,68643,124885,3856952,3559505,514924,476925,807265,755178,225358,487,383
2021-08-14T23:59:59+02:00,28253,26311,252789,243581,362438,333505,381368,374379,446925,456867,502241,504938,345534,386047,243096,311169,71567,130996,209846,202934,327695,298906,352457,343144,419593,427204,477515,480399,332922,371664,234974,300083,68634,124868,3855797,3552864,514854,476562,807261,755103,224671,487,383
2021-08-13T23:59:59+02:00,28003,26071,252093,242999,361944,333082,380937,373954,446493,456508,501906,504683,345406,385898,243032,311095,71555,130968,207972,201157,326278,297602,351199,341962,418551,426269,476767,479764,332681,371376,234862,299941,68616,124816,3852029,3540991,514784,475966,807251,754913,223148,481,383
2021-08-12T23:59:59+02:00,27808,25848,251373,242369,361333,332504,380414,373479,445966,456073,501491,504337,345226,385700,242932,310993,71543,130920,205390,198898,323404,295084,349200,340179,417055,425037,475554,478709,332242,370850,234618,299665,68576,124734,3848140,3523691,514599,474804,807217,753891,220937,481,383
2021-08-11T23:59:59+02:00,27576,25599,250652,241690,360721,331936,379897,373006,445512,455657,501087,503915,345002,385463,242819,310861,71516,130869,202357,195923,320230,292158,347036,338120,415564,423637,474279,477426,331707,370216,234372,299266,68528,124613,3843377,3501938,514387,473742,807178,752956,219420,481,382
2021-08-10T23:59:59+02:00,27334,25343,249825,240968,360027,331399,379367,372467,445022,455187,500644,503524,344814,385270,242734,310724,71493,130825,198172,191815,315583,287973,344070,335360,413454,421699,472699,475980,331035,369550,234084,298864,68473,124497,3838367,3471945,514111,472668,807144,751809,217930,480,382
2021-08-09T23:59:59+02:00,27142,25145,249209,240402,359463,330933,378938,372093,444621,454850,500306,503246,344659,385124,242668,310615,71473,130790,193644,187238,309891,283235,341322,332879,411554,419936,471087,474524,330406,368866,233820,298497,68417,124365,3834759,3441682,513934,469927,807116,750725,216453,480,381
2021-08-08T23:59:59+02:00,26973,24991,248733,240004,359079,330588,378603,371813,444330,454601,500068,503056,344554,385021,242608,310537,71456,130757,192306,185880,308279,281911,340022,331735,410695,419186,470528,474015,330151,368601,233698,298332,68392,124315,3832270,3432677,513784,468574,807066,750250,215237,480,381
2021-08-07T23:59:59+02:00,26824,24818,248212,239554,358686,330258,378269,371534,444037,454366,499843,502883,344483,384928,242573,310488,71448,130746,188647,182295,306239,280066,338309,330220,409368,417929,469605,473227,329801,368231,233568,298144,68358,124279,3829437,3413130,513677,467245,807056,750036,214365,480,378
2021-08-06T23:59:59+02:00,26603,24584,247346,238895,357914,329656,377607,370960,443386,453846,499313,502498,344248,384724,242475,310373,71437,130724,184918,178757,302791,277277,336192,328396,407773,416600,468312,472266,329423,367847,233408,297990,68334,124233,3826896,3393910,512334,465524,807046,748945,210898,480,377
2021-08-05T23:59:59+02:00,26283,24262,246178,237967,357029,328800,376801,370244,442656,453177,498652,501965,343968,384426,242361,310199,71396,130662,180460,174820,297429,272901,332094,324859,404981,414123,466069,470485,328756,367148,233147,297622,68275,124123,3820634,3366126,512078,460836,806986,745250,207912,480,377
2021-08-04T23:59:59+02:00,25910,23919,245036,236982,356042,327896,376030,369535,442037,452581,498083,501445,343696,384159,242242,310029,71370,130592,176998,171525,293677,269778,327692,320964,402735,412036,464372,468940,328067,366453,232876,297275,68217,124022,3814195,3339054,511732,459080,806952,743504,205294,472,376
2021-08-03T23:59:59+02:00,25445,23499,243674,235803,355149,327073,375330,368854,441391,451925,497492,500915,343406,383861,242116,309854,71327,130525,173522,168087,289586,266146,322593,316369,400000,409487,462052,466852,327241,365594,232529,296811,68151,123885,3806308,3307071,511573,457213,806915,741435,203431,472,376
2021-08-02T23:59:59+02:00,25128,23192,242626,234848,354306,326322,374638,368263,440828,451387,496975,500468,343146,383587,242001,309704,71301,130466,169890,164498,284902,262194,316738,311428,397257,406941,459825,464865,326470,364762,232235,296414,68089,123768,3800008,3273687,511327,455251,806859,738909,201579,472,375
2021-08-01T23:59:59+02:00,24976,23005,241999,234248,353714,325820,374204,367880,440395,451068,496630,500191,343009,383424,241926,309587,71288,130439,168344,163054,282422,260206,312113,307714,395403,405371,458353,463620,326045,364282,232069,296198,68062,123709,3796375,3255835,511018,453122,806772,736466,200223,472,373
2021-07-31T23:59:59+02:00,24867,22900,241657,233931,353436,325599,373967,367714,440208,450917,496524,500092,342976,383387,241906,309574,71287,130434,164581,159218,279602,257669,310031,305724,394008,404089,457205,462632,325727,363906,231935,296026,68036,123663,3794781,3232962,510831,452185,806768,735675,199581,472,373
2021-07-30T23:59:59+02:00,24580,22643,240867,233220,352864,325072,373483,367252,439751,450518,496166,499802,342838,383248,241862,309495,71274,130418,160842,155456,276206,254568,307011,302914,391784,401982,455366,461053,325219,363379,231726,295734,68003,123607,3790727,3207939,510474,450986,806751,732485,197986,472,373
2021-07-29T23:59:59+02:00,24233,22305,239330,231954,351709,324002,372522,366346,438903,449729,495359,499178,342508,382938,241727,309315,71237,130354,155998,150987,270834,250394,301116,298146,387444,398507,452320,458655,324386,362538,231416,295327,67942,123509,3783190,3174112,509806,446146,806669,727389,194568,472,373
2021-07-28T23:59:59+02:00,23932,22020,238183,230922,350830,323167,371780,365664,438275,449069,494794,498691,342256,382642,241597,309132,71203,130283,152245,147346,266352,246750,296687,294202,384183,395663,450238,456814,323730,361783,231155,294943,67877,123386,3776503,3143471,509276,444229,806590,724759,192656,471,372
2021-07-27T23:59:59+02:00,23663,21796,237177,229956,349989,322431,371087,365078,437693,448457,494268,498235,342015,382341,241464,308939,71168,130185,147226,142227,260441,241616,291392,289449,380175,391972,447066,454015,322749,360686,230792,294440,67787,123230,3770252,3101954,508730,441936,806534,721024,191012,470,371
2021-07-26T23:59:59+02:00,23431,21559,236208,228988,349210,321731,370493,364533,437138,447973,493818,497871,341787,382102,241337,308783,71145,130128,142880,137840,254900,236834,286226,284979,375718,388023,443554,450991,321798,359723,230465,293962,67713,123093,3764623,3062582,508104,439685,806455,716678,189635,470,371
2021-07-25T23:59:59+02:00,23073,21258,234867,227836,348272,320970,369818,363877,436566,447435,493364,497469,341591,381889,241250,308653,71124,130064,141034,136092,252225,234622,283732,282891,373585,386254,441483,449215,321291,359212,230267,293734,67688,123017,3757585,3047643,507728,437512,806392,712331,188252,470,371
2021-07-24T23:59:59+02:00,22824,21063,233940,226978,347554,320320,369246,363355,436038,446998,493003,497192,341474,381792,241208,308591,71121,130053,138140,133293,249493,232302,281171,280686,371330,384399,440247,448232,320944,358876,230123,293556,67669,122983,3753585,3029321,506960,434506,806376,711994,186409,470,371
2021-07-23T23:59:59+02:00,22408,20677,232439,225643,346236,319389,368204,362496,435162,446213,492306,496661,341239,381522,241119,308478,71100,130017,132665,128452,244129,228010,276700,276905,367643,381210,437602,446035,320246,358155,229869,293246,67615,122902,3746155,2993842,506489,432735,806321,709858,182921,470,370
2021-07-22T23:59:59+02:00,21904,20201,230340,223674,344493,317854,366703,361210,433851,445073,491329,495768,340819,381074,240950,308234,71055,129937,128326,124406,238139,223506,270323,271848,360760,375723,432148,441539,319077,356904,229442,292729,67521,122751,3733754,2951849,504902,426759,806196,703550,180189,470,370
2021-07-21T23:59:59+02:00,21397,19682,228461,221861,342802,316330,365085,359642,432278,443690,490109,494604,340270,380553,240703,307950,71002,129842,124571,120845,232690,219273,264807,267327,352636,368803,427550,437802,317961,355755,228982,292165,67440,122572,3722797,2916413,501152,415893,805973,698773,176907,470,367
2021-07-20T23:59:59+02:00,21094,19403,226994,220393,341572,315169,364124,358772,431424,442903,489394,493965,339931,380185,240558,307729,70975,129753,120239,116616,226346,214105,258985,262161,345527,362704,422862,433498,316869,354501,228569,291583,67345,122391,3713537,2872700,500746,408683,805843,694388,174778,470,366
2021-07-19T23:59:59+02:00,20778,19108,225268,218706,340265,313921,363094,357800,430618,442133,488724,493352,339635,379824,240409,307498,70931,129655,117491,114021,221974,210516,254378,258209,341817,359534,420248,431322,316149,353774,228278,291193,67272,122267,3703005,2847715,500328,403306,805754,690072,173197,470,366
2021-07-18T23:59:59+02:00,20625,18977,223981,217439,338663,312501,362034,356886,429810,441414,488189,492810,339404,379539,240280,307321,70909,129593,116001,112640,219333,208343,252027,256119,339573,357689,418222,429635,315670,353291,228118,290975,67251,122200,3693604,2835464,499789,399040,805680,686381,171865,470,364
2021-07-17T23:59:59+02:00,20232,18556,222829,216386,338086,311965,361449,356375,429293,440966,487777,492523,339300,379422,240238,307266,70906,129583,113933,110540,216878,206042,249569,253930,337151,355557,416777,428375,315336,352902,227983,290808,67227,122160,3688060,2817989,499586,396320,805667,685596,170404,467,364
2021-07-16T23:59:59+02:00,19689,18043,220280,214244,336348,310673,359947,355087,427827,439762,486679,491662,338896,379053,240065,307108,70881,129546,110821,107739,212115,202113,245038,250293,332858,351861,413432,425656,314417,351976,227633,290392,67173,122078,3677870,2790322,498829,393970,805506,681783,164146,467,363
2021-07-15T23:59:59+02:00,19047,17417,217499,211820,334441,308973,358362,353651,426496,438582,485740,490813,338498,378627,239863,306853,70839,129442,106920,104531,203765,195878,237555,244695,326267,346635,406372,419226,312689,350171,227090,289726,67102,121880,3662852,2743847,498228,385548,805387,674365,161052,467,363
2021-07-14T23:59:59+02:00,18202,16692,215065,209500,332751,307444,356963,352315,425281,437383,484714,489859,338046,378165,239625,306541,70785,129356,103319,101204,197297,190724,231850,240034,321980,343162,402203,415601,311380,348860,226687,289168,67021,121726,3647955,2710308,497665,379987,805259,667572,158361,466,360
2021-07-13T23:59:59+02:00,17552,16034,212876,207476,331150,306072,355630,351096,424111,436297,483753,489000,337611,377692,239422,306296,70750,129264,99566,97671,190818,185331,224724,233979,315310,337103,393819,407753,309593,346938,226086,288381,66912,121528,3634143,2667591,497107,367321,805103,658112,156280,464,354
2021-07-12T23:59:59+02:00,16535,15102,209598,204297,329089,304346,354054,349629,422870,435097,482777,488100,337196,377224,239243,306067,70710,129187,96473,94955,185541,181041,217748,228308,308481,331073,388725,403482,307871,345076,225497,287649,66813,121359,3615701,2629341,496551,360191,804925,649706,154494,463,352
2021-07-11T23:59:59+02:00,16027,14627,208243,203028,328354,303635,353393,349007,422308,434596,482333,487759,337009,377021,239183,305962,70689,129147,95055,93670,182776,178735,214757,226025,305795,328922,385900,401097,305406,342454,225119,287180,66760,121261,3609490,2614388,495913,358204,804798,639226,152673,458,351
2021-07-10T23:59:59+02:00,15553,14168,206398,201248,326895,302376,352260,348035,421583,434003,481859,487361,336841,376856,239117,305876,70679,129127,93757,92399,180249,176627,211724,223541,303278,326762,384738,400062,304759,341784,224939,286992,66744,121234,3600914,2597598,495283,357975,804561,637476,150026,457,351
2021-07-09T23:59:59+02:00,15230,13889,204493,199409,325290,300928,351191,347077,420681,433291,481290,486885,336636,376635,239020,305756,70663,129093,90972,89675,176721,173403,207383,219394,298258,322160,381299,397087,303665,340559,224636,286624,66707,121170,3591782,2568632,494419,355916,804370,629886,147430,457,350
2021-07-08T23:59:59+02:00,14765,13461,201003,196424,321976,298261,348822,345094,418973,431842,479856,485819,336199,376192,238843,305510,70618,129018,86670,85913,169478,167757,199260,213003,290893,316058,374364,390886,300955,337649,223865,285691,66590,120912,3576456,2522494,490368,347272,803851,619542,142542,457,350
2021-07-07T23:59:59+02:00,14264,13007,197269,192565,318814,295404,346518,343053,417416,430374,478661,484720,335723,375631,238654,305239,70581,128913,82990,82472,162189,162055,190231,205836,282922,309503,367343,384080,297652,334050,222964,284591,66452,120666,3555202,2474581,489006,333855,803468,609564,139667,456,348
2021-07-06T23:59:59+02:00,13805,12635,193837,189185,315558,292673,344042,340764,415696,428814,477397,483587,335222,375076,238457,304949,70528,128827,79422,78895,155520,156546,182824,199636,273988,301555,360858,377997,294459,330810,222081,283501,66343,120435,3535360,2422122,485942,326878,803051,600061,137233,455,348
2021-07-05T23:59:59+02:00,13408,12298,189453,184945,311518,289347,341534,338439,414033,427274,476257,482515,334749,374559,238283,304705,70495,128742,76364,76078,150409,152470,178061,195510,267080,295295,354749,372465,291188,327366,221198,282384,66234,120266,3512571,2383106,484786,322389,802561,589706,133167,452,346
2021-07-04T23:59:59+02:00,13230,12141,185614,181080,308890,287326,340224,337371,413155,426495,475676,482029,334528,374306,238193,304581,70469,128689,74181,74211,147323,149921,175736,193472,264640,293237,351644,370263,287888,323978,220619,281719,66179,120147,3500354,2369369,483498,320097,801994,578201,128681,451,344
2021-07-03T23:59:59+02:00,12037,11086,179189,175088,304634,283874,337898,335206,411342,424687,474470,480969,334129,373860,238018,304334,70445,128646,72402,72638,144904,148045,173300,191392,261581,290515,349366,368409,286139,321997,220351,281358,66147,120098,3474022,2353666,482098,319898,801810,573714,122500,451,344
2021-07-02T23:59:59+02:00,10940,9994,175479,171628,302225,281680,336152,333508,410094,423502,473696,480284,333870,373547,237902,304153,70417,128598,69711,69953,140988,144763,168875,187358,255528,285078,344149,363706,282889,318273,219712,280587,66099,120014,3455947,2320505,480622,317114,801624,561139,119988,450,323
2021-07-01T23:59:59+02:00,9848,9067,171815,168199,298192,278399,333667,331246,408302,421929,472601,479323,333451,373086,237701,303881,70370,128520,64837,65238,134691,139439,161603,180859,245284,276236,333364,353938,278114,313006,217860,278334,65920,119701,3433440,2264272,478536,304768,801278,543437,116853,450,321
2021-06-30T23:59:59+02:00,9359,8675,168550,165126,292579,273775,330001,327911,406533,420400,471581,478356,333031,372604,237510,303582,70336,128432,61713,62398,129056,134761,154968,174864,235246,267100,319978,340679,272911,307471,215971,276015,65752,119383,3408384,2209334,476374,291967,800984,524619,113106,449,319
2021-06-29T23:59:59+02:00,8823,8152,164760,161354,288052,269524,326446,324617,404436,418322,470042,476945,332446,371968,237259,303228,70281,128323,58929,59411,124118,130361,148956,169344,223410,256420,311433,332329,266455,300290,214004,273561,65549,119038,3380920,2150176,474387,287315,800661,507233,109511,448,316
2021-06-28T23:59:59+02:00,8418,7772,161445,157902,283024,265212,323151,321767,402296,416397,468556,475636,331926,371359,237026,302917,70237,128229,56662,57069,120225,126858,144617,165267,214192,248016,305650,326933,261513,294996,212240,271330,65403,118774,3357032,2114512,470413,278719,800007,490719,106311,448,313
2021-06-27T23:59:59+02:00,8270,7649,159943,156378,280923,263406,321353,320235,400603,415037,467666,474925,331634,371067,236923,302755,70218,128180,55465,55962,118105,125152,142057,163142,210089,244635,302297,324079,257712,291002,209785,268422,65292,118586,3347043,2099093,468341,275239,798959,474601,103315,448,313
2021-06-26T23:59:59+02:00,7118,6553,156680,153039,278818,261522,318947,318003,399413,413886,466967,474223,331364,370784,236817,302598,70194,128150,54918,55378,116774,124003,140636,161907,207845,242633,299767,321669,256180,289344,209452,268012,65265,118516,3327938,2082331,465524,275151,798953,472106,103182,414,283
2021-06-25T23:59:59+02:00,5898,5437,152371,148762,275431,258566,316890,316042,398110,412641,465968,473401,331075,370450,236690,302443,70166,128100,53633,53753,114301,121309,136561,157341,199091,234188,294090,315800,254458,287226,208862,267212,65194,118398,3303003,2039875,464097,273459,798899,465533,102961,414,283
2021-06-24T23:59:59+02:00,5044,4650,147932,144636,270619,254635,312617,312271,395929,410772,464598,472270,330656,369988,236522,302207,70133,128013,50991,51166,109191,116603,129246,150710,187071,223750,282685,305581,249082,281392,207032,264870,64991,117998,3271885,1977920,462098,261705,798731,451790,101291,414,282
2021-06-23T23:59:59+02:00,4824,4443,144772,141524,266928,251484,307376,307475,393436,408429,463195,470955,330129,369370,236293,301898,70085,127908,49051,49087,105398,112696,123585,145036,177189,215094,270731,293606,244477,276588,205700,263174,64830,117638,3244368,1921685,458580,251855,798573,441103,99517,412,281
2021-06-22T23:59:59+02:00,4574,4214,141701,138399,263222,248109,301256,302041,390802,405872,461655,469475,329585,368766,236074,301548,70037,127802,47365,47350,101795,109398,118797,140468,164611,203963,259834,283320,240418,272123,203781,260767,64578,117169,3212350,1863414,456652,244151,798387,430152,98249,410,273
2021-06-21T23:59:59+02:00,4315,3969,138439,135461,258523,244219,296016,297180,387766,403006,460185,468128,329068,368209,235851,301237,69997,127689,46135,46123,99416,107183,116064,137769,158405,198199,252956,276680,235069,266295,199858,256261,64393,116794,3180664,1832472,454617,238639,798180,410400,96298,409,273
2021-06-20T23:59:59+02:00,4171,3851,136934,133957,254293,240751,293440,294944,386375,401693,459395,467385,328844,367928,235739,301105,69977,127627,45018,45205,97165,105398,113796,135785,155377,195666,248656,272617,232071,262770,198871,255008,64312,116668,3163251,1812186,452858,235090,798027,402542,94768,409,267
2021-06-19T23:59:59+02:00,3754,3500,134786,131861,251541,238431,291660,293300,384537,400124,458552,466657,328624,367676,235635,300965,69956,127595,44482,44556,95898,104144,112329,134323,153878,194232,245440,269604,231354,261924,198700,254745,64290,116615,3146916,1796264,450041,233513,798017,402264,94668,409,266
2021-06-18T23:59:59+02:00,2805,2587,131510,128720,248018,235387,287652,289896,382142,397999,457214,465496,328250,367276,235480,300729,69929,127546,43699,43644,94319,102367,110043,131659,150335,190204,238591,262338,229633,259924,198216,254107,64215,116481,3121130,1767003,445611,232992,797990,395575,94393,408,266
2021-06-17T23:59:59+02:00,2571,2364,127804,125434,242008,230953,282437,285511,377360,394016,454894,463665,327660,366557,235238,300374,69864,127433,41461,41821,90269,98898,105157,126916,142476,182533,227208,250961,224437,253997,196567,251956,63955,116062,3086398,1711393,442634,228855,797737,384680,89934,332,258
2021-06-16T23:59:59+02:00,2300,2131,124570,122031,237115,226621,277743,281250,372188,389525,452312,461533,326922,365762,234950,299964,69798,127320,39634,40229,86737,95878,100813,123098,134251,175204,215119,239064,218217,246901,194647,249633,63703,115574,3052934,1651694,437096,223254,797228,376602,87333,330,257
2021-06-15T23:59:59+02:00,1913,1799,119655,117165,231134,221478,272398,276269,367128,384895,449470,459123,326055,364793,234603,299450,69716,127137,38016,38621,83417,92836,96850,119053,127208,168836,202790,227059,212196,240116,192693,247206,63392,115005,3008267,1594492,435170,217421,796665,368934,84623,330,254
2021-06-14T23:59:59+02:00,1651,1524,115602,113007,225907,216569,267037,271296,361845,380154,446358,456532,325274,363938,234291,299062,69654,127017,37035,37734,81140,90751,94146,116538,123099,165092,196199,220573,209088,236611,191559,245735,63174,114616,2966154,1564951,432818,215149,796407,361280,81877,328,253
2021-06-13T23:59:59+02:00,1577,1439,114109,111630,223461,214467,264496,269035,359589,378199,445190,455502,324998,363634,234156,298894,69622,126943,36172,37005,79288,89085,92137,114726,120275,162496,192338,216872,206008,233176,190528,244369,62942,114205,2951169,1550991,430381,207886,796104,353083,79821,328,252
2021-06-12T23:59:59+02:00,1428,1302,111460,108885,221568,212739,263114,267761,358153,376801,444293,454733,324711,363325,234064,298791,69604,126915,35803,36601,78302,87990,90887,113431,118700,160936,188779,213570,204975,232050,189127,242712,62932,114174,2935002,1537854,429402,207877,796085,345700,79691,327,251
2021-06-11T23:59:59+02:00,1280,1166,108919,106372,218676,210118,259452,264573,355020,374073,442578,453261,324277,362875,233927,298585,69577,126860,35130,35490,76299,84620,88653,109905,114598,155795,182088,206130,202879,229682,188524,241944,62870,114077,2910600,1510397,426611,207182,795905,332254,79000,327,250
2021-06-10T23:59:59+02:00,1119,1013,104162,101968,212607,205358,252399,258751,348933,368781,438082,449490,323423,361906,233606,298138,69494,126708,33549,34008,72302,80449,83735,104403,107935,147593,169754,192495,196814,222805,186797,239805,62617,113675,2867003,1463315,419518,205443,795059,305253,74868,325,245
2021-06-09T23:59:59+02:00,971,883,100246,98267,206649,200629,245588,253046,342279,362832,434409,446468,322750,361163,233338,297760,69430,126576,32018,32752,69070,77799,80041,101237,103218,143317,158621,181751,186203,210829,184935,237560,62345,113180,2828044,1409339,410992,201468,794556,293991,70220,298,241
2021-06-08T23:59:59+02:00,789,702,95718,93726,200019,195067,238630,247037,334033,355557,429303,441804,321918,360164,232966,297276,69349,126440,30945,31896,66484,75501,76760,98517,98642,139400,151033,174267,177498,201122,183131,235314,62112,112814,2776100,1370181,405231,196555,793974,283136,65706,298,230
2021-06-07T23:59:59+02:00,631,560,92502,90628,193960,190365,232075,241797,326201,349387,426261,439362,321376,359533,232752,296953,69295,126344,30079,31050,64022,73548,73807,96361,94881,136466,142957,166483,173454,196509,181704,233503,61889,112431,2737128,1343092,399071,193263,793410,272043,60879,296,229
2021-06-06T23:59:59+02:00,593,524,90928,89312,190674,187819,228723,239029,321925,345985,424830,438286,321108,359240,232644,296795,69271,126297,29477,30495,62252,71869,71732,94354,91694,133400,137277,160705,170923,193890,180594,232103,61660,112051,2721727,1331253,391689,183614,792931,261603,58135,294,228
2021-06-05T23:59:59+02:00,513,444,88985,87298,185811,183604,226259,236899,320109,344358,423832,437373,320823,358920,232496,296626,69257,126265,29023,29739,61050,69918,70336,92205,90017,131135,132524,155378,167917,190225,180109,231446,61626,111985,2698252,1307649,391568,183138,792793,256214,57753,293,227
2021-06-04T23:59:59+02:00,413,359,86631,84770,182150,179997,222253,232952,316518,340718,421470,435179,320365,358385,232299,296397,69219,126202,28557,29068,59932,68266,69059,90126,88226,128522,129161,151723,163684,185458,179116,230179,61578,111899,2669003,1288836,387746,182366,792676,246133,57338,293,226
2021-06-03T23:59:59+02:00,320,285,83344,81704,176419,175339,214996,226860,308811,334022,413717,428323,319334,357207,231929,295948,69164,126071,27667,28057,58039,66079,66667,87383,84596,124411,122410,145059,157339,177854,177546,228153,61465,111662,2620091,1259652,377509,177051,792257,233391,54407,291,221
2021-06-02T23:59:59+02:00,271,226,81266,79538,172342,171619,211352,223704,305234,330677,411673,426493,318927,356755,231776,295742,69136,126020,27201,27578,56912,64967,65075,86111,82542,122474,117437,140177,149465,168894,176827,227198,61380,111493,2591346,1227469,376125,175082,792228,229774,53515,288,216
2021-06-01T23:59:59+02:00,172,158,77003,75714,164063,165056,201996,215974,296135,322802,403474,418658,317418,355149,231237,295006,69024,125792,25650,26162,52599,62017,60239,82822,77130,117973,110010,132968,138369,155492,174726,224463,61170,111066,2532683,1177349,364486,170971,791467,217995,46640,286,211
2021-05-31T23:59:59+02:00,150,141,74258,73237,158406,160742,194690,210009,288748,316424,397736,413695,316424,354040,230852,294486,68934,125621,24737,25104,49976,59802,57072,80287,73527,114696,105515,128525,134224,150591,173361,222743,61000,110734,2492283,1154931,355095,168639,790836,207601,40815,285,209
2021-05-30T23:59:59+02:00,139,133,73208,72171,155930,158712,192067,207656,285968,313907,395851,411954,316062,353629,230691,294250,68896,125541,24135,24317,48386,58074,55332,78432,71301,112132,102859,125662,132072,148066,172568,221807,60907,110523,2476469,1145162,352576,167333,790208,196224,37945,284,205
2021-05-29T23:59:59+02:00,136,131,72598,71579,154419,157311,189768,205625,284128,312320,395014,411182,315841,353384,230611,294172,68885,125523,23813,23792,47468,56578,53993,76556,69377,109287,100543,122862,129269,144646,171916,220899,60880,110471,2462576,1131558,352416,167268,790141,185688,37925,284,204
2021-05-28T23:59:59+02:00,132,128,71511,70461,152028,155054,186111,202087,280859,309185,393156,409416,315435,352882,230464,293957,68866,125466,23282,22790,45860,54450,52167,73998,67336,105334,96218,116969,124896,139595,170941,219591,60834,110357,2438777,1108949,351367,167055,789932,171155,37546,283,201
2021-05-27T23:59:59+02:00,121,118,68199,67446,145544,150117,177923,195836,274474,304030,386841,403735,314175,351438,230005,293427,68795,125284,21961,21106,42607,51399,48290,70178,62785,99321,89866,109456,120968,134975,168144,215890,60661,110044,2394223,1080521,343751,164313,788124,151079,31819,283,197
2021-05-26T23:59:59+02:00,117,115,66047,65269,140592,146034,171826,190771,267723,298363,380103,397047,312658,349836,229519,292731,68693,125073,21220,20190,40786,49262,45937,67446,59749,95530,85275,104344,115988,129257,164355,210556,60452,109617,2356962,1048615,330554,162737,786313,139603,29088,282,196
2021-05-25T23:59:59+02:00,116,108,64016,63280,136390,142546,166776,186481,260659,292086,374681,391662,311380,348431,229115,292088,68609,124896,20642,19527,39387,47744,44103,65431,57276,92530,81196,99969,111054,123571,158820,203316,60282,109313,2319445,1017105,323047,159314,783774,130374,27451,278,190
2021-05-24T23:59:59+02:00,113,106,62775,62067,133635,140443,163494,184068,253709,286098,369750,386990,310553,347513,228829,291703,68537,124767,20299,19121,38369,46672,42759,63946,55598,90519,78960,97458,109633,121915,158214,202525,60170,109111,2295712,1007749,311942,158015,781985,123688,25903,277,186
2021-05-23T23:59:59+02:00,108,106,62278,61551,132535,139551,162300,183034,252467,285077,368165,385562,309936,346856,228658,291477,68517,124731,20067,18934,37816,46116,42005,63247,54437,89523,77470,96092,108458,120519,157236,201305,60099,108971,2284222,999576,311359,154933,781941,122094,25777,277,184
2021-05-22T23:59:59+02:00,105,104,61584,60930,131047,138478,159928,181411,249498,282789,365687,383340,309406,346263,228481,291211,68491,124681,19748,18514,37205,45515,41365,62718,53781,88797,76699,94950,106908,118718,156463,200336,60072,108917,2266258,992876,311344,154929,781902,118668,24314,277,184
2021-05-21T23:59:59+02:00,101,100,60252,59490,128140,135886,156642,178089,244265,278026,359593,377653,308473,345172,228185,290815,68431,124573,19388,18148,36592,44745,40714,61668,52829,87404,74979,92647,103667,114767,155324,198885,59980,108742,2230202,979855,309705,154603,780328,112072,24031,274,182
2021-05-20T23:59:59+02:00,94,98,57203,56695,122406,131016,149718,171779,233958,269285,350571,369376,305941,342432,227419,289807,68299,124355,18092,17214,34417,42499,38260,58770,50015,83633,71048,88148,99546,110123,152865,195871,59800,108386,2172261,960569,303050,152657,774374,94401,21135,266,182
2021-05-19T23:59:59+02:00,93,96,54989,54502,117400,126337,142551,165167,223424,259929,340022,358487,303297,339566,226673,288764,68149,124079,17512,16429,33191,40911,36855,56708,48005,80853,67809,84571,95663,105646,149244,191150,59538,107895,2106376,937179,296795,150680,771396,84895,19307,266,169
2021-05-18T23:59:59+02:00,88,91,52892,52541,112615,122076,136175,159598,211857,249563,330150,348693,300629,336601,225796,287568,67997,123825,16994,15825,31980,39450,35500,54914,46199,78444,64923,81345,91662,101116,146051,187091,59325,107460,2046539,916958,287433,147822,767801,76252,17324,262,169
2021-05-17T23:59:59+02:00,85,88,51858,51548,110283,120020,133365,156943,205331,243549,322581,341609,298840,334631,225210,286745,67890,123613,16538,15376,30930,38405,34333,53623,44717,76645,62662,78952,86830,95258,144588,185207,59175,107145,2019749,905267,275137,140358,764376,69567,15266,261,167
2021-05-16T23:59:59+02:00,84,85,51071,50892,108841,118696,131625,155283,202361,240867,315149,334660,297823,333503,224903,286261,67838,123516,16254,15004,30180,37624,33461,52702,43652,75331,61329,77482,83413,91184,143799,184131,59088,107005,2004432,899185,264714,133590,761137,65426,13512,259,163
2021-05-15T23:59:59+02:00,84,85,50535,50259,107843,117708,130612,154174,200427,238933,311579,331450,297202,332817,224707,285990,67818,123452,16114,14841,29926,37318,33176,52271,43165,74686,60480,76500,82816,90367,143283,183463,59052,106958,1988244,893948,264696,133443,760267,64298,12802,257,162
2021-05-14T23:59:59+02:00,83,85,49275,48837,105591,115615,127024,150721,192221,231865,305268,325568,296222,331680,224422,285542,67771,123357,15616,14412,29142,36499,32406,51081,42086,72905,58917,74549,80913,87880,142670,182476,59012,106872,1950997,884305,262999,132572,755716,58875,11757,255,161
2021-05-13T23:59:59+02:00,79,84,47356,46891,101749,112387,122318,146615,182207,223288,294671,315754,293256,328261,223613,284403,67671,123150,14753,13966,28286,35803,31644,50179,41143,71811,57411,72984,77136,83530,139910,178869,58902,106656,1899446,871765,254390,125524,749485,55024,10740,252,158
2021-05-12T23:59:59+02:00,77,82,46445,46185,99830,110963,120259,144957,179661,221180,289941,310429,292094,326995,223373,284084,67633,123065,14588,13816,27966,35585,31244,49889,40698,71436,56870,72417,75799,81905,139131,177735,58816,106496,1876397,866034,252228,123732,748996,54754,9940,247,157
2021-05-11T23:59:59+02:00,73,76,44201,44710,95803,107888,114458,140231,166294,209913,278295,299669,288693,323084,222417,282683,67483,122766,14160,13248,26957,34159,30113,48087,39394,69157,55157,70152,72713,78321,137777,175906,58657,106138,1817554,853769,242533,121042,740485,46888,8464,243,155
2021-05-10T23:59:59+02:00,72,72,42950,43738,93202,105886,111203,137603,157910,202890,270423,292564,286519,320636,221843,281821,67359,122524,13817,12804,26196,33175,29320,46828,38399,67302,53931,68423,70625,75764,136632,174396,58537,105850,1782018,844903,236489,119989,733514,39688,7491,239,148
2021-05-09T23:59:59+02:00,71,72,41827,42967,90521,104133,108539,135835,152904,199473,264904,287626,285281,319255,221468,281292,67293,122378,13502,12586,25503,32505,28589,46025,37608,66341,52994,67477,69395,74362,136036,173561,58482,105719,1762714,840323,229393,119012,727525,34919,6501,235,146
2021-05-08T23:59:59+02:00,70,72,41536,42666,89676,103404,107446,134980,151459,198259,262343,285564,284780,318713,221349,281113,67277,122346,13400,12525,25376,32413,28445,45896,37419,66147,52654,67159,68430,73440,134967,172198,58435,105626,1750691,835717,228882,118268,727302,34141,6488,214,131
2021-05-07T23:59:59+02:00,68,71,40612,41950,87744,102066,104623,132771,146840,194453,256094,280059,283442,317115,221000,280656,67224,122223,12653,12042,24553,31678,27682,44836,36556,64884,51467,65648,66182,70754,132743,169379,58345,105448,1724927,826055,225673,116001,723180,27344,5534,213,129
2021-05-06T23:59:59+02:00,64,70,37967,40227,82997,98611,98628,128018,136655,185948,239646,265649,278319,311323,219714,278968,67049,121907,11966,11525,23616,30573,26686,43483,35201,62882,49729,63672,63694,67629,130631,166617,58231,105230,1659382,814959,215760,112893,712289,18976,4620,203,128
2021-05-05T23:59:59+02:00,62,67,36080,39032,79343,96028,94028,124372,128834,179419,224895,251611,272134,304185,218141,276978,66803,121384,11732,11250,23077,29848,26084,42561,34276,61483,48577,62259,61082,64523,127689,162918,58133,104980,1593192,802685,210687,109328,706253,14997,3547,203,124
2021-05-04T23:59:59+02:00,62,65,34976,37927,76622,93710,90527,121332,123273,174687,214278,241341,266647,297741,216701,275135,66594,120916,11570,11046,22673,29308,25626,41788,33559,60396,47468,60986,58363,61346,125325,159985,57983,104744,1544171,790813,205571,106693,700176,11851,2895,201,122
2021-05-03T23:59:59+02:00,61,63,34108,36872,74336,91895,87650,118983,118833,171042,207623,235340,263370,293876,215903,274053,66473,120621,11325,10773,22279,28732,25143,41088,32873,59430,46446,59847,55580,58009,121550,155094,57726,104307,1512428,774977,202460,104981,695248,9092,1237,199,121
2021-05-02T23:59:59+02:00,61,63,33756,36554,73162,90992,86183,117890,116408,169176,204527,232827,262412,292788,215619,273645,66407,120513,11253,10701,22090,28519,24913,40802,32532,59024,45995,59371,54391,56548,118487,151415,57642,104177,1501840,769963,199669,99428,691374,8190,367,198,117
2021-05-01T23:59:59+02:00,60,63,33439,36180,72401,90198,85112,116850,114941,167815,201447,229798,261722,291966,215409,273365,66396,120474,11239,10685,22037,28489,24853,40764,32470,58966,45912,59296,54149,56256,118328,151219,57633,104160,1486762,768654,199666,99388,691109,8141,361,197,117
2021-04-30T23:59:59+02:00,57,61,32896,35580,71194,88975,83652,115118,111163,164254,194051,222683,259731,289598,214960,272757,66336,120368,10918,10490,21676,28210,24577,40341,32145,58403,45449,58663,53253,55092,117376,150032,57578,104040,1453882,764976,199340,97398,690309,5798,162,194,114
2021-04-29T23:59:59+02:00,55,59,31396,34632,68275,86950,80017,112517,106058,160148,181239,211141,251801,280501,213763,271124,66200,120019,10612,10277,21200,27762,24147,39842,31560,57662,44641,57729,51419,52899,115528,147797,57478,103845,1399013,756147,192063,94718,684939,3483,141,185,112
2021-04-28T23:59:59+02:00,54,57,30162,34020,66408,85640,77538,110696,102631,157296,171558,201973,240946,267902,212484,269439,66003,119691,10427,10118,20902,27410,23783,39372,31136,57007,43914,56905,49297,50283,112948,144565,57355,103633,1346386,746606,188698,90172,679566,2258,111,178,108
2021-04-27T23:59:59+02:00,51,56,29403,33336,64832,84177,75530,108889,99878,154898,166837,197247,232443,258099,211336,267824,65883,119469,10302,10007,20621,27121,23547,39042,30776,56511,43231,56214,47292,47740,110309,141133,57238,103433,1312368,736802,186392,86162,671578,1540,110,173,103
2021-04-26T23:59:59+02:00,50,56,28974,32952,63731,83294,74029,107722,97594,153187,158222,189234,228256,253259,210629,266832,65791,119271,10207,9918,20406,26935,23311,38825,30480,56172,42613,55639,45486,45592,108414,138654,57142,103280,1283436,728839,184948,83067,664850,1160,106,169,101
2021-04-25T23:59:59+02:00,50,55,28723,32714,62956,82771,72967,106987,95866,151962,152838,184365,223924,248376,210039,266052,65725,119148,10152,9884,20328,26859,23225,38744,30369,56046,42453,55480,45072,45095,107733,137747,57114,103210,1270685,727182,178810,81297,656173,1029,103,168,99
2021-04-24T23:59:59+02:00,50,54,28381,32288,62019,81550,71782,105542,94321,150306,147938,179220,221137,245045,209569,265378,65691,119098,10137,9866,20287,26817,23173,38679,30288,55960,42304,55344,44828,44787,107483,137453,57093,103182,1245842,726097,178781,80597,654893,986,102,168,97
2021-04-23T23:59:59+02:00,48,54,27635,31663,60451,80043,69994,103524,91732,147667,143160,174830,216587,239500,208914,264389,65628,118983,10084,9803,20179,26730,23042,38529,30054,55753,41941,55014,44210,44030,106421,136167,56937,102907,1220990,722749,177601,78120,646354,934,101,165,94
2021-04-22T23:59:59+02:00,46,53,27020,31064,58915,78607,67530,101310,87611,144178,135127,167345,207553,228503,206876,261758,65430,118586,9959,9707,19929,26432,22687,38096,29539,55239,41186,54376,43041,42702,104430,133721,56708,102509,1179477,715276,170160,74178,638018,810,101,160,92
2021-04-21T23:59:59+02:00,46,51,26527,30542,57589,77506,65649,99680,84572,141542,127941,160535,194488,213171,204727,258870,65204,118160,9828,9621,19697,26184,22402,37771,29187,54789,40634,53846,42193,41684,102242,130938,56454,102098,1128020,708735,167279,70099,631645,738,101,154,91
2021-04-20T23:59:59+02:00,45,50,26102,30072,56431,76362,63974,98100,82027,138968,122862,155472,183014,199715,202303,255737,64968,117733,9725,9530,19478,25996,22110,37502,28776,54377,40095,53312,41377,40751,100024,127952,56117,101562,1085410,701191,163796,66848,624873,658,99,152,84
2021-04-19T23:59:59+02:00,45,49,25735,29715,55460,75542,62691,96922,79901,137042,119343,152092,177262,192873,200596,253503,64785,117400,9616,9437,19247,25776,21865,37228,28460,53986,39583,52783,40581,39842,96927,123987,55712,100850,1060871,690847,161966,64426,618267,621,98,146,84
2021-04-18T23:59:59+02:00,44,44,25427,29455,54692,74997,61569,95978,78049,135620,115978,149699,172156,187319,199586,252278,64673,117208,9542,9362,19058,25602,21688,37062,28242,53709,39323,52532,40253,39455,95711,122441,55531,100554,1046902,686979,160296,62494,607715,606,98,145,83
2021-04-17T23:59:59+02:00,43,43,25318,29363,54321,74802,61052,95626,77395,135021,115132,148958,167904,182436,199051,251552,64639,117143,9497,9303,18920,25414,21500,36832,28015,53434,39058,52264,39954,39133,94947,121513,55467,100470,1036020,682961,160268,62180,603651,594,98,145,83
2021-04-16T23:59:59+02:00,43,43,24944,29115,53333,74196,59768,94747,75770,133690,110985,144814,160267,173663,197395,249347,64530,116934,9289,9128,18527,24984,20919,36256,26905,52530,37034,50659,36638,36201,91759,117990,55064,99815,1010113,667889,159477,55263,594132,560,98,144,81
2021-04-15T23:59:59+02:00,39,39,24469,28663,52082,73026,57808,93018,72501,130845,105516,139534,152404,164684,192743,243474,64233,116315,9115,8965,18158,24560,20425,35597,26227,51736,35640,49427,34523,34161,88644,114256,54556,98958,977900,654783,157424,49672,576205,509,97,142,79
2021-04-14T23:59:59+02:00,37,35,24128,28338,51145,72088,56470,91632,70114,128688,101527,135766,143207,154302,185004,233595,63892,115647,8709,8692,17684,24054,19889,34952,25313,50857,34350,48304,32480,32003,85666,110609,54066,98098,940041,639891,154752,45444,560959,409,96,137,78
2021-04-13T23:59:59+02:00,37,35,23891,28121,50448,71553,55526,90807,68480,127279,97801,132333,131377,141183,178614,225266,63554,115059,8474,8520,17339,23647,19468,34416,24649,50064,33283,47290,31097,30642,83510,108228,53709,97554,906803,630572,150236,41051,544462,286,96,135,76
2021-04-12T23:59:59+02:00,36,34,23682,27933,49893,71044,54662,90074,67012,125989,95169,130009,124267,133148,175387,221317,63283,114568,8237,8335,16976,23351,19097,33981,24177,49527,32615,46664,29571,29103,81849,106288,53383,97033,890393,622140,148694,37794,528557,272,94,133,74
2021-04-11T23:59:59+02:00,35,34,23507,27773,49369,70621,53932,89620,65869,125186,93312,128532,118785,127135,171468,216712,63113,114270,8104,8201,16680,23072,18779,33672,23820,49147,32167,46277,28934,28437,80828,105042,53174,96714,882924,616851,144283,35967,512206,254,90,131,71
2021-04-10T23:59:59+02:00,35,34,23446,27716,49202,70486,53732,89462,65542,124916,92788,128096,116702,124609,170027,214861,63071,114170,7517,7597,15790,22286,17820,32832,22699,48115,31057,45281,28271,27725,78733,102435,52907,96278,875934,601531,143428,35587,509677,249,85,131,71
2021-04-09T23:59:59+02:00,34,34,23199,27466,48702,69995,53092,88779,64545,123793,90963,126188,107875,113669,166645,210453,62873,113814,6558,6697,14262,20963,16099,31272,20558,46151,28852,43273,26494,25900,75233,98260,52362,95439,856524,574086,136372,34074,499372,237,77,126,67
2021-04-08T23:59:59+02:00,34,34,22903,27220,48122,69504,52337,88079,63238,122710,88545,124020,97565,101679,161106,203609,62547,113250,5915,6110,13075,19944,14841,29933,18919,44432,26352,40939,23472,22933,70585,92489,51221,93689,837868,542538,127473,32133,481321,207,67,124,67
2021-04-07T23:59:59+02:00,32,33,22591,26995,47319,69047,51411,87467,61849,121731,85403,121580,88379,91386,154102,194823,62253,112690,5535,5789,12415,19271,14025,29106,17876,43380,24442,39042,20936,20408,66628,87725,50225,92074,817479,519080,121879,29650,459898,177,61,120,66
2021-04-06T23:59:59+02:00,31,33,22380,26834,46791,68666,50821,86943,60816,120954,83295,119837,80618,82582,147740,186864,61910,112062,5341,5630,12064,18914,13672,28674,17341,42818,23579,38233,19809,19376,63468,83630,49302,90692,798214,505710,118665,26705,442467,166,56,116,63
2021-04-05T23:59:59+02:00,31,32,22281,26709,46480,68321,50435,86545,60271,120263,82115,118687,76141,77488,142736,180763,61709,111747,5202,5491,11803,18662,13378,28362,17018,42446,23134,37772,19344,18906,60585,80077,48603,89625,788784,496376,116913,23911,427227,160,53,114,63
2021-04-04T23:59:59+02:00,31,32,22233,26650,46359,68053,50265,86231,59991,119761,81608,118055,74699,75782,142033,179790,61672,111665,5198,5484,11785,18649,13367,28346,16999,42429,23036,37700,18937,18583,59148,78230,48397,89314,786249,491584,116807,23909,422031,153,49,111,61
2021-04-03T23:59:59+02:00,31,32,22171,26569,46236,67945,50102,86056,59675,119449,81040,117476,73354,74146,140916,178254,61589,111516,5189,5475,11772,18631,13344,28326,16965,42382,22930,37626,18801,18432,58798,77668,48308,89168,779886,489798,116765,23909,420083,153,48,110,61
2021-04-02T23:59:59+02:00,31,32,22093,26486,46076,67779,49883,85808,59205,118999,80162,116664,71799,72262,138636,175273,61392,111157,5170,5437,11724,18588,13289,28244,16876,42234,22656,37149,18443,18069,56457,74786,47495,88067,770772,481315,114990,23265,418155,153,44,108,59
2021-04-01T23:59:59+02:00,28,30,21898,26282,45660,67257,49237,85065,58329,118059,78281,114993,68536,68829,134553,170099,61075,110590,5023,5293,11452,18325,13066,28008,16553,41925,22152,36706,17625,17325,51612,68754,45816,85611,759131,463265,108893,21894,410960,140,39,105,58
2021-03-31T23:59:59+02:00,28,30,21571,26064,45258,66733,48743,84417,57600,117122,77123,113751,66491,66510,129794,163987,60673,109867,4945,5242,11354,18207,12906,27858,16312,41655,21557,36195,16495,16422,46399,62336,44436,83628,749378,444925,101732,20946,404842,137,34,102,54
2021-03-30T23:59:59+02:00,28,29,21393,25841,44858,66114,48237,83620,56889,116070,75984,112373,64650,64489,125414,158235,60205,108968,4878,5157,11250,18081,12714,27669,15985,41331,20982,35646,15662,15619,43644,58926,43320,81833,739186,433069,97511,19583,396897,108,30,97,53
2021-03-29T23:59:59+02:00,27,29,21195,25603,44397,65565,47761,82929,56153,114996,74756,110940,62160,61742,118674,149594,59435,107575,4781,5084,11145,17967,12560,27503,15738,41008,20524,35178,15010,15078,41055,55942,42213,80011,718651,421865,94088,18904,390990,93,28,96,52
2021-03-28T23:59:59+02:00,27,29,20989,25314,43898,64880,47244,82188,55473,113989,73815,109834,60901,60308,113968,143618,58991,106818,4726,5025,10999,17821,12301,27204,15547,40761,20357,34945,14771,14834,39974,54521,41865,79472,712117,417541,86774,17577,383591,73,28,95,49
2021-03-27T23:59:59+01:00,27,29,20869,25157,43606,64514,46880,81659,54973,113300,73142,109096,59744,59223,112482,141910,58924,106738,4713,5013,10972,17802,12283,27174,15186,40332,19957,34509,14478,14622,39487,53832,41390,78654,706840,413484,86072,16922,379556,66,28,95,49
2021-03-26T23:59:59+01:00,27,28,20617,24643,42801,62810,45912,79634,53634,110278,71124,105482,57729,57340,109729,138668,58597,106222,4694,4980,10948,17750,12213,27082,15108,40222,19616,33914,14009,13970,36415,49993,39333,75410,695441,398969,82751,16703,367277,53,25,94,49
2021-03-25T23:59:59+01:00,27,26,20185,23971,41928,61046,44816,77083,52121,106752,68734,101718,55135,54705,106418,134699,58026,105231,4648,4925,10857,17647,12091,26936,14924,40003,19339,33607,13534,13479,32565,44945,36337,70876,684021,380627,78557,16105,350239,48,22,92,49
2021-03-24T23:59:59+01:00,27,26,19783,23524,41145,59777,43801,75546,50743,104827,66637,99388,52352,51792,102163,129600,57387,104154,4593,4859,10764,17504,11923,26733,14692,39719,18971,33188,13076,13025,29995,41733,33223,66039,671218,365065,73683,15004,337971,41,17,91,48
2021-03-23T23:59:59+01:00,27,26,19535,23222,40586,58863,43078,74455,49708,103315,64977,97529,50061,49446,99406,126388,56827,103314,4534,4789,10665,17379,11777,26549,14446,39406,18553,32801,12573,12518,27560,38637,29555,60146,663093,347505,70342,14415,327530,40,16,88,48
2021-03-22T23:59:59+01:00,27,26,19312,22808,39946,57981,42412,73416,48763,101928,63502,95896,48226,47560,97006,123642,56356,102543,4476,4742,10579,17263,11646,26371,14288,39166,18312,32499,12262,12146,25726,36284,25598,53764,656787,331291,67535,13862,317231,37,16,85,47
2021-03-21T23:59:59+01:00,27,26,19174,22549,39454,57228,41863,72571,48109,100772,62558,94661,47177,46535,95359,121791,55986,101964,4461,4733,10543,17215,11599,26285,14228,39076,18230,32400,12142,12014,25297,35836,25244,53206,654212,329094,65507,13448,308285,37,15,83,45
2021-03-20T23:59:59+01:00,26,26,19114,22404,39243,56733,41622,72010,47798,100135,62118,94059,46522,45769,92761,118560,55698,101477,4452,4725,10534,17203,11571,26268,14185,39039,18148,32325,11983,11853,24656,35061,24482,52120,647744,325379,65058,13259,303471,37,15,83,45
2021-03-19T23:59:59+01:00,25,25,18760,21839,38110,54608,40341,70016,46061,98048,59234,91300,42077,41894,87542,112796,54996,100397,4431,4712,10501,17152,11506,26156,14093,38869,17913,32026,11631,11570,22989,33001,22798,49560,629981,316049,57845,12897,290442,31,15,77,45
2021-03-18T23:59:59+01:00,25,24,18365,21191,36933,52453,38801,67225,43905,93576,55388,85503,38042,38094,82810,107311,53908,98737,4411,4684,10435,17049,11428,26001,13945,38681,17697,31823,11399,11387,21742,31487,21085,46961,613038,307970,52101,12286,267345,28,15,77,44
2021-03-17T23:59:59+01:00,25,23,17943,20838,36208,51535,38036,66271,42823,92224,53599,83675,35367,35307,78786,102486,52964,97264,4388,4658,10373,16954,11355,25867,13832,38492,17498,31630,11161,11162,20500,30075,19495,44561,596376,300465,47696,11577,261490,25,15,76,44
2021-03-16T23:59:59+01:00,24,23,17586,20419,35462,50465,37223,65076,41725,90548,51760,81687,33162,33287,74753,97540,52083,95950,4338,4609,10300,16826,11264,25716,13733,38255,17365,31387,10991,10983,19216,28554,18014,42235,583115,292684,43006,11143,252838,25,12,74,44
2021-03-15T23:59:59+01:00,24,23,17306,20055,34753,49487,36431,63886,40821,89068,50500,80086,31438,31446,71471,93446,51386,94817,4316,4574,10233,16703,11197,25515,13617,37967,17216,31115,10825,10825,18483,27588,16755,40373,571988,286859,39681,10494,244967,25,1,72,44
2021-03-14T23:59:59+01:00,24,22,17038,19628,33897,48277,35531,62566,39763,87242,49244,78356,30272,30213,69476,90883,50941,94141,4292,4555,10188,16626,11140,25372,13557,37745,17126,30951,10753,10739,18302,27307,16493,39812,564876,285658,37803,9361,235027,16,0,68,44
2021-03-13T23:59:59+01:00,24,22,16225,18565,32398,46243,33956,60430,37723,84167,47111,75802,28917,28859,67462,88258,50672,93750,4292,4555,10186,16620,11137,25365,13548,37739,17120,30942,10716,10707,17553,26421,15447,38360,548519,281407,37518,9360,224723,16,0,68,44
2021-03-12T23:59:59+01:00,23,22,15124,17188,29955,43594,31290,57289,34859,79312,43898,71338,26079,25667,63155,82955,49690,92345,4279,4522,10167,16558,11119,25314,13502,37621,17029,30811,10439,10480,16667,25174,14375,36836,520484,275603,36206,9349,207258,13,0,66,43
2021-03-11T23:59:59+01:00,22,22,14082,15728,27704,40899,28970,54099,32270,74920,40143,66440,22677,22190,57138,75635,47756,89504,4238,4482,10087,16439,11008,25089,13384,37310,16863,30507,10134,10267,16032,24332,13707,35561,488419,271597,34614,7908,187313,10,0,65,40
2021-03-10T23:59:59+01:00,22,22,13487,15030,26294,39282,27317,52278,30704,72602,37622,63312,19928,19636,51220,68491,46204,87165,4203,4438,9987,16272,10890,24840,13236,36890,16664,30134,9897,10084,15289,23559,13048,34535,461987,266866,32566,7164,176208,8,0,63,40
2021-03-09T23:59:59+01:00,21,21,13205,14562,25171,38241,25899,51092,29640,70947,36243,61478,18744,18511,47708,64050,45079,85376,4179,4412,9902,16105,10787,24580,13083,36572,16488,29897,9772,9982,14624,22722,12552,33761,448379,263152,30035,6331,167706,8,0,63,38
2021-03-08T23:59:59+01:00,20,21,12874,13954,24088,37131,24626,49954,28704,69463,35009,59859,17664,17631,43585,59060,43851,83392,4164,4376,9841,15907,10685,24319,12950,36214,16359,29632,9688,9898,14130,22117,12238,33322,432907,259970,28029,5940,160079,3,0,62,37
2021-03-07T23:59:59+01:00,20,21,12641,13661,23494,36281,23927,49078,28103,68592,34400,59100,17402,17380,42516,57609,43484,82828,4152,4363,9819,15865,10658,24246,12918,36044,16302,29518,9666,9869,13932,21863,12102,33120,428141,258910,26214,5600,156308,0,0,61,36
2021-03-06T23:59:59+01:00,20,20,12528,13369,23092,35547,23396,48291,27054,67064,33300,57335,17016,17051,41870,56719,43183,82359,4149,4349,9808,15839,10640,24212,12908,36002,16284,29487,9648,9828,13885,21825,11999,32909,424074,258530,26150,5316,149114,0,0,61,35
2021-03-05T23:59:59+01:00,20,20,12115,12767,22410,34344,22713,47060,26299,65433,32064,54915,16369,16216,38408,52411,41026,78915,4122,4302,9738,15739,10588,24064,12840,35806,16197,29280,9552,9758,13699,21610,11628,32298,408876,256829,24698,4467,140048,0,0,61,33
2021-03-04T23:59:59+01:00,18,20,11355,11759,21222,32616,21494,45011,24942,62781,30369,52558,15638,15497,34402,47243,37945,74227,4073,4211,9625,15447,10484,23706,12707,35273,16052,28879,9374,9604,13541,21399,11543,32153,390427,253773,22621,4374,126163,0,0,61,30
2021-03-03T23:59:59+01:00,16,20,11047,11263,20533,31395,20720,43648,24033,61030,29324,50916,15161,14994,31789,43920,34859,69457,4033,4148,9544,15277,10405,23454,12601,34851,15874,28533,9190,9478,13416,21185,11397,31883,374979,251138,21826,4209,117435,0,0,56,28
2021-03-02T23:59:59+01:00,16,20,10785,10838,19887,30426,20005,42628,23248,59642,28352,49640,14534,14347,29110,40546,30973,63236,3985,4077,9482,15111,10336,23189,12497,34418,15773,28226,9064,9376,13278,20998,11320,31738,356781,248736,20315,4208,111246,0,0,55,28
2021-03-01T23:59:59+01:00,14,19,10614,10578,19375,29622,19442,41744,22659,58571,27636,48518,14119,13893,27039,37955,26716,56347,3969,4027,9427,14956,10273,22890,12416,34042,15667,27903,8982,9316,13095,20728,11204,31555,339556,246317,19201,4208,106209,0,0,55,28
2021-02-28T23:59:59+01:00,13,19,10446,10377,18907,28973,18907,41006,22180,57718,27149,47724,13911,13651,26430,37295,26310,55745,3953,4013,9402,14923,10254,22839,12399,33972,15640,27857,8955,9292,12963,20549,11141,31405,337097,245461,18341,4172,101426,0,0,55,27
2021-02-27T23:59:59+01:00,13,18,10267,9862,18579,28105,18648,40219,21895,56733,26820,46930,13635,13350,25760,36489,25387,54325,3941,4001,9381,14902,10222,22791,12360,33890,15595,27784,8933,9276,12944,20527,11120,31385,333179,245105,17618,4023,96339,0,0,55,27
2021-02-26T23:59:59+01:00,12,17,9470,9077,17676,26661,17864,38010,20965,53879,25360,44106,13168,12948,24171,34500,23860,52019,3860,3933,9303,14741,10148,22535,12278,33524,15478,27489,8853,9195,12877,20459,11079,31316,324056,243196,17364,3949,82439,0,0,55,25
2021-02-25T23:59:59+01:00,12,17,8311,8225,16354,25056,16594,35746,19728,50988,23650,41321,12694,12547,22891,32908,22363,49733,3738,3789,9141,14428,9928,21930,12024,32672,15151,26834,8656,9044,12615,20133,10939,31047,316430,239055,16593,3093,66207,0,0,54,23
2021-02-24T23:59:59+01:00,11,16,7946,7701,15698,24020,15964,34508,19014,49471,22857,40121,12297,12211,21583,31408,20682,47106,3666,3722,9001,14136,9751,21475,11821,32046,14889,26296,8515,8907,12472,19960,10874,30836,308174,236281,15627,2162,58902,0,0,54,23
2021-02-23T23:59:59+01:00,11,16,7463,7224,14880,22842,15279,33287,18293,48062,22138,39052,11990,11886,20243,29831,19068,44548,3625,3646,8881,13934,9613,21077,11632,31469,14589,25794,8344,8765,12344,19749,10804,30604,300055,233448,14827,1498,51317,0,0,53,22
2021-02-22T23:59:59+01:00,10,14,7356,7018,14495,22224,14928,32559,17828,47056,21644,38320,11792,11637,19494,28822,17752,42594,3595,3544,8744,13642,9449,20575,11377,30728,14214,25196,8096,8571,12144,19496,10698,30301,294186,230134,14218,311,47225,0,0,51,22
2021-02-21T23:59:59+01:00,10,14,7266,6893,14172,21778,14507,31976,17412,46404,21205,37826,11685,11535,19331,28609,17505,42259,3556,3504,8660,13519,9373,20359,11306,30436,14093,24927,8034,8509,12088,19389,10627,30138,293042,228294,13846,297,43583,0,0,49,22
2021-02-20T23:59:59+01:00,10,14,7149,6843,14047,21698,14391,31841,17293,46254,21047,37645,11586,11451,18548,27691,16447,40789,3554,3498,8650,13511,9363,20338,11292,30411,14080,24916,8029,8500,12023,19325,10573,30070,288784,227911,13649,296,42392,0,0,49,21
2021-02-19T23:59:59+01:00,8,13,6847,6591,13693,21259,14020,31172,16819,45456,20340,36775,10984,11050,17501,26360,15288,39179,3474,3475,8574,13484,9320,20281,11254,30320,14021,24822,7986,8439,11802,19054,10380,29739,282395,226206,13274,294,37766,0,0,46,20
2021-02-18T23:59:59+01:00,8,13,6450,6116,13066,20115,13380,29798,16003,43584,19467,35196,10753,10831,16909,25605,14711,38296,3288,3338,8239,12944,9026,19531,10902,29277,13652,23994,7781,8130,11215,18101,9883,28589,278818,217671,12692,294,28869,0,0,46,19
2021-02-17T23:59:59+01:00,8,12,6284,5773,12620,19234,12890,28608,15302,41862,18820,33869,10524,10579,16152,24791,13934,37107,3039,3178,7899,12428,8725,18740,10532,28232,13260,23143,7547,7895,10658,17248,9445,27770,274151,209518,11960,292,22330,0,0,46,19
2021-02-16T23:59:59+01:00,8,12,5958,5472,12081,18399,12386,27533,14757,40482,18227,32834,10370,10475,15483,23960,13425,36318,2856,3058,7597,11976,8420,18016,10136,27142,12795,22245,7277,7600,9939,16074,8717,26220,270615,200001,11464,136,16173,0,0,44,19
2021-02-15T23:59:59+01:00,8,12,5852,5291,11785,17755,12119,26750,14409,39488,17878,32064,10244,10365,14922,23304,13064,35779,2766,2977,7404,11653,8201,17509,9834,26297,12445,21561,6996,7314,9238,15016,8202,24938,267510,192331,10861,90,12790,0,0,44,18
2021-02-14T23:59:59+01:00,8,12,5582,5176,11535,17484,11895,26314,14175,39041,17687,31787,10199,10314,14688,22964,12899,35386,2716,2939,7290,11488,8072,17303,9658,25965,12266,21259,6900,7190,9017,14632,8014,24402,266506,189092,9925,88,10788,0,0,42,18
2021-02-13T23:59:59+01:00,8,12,5522,5138,11485,17448,11864,26283,14147,39009,17667,31768,10185,10286,14661,22932,12887,35368,2712,2936,7285,11481,8060,17281,9642,25929,12239,21216,6870,7156,8863,14419,7662,23776,266261,187587,9924,9,10559,0,0,41,17
2021-02-12T23:59:59+01:00,8,11,5005,4820,10914,17084,11546,25731,13828,38365,17337,31124,10074,10178,14477,22718,12807,35259,2662,2903,7191,11323,7959,17050,9492,25536,12022,20770,6688,6923,8501,13857,7070,22436,264564,182445,9913,7,6882,0,0,40,17
2021-02-11T23:59:59+01:00,8,10,4543,4519,10327,16404,11133,24925,13348,37101,16847,30265,9758,9915,14195,22269,12527,34573,2494,2629,6591,10130,7271,15313,8630,22921,10970,18688,6034,6207,7454,12236,6254,20115,261333,163997,8270,4,3139,0,0,36,16
2021-02-10T23:59:59+01:00,8,10,4297,4351,9992,15951,10823,24384,13036,36216,16431,29515,9544,9777,14014,22065,12435,34366,2133,2336,5653,8668,6464,13269,7639,20005,9843,16652,5487,5621,6467,10573,5478,18056,258682,144408,7771,3,837,0,0,34,4
2021-02-09T23:59:59+01:00,8,9,4233,4253,9869,15683,10713,23982,12863,35596,16219,29041,9365,9639,13819,21855,12293,34144,1737,1981,4872,7399,5691,11476,6720,17490,8755,14656,4908,4991,5417,9020,4747,15958,256234,125878,6993,1,432,0,0,33,4
2021-02-08T23:59:59+01:00,8,9,4199,4198,9775,15471,10605,23622,12744,35135,16078,28683,9273,9572,13617,21570,12184,33951,1572,1786,4314,6402,5029,9900,5898,14963,7732,12799,4348,4458,4428,7432,3984,13878,253861,108978,6479,1,426,0,0,33,4
2021-02-07T23:59:59+01:00,8,9,4034,4131,9619,15335,10503,23458,12665,34872,15966,28489,9232,9527,13471,21386,12110,33808,1357,1539,3894,5728,4613,9021,5472,13803,7245,11840,4092,4198,4198,7038,3824,13282,252763,101197,5933,1,0,0,0,30,3
2021-02-06T23:59:59+01:00,8,9,4025,4122,9608,15319,10490,23422,12643,34822,15949,28432,9212,9513,13453,21351,12005,33610,1205,1343,3661,5421,4427,8596,5252,13213,6965,11282,3955,4061,4072,6889,3545,12824,252418,96762,5648,1,0,0,0,30,2
2021-02-05T23:59:59+01:00,8,8,3952,4054,9536,15176,10423,23171,12558,34452,15834,28151,9128,9439,13380,21276,11655,33013,1064,1114,3380,4976,4167,8016,4935,12432,6579,10553,3694,3815,3909,6658,3039,11934,250530,90313,4755,0,0,0,0,30,2
2021-02-04T23:59:59+01:00,8,8,3894,3930,9415,14859,10246,22623,12370,33656,15618,27589,9005,9329,13154,20983,11540,32809,800,781,2556,3723,3232,6272,3982,9883,5253,8338,3012,3102,3290,5680,2651,10445,246579,73035,4530,0,0,0,0,28,2
2021-02-03T23:59:59+01:00,8,8,3825,3858,9312,14636,10142,22287,12238,33148,15468,27172,8896,9214,13012,20806,11466,32643,664,613,1928,2808,2498,4843,3009,7589,4019,6288,2199,2235,2403,4210,1924,7828,243854,55087,4358,0,0,0,0,28,2
2021-02-02T23:59:59+01:00,8,8,3757,3763,9212,14443,10043,21906,12096,32584,15266,26719,8771,9100,12889,20595,11384,32379,528,486,1458,2073,1909,3643,2262,5771,2998,4699,1556,1537,1640,2773,1338,5209,240638,39900,4356,0,0,0,0,28,2
2021-02-01T23:59:59+01:00,7,8,3717,3673,9133,14213,9937,21521,11957,31948,15081,26215,8651,8953,12781,20452,11333,32203,393,352,1015,1430,1259,2426,1475,3780,1862,2976,985,980,972,1694,769,3022,237500,25399,4356,0,0,0,0,26,2
2021-01-31T23:59:59+01:00,7,8,3699,3638,9079,14105,9868,21317,11891,31651,14977,26018,8595,8894,12730,20341,11288,32074,363,331,893,1240,1069,2053,1273,3228,1629,2609,887,888,868,1510,698,2716,236011,22262,4241,0,0,0,0,25,2
2021-01-30T23:59:59+01:00,7,8,3698,3635,9069,14092,9854,21294,11878,31631,14965,26004,8591,8889,12661,20272,11221,31997,346,307,833,1156,1012,1929,1209,3038,1554,2472,859,862,849,1470,683,2663,235690,21248,4148,0,0,0,0,25,2
2021-01-29T23:59:59+01:00,7,8,3638,3620,9008,14062,9825,21242,11846,31556,14917,25936,8567,8866,12474,20047,11041,31754,279,224,712,983,868,1569,1054,2648,1343,2147,769,770,800,1415,665,2610,234470,18860,4019,0,0,0,0,22,2
2021-01-28T23:59:59+01:00,7,8,3520,3534,8803,13676,9605,20729,11614,30975,14590,25438,8430,8765,12037,19426,10685,31173,132,57,293,360,378,611,462,1148,612,964,407,426,469,814,382,1580,229681,9098,3411,0,0,0,0,20,1
2021-01-27T23:59:59+01:00,7,8,3289,3399,8510,13260,9304,20105,11231,30140,14203,24702,8214,8554,11486,18619,10260,30409,80,33,202,222,244,415,307,801,433,662,309,312,349,607,287,1158,222971,6423,2800,0,0,0,0,20,1
2021-01-26T23:59:59+01:00,6,8,3123,3301,8228,12923,9041,19535,10926,29383,13806,24069,7978,8332,10908,17703,9612,29257,75,29,187,212,228,381,291,750,402,601,294,286,322,544,260,1028,216252,5892,1957,0,0,0,0,20,1
2021-01-25T23:59:59+01:00,6,8,3035,3207,7945,12441,8751,18829,10540,28381,13325,23305,7696,8131,10289,16886,9156,28356,67,21,167,191,194,325,252,630,350,496,257,241,268,467,211,840,209947,4979,410,0,0,0,0,18,1
2021-01-24T23:59:59+01:00,6,8,2991,3186,7860,12363,8677,18704,10431,28221,13196,23122,7653,8095,10224,16774,9108,28260,66,20,163,187,192,311,249,609,341,482,248,237,266,460,207,825,208641,4865,307,0,0,0,0,18,1
2021-01-23T23:59:59+01:00,6,8,2990,3185,7859,12360,8673,18694,10429,28207,13190,23117,7646,8092,10100,16608,8780,27673,65,20,163,187,191,310,247,609,339,482,248,237,266,460,207,823,207382,4856,305,0,0,0,0,17,1
2021-01-22T23:59:59+01:00,6,8,2928,3139,7735,12247,8590,18552,10319,28036,13109,23002,7616,8058,9902,16305,8262,26649,65,20,162,187,191,310,247,609,338,482,248,237,266,460,207,823,204230,4854,304,0,0,0,0,16,1
2021-01-21T23:59:59+01:00,6,8,2846,2969,7236,11333,8105,17405,9783,26409,12502,21786,7334,7733,9265,15358,7744,25599,59,18,147,173,174,279,221,533,301,442,222,210,235,380,177,691,193184,4264,304,0,0,0,0,16,1
2021-01-20T23:59:59+01:00,6,8,2487,2622,6355,9921,7358,15449,8829,23579,11391,19713,6732,7081,8168,13590,6929,23377,57,18,146,168,171,277,213,519,289,420,210,203,229,355,163,653,173353,4093,301,0,0,0,0,16,1
2021-01-19T23:59:59+01:00,6,8,2047,2267,5455,8533,6498,13558,7808,20793,10123,17479,5976,6200,6783,11404,5907,20324,41,11,97,124,115,172,150,356,190,292,133,115,141,237,114,486,150999,2774,220,0,0,0,0,16,1
2021-01-18T23:59:59+01:00,5,8,1774,1977,4699,7149,5543,11318,6609,17195,8694,14763,5092,5317,5397,9151,4834,16842,22,6,38,46,52,80,66,162,76,146,59,54,66,131,62,220,126317,1286,96,0,0,0,0,16,1
2021-01-17T23:59:59+01:00,4,8,1499,1687,4186,6354,5034,10186,6072,15625,8052,13498,4752,4967,5024,8477,4505,15833,8,2,8,15,15,29,20,51,29,56,23,23,20,31,13,47,115712,389,91,0,0,0,0,15,1
2021-01-16T23:59:59+01:00,4,7,1332,1484,3969,6033,4854,9746,5813,14960,7722,12805,4562,4739,4811,8201,4150,15229,0,0,0,1,1,3,1,1,2,2,0,1,1,0,0,1,110451,13,8,0,0,0,0,14,1
2021-01-15T23:59:59+01:00,4,7,1181,1258,3715,5611,4600,9181,5522,14119,7314,12006,4270,4445,4624,7893,3614,14183,0,0,0,0,0,0,0,0,1,0,0,0,0,0,0,0,103578,0,4,0,0,0,0,14,1
2021-01-14T23:59:59+01:00,3,4,907,945,2969,4422,3735,7364,4578,11373,5918,9658,3468,3576,3883,6664,3127,12365,0,0,0,0,0,0,0,0,1,0,0,0,0,0,0,0,84983,0,0,0,0,0,0,14,1
2021-01-13T23:59:59+01:00,3,3,772,791,2496,3690,3151,6140,3805,9431,4824,7780,2595,2663,2934,5081,2394,9459,0,0,0,0,0,0,0,0,1,0,0,0,0,0,0,0,68031,0,0,0,0,0,0,13,1
2021-01-12T23:59:59+01:00,2,3,640,660,2089,3026,2594,4988,3046,7591,3804,6112,1863,1842,2007,3445,1695,6461,0,0,0,0,0,0,0,0,1,0,0,0,0,0,0,0,51894,0,0,0,0,0,0,1,1
2021-01-11T23:59:59+01:00,1,1,496,524,1741,2449,2081,3986,2359,5768,2824,4431,1198,1140,1203,2023,934,3678,0,0,0,0,0,0,0,0,1,0,0,0,0,0,0,0,36858,0,0,0,0,0,0,1,1
2021-01-10T23:59:59+01:00,1,1,440,455,1480,2024,1741,3263,1950,4783,2348,3713,1056,1015,1058,1776,833,3225,0,0,0,0,0,0,0,0,1,0,0,0,0,0,0,0,31174,0,0,0,0,0,0,1,1
2021-01-09T23:59:59+01:00,1,1,408,410,1356,1847,1596,2973,1796,4334,2163,3382,981,944,999,1722,815,3182,0,0,0,0,0,0,0,0,1,0,0,0,0,0,0,0,28920,0,0,0,0,0,0,1,1
2021-01-08T23:59:59+01:00,1,1,311,281,1107,1503,1318,2304,1477,3554,1793,2765,847,836,911,1599,767,3027,0,0,0,0,0,0,0,0,1,0,0,0,0,0,0,0,24410,0,0,0,0,0,0,1,1
2021-01-07T23:59:59+01:00,1,0,146,76,398,507,481,789,596,1369,783,1206,467,483,562,963,466,1912,0,0,0,0,0,0,0,0,1,0,0,0,0,0,0,0,11208,0,0,0,0,0,0,0,1
2021-01-06T23:59:59+01:00,1,0,111,44,268,285,308,513,400,928,533,826,359,363,425,749,359,1445,0,0,0,0,0,0,0,0,1,0,0,0,0,0,0,0,7920,0,0,0,0,0,0,0,1
2021-01-05T23:59:59+01:00,1,0,87,31,189,230,241,427,321,818,450,704,343,347,408,716,352,1391,0,0,0,0,0,0,0,0,1,0,0,0,0,0,0,0,7059,0,0,0,0,0,0,0,1
2021-01-04T23:59:59+01:00,1,0,69,25,172,193,199,334,257,635,356,512,268,254,288,518,235,933,0,0,0,0,0,0,0,0,1,0,0,0,0,0,0,0,5251,0,0,0,0,0,0,0,1
2021-01-03T23:59:59+01:00,1,0,67,21,166,188,194,319,255,620,346,495,260,252,284,505,233,916,0,0,0,0,0,0,0,0,1,0,0,0,0,0,0,0,5124,0,0,0,0,0,0,0,1
2021-01-02T23:59:59+01:00,1,0,67,21,166,188,194,319,252,620,343,495,260,252,284,505,233,915,0,0,0,0,0,0,0,0,1,0,0,0,0,0,0,0,5117,0,0,0,0,0,0,0,1
2021-01-01T23:59:59+01:00,1,0,66,21,165,188,194,318,251,620,340,493,260,252,284,504,233,915,0,0,0,0,0,0,0,0,1,0,0,0,0,0,0,0,5107,0,0,0,0,0,0,0,1
2020-12-31T23:59:59+01:00,1,0,66,21,165,186,194,317,250,619,339,492,260,252,284,504,233,915,0,0,0,0,0,0,0,0,1,0,0,0,0,0,0,0,5100,0,0,0,0,0,0,0,1
2020-12-30T23:59:59+01:00,1,0,65,21,165,185,192,314,250,617,339,490,260,252,284,504,232,915,0,0,0,0,0,0,0,0,1,0,0,0,0,0,0,0,5088,0,0,0,0,0,0,0,1
2020-12-29T23:59:59+01:00,1,0,46,12,117,140,143,212,182,443,239,376,179,164,196,375,171,715,0,0,0,0,0,0,0,0,1,0,0,0,0,0,0,0,3712,0,0,0,0,0,0,0,1
2020-12-28T23:59:59+01:00,1,0,25,8,64,77,80,122,101,252,119,231,98,93,103,200,103,388,0,0,0,0,0,0,0,0,1,0,0,0,0,0,0,0,2066,0,0,0,0,0,0,0,1
2020-12-27T23:59:59+01:00,0,0,12,3,17,26,36,47,36,89,38,94,32,29,40,73,32,145,0,0,0,0,0,0,0,0,0,0,0,0,0,0,0,0,749,0,0,0,0,0,0,0,0
